2008 3436
165 85 263 140 '322
449 93 852 130 CORNELII
922 101 1033 129 vitu

189 182 256 205 non
272 171 356 206 mitti
376 174 415 207 a'd
428 174 670 216 delinquendum
682 199 691 214 ,
717 175 746 206 ὃς
764 173 785 206 ss
803 173 984 214 delinquant
996 173 1058 211 ,ci-

191 222 240 245 tra
253 216 397 247 mandata
414 216 612 257 delinquere,
637 216 686 249 scd
705 215 774 246 haec
793 215 822 246 ὅ(
839 215 898 247 alia
919 215 1058 254 ejusdem

189 254 300 287 farinae
322 257 442 289 centies
458 257 538 288 dicta
555 257 585 288 δε
601 256 739 288 refutata
759 255 846 295 sunt,
870 256 921 287 ubi
943 255 980 286 de
997 255 1021 286 F
1024 265 1057 286 o-

190 306 229 327 ro
245 296 435 337 Legatorum
455 297 554 330 sermo
568 298 689 328 incidit.
736 296 838 329 Unice
855 296 1056 338 quaerendum

191 337 254 377 est,
279 348 317 370 an
332 349 396 372 non
412 339 519 371 eadem
535 340 635 376 ratio,
659 347 729 378 quae
750 337 886 378 Legatos
905 337 1024 369 exemit
1039 346 1056 368 a

189 379 404 418 jurisdiffione
420 381 486 421 ejus
509 379 684 419 Principis,
707 378 787 419 apud
805 388 898 419 quem
924 378 1055 419 legatio-

190 429 230 450 ne
255 419 447 463 funguntur,
482 421 576 451 etiam
599 427 745 460 oporteat
774 421 913 451 eximere
935 418 1057 451 nostros

190 460 383 503 Delegatos,
408 463 482 503 qui.
506 461 559 492 ubi
580 469 759 498 morantur,
782 461 843 499 ibi,
862 469 896 491 ut
916 460 980 501 ipsa
995 459 1058 491 Cu-

190 502 237 534 ria
252 504 314 542 ait,
339 503 508 535 necessario
525 510 710 539 morantur,
735 501 765 532 δε
783 501 926 543 quidem,
954 509 988 532 ut
1004 501 1060 532 mi-

192 543 225 575 hi
243 545 387 582 videtur,
410 545 446 575 ad
465 553 528 574 rem
548 542 702 582 Principis
727 541 771 573 sui
790 542 949 583 agendam.
993 541 1058 573 Ne-

193 594 254 625 que
270 585 346 616 adeo
366 595 473 616 moror
489 583 692 615 auctoritates
709 583 739 614 ἅ
763 584 922 624 exempla,
947 583 1059 624 quibus

191 627 323 666 praeluxi
343 627 375 657 C.
394 625 478 657 VIII.
525 625 603 657 Sunt
621 625 651 655 dt
670 623 871 656 auctoritates
890 625 1059 664 ajentiuin,

191 667 262 699 sunt
284 668 313 698 δί
332 667 533 707 negantium,
557 667 604 703 &‚
631 665 714 707 quod
731 666 768 696 ad
786 666 900 697 delicta
919 675 1060 697 commu·

191 708 263 745 nia,
285 708 349 738 duo
369 710 522 739 duntaxat
544 707 688 748 exempla
710 707 976 746 commemoravi,
1000 715 1059 738 nec

190 748 259 780 scio
277 749 365 789 plura
382 749 519 788 exstare,
543 749 656 790 quibus
672 747 765 779 Curia
785 747 961 780 Hollandiae
979 748 1059 779 duos

191 789 384 830 Delegatos,
404 790 536 821 alterum
556 789 705 828 Geltum,
730 789 861 820 alterum
884 789 1057 821 Zelandum

190 831 272 871 apud
287 830 317 862 se
337 831 518 870 accustivic,
543 831 592 863 sed
608 841 664 862 cur
679 831 855 871 exemplum
875 830 1004 863 Zelandi
1027 831 1058 862 in

192 872 374 912 exemplum
404 873 483 904 trabi
509 882 570 904 non
597 871 687 913 possit
707 894 718 909 ,
748 871 810 911 jam
836 871 944 903 monui
967 872 996 902 d.
1024 872 1055 904 C.

191 912 278 945 VIII.
327 913 422 945 Certe
437 923 531 946 nemo
548 914 624 946 ausit
642 913 766 950 dicere,
789 920 839 944 tot
857 922 989 944 numero
1006 923 1059 944 ex⁴

191 954 270 986 stare
286 956 429 995 exempla
442 978 450 993 ,
477 963 512 986 ut
533 965 591 996 pro
615 955 759 987 diuturna
778 953 1003 987 consuetudine
1028 955 1058 987 δε

190 996 286 1028 tacita
303 997 372 1036 lege
391 995 495 1028 haberi
513 996 637 1037 poffint.

231 1037 293 1069 Sed
311 1037 384 1078 quid
403 1037 542 1070 dicemus
561 1039 605 1068 de
623 1038 686 1070 illis
708 1037 869 1079 Delegatis
888 1060 897 1075 ,
932 1038 983 1077 qui
1010 1037 1060 1068 de-

192 1078 303 1110 reliCto
328 1078 425 1118 priori
450 1078 637 1118 domicilii),
662 1079 694 1110 in
721 1079 784 1110 sola
803 1079 973 1111 Hollandia
990 1088 1058 1120 per-

188 1127 287 1161 petuo
306 1119 468 1158 habitant,
493 1128 528 1151 ut
546 1119 613 1152 scre
635 1130 743 1152 omnes
768 1120 915 1160 Zelandi,
940 1123 994 1161 qui
1020 1130 1059 1152 ex

188 1161 337 1195 Zelandia
356 1161 393 1191 ad
411 1161 545 1193 Ordines
562 1160 732 1193 Generales
744 1185 753 1200 ,
780 1164 808 1193 ὅ(
827 1161 902 1199 alia,
925 1170 994 1201 quae
1020 1161 1058 1192 ab

189 1203 237 1234 his
254 1203 408 1242 pendent,
435 1201 599 1243 Collegia,
615 1203 652 1233 ad
668 1203 764 1233 vitam
779 1202 962 1242 delegantur
974 1226 983 1240 ,
994 1211 1058 1233 non

189 1253 269 1275 vero
289 1243 326 1274 ad
346 1251 450 1273 certos
465 1253 581 1279 annos,
607 1251 643 1274 ut
659 1242 758 1274 solent
782 1242 982 1283 frequentare
1009 1251 1056 1273 re-

188 1285 284 1325 liquae
301 1284 350 1317 sex
367 1283 544 1315 Provinciae
556 1284 572 1315 ,9
593 1284 635 1315 Et
654 1292 780 1324 putem,
806 1284 862 1314 hos
885 1283 947 1314 effe
965 1292 1054 1315 accu-

189 1326 302 1358 sandos
321 1326 350 1356 ἃ
370 1324 623 1363 conveniendos,
655 1325 707 1355 ubi
728 1324 910 1356 accusantur
934 1324 964 1356 ἃ
983 1333 1057 1356 con-

189 1367 359 1399 veniuntur
379 1367 444 1396 veri
463 1365 596 1406 Legati,
618 1365 692 1406 qui,
714 1373 878 1406 antequam
897 1375 913 1396 a
939 1365 1057 1396 Princi-

187 1418 227 1449 pe
244 1407 298 1439 suo
316 1404 447 1447 psofcts‘ti
470 1406 554 1445 sunt,
580 1407 700 1439 nullum
727 1406 903 1438 habuerunt
925 1406 1057 1439 domici-

186 1451 283 1487 lium,
310 1449 363 1480 vel
383 1448 476 1488 plane
503 1447 725 1486 deseruerunt,
749 1457 818 1479 nam
844 1448 898 1488 qui
922 1449 1057 1479 retinue-

188 1500 282 1528 runt,
306 1488 535 1521 accusantur&
555 1489 790 1521 conveniuntur
807 1490 839 1521 in
862 1488 937 1520 foro
957 1488 1056 1530 pristi-

189 1532 223 1563 ni
241 1531 406 1563 domicilii.
454 1530 544 1562 Utile
570 1529 615 1562 est
640 1531 670 1561 in
695 1530 775 1562 lianc
800 1540 864 1561 rem
885 1538 1054 1568 excutere,

189 1582 260 1613 quae
275 1571 432 1612 disputavi
467 1573 500 1603 cie
534 1571 604 1603 Foro
624 1571 812 1614 'Legatorum
839 1572 870 1603 C.
890 1572 933 1604 X.
953 1573 1056 1612 princ.

190 1614 226 1649 δ’
244 1613 270 1654 §.
297 1610 448 1653 Superest,
473 1613 502 1644 ἂ
521 1613 553 1644 C.
571 1612 661 1645 XVI.
686 1613 727 1653 vfi
753 1613 826 1644 Pius
839 1612 918 1653 scire
937 1614 1056 1644 attinet.

187 1655 247 1687 Sed
268 1655 342 1697 quid
358 1654 380 1687 fi
398 1661 516 1687 exterae
535 1653 714 1686 Provinciae
730 1662 856 1686 utantur
874 1654 1057 1695 Delegatis,

802 1753 1068 1789 CAPU

1105 70 1707 128 BYNKERSHOEK
1990 86 2008 134 ῃ

1100 171 1153 213 qui
1168 171 1318 206 Hollandi
1338 173 1428 210 sunt,
1451 171 1482 204 δε
1498 179 1570 203 ante
1587 170 1827 213 Delegationem
1837 173 1868 207 in
1881 173 1958 211 Hol-
2000 169 2003 206 ἶ

1099 213 1201 245 landia
1217 222 1371 256 perpetuo
1391 212 1590 251 habitarunt,
1615 220 1650 244 ut
1669 220 1800 245 utuntur
1827 213 1959 256 saepius‘?
1993 232 1996 242 v

1099 254 1198 292 Sane,
1228 258 1299 296 quia
1325 264 1434 287 eorum
1459 253 1685 294 Delegatorum
1709 263 1772 286 non
1795 255 1839 288 est
1863 259 1959 299 major
1988 248 2008 295 i

1099 295 1233 336 dignitas
1254 298 1307 329 vel
1329 294 1558 338 praerogativa,
1588 304 1679 335 quam
1704 294 1841 335 ipsorum
1865 296 1959 340 Lega-
2004 297 2008 300 “

1100 343 1204 367 torum
1216 359 1227 374 ‚
1249 339 1344 370 etiam
1362 338 1394 369 in
1412 336 1476 367 illis
1495 334 1654 367 obtinebit
1672 335 1846 370 Decretum
1870 339 1958 373 Ordi-

1099 386 1174 409 num
1192 376 1393 411 Generalium
1413 387 1460 414 19.
1481 376 1551 417 Jun.
1578 380 1668 411 1681.
1693 376 1752 418 (6)
1774 379 1855 420 quod
1870 389 1959 422 expo·
1995 414 1997 421 ἵ

1102 417 1146 450 sui
1175 420 1202 450 d.
1227 420 1371 461 opusculo
1402 420 1434 451 C.
1453 418 1513 450 XI.
1558 417 1766 449 Habebuntur
1795 419 1891 460 igitur
1912 423 1967 456 illi.

1102 458 1249 500 Delegati
1266 470 1323 501 pro
1341 460 1472 492 subditis
1489 458 1685 498 Hollandiae,
1710 458 1764 490 nifi
1791 468 1891 494 tamen
1911 472 1962 498 an·
1998 460 1999 464 ’

1103 507 1135 530 te
1150 499 1393 543 Delegationem
1408 501 1603 532 domicilium
1623 500 1834 541 mutaverint,
1858 502 1888 535 &
1909 504 1958 538 ha-
1995 505 1999 525 ⁸

1101 541 1236 574 bitatum
1254 543 1370 574 iverint
1388 543 1420 574 in
1438 551 1474 573 ea
1490 541 1679 579 Provincia,
1697 550 1739 572 ex
1755 550 1815 582 qua
1834 544 1959 580 mittun·
1997 562 2000 579 :

1105 590 1181 620 tur,
1207 584 1236 614 ὃς
1261 584 1349 625 quia,
1375 591 1526 624 quantum
1550 583 1720 624 intelligo,
1743 583 1774 614 id
1796 582 1863 616 fere
1885 584 1960 621 solet
1997 601 2005 612 νη

1104 623 1160 655 usu
1184 623 1394 665 frequentari,
1426 633 1489 655 non
1509 623 1574 663 est,
1605 633 1640 655 ut
1665 624 1704 656 de
1732 633 1768 655 ea
1792 624 1959 666 quaestio'ne

1102 664 1238 697 multum
1257 665 1347 698 fimus
1366 665 1506 699 solliciti.

1145 705 1294 738 Famulos
1319 706 1544 747 Delegatorum
1569 706 1615 738 uti
1640 706 1750 738 eodem
1774 705 1871 748 foro,
1899 719 1960 752 quo
2006 740 2007 745 ,

1102 754 1234 778 utuntur
1253 746 1307 788 ipfi
1325 746 1493 788 Delegati,
1518 747 1721 779 dubitandum
1743 747 1798 781 est.
1840 749 1900 782 Sed
1915 752 1960 786 in·
2004 762 2007 769 ²

1101 788 1140 819 de
1156 797 1240 819 nova
1256 789 1392 829 querela.
1436 787 1578 827 Famuli,
1603 788 1750 821 lascivum
1771 789 1801 821 ἁ
1823 788 1962 831 petulans

1100 829 1168 861 fere
1190 838 1287 870 genus
1302 829 1464 861 hominum
1480 852 1489 868 ,
1513 839 1551 861 an
1572 830 1714 861 homines
1731 829 1853 864 nostros
1866 832 1963 881 impu·
2005 850 2008 863 1

1101 880 1140 902 ne
1156 878 1307 912 poterunt
1331 869 1504 902 lacessere?
1527 870 1575 902 An
1603 871 1700 910 vitae,
1729 871 1838 910 bonis,
1862 872 1966 908 existi.¹

1102 912 1235 944 mationi
1256 912 1373 944 civium
1391 910 1570 943 nostrorum
1592 919 1664 943 tuto
1681 911 1899 947 insultabunt?
1914 915 1962 951 An

1100 953 1215 984 delicto
1231 952 1417 991 commisso,
1440 953 1566 993 impune
1583 953 1734 992 abibunt,
1748 955 1800 986 vel
1816 955 1895 995 apud
1907 966 1963 992 nos
2005 952 2008 995 i

1102 995 1292 1033 manebunt,
1316 1001 1352 1025 ut
1372 994 1470 1035 magis
1496 994 1534 1025 iis
1553 994 1753 1026 commodum
1773 994 1844 1027 est?
1867 997 1898 1029 Si
1919 998 1966 1030 le«
2006 1000 2008 1018 ³

1101 1036 1201 1077 geris,
1224 1045 1293 1076 quae
1310 1036 1375 1066 dixi
1396 1037 1429 1066 cie
1449 1034 1520 1066 Foro
1537 1035 1717 1076 Legatoruin
1736 1036 1767 1067 C.
1787 1036 1867 1069 XX.
1890 1038 1964 1072 afa-

1101 1077 1195 1108 mulis
1212 1076 1402 1118 Legatorum
1419 1085 1482 1108 non
1508 1084 1626 1107 tantum
1642 1084 1782 1116 metues,
1809 1079 1839 1110 &
1864 1079 1965 1114 minus

1101 1125 1241 1156 metues,
1266 1117 1288 1149 fi
1313 1117 1525 1155 intellexeris,
1561 1116 1615 1148 usu
1635 1116 1702 1148 fere
1726 1117 1904 1159 invaluisse,
1928 1128 1964 1154 ue

1100 1159 1195 1191 ctiam
1219 1159 1286 1189 veri
1306 1158 1418 1200 Legati
1443 1158 1578 1190 famulos
1602 1159 1715 1190 dedant
1740 1159 1961 1201 Magistratui‚

1100 1200 1154 1230 ubi
1171 1199 1385 1239 deliquerunt,
1407 1208 1470 1239 quo
1488 1198 1691 1240 Magistratus
1714 1208 1769 1231 eos
1789 1201 1912 1234 accuset
1932 1203 1979 1236 &2

1100 1240 1228 1281 puniat,
1254 1240 1283 1271 &
1301 1239 1352 1270 ubi
1369 1240 1480 1280 Legati
1503 1241 1696 1271 conveniunt
1721 1241 1757 1271 ad
1774 1243 1965 1283 pangendam

1099 1290 1227 1321 pacem,
1250 1279 1330 1320 saepe
1347 1280 1486 1312 invicem
1507 1282 1548 1310 ita
1571 1289 1695 1320 quoque
1718 1279 1819 1313 solent
1837 1283 1977 1323 pacisci.·

1099 1320 1280 1363 Aliquando
1303 1320 1413 1362 Legati
1433 1319 1569 1352 famulos
1585 1321 1801 1362 delinquentes
1823 1333 1900 1356 mox
1922 1334 1963 1359 ex

1100 1363 1210 1395 officio
1226 1362 1411 1401 dimittunt,
1436 1372 1499 1404 quo
1519 1361 1655 1402 potestas
1682 1362 1774 1393 detur
1801 1363 1964 1407 Magistra.

1102 1405 1149 1436 tui
1168 1414 1223 1437 eos
1239 1403 1489 1444 apprehendendi
1506 1403 1535 1434 &
1556 1403 1722 1443 puniendi,
1747 1404 1776 1435 &
1796 1403 1880 1444 scio,
1896 1404 1965 1441 mea

1100 1446 1271 1483 memoria,
1294 1444 1465 1476 nonnullos
1478 1444 1515 1475 ad
1533 1445 1666 1477 Ordines
1682 1442 1850 1478 Generales
1868 1447 1961 1480 Dele-

1122 1494 1189 1519 atos
1206 1487 1237 1518 id
1253 1486 1433 1526 exemplum
1451 1484 1544 1516 fuisse
1561 1485 1719 1527 sequutos.
1765 1485 1844 1519 Noli
1860 1488 1963 1531 exspe.

1108 1529 1206 1567 „tm-e,
1229 1535 1263 1560 ut
1280 1527 1426 1569 Delegati
1453 1526 1589 1559 famulos
1613 1526 1684 1558 suos
1703 1527 1841 1567 quietem
1862 1529 1961 1570 publi·

1099 1579 1167 1644 carrli
1189 1569 1368 1608 turbantes,
1393 1567 1562 1600 defendere
1578 1569 1608 1601 ἀ
1623 1568 1796 1609 impunitos
1808 1570 1969 1604 dimittere

1099 1612 1230 1644 velent.
1927 1611 1931 1614 ”

1119 1752 1155 1787 Τ
1251 1751 1338 1786 ΧΙ.

800 1840 940 1876 Tandem
966 1840 1003 1876 de
1030 1841 1132 1876 eodem
1156 1847 1358 1887 argumenta.

250 1937 390 1980 uperest,
415 1945 451 1970 ut
463 1938 601 1970 dicamus
616 1937 655 1968 de
675 1936 759 1969 Foro
777 1938 1005 1979 Delegatorum
1025 1938 1056 1971 in

189 1941 242 2020 S
266 1979 356 2012 causa
372 1980 480 2019 civili,
507 1980 537 2011 ὃς
553 1987 648 2019 quum
667 1979 698 2010 in
713 1989 748 2010 ea
765 1989 892 2021 quoque
919 1979 1055 2021 Delega-

189 2024 229 2054 tis
260 2022 393 2053 tribuam
418 2022 467 2061 jus
490 2019 661 2053 revocandi
681 2020 832 2061 domum,
867 2029 902 2052 ut
925 2022 1055 2053 amoliar

188 2063 360 2100 invidiam,
385 2072 477 2103 quam
503 2060 598 2093 video
614 2070 655 2093 ex
680 2071 719 2093 eo
738 2062 806 2102 jure
830 2062 933 2094 arceffi
945 2084 956 2100 ,
976 2072 1053 2104 prae-

187 2105 284 2137 mitto
295 2103 309 2141 ,'
328 2103 422 2134 etiam
448 2105 480 2134 in
506 2102 589 2133 veris
608 2101 737 2143 Legatis
756 2103 818 2135 esse
837 2103 983 2144 quasdam
1004 2113 1056 2135 ex-

189 2145 352 2186 ceptiones
367 2144 404 2175 ab
420 2144 474 2175 illa
487 2144 594 2183 regula
604 2143 633 2174 ὅ(
649 2144 778 2176 rationis
787 2144 849 2176 esse
861 2168 870 2183 ,
884 2152 918 2175 ut
929 2144 992 2176 111ae
1004 2154 1056 2176 ex—

188 2187 354 2228 ceptiones
371 2193 434 2217 tam
454 2186 484 2217 in
499 2184 681 2225 Delegatis‚
698 2195 790 2226 quam
808 2186 839 2217 in
858 2185 984 2227 Legatis
1000 2187 1055 2218 ob-

189 2229 323 2260 tineant.
368 2226 462 2258 Curia
487 2227 518 2258 in
551 2224 711 2265 Responso
743 2226 796 2259 suo
821 2227 956 2267 quinque
977 2227 1056 2267 ejus-

189 2269 276 2301 modi
294 2268 499 2308 exceptiones
520 2266 662 2307 suggeffit
673 2290 682 2305 ,
698 2266 747 2300 sed
763 2277 812 2300 eas
830 2277 939 2299 omnes
956 2269 1054 2301 nolim

190 2319 275 2342 meas
291 2308 408 2340 facere.
452 2309 483 2341 Si
501 2316 609 2348 agatur
632 2308 755 2340 afflone
777 2309 807 2341 in
831 2318 919 2347 rem,
943 2309 995 2340 hie
1018 2309 1054 2342 fi-

190 2361 274 2389 tam,
307 2350 328 2382 fi
352 2350 391 2381 de
418 2349 602 2382 haereditate
628 2349 680 2380 liic
696 2350 839 2390 jacente,
871 2359 942 2389 quae
969 2351 999 2382 dt
1023 2351 1055 2382 in

189 2402 256 2425 rem
273 2392 355 2422 attio
372 2390 434 2430 est,
459 2391 542 2422 reste
558 2390 610 2421 hic
631 2392 866 2422 conveniuntur
880 2390 988 2431 Legati
999 2400 1056 2430 ,ut

189 2436 251 2475 jam
266 2432 387 2464 ostendi
407 2434 440 2463 de
459 2432 530 2464 Foro
547 2431 688 2473 Legator.
716 2433 749 2464 C.
774 2431 865 2464 XVI.
910 2433 1055 2473 Sufficit,

187 2484 224 2508 ut
243 2475 274 2507 in
291 2484 356 2506 rem
373 2483 516 2512 arsamus,
541 2481 577 2504 ut
595 2471 658 2514 ipsa
675 2482 723 2505 res
739 2473 842 2514 Judiei
859 2473 895 2506 sit
914 2472 1056 2513 subdita,

190 2515 308 2548 etiamsi
329 2497 477 2555 persona,
497 2514 535 2546 ad
549 2523 640 2554 quam
657 2515 835 2557 pertineat,
857 2513 977 2546 subdita
992 2525 1055 2547 non

190 2558 237 2590 fit.
283 2555 498 2587 Tantumdem
525 2555 588 2594 est,
611 2555 633 2587 fi
657 2556 697 2587 de
720 2555 904 2587 haereditate
920 2565 1055 2597 agamus.

191 2597 348 2631 Executio
364 2596 405 2628 fic
421 2597 487 2628 fieri
505 2595 610 2636 potest
628 2597 659 2628 in
677 2597 802 2634 rem,in
821 2596 1056 2634 haereditatem,

192 2649 252 2671 nec
268 2636 398 2679 persona
415 2636 525 2678 Legati
547 2637 598 2668 vel
624 2636 771 2678 Delegati
794 2636 978 2669 subducitur
1001 2639 1058 2670 mi-

194 2679 323 2713 nisterio
349 2678 503 2719 Principis
524 2677 588 2716 sui,
612 2678 642 2709 ὅ(
668 2678 710 2709 iic
736 2677 828 2710 habes
850 2678 925 2709 duas
944 2679 1060 2719 primas

194 2721 299 2754 Curiae
319 2720 533 2761 exceptiones.
579 2718 694 2750 Tertia
717 2717 778 2758 cst,
802 2718 854 2749 hic
880 2718 963 2750 recte
983 2729 1059 2751 con-

192 2762 292 2795 veniri
316 2771 353 2793 ex
374 2761 411 2792 iis
433 2759 550 2798 causis,
574 2769 615 2791 ex
640 2759 750 2800 quibus
777 2758 918 2791 absentes
945 2769 1061 2792 conve-

191 2804 252 2836 niri
272 2802 407 2844 poss'ent.
451 2801 511 2834 Sed
529 2801 634 2833 nescio
646 2823 656 2839 ,
681 2800 754 2842 quid
772 2800 801 2832 id
816 2800 870 2832 fibi
889 2801 986 2839 velit,
1004 2800 1059 2833 nisi

192 2845 348 2885 intelligas
365 2844 403 2875 de
418 2843 540 2875 afflone
558 2843 589 2875 in
608 2852 696 2881 rem,
717 2842 756 2874 de
780 2851 839 2882 qua
860 2841 921 2882 jam
942 2841 1059 2874 dietum

195 2886 263 2924 est,
287 2886 338 2917 vel
367 2885 406 2916 de
430 2883 520 2916 causa
544 2883 656 2916 Ari-esti
672 2906 682 2923 ‚
718 2883 758 2914 de
776 2892 836 2924 qua
860 2882 970 2914 deinde
995 2883 1061 2924 agit

195 2927 310 2963 Curia,
336 2926 365 2958 δε
384 2935 442 2958 nos
466 2935 593 2966 quoque
615 2934 692 2957 mox
714 2934 847 2966 agemus.
893 2922 1014 2965 Quarta
1030 2933 1059 2955 a-

196 2969 258 3010 pud
276 2967 403 3000 Curiam
421 2968 567 3007 exceptio
584 2965 647 3006 est,
672 2966 693 2998 si
712 2965 757 2998 Le
779 2965 822 3008 ati
839 2965 893 2997 vel
911 2965 1058 3005 Delegati

218 3009 285 3041 afro
322 3008 352 3040 se
380 3007 576 3039 submiserint
605 3007 727 3049 judicio
783 3006 976 3044 [ollandicm
1009 3005 1060 3036 sed

194 3019 274 3082 ἕως
291 3050 510 3090 exceptionem
523 3049 654 3090 probare
669 3058 733 3081 non
745 3047 885 3090 possum,
909 3048 980 3089 quia
996 3055 1061 3078 non

232 3168 293 3208 (6)
313 3169 395 3207 Apud
418 3170 529 3202 Formul.
553 3170 585 3201 T.
600 3172 637 3202 11.
657 3171 688 3203 c.
705 3177 752 3207 25.
773 3179 802 3210 p.
820 3179 858 3202 m.
873 3177 938 3206 299·-
957 3166 994 3206 ἃ
1009 3176 1074 3206 ³00·

1098 1937 1223 1979 possunt
1248 1935 1448 1973 renunciare,
1473 1935 1528 1967 nifi
1551 1934 1613 1975 Juri
1639 1933 1712 1973 suo,
1736 1933 1864 1965 minime
1884 1942 1964 1966 vero

1097 1979 1162 2021 Juri
1194 1978 1348 2018 Principis
1377 1977 1419 2009 sui
1438 2000 1448 2016 ,
1482 1977 1511 2008 ἂ
1535 1976 1566 2007 in
1595 1975 1690 2007 solius
1718 1974 1872 2015 Principis
1893 1983 1960 2015 gra-

1098 2022 1174 2053 tiam
1201 2019 1327 2050 obtinet
1345 2018 1393 2058 jus
1414 2017 1584 2049 revocandi
1607 2018 1752 2048 domum:
1787 2015 1838 2048 sed
1861 2015 1963 2048 nolim

1100 2069 1262 2103 repetere,
1283 2069 1350 2101 quae
1374 2060 1406 2090 in
1424 2059 1503 2090 hanc
1522 2067 1586 2089 rem
1604 2057 1665 2097 Jam
1688 2056 1755 2088 dixi
1779 2057 1811 2088 C.
1829 2055 1958 2090 XXIV.

1099 2106 1133 2136 de
1154 2102 1224 2134 Foro
1244 2101 1387 2143 Legator.
1431 2099 1551 2143 Quinta
1567 2098 1671 2130 Curiae
1687 2098 1837 2139 exceptio
1859 2096 1904 2129 est
1927 2098 1962 2131 in

1099 2146 1170 2182 his,
1193 2153 1261 2185 quae
1279 2143 1309 2174 in
1333 2140 1503 2173 Hollandia
1525 2139 1753 2171 contrahuntur
1777 2140 1815 2170 ad
1838 2148 1960 2171 commu-

1098 2197 1164 2218 nem
1179 2185 1259 2226 issam
1275 2185 1354 2215 vitae.
1377 2182 1437 2214 Sed
1453 2190 1555 2221 neque
1571 2189 1637 2212 eam
1653 2180 1874 2220 exceptionem
1891 2189 1962 2221 pro»-

1098 2228 1161 2266 bo,
1186 2225 1241 2258 nifi
1259 2222 1406 2256 arrestum
1431 2222 1576 2259 accedat,
1609 2221 1639 2253 &
1659 2221 1785 2262 quidem
1809 2220 1962 2262 ejusmodi

1096 2267 1242 2300 arrestum
1255 2289 1265 2304 ,
1286 2265 1324 2297 de
1344 2274 1408 2307 quo
1424 2273 1500 2296 mox
1518 2263 1642 2302 audies,
1665 2272 1736 2294 nam
1760 2262 1867 2294 locum
1886 2270 1961 2293 con-

1098 2309 1214 2341 tractus
1236 2317 1292 2349 per
1316 2306 1345 2340 se
1367 2305 1461 2344 hodie
1486 2304 1593 2337 forum
1616 2313 1679 2335 non
1704 2303 1858 2341 tribuere,
1889 2301 1962 2334 satis

1099 2350 1144 2383 est
1160 2357 1293 2381 certum.
1337 2347 1368 2379 Si
1389 2347 1463 2378 alias
1478 2345 1683 2386 exceptiones
1705 2344 1869 2382 desideres,
1895 2342 1962 2384 sup-

1099 2391 1239 2433 peditavi
1263 2390 1295 2421 C.
1313 2387 1403 2421 XVI.
1430 2390 1463 2419 cle
1482 2387 1553 2419 Foro
1573 2387 1713 2428 Legator.
1736 2394 1807 2417 nam
1834 2383 1885 2416 cui
1905 2383 1961 2415 bo-

1099 2441 1142 2465 no
1161 2432 1212 2464 hle
1227 2438 1366 2472 repetam
1381 2453 1390 2467 ,
1415 2438 1483 2470 quce
1508 2428 1549 2460 ibi
1564 2427 1680 2467 scripta
1695 2425 1794 2472 sunt?

1142 2473 1202 2506 Sed
1219 2481 1321 2513 operae
1337 2471 1472 2512 pretium
1490 2468 1553 2507 est,
1575 2469 1755 2508 diligentius
1779 2474 1902 2503 agamus
1924 2465 1964 2497 de

1099 2515 1185 2547 Foro
1202 2513 1301 2545 civili.
1347 2513 1478 2544 Senatus
1496 2511 1659 2549 Supremus
1673 2507 1707 2553 ⁸in
1731 2506 1784 2539 suo
1797 2498 1961 2553 Responso

1097 2555 1167 2588 fere
1183 2555 1262 2587 nihil
1279 2555 1423 2585 extricat.
1469 2551 1638 2592 Delegatos
1653 2557 1704 2593 ait¹
1713 2557 1876 2593 conveniri
1895 2556 1964 2588 pos-

1100 2597 1147 2636 se,
1173 2596 1228 2628 ubi
1255 2601 1437 2632 morantur,
1474 2591 1556 2624 salva
1579 2597 1771 2628 exceptione
1794 2588 1879 2627 fori,
1912 2587 1942 2621 se

1101 2638 1173 2671 satis
1199 2635 1435 2672 animadvertis,
1468 2632 1509 2664 fic
1534 2631 1610 2662 nihil
1638 2640 1692 2661 eos
1717 2629 1903 2670 respondere
1926 2627 1964 2663 ad

1101 2689 1156 2717 ea,
1178 2679 1217 2710 de
1230 2677 1342 2718 quibus
1358 2674 1458 2716 rogati
1476 2680 1562 2704 erant
1575 2671 1759 2703 sententiam
1771 2694 1780 2709 ‚
1806 2670 1835 2702 &
1851 2669 1892 2702 sic
1905 2669 1964 2703 Or-

1100 2721 1188 2752 dines
1204 2717 1319 2750 dimitti
1337 2715 1520 2747 incertiores
1533 2735 1543 2751 ,
1567 2721 1657 2753 quam
1678 2712 1805 2743 dudum.
1836 2708 1964 2743 Addunt

1102 2769 1224 2798 tamen,
1247 2765 1465 2791 extraneorum
1487 2753 1629 2795 personas
1652 2754 1681 2785 ὃ(
1700 2753 1800 2791 bona,
1825 2751 1862 2784 ad
1888 2760 1964 2784 con-

1104 2799 1291 2843 sequendum
1308 2808 1349 2829 aes
1371 2797 1524 2835 alienum,
1550 2795 1600 2826 hic
1615 2793 1732 2826 arresto
1746 2793 1875 2825 detineri
1894 2801 1964 2834 pos-

1103 2842 1152 2881 se,
1175 2842 1205 2874 ὅ(
1221 2840 1366 2882 quosdam
1384 2838 1566 2874 Senatores,
1589 2836 1673 2877 quod
1697 2835 1734 2866 ad
1761 2832 1872 2866 arresta
1897 2842 1964 2875 per-

1104 2882 1237 2920 sonalia,
1261 2880 1335 2912 illos
1354 2878 1528 2920 Delegatos
1551 2876 1688 2908 habuisse
1712 2885 1769 2918 pro
1795 2875 1886 2920 plane
1908 2883 1962 2907 ex·

1103 2924 1236 2960 traneis,
1257 2930 1358 2962 neque
1380 2921 1457 2951 adeo
1481 2920 1518 2950 ab
1537 2917 1653 2950 ari-esto
1675 2924 1850 2957 exemptis,
1874 2924 1964 2956 quos*

1101 2966 1171 2997 dam
1190 2972 1292 2995 tamen
1308 2971 1416 2994 corum
1434 2960 1572 3001 personis
1593 2959 1720 3000 gratiam
1741 2955 1843 2988 arresti
1868 2956 1961 2990 fecis-

1102 3006 1153 3045 se,
1177 3006 1207 3038 &
1227 3003 1449 3035 collidentibus
1464 3002 1528 3043 pald
1546 3010 1676 3032 numero
1693 2998 1863 3039 suffragiis,
1884 2995 1962 3030 nihil

1102 3046 1223 3080 definiri
1240 3036 1394 3087 potuisse,
1410 3043 1459 3077 scd
1476 3043 1614 3075 rationes
1628 3039 1785 3073 dubitandi
1800 3040 1832 3072 in
1850 3047 1961 3110 utramg

1902 3087 1942 3122 qu
