2008 3436
184 120 255 154 350
420 107 818 144 CORNELII
893 118 1000 143 vnn

184 196 314 236 petitas,
340 195 518 227 consentire
540 196 648 228 vellet.
696 196 801 235 Atque
825 194 894 225 liaec
913 192 1000 224 causa
1018 202 1049 223 u-

186 237 275 276 tique
290 235 334 268 est
350 235 414 267 fori
434 237 602 274 ordinarii,
625 238 655 269 c&
669 246 723 279 per
743 236 828 267 mille
846 234 963 275 poll'em
981 244 1048 264 cur-

186 287 255 308 rere
272 278 436 318 exempla,
460 287 495 309 ut
511 279 661 319 probem,
686 276 842 309 constanti
859 276 1048 316 judiciorum

186 317 242 350 usu
259 319 301 349 ita
317 318 378 350 ess'e
395 328 574 360 receptum,
605 328 706 359 neque
732 317 815 348 enim
832 317 916 348 reete
930 316 1049 347 dividas

187 359 310 391 causam
329 360 424 401 patris
444 361 473 391 ἃ
488 360 569 397 filii,
591 369 625 390 ut
644 367 755 391 contra
773 358 863 389 illum
877 357 947 396 ine,
974 366 1048 387 con-

188 409 235 431 tra
266 401 349 432 hunc
371 402 442 432 alibi
469 409 583 442 agatur.
638 399 762 432 Maevia
789 399 898 439 titique
930 405 1050 438 patrem

187 442 265 483 apud
284 441 500 484 Magistratuin
524 441 698 472 convenire
723 449 786 471 non
811 448 953 481 poterat,
979 439 1008 469 ἃ
1028 437 1050 469 fi

187 484 272 515 filius
289 483 331 514 ibi
353 493 472 524 patrem
491 483 662 514 convenire
682 482 802 518 nollet,
833 490 870 512 an
886 479 1027 510 dicemus
1040 500 1051 515 ,

189 525 339 556 Maeviam
358 524 539 563 adnuntias
567 532 723 563 nunquam
741 531 830 563 agere
847 520 957 562 poil'e‘?
982 519 1051 559 Ego

189 565 259 597 sane
275 575 311 596 ea
326 565 477 596 sententia
497 574 559 595 non
577 573 658 595 utor.
705 563 799 609 Quod
816 563 853 594 ad
878 571 940 592 rem
955 560 1050 601 ipsam

188 607 321 644 attinet,
345 614 433 647 pater
452 605 653 646 Sempronius
678 614 779 645 neque
803 603 883 644 apud
898 602 1049 635 Scabinos

189 645 522 685 Rotterdammenscs,
553 656 653 686 neque
675 646 754 686 apud
778 645 923 683 Curiam,
950 651 1049 682 neque

191 689 270 729 apud
292 689 437 719 Senatum
464 687 541 719 ullas
563 688 700 719 rationes
723 687 876 718 adtulerat
891 709 900 724 ,
939 684 1050 724 quibus

189 728 479 769 nuptiasimpedire
490 729 611 767 vellet,
634 728 815 768 simpliciter
842 727 986 768 urgebat,
1013 734 1051 756 ex

189 770 387 811 proiniffione
405 769 603 810 nuptiarum,
621 779 637 801 a
652 769 720 801 filio
739 768 897 810 profecta,
922 764 1051 798 Mce‘viae

190 811 335 843 adversus
361 810 392 841 se
415 810 532 841 nullam
555 811 708 842 astionem
732 810 815 849 ess‘e,
836 810 904 841 filio
927 807 988 838 eil'e
1011 816 1052 838 ex

192 853 219 894 ᾗ.
247 863 276 893 q.
301 852 391 883 Polis.
421 851 529 883 Ordin.
553 853 582 883 ὃς
605 862 645 884 ex
666 853 695 883 cl.
721 852 780 883 Ed.
809 854 899 891 1663.
941 849 998 881 Sed
1017 848 1068 889 fi<

191 889 270 925 lium
299 903 360 924 non
384 902 473 934 agere
501 893 646 925 adversus
661 893 715 930 se,
739 886 892 924 Maeviam
910 890 1005 922 solam
1025 899 1053 920 a·

191 942 264 976 gere
279 958 286 971 ‚
313 935 342 966 ἃ
360 934 431 966 feci
450 934 619 974 obligatam
647 944 712 966 non
737 933 798 965 ess‘e
817 942 916 973 neque
935 941 974 962 cx
1001 940 1053 961 ve-

191 986 247 1014 ro,
270 985 371 1016 neque
399 974 481 1017 quasi
507 976 671 1007 contraau
685 999 693 1011 .
727 984 827 1017 neque
842 983 879 1006 ex
898 973 961 1005 alio
979 981 1053 1013 quo-

190 1017 414 1058 cunquejure,
438 1025 479 1047 ex
497 1026 559 1057 quo
583 1017 720 1049 actiones
749 1015 936 1053 nascuntur,
960 1015 990 1045 ἅ
1014 1013 1054 1044 nc

190 1068 316 1099 quoque
347 1058 425 1099 sapit
450 1058 602 1089 Brouxver
633 1060 665 1089 cle
705 1057 782 1098 Jztre
809 1057 936 1087 Comzub.
962 1055 1003 1086 L.
1029 1053 1053 1085 Ι.

194 1101 227 1132 C.
257 1110 304 1141 13.
335 1099 361 1140 §.
386 1109 416 1136 9.
468 1099 527 1130 Sed
552 1109 644 1140 quam
672 1098 818 1140 plurimi,
851 1098 993 1137 quamvis
1016 1104 1054 1126 ex

192 1141 357 1173 conti-nau
379 1150 440 1172 non
462 1140 593 1180 obligati
612 1163 622 1178 ,
653 1142 674 1172 si
697 1149 799 1171 tamen
817 1147 926 1168 eorum
952 1137 982 1168 in
1002 1136 1054 1167 ali-

192 1192 252 1224 qua
272 1180 362 1213 causa
384 1180 524 1218 interiit,
550 1182 692 1221 quotidie
711 1180 944 1212 conveniuntur
963 1177 1054 1208 &da-

192 1231 358 1260 mnantur,
383 1231 418 1253 ut
437 1223 497 1253 lioc
517 1223 569 1253 vel
587 1223 664 1253 illud
680 1222 747 1253 ficri
773 1221 954 1262 patiantur,
978 1218 1007 1249 δι
1020 1226 1056 1248 ea

195 1265 278 1296 aetio
306 1265 406 1295 oritur
428 1273 469 1294 ex
492 1263 585 1294 variis
606 1263 765 1294 causarum
788 1261 904 1301 figuris.
949 1259 1055 1297 Atque

195 1307 240 1337 ita
263 1314 350 1346 pater
374 1315 389 1335 a
418 1305 539 1336 Maevia
568 1304 732 1336 conveniri
759 1309 885 1344 poterat
902 1325 910 1340 ,
943 1307 977 1330 ut
1003 1300 1055 1330 bas

195 1348 319 1387 nuptias
345 1345 412 1377 fieri
436 1353 614 1385 pateretur,
639 1345 667 1376 δε
696 1345 749 1376 illa
773 1344 896 1374 actione
921 1342 952 1372 in
972 1339 1052 1372 Hol-

195 1388 297 1420 ]andia
320 1386 397 1418 nibil
422 1385 466 1417 est
498 1385 705 1426 frequentius.
750 1383 865 1424 Neque
896 1383 991 1455 igtitur
1020 1391 1055 1412 ea

194 1428 357 1466 defensio,
382 1435 416 1458 ut
440 1427 565 1466 paribus
592 1426 742 1467 suffragiis
765 1424 864 1457 visum
889 1426 918 1455 el
942 1446 953 1462 ,
975 1423 1055 1464 patri

193 1468 334 1512 prodess'e
355 1469 468 1510 potuit.
513 1468 573 1500 Sed
596 1468 669 1509 quid
689 1467 789 1499 tunc?
814 1465 862 1497 An
889 1466 972 1496 reete
993 1463 1054 1495 Cu-

194 1512 238 1543 ria
265 1519 385 1551 patrem
411 1509 570 1542 damnavit
596 1509 634 1540 ad
658 1507 866 1550 patientiam?
887 1507 928 1538 iic
952 1504 1056 1536 existi-

194 1552 322 1584 mabant
345 1560 481 1592 quatuor
504 1551 678 1583 Senatores.
724 1549 822 1590 Atqui
845 1555 934 1589 pater
956 1547 1056 1579 nullas

196 1594 296 1625 adbuc
321 1592 518 1624 diffenticndi
546 1592 682 1623 rationes
709 1591 886 1627 adtulerat,
912 1589 942 1620 &
970 1587 1057 1619 forte

195 1635 234 1666 acl
248 1643 373 1666 manum
392 1634 545 1671 habebat,
569 1642 644 1674 quas
663 1630 785 1664 adferre
801 1630 923 1672 posset,
947 1629 998 1661 sed
1013 1638 1057 1660 re-

196 1676 392 1718 spondebant
420 1675 466 1707 illi
488 1681 622 1715 quatuor
642 1675 806 1706 Senatores
822 1694 833 1711 ,
862 1671 923 1702 ess'e
938 1695 947 1710 ‚
972 1670 1058 1711 quod

195 1725 284 1759 pater
299 1716 352 1749 fibi
374 1717 529 1757 imputet,
553 1715 638 1756 quod
660 1715 816 1752 rationes,
840 1712 863 1745 fi
878 1722 952 1753 quas
967 1711 1060 1752 justas

198 1759 346 1796 haberet,
371 1767 436 1789 non
450 1757 617 1795 adtulerit,
643 1755 792 1798 quicquid
808 1754 891 1786 enim
906 1753 1058 1786 defenfio-

197 1809 273 1832 num
289 1798 333 1831 est
344 1822 354 1837 ,
376 1799 463 1831 fimul
480 1799 509 1829 &
527 1797 621 1830 semel
638 1797 698 1829 eil'e
713 1795 957 1839 proponendum.
1000 1794 1059 1825 Ve-

197 1850 267 1873 rum
294 1848 357 1872 tres
383 1840 436 1871 alii
462 1840 629 1872 Senatores
654 1839 671 1880 <
681 1848 751 1870 nam
774 1837 892 1877 septem
918 1836 962 1867 rei
979 1835 1058 1876 judi-

201 1882 307 1914 candae
333 1881 531 1922 intererant)
554 1881 651 1922 magis
672 1879 863 1911 inclinabant
880 1900 889 1915 ,
919 1885 955 1908 ut
977 1885 1059 1908 utra-

200 1933 279 1964 que,
306 1932 397 1963 quam
417 1923 499 1962 dixi,
524 1922 674 1954 sententia
695 1919 834 1958 rescifl'a,
858 1918 1060 1959 Sempronius

199 1965 360 2005 juberetur
376 1964 413 1995 ad
440 1964 581 1996 libellum
606 1963 738 1995 Maeviae
765 1959 962 1993 Rotterdami
989 1968 1060 2001 por-

200 2007 338 2044 rectum,
362 2005 441 2047 apud
468 2006 617 2037 Senatum
641 2003 847 2044 respondere,
873 2001 903 2033 ὅ(
927 2001 970 2032 ibi
998 2001 1060 2032 dis-

200 2047 354 2081 sentiendi
388 2047 525 2078 rationes
555 2045 655 2077 adhuc
686 2045 819 2084 allegare
851 2043 882 2074 δε
916 2041 1059 2082 probare.

200 2088 267 2121 Eos
281 2087 452 2126 movebat,
475 2087 558 2128 quod
582 2086 786 2126 Sempronius
811 2083 1060 2120 existimaverit,

202 2128 257 2162 fibi
276 2128 417 2160 sufficere
432 2128 626 2169 generalem,
652 2136 713 2167 qua
733 2125 804 2157 usus
822 2123 886 2163 est,
910 2123 1061 2155 defenfio-

204 2180 276 2202 nem
292 2192 304 2209 ,
334 2170 389 2203 tibi
411 2168 549 2210 adver-lits
575 2178 618 2199 me
639 2177 697 2200 non
721 2166 855 2207 competit
882 2164 955 2197 αὲῗίο
972 2188 982 2204 ,
1007 2166 1036 2198 &
1049 2188 1060 2205 ,

803 2265 1072 2302 CAPU

1078 105 1676 142 BYN'KERSHOEK

1092 202 1163 224 cum
1195 203 1230 224 ca
1261 202 1344 224 nunc
1372 191 1527 223 exciderit
1547 215 1555 226 ,
1591 192 1723 232 reliquas
1757 191 1948 228 defcnfiones
2006 210 2008 214 ⁴

1092 234 1277 273 praecidere,
1304 235 1333 265 ἃ
1357 234 1572 274 Sempronium
1588 257 1597 271 ,
1622 242 1749 264 catenus
1776 226 1959 271 inauditum’‚

1092 274 1246 307 damnare.
1292 275 1411 307 Eorum
1425 298 1432 312 ,
1457 275 1507 313 qui
1528 274 1672 314 litigant,
1696 274 1778 305 bunc
1797 272 1863 305 sere
1882 285 1956 308 m0-·
2006 277 2008 288 ¹

1092 325 1158 347 rem
1175 316 1236 347 ess'e
1250 339 1258 353 ,
1271 325 1306 347 ut
1325 315 1491 357 singulares
1507 314 1700 346 defensiones
1718 325 1781 346 non
1797 314 1960 357 adferant,3

1092 357 1113 389 fi
1137 358 1313 398 generalem
1333 380 1342 394 ,
1374 366 1466 397 quam
1494 356 1627 393 habent,
1657 365 1770 395 putent
1795 355 1948 398 sufficere,

1093 408 1132 429 ne
1149 398 1270 430 scilicet
1286 398 1451 430 videantur
1467 397 1602 438 generali
1615 396 1785 429 defensioni
1800 396 1945 432 diffidere.

1092 439 1152 471 Sed
1182 448 1223 470 ex
1243 439 1449 479 plurimorum
1477 437 1627 477 lustrayiis
1657 447 1702 469 11.
1735 436 1825 469 Nov.
1859 439 1958 480 1740(

1093 480 1186 522 (13)
1209 479 1391 520 simpliciter
1409 479 1540 520 probata
1556 479 1599 510 est
1617 478 1722 510 Curiae
1746 477 1906 512 sententia.
1937 466 1963 517 J

1138 522 1338 558 Advocatus,
1362 521 1450 560 cujus
1469 530 1611 561 parentes
1630 519 1960 568 Rotterdamihabitaf

1095 563 1169 595 bant
1186 585 1195 601 ,
1230 561 1352 602 Hagam
1379 562 1505 592 advenit
1525 584 1534 599 ,
1556 561 1629 592 foro
1651 570 1777 601 operam
1801 546 1961 602 daturus'f

1093 604 1144 636 sed
1161 604 1237 634 vino
1253 604 1282 633 dt
1299 603 1413 634 Veneri
1433 601 1463 633 se
1482 611 1583 633 totum
1604 602 1708 640 dedit,
1733 610 1828 642 atque
1844 602 1960 640 obhm.

1094 647 1124 677 &
1139 645 1216 676 alies
1232 642 1397 675 diffolutos
1412 653 1513 675 mores
1531 642 1689 674 Custodia:
1708 641 1964 682 cujusdam'Der!

1093 685 1214 728 phenlis
1241 684 1278 716 fit
1304 685 1481 725 inquilinus.
1528 684 1601 716 Post
1631 684 1752 725 aliquot
1774 683 1891 717 menses
1915 687 1919 691 ’
1955 683 1962 730 '¹

1094 737 1129 758 ea
1145 726 1259 763 evasit,
1283 725 1313 757 &
1331 735 1403 757 cum
1418 725 1506 765 Scia,
1528 726 1678 766 cauponis
1695 725 1851 765 cujusdam
1868 720 1965 773 fihq'sss

1095 777 1186 809 quam
1206 768 1484 808 impraegnaverat,
1509 766 1640 797 Vianam
1657 765 1789 807 aufugit.
1834 766 1918 808 Seia·
1943 767 1945 770 ⁴

1094 811 1133 841 de
1149 809 1246 840 redut<
1264 807 1464 839 Advocatum
1485 807 1610 847 ejusque
1624 816 1766 848 parentes
1783 807 1813 839 in
1833 808 1881 848 ius
1895 817 1966 855 vozq

1095 859 1147 882 cat
1166 850 1246 891 apud
1265 848 1391 880 Curiam
1411 848 1613 887 Hollandiae,
1637 850 1666 881 ὅ(
1682 857 1793 880 contra
1809 848 1963 883 Advoeae.

1096 901 1163 924 tum
1184 890 1348 922 contendit
1368 890 1404 920 ad
1421 890 1563 930 nuptias,
1585 891 1614 922 ἃ
1630 899 1741 922 contra
1757 899 1896 930 parentes
1913 882 1973 939 ad}

1097 931 1293 965 consensum.
1338 930 1522 963 Advocatus
1549 931 1592 962 ait
1609 954 1619 968 ,
1656 930 1685 962 se
1715 931 1815 971 Seiam
1839 931 1952 967 ducere
1969 933 1977 959 -s

1097 983 1236 1016 paratum
1260 972 1340 1010 ess'e,
1363 972 1392 1003 ὃ(
1419 971 1586 1003 secundum
1613 973 1678 1003 liaec
1703 972 1798 1004 Curia
1817 976 1846 1007 8.
1871 955 1984 1021 De'cssa}5

1102 1025 1190 1056 1740.
1216 1014 1425 1045 voluntariam
1451 1014 1744 1045 condemnationem
1761 1005 1986 1062 interponitaf·

1097 1067 1171 1088 mox
1192 1064 1319 1095 urgetur
1344 1053 1433 1085 causa
1451 1054 1594 1086 adversus
1616 1061 1758 1094 parentes
1771 1079 1781 1092 ,
1805 1056 1858 1096 qui
1877 1063 1981 1097 nupm‘

1098 1098 1150 1129 tiis
1182 1096 1244 1128 sese
1273 1095 1498 1136 opponebant,
1543 1096 1572 1126 ἃ
1608 1096 1772 1128 Senatores
1794 1089 1986 1141 (quorum,“‹,

1097 1138 1171 1170 otto
1192 1138 1361 1168 intererant
1386 1135 1532 1177 judicio)
1556 1136 1724 1169 secundum
1748 1144 1890 1177 parentes
1911 1138 1966 1179 ju·-

1097 1180 1241 1210 dicarunt
1271 1187 1317 1216 15.
1353 1177 1440 1209 Nov.
1479 1187 1568 1218 1740.
1614 1177 1682 1217 Seja
1714 1177 1956 1219 appellationem

1099 1227 1201 1250 tentat
1220 1218 1255 1248 ad
1271 1221 1419 1249 Senatum
1444 1218 1646 1257 Supremum,
1672 1217 1722 1249 sed
1745 1227 1888 1259 parentes
1902 1229 1967 1261 ap·¹
1989 1224 1993 1228 '

1097 1259 1262 1302 pellationi
1282 1257 1501 1289 contradicunt
1516 1268 1555 1289 ex
1574 1259 1630 1290 illo
1649 1259 1762 1290 Edicto
1783 1262 1872 1301 1663.
1902 1260 1958 1292 Se-

1097 1304 1126 1343 ja
1143 1323 1154 1339 ,
1185 1308 1220 1330 ut
1243 1298 1396 1340 effugeret
1427 1298 1570 1330 Edictum
1587 1321 1598 1336 ,
1628 1299 1658 1330 id
1688 1298 1894 1340 restringebat
1920 1290 1994 1333 adst.

1098 1340 1339 1382 Magistratuum
1366 1338 1442 1380 juffa
1468 1340 1620 1379 politica,
1645 1338 1771 1372 Curiam
1787 1349 1891 1379 autem
1907 1333 1970 1385 hic:

1097 1384 1240 1425 Judicum
1259 1381 1366 1413 officio
1392 1380 1485 1412 fuiss'e
1509 1380 1668 1418 functam,
1693 1381 1723 1412 ὅ(
1741 1389 1817 1413 tunc
1839 1382 1965 1419 licitam.

1098 1424 1159 1456 cil'e
1185 1422 1434 1464 appellationem.
1479 1422 1642 1460 Addebat,
1666 1421 1778 1454 Editio
1804 1431 1879 1455 tunc
1907 1418 1974 1459 dte-²„

1098 1475 1186 1498 mum
1211 1466 1319 1496 locum
1348 1463 1430 1502 esse,
1453 1464 1505 1494 ubi
1528 1463 1630 1504 agitur
1655 1463 1737 1494 inter
1759 1472 1903 1505 parentes
1927 1462 1969 1507 &2

1100 1508 1217 1539 liberos
1235 1530 1245 1544 ‚
1278 1506 1308 1537 δε
1331 1505 1383 1536 ubi
1408 1503 1652 1545 Magistratuum
1680 1504 1710 1535 &
1736 1513 1898 1545 parentum
1919 1505 1966 1538 de·

1101 1546 1302 1589 prohibendis
1326 1545 1444 1586 nuptiis
1468 1546 1577 1577 eadem
1600 1544 1776 1584 sententia,
1799 1545 1851 1578 hic
1881 1549 1965 1580 vero:

1101 1590 1203 1621 atrum
1235 1587 1296 1621 esse
1323 1587 1404 1618 inter
1434 1587 1535 1627 Sejam
1560 1587 1589 1618 δε
1620 1586 1777 1618 Advocati
1809 1591 1979 1628 parentes..-

1100 1631 1161 1663 Scd
1184 1638 1347 1669 utramque
1371 1628 1526 1659 rationem
1552 1628 1612 1667 jam
1639 1626 1726 1667 supra
1751 1627 1906 1667 refutavi,
1929 1628 1968 1667 ὅδὲ

1102 1672 1154 1703 hic
1170 1679 1335 1712 praetereo„
1380 1669 1415 1700 ld
1432 1677 1534 1700 tamen
1555 1669 1716 1709 praeterirc
1733 1678 1797 1702 non
1814 1669 1933 1710 poss'um
1946 1674 1971 1709 ,‘

1103 1713 1208 1749 Curiae
1238 1712 1412 1758 Delegatos
1439 1711 1471 1742 in
1501 1710 1562 1741 hoc
1585 1709 1670 1741 fatto
1694 1709 1774 1742 inter
1798 1711 1897 1751 SeJam
1929 1703 1973 1745 &f

1103 1755 1305 1787 Advocatum
1322 1752 1393 1784 latis
1415 1759 1602 1792 praemature
1624 1750 1837 1791 interposuiss'e
1851 1751 1960 1786 volun-

1103 1795 1213 1827 tariam
1239 1793 1554 1830 condemnationem,
1577 1802 1648 1823 cum
1673 1801 1713 1823 ex
1731 1802 1766 1824 ea
1780 1789 1970 1828 Advocatus'

1102 1837 1139 1868 ad
1158 1835 1282 1876 nuptias
1298 1834 1446 1875 compelli
1463 1833 1581 1873 posset,
1606 1842 1678 1864 cum
1703 1841 1805 1866 tamen
1819 1834 1961 1868 universa

1106 1877 1202 1910 Curia
1220 1875 1359 1917 sequenti
1381 1875 1484 1907 mense
1502 1874 1863 1915 judicaverit,pa1·entes
1880 1877 1964 1909 recte

1103 1917 1253 1960 impedire
1277 1917 1362 1958 poffe
1388 1917 1532 1956 nuptias,
1554 1916 1593 1947 de
1617 1915 1728 1956 quibus
1752 1918 1866 1957 agitur,
1890 1926 1968 1959 quae.

1101 1960 1189 1992 fiinul
1208 1968 1271 1990 non
1287 1957 1459 1990 subsistunt.
1507 1957 1565 1989 Sed
1587 1957 1625 1988 de
1644 1966 1683 1988 eo
1702 1966 1783 1989 nunc
1804 1957 1962 1996 Quaesitum

1101 2011 1165 2034 non
1180 1999 1247 2038 est,
1270 1999 1332 2031 sola
1351 1998 1480 2039 quaesti'o
1499 2007 1584 2037 erat,
1602 2007 1640 2029 an
1656 2008 1672 2028 a
1690 1998 1840 2030 sententia
1855 1997 1960 2033 Curiae

1102 2040 1268 2084 provocari
1287 2039 1415 2081 posset?
1440 2039 1469 2070 ἃ
1485 2048 1580 2079 quum
1598 2047 1748 2079 utraque,
1773 2049 1863 2086 quam
1883 2041 1962 2080 dixi,

1104 2083 1186 2115 ratio
1204 2082 1280 2113 nibil
1299 2081 1401 2112 valeat
1413 2104 1422 2120 ‚
1447 2080 1631 2112 Mandatum
1650 2081 1962 2125 appellationisncga-

1106 2132 1174 2158 tum
1190 2122 1234 2156 est
1253 2127 1303 2158 28.
1328 2122 1402 2163 Apr.
1431 2130 1518 2162 1?41·
1544 2121 1646 2163 (14).

1123 2263 1158 2298 T
1257 2263 1348 2300 VI.

591 2357 644 2392 An
665 2365 722 2403 pro
749 2357 872 2402 nuptiis
897 2353 1076 2390 conciliatis
1097 2353 1338 2399 proxeneticmn
1358 2353 1427 2399 peti
1448 2350 1570 2399 poffic?

274 2466 294 2488 x
321 2454 477 2487 Cicerone
495 2477 505 2492 ,
528 2454 624 2486 variis
646 2453 726 2485 locis
745 2475 755 2491 ,
785 2459 934 2493 apparet,
969 2450 1067 2492 JCtos

290 2496 367 2528 olim
392 2495 598 2528 conciliandis
624 2495 742 2535 nuptiis
767 2493 859 2525 fuiss'c
876 2493 1033 2525 adhibitos
1055 2515 1065 2530 ‚

203 2539 255 2572 sed
273 2538 320 2569 his
338 2537 519 2576 poss'effione
534 2536 583 2568 sua
599 2536 747 2576 dejectis,
770 2534 980 2567 Ecclefiastici
998 2533 1064 2566 ubi-

204 2589 266 2620 que
300 2577 369 2608 fere
401 2577 555 2609 Gentium
580 2586 689 2608 eorum
719 2577 826 2608 locum
860 2582 1066 2616 occuparunt.

204 2618 326 2667 Quiqui
350 2626 454 2650 autem
478 2617 537 2649 fint
560 2618 736 2657 nuptiarum
763 2626 945 2657 proxenetae
964 2640 973 2654 ‚
1004 2617 1065 2648 ele-

205 2669 316 2704 ganter
333 2659 482 2698 quaeritur
492 2680 503 2696 ,
525 2668 561 2689 an
583 2667 640 2697 pro
657 2657 794 2697 praestita
806 2666 899 2697 opera
916 2666 1067 2697 proxene-

205 2704 271 2735 tica
287 2700 400 2742 poffint
419 2699 553 2741 petere?
577 2700 677 2736 Sunt,
698 2698 751 2738 qui
767 2698 876 2737 ajunt,
899 2697 990 2737 sunt,
1013 2697 1066 2738 qui

203 2750 339 2784 negant,
364 2742 394 2773 δε
422 2750 463 2772 ex
485 2739 549 2772 sola
572 2740 694 2771 ratione
713 2739 745 2770 in
771 2746 931 2779 utramque
948 2746 1066 2779 partem

203 2785 359 2825 disputare
375 2790 476 2823 potes.
521 2780 655 2813 Diceres
677 2779 765 2818 sane,
790 2779 941 2819 eiusmodi
956 2789 1066 2820 proxe-

204 2834 292 2858 netas
312 2825 343 2856 in
360 2833 392 2855 re
421 2823 508 2855 licita
534 2821 669 2860 versari,
694 2823 724 2853 <st
749 2829 812 2862 quo
840 2829 937 2861 inagis
951 2821 1065 2867 Reipu-

205 2867 300 2898 blicae
328 2864 482 2904 interest,
517 2872 586 2895 eam
611 2862 784 2902 adieetione
813 2862 976 2893 hominum
1003 2864 1063 2893 fre-

206 2907 372 2949 quentari,
395 2915 434 2937 eo
461 2905 559 2945 magis
587 2904 773 2936 laudandum
797 2902 858 2935 ess‘e
875 2911 984 2934 eorum
1001 2903 1068 2935 offi—

205 2949 290 2980 cium
301 2971 312 2986 ‚
335 2947 388 2989 qui
405 2945 610 2978 conciliandis
626 2944 834 2977 matrimoniis
853 2943 982 2975 honeste
996 2953 1068 2984 ope-

204 2997 331 3028 rantur,
355 2997 417 3021 non
443 2997 506 3019 tam
531 2986 626 3018 facile
642 2987 757 3027 cuique
773 2985 890 3017 aditum
910 2993 1014 3025 patere
1030 2984 1077 3016 ad.

207 3030 429 3070 expugnandos
462 3036 622 3070 parentum
654 3027 883 3067 liberorumque
921 3026 1066 3064 animos,

207 3072 301 3111 quin,
323 3071 343 3103 fi
370 3077 511 3112 pateret,
534 3077 656 3110 turpem
673 3067 734 3100 css‘e
761 3067 1066 3100 commendationem

245 3189 326 3230 (13)
345 3190 455 3231 Olzs‘rv.
478 3191 595 3226 Tumult.
619 3190 651 3236 Τ.
665 3191 745 3223 XIV.
764 3199 791 3223 n.
808 3197 890 3228 3210.

1109 2449 1154 2481 sui
1183 2448 1273 2490 ipsius
1296 2449 1346 2480 vel
1374 2449 1411 2481 ab
1434 2449 1578 2490 ingenio,
1602 2448 1653 2480 vcl
1681 2457 1697 2479 a
1723 2446 1848 2489 forma,
1871 2447 1924 2480 vel
1947 2457 1964 2479 a

1108 2491 1254 2530 fortuna,
1279 2491 1331 2521 vel
1350 2500 1367 2521 a
1392 2491 1482 2522 bonis
1505 2488 1659 2526 moribus,
1686 2488 1753 2519 liaec
1777 2488 1881 2520 omnia
1899 2498 1960 2521 mc-

1109 2533 1169 2565 lius
1185 2530 1339 2573 proficisci
1367 2540 1405 2566 ex
1431 2540 1487 2562 ore
1514 2537 1712 2569 proxenetae,
1738 2529 1801 2560 imo
1828 2529 1858 2561 ὅ(
1877 2529 1962 2562 hunc

1108 2573 1221 2606 melius
1235 2582 1324 2615 agere
1337 2571 1376 2603 de
1394 2571 1628 2603 conditionibus
1651 2569 1845 2609 nuptiarum,
1869 2580 1964 2611 quam

1110 2614 1132 2646 si
1150 2615 1188 2646 de
1203 2613 1251 2646 his
1265 2621 1436 2646 mercatura
1453 2619 1634 2644 exerceatur
1650 2610 1729 2642 inter
1746 2609 1872 2644 futuros
1882 2611 1964 2645 Con-

1109 2656 1196 2696 juges
1215 2663 1365 2686 eorumve
1393 2659 1542 2694 parentes.
1586 2651 1616 2683 Si
1646 2651 1736 2691 igitur
1764 2652 1869 2690 utilis,
1893 2651 1914 2686 fi
1934 2651 1965 2688 ἀ

1111 2695 1190 2737 saepe
1211 2694 1376 2726 necessaria
1394 2699 1573 2734 proxenetze
1600 2701 1714 2732 opera,
1739 2693 1892 2725 rationem
1912 2693 1969 2726 ha-'

1109 2737 1202 2775 bere,
1226 2745 1261 2767 ut
1276 2735 1307 2767 in
1324 2744 1356 2767 re
1383 2733 1461 2766 tanti
1486 2733 1637 2765 momenti
1664 2734 1899 2773 proxeneticum
1917 2730 1971 2767 cal

1108 2787 1181 2820 pere
1196 2776 1295 2818 posfit.
1964 2799 1971 2806 i

1151 2817 1266 2855 Hisce,
1289 2825 1329 2847 ex
1345 2815 1467 2849 ratione
1480 2816 1591 2854 etiam,
1613 2816 1808 2848 contradicet
1823 2815 1962 2850 severior
1990 2812 1993 2841 ἶ

1109 2859 1212 2898 Cato,
1236 2858 1266 2890 δι
1281 2857 1361 2903 aie-t,
1385 2857 1437 2889 ubi
1455 2868 1472 2889 a
1495 2858 1606 2897 puellis
1624 2867 1688 2890 non
1719 2865 1861 2890 arcentur
1874 2857 1963 2898 juve-

1111 2910 1184 2939 nes,
1207 2899 1237 2931 ὅ(
1258 2897 1310 2929 ubi
1328 2898 1395 2938 ipsis
1421 2899 1595 2940 virginibus
1623 2907 1752 2939 procum
1773 2899 1904 2931 venandi
1928 2899 1982 2932 li-·

1110 2942 1210 2973 bertas
1227 2939 1292 2979 est,
1316 2948 1380 2972 non
1402 2940 1486 2980 polle
1506 2949 1568 2972 non
1589 2939 1785 2981 tui-piffiinam
1803 2939 1866 2971 ess'e
1886 2931 1987 2980 mer),

1110 2982 1263 3014 cenariam
1291 2988 1470 3020 proxeneta:
1496 2990 1639 3021 operam,
1663 2980 1741 3012 nihil
1767 2981 1850 3012 enim
1874 2981 1914 3013 fic
1931 2973 1994 3023 ei‘r·

1109 3021 1279 3063 supercss'c,
1302 3021 1384 3061 quod
1401 3031 1491 3063 agat,
1516 3021 1571 3054 nili
1598 3030 1630 3054 ut
1651 3020 1797 3053 amicitia:
1816 3020 1978 3064 falsaeque*

1108 3063 1180 3097 fidei
1199 3072 1359 3104 praetextu
1376 3071 1498 3095 teneros
1522 3064 1701 3105 plerumque
1721 3062 1973 3109 innocentesque

1899 3111 1978 3136 aui»

1143 3185 1224 3224 (14)
1246 3185 1317 3217 ibid.
1342 3184 1374 3216 Y.
1389 3186 1466 3217 XIV.
1486 3194 1512 3216 n.
1530 3192 1612 3222 3²40·
