2008 3436
187 124 234 166 64
444 114 1024 159 CORNELIIVQvAN

182 200 245 230 tius
267 196 441 229 discinctus.
487 196 546 229 Sed
575 205 652 227 vero
681 205 753 226 cum
783 194 835 225 alii
858 193 897 224 de
917 198 1040 225 coenato-

182 242 241 273 riis,
261 237 380 269 abunde
403 237 558 276 dixerint,
583 246 643 286 ego
666 236 787 277 poll'um
811 243 922 266 tacere.

222 279 376 311 Succedat
397 288 445 311 res
469 277 541 320 ipsa.
587 278 630 309 Et
646 277 770 318 quidem
786 275 977 316 Pomponius
1001 285 1041 306 ex

179 319 260 360 Juris
284 319 425 351 rudentia
448 320 511 352 five
536 319 606 358 sua,
631 318 694 350 five
711 317 876 354 Muciana,
900 316 978 347 nihil
995 317 1039 347 in-

180 368 247 391 tere
273 370 290 392 e
316 361 382 400 ait,
413 361 524 399 vestis,
556 371 593 392 an
609 358 793 390 vestimenta
810 358 968 398 legentur,
994 356 1044 387 sed

178 401 202 433 fi
217 402 286 442 quis
301 401 429 434 testator
447 400 533 433 veste
556 401 653 432 fuerit
667 399 757 438 usus,
783 408 851 439 quae
866 397 959 443 etiam
977 407 1042 428 mu-

179 442 308 474 lieribus
323 443 509 481 conveniat,
540 441 759 473 difficultatem
782 438 860 477 effe,
885 446 916 469 at
930 447 961 469 in
978 437 1042 469 sola

179 490 286 515 mente
301 484 452 525 legantis,
485 484 563 514 hanc
582 482 664 513 enim
687 480 887 521 sequendam,
913 486 949 509 ut
973 489 1040 519 quse

177 531 344 566 utramque
365 526 397 556 in
424 523 608 556 testamento
629 522 707 553 facit
726 521 877 562 paginam.
923 519 1039 560 Igitur,

177 565 317 607 neglecta
341 567 435 597 etiam
457 565 626 596 verborum
647 563 858 603 proprietate,
890 570 925 592 ea
947 559 1041 592 vestis

177 606 342 637 debebitur
349 607 407 646 ,de
424 616 483 647 qua
500 604 590 637 sensit
609 603 756 642 testator,
781 612 839 633 non
855 612 918 642 quae
933 612 1041 632 revera

178 654 234 679 aut
252 648 405 685 muliebris
429 654 483 678 aut
503 647 608 678 virilis
627 645 680 683 fit.
724 643 911 684 Exemplum
927 642 992 673 esto
1010 643 1041 673 in

175 689 343 727 Senatore,
376 696 469 729 quem
490 688 583 719 novit
606 687 647 733 Q.
669 685 819 723 Mucius,
844 684 874 715 ὅτ.
898 684 1042 729 utebatur

175 730 369 761 muliebribus
389 731 579 765 coeneztorz'z's3
600 728 642 767 is,
667 727 783 767 fileget
801 723 918 756 vestem
932 725 1040 755 mulie-

177 771 280 809 brem,
315 769 496 811 quaestionis
518 770 588 809 est,
628 779 665 800 an
692 769 850 798 muliebria
881 767 1041 797 coenatoria

175 811 346 843 debeantur
364 812 381 843 ‘2
412 812 442 843 ὅ(
467 820 598 853 negatur
618 809 741 847 deberi,
773 808 844 849 quia
857 807 896 838 de
913 807 959 838 his
976 816 1040 838 non

175 853 335 884 videretur
358 851 476 884 sensisse
491 876 500 892 ‚
534 860 647 894 utpote
675 851 787 892 quibus
810 847 873 890 ipse
896 848 1040 879 utebatur

198 893 258 925 uafi
282 893 436 925 virilibus.
482 895 575 925 Solus
599 891 755 924 testatoris
776 889 865 928 usus,
891 890 943 921 vel
966 889 1038 920 abu-

173 903 241 973 iqus‚
266 944 332 966 rem
347 934 473 974 definit,
499 944 635 966 mentem
654 934 769 975 quippe
784 932 849 972 ejus
869 940 956 972 aeque
973 930 1037 975 col-

173 975 269 1017 ligas,
294 976 324 1007 &
340 975 438 1007 discas
456 986 495 1008 ex
505 975 618 1014 abusu,
643 984 734 1021 quam
751 983 789 1004 ex
808 971 871 1003 usu.
919 971 1040 1018 Habuit

172 1018 335 1048 coenatorz'a
355 1018 513 1049 muliebria
527 1027 586 1059 pro
602 1014 748 1048 virilibus
759 1038 767 1053 ‚
793 1014 854 1044 hoc
869 1012 930 1052 est,
955 1022 987 1044 in
1004 1022 1037 1043 u-

173 1056 240 1090 sum
262 1058 415 1090 duntaxat
438 1058 526 1091 suum
540 1083 549 1098 ,
580 1066 682 1099 neque
705 1056 782 1087 adeo
799 1054 1040 1099 continebantur

173 1098 229 1131 sub
250 1098 336 1131 veste
361 1100 533 1139 muliebri,
571 1097 714 1141 quamvis
736 1106 844 1128 revera
875 1095 1038 1126 muliebria

172 1139 241 1173 fint.
288 1141 417 1182 Optime
438 1141 505 1173 haec
529 1141 583 1173 fibi
609 1138 752 1171 constant
780 1136 947 1169 secundum
975 1145 1035 1181 ea,

171 1191 242 1255 {Juae
265 1184 367 1222 Capite
385 1185 520 1223 proximo
539 1182 693 1219 diximus,
719 1180 748 1211 ὅ(
763 1188 831 1220 quae
847 1178 898 1209 hic
915 1186 1035 1222 praemi-

184 1230 210 1254 1t
231 1223 434 1264 Pomponius.
480 1224 599 1256 Movet
625 1231 727 1253 tamen
746 1228 857 1252 contra
874 1219 942 1250 haec
958 1217 1035 1248 diffi-

170 1264 266 1304 ciles,
297 1265 364 1297 fere
383 1266 517 1297 dixerim
530 1289 540 1304 ,
564 1273 659 1305 nugas
676 1260 859 1294 Franciscus
878 1259 1032 1291 Hotoma-

170 1315 230 1337 nus
253 1306 321 1338 Lih.
344 1306 398 1338 III.
434 1308 562 1346 Observ.
587 1307 657 1345 Cap.
679 1314 727 1345 13.
752 1304 783 1334 in
805 1309 908 1344 partes
928 1300 1035 1332 adver-

169 1345 216 1379 sas
239 1349 334 1380 etiam
362 1356 477 1380 vocata
492 1372 501 1387 ,
532 1347 617 1389 quod
637 1354 730 1387 caput
754 1345 798 1376 rei
821 1342 882 1382 est,
908 1343 929 1374 l.
964 1351 1034 1374 110.

170 1388 199 1429 §.
224 1398 250 1420 1.
267 1390 308 1431 ff.
331 1392 366 1422 de
387 1390 430 1421 V.
457 1391 497 1421 O.
520 1390 562 1421 Et
578 1397 651 1420 cum
665 1387 731 1418 haec
747 1385 783 1418 fit
798 1383 1034 1425 ejusdemPOm-

193 1431 278 1470 onii,
304 1441 342 1463 ex
359 1431 469 1462 eodem
496 1431 589 1462 Libro
604 1429 658 1461 IV.
693 1428 729 1459 ad
747 1426 788 1473 Q
805 1425 1035 1472 Mucium,·ne

197 1473 363 1512 omponius
386 1472 564 1514 Pomponio
589 1470 734 1501 videatur
758 1475 953 1505 contrar1us‚
977 1475 1032 1497 im-

169 1513 314 1552 peritiam
339 1512 446 1545 scribae
473 1512 602 1545 accusat
624 1511 655 1542 in
684 1512 713 1542 b.
743 1509 763 1540 l.
779 1520 831 1552 33.
854 1517 912 1551 pro
933 1508 992 1547 his,
1007 1505 1036 1546 fi

168 1555 284 1594 legaret
313 1563 523 1587 MULIEBREM
550 1552 681 1594 vestem,
712 1550 893 1589 restituens,
908 1548 938 1588 si
953 1551 1033 1590 lega-

167 1601 214 1627 ret
235 1605 384 1628 VlRILEM
414 1595 543 1637 vestem,
575 1602 687 1627 contra
707 1600 845 1633 mentem
865 1591 1033 1632 Pomponii

769 1690 1130 1727 CAPUT

1097 106 1695 146 BYNKERSHOEK

1085 191 1115 222 δε
1140 190 1238 221 totius
1263 187 1526 230 Jurisprudentiae.
1573 185 1668 217 Plane
1690 186 1772 218 enim
1789 186 1830 219 slC
1846 187 1946 221 otiosa

1085 231 1161 262 effet
1181 230 1347 271 Pomponii
1371 230 1410 260 de
1418 227 1607 268 (conjectura
1624 227 1799 260 voluntatis
1812 227 1944 268 disputa-

1086 273 1147 303 tio:
1174 272 1202 303 &
1214 273 1281 313 quis
1291 271 1426 309 dixerit,
1451 269 1472 301 fi
1490 267 1618 299 testator
1637 268 1760 300 virilem
1776 268 1943 301 vestomle-

1087 322 1138 354 get
1150 337 1159 351 ,
1184 312 1222 343 de
1237 322 1271 343 ea
1285 322 1348 343 non
1374 310 1508 349 senfisse,
1541 319 1600 350 qua
1617 316 1652 340 ut
1668 309 1751 340 virili
1770 310 1914 341 utebatur
1927 312 1945 343 ‘2

1088 364 1166 385 unus
1181 353 1391 385 Hotomanus.
1437 352 1497 384 Sed
1513 350 1624 382 videor
1639 350 1700 389 jam
1719 350 1789 382 latis
1805 361 1844 383 eo
1857 361 1943 392 argu-

1087 403 1195 426 mento
1209 393 1426 432 dcfunfiusmi
1446 392 1674 424 occurrendum
1691 391 1766 423 css'et
1782 394 1809 423 d.
1833 393 1853 423 l.
1875 401 1945 426 110.

1088 437 1106 475 δ
1136 445 1162 468 1.
1183 436 1222 478 ff.
1253 442 1286 467 ae
1316 435 1355 466 V.
1382 435 1421 465 O.
1444 434 1485 466 fic
1501 440 1605 465 autem
1624 432 1666 463 ibi
1681 432 1890 474 Pomponius:
1913 435 1947 467 Si

1079 477 1246 518 fistulatas
1261 478 1354 517 fuero
1366 478 1400 507 cie
1417 483 1463 513 te,
1484 483 1621 507 vEs'rEM
1640 483 1758 513 TUAM,
1779 485 1944 516 QUAECUN-

1086 528 1155 558 QUE
1188 527 1375 550 MULIEnRIs
1407 527 1486 556 EST,
1524 524 1617 547 DARE
1647 524 1796 547 SPONDEs
1813 516 1829 548 ‘3
1852 519 1947 558 magis

1085 564 1120 590 aa
1141 558 1450 599 mentemflz'pulantz‘s
1473 582 1482 597 ,
1516 567 1605 597 quam
1626 559 1664 588 ad
1684 564 1808 589 mentem
1818 561 1946 598 promit.

1086 604 1176 633 tentis
1199 605 1228 632 iu
1244 602 1356 641 referri
1372 602 1473 632 debet:
1495 606 1529 630 ut
1546 600 1617 640 qaid
1641 600 1674 629 in
1694 608 1726 629 re
1739 597 1798 637 fit,
1819 599 1945 640 testima-

1085 645 1112 673 ri
1129 645 1246 677 aebeat,
1269 653 1327 672 non
1355 643 1426 682 quid
1444 641 1572 681 senserit
1592 639 1753 680 promiffor.
1797 640 1903 683 Itaque
1923 641 1947 681 [ἰ

1078 684 1307 725 solltusfuerat
1324 682 1472 723 promiffor
1488 683 1624 713 muliebri
1639 684 1766 722 quadam
1781 683 1861 724 veste
1876 686 1945 723 uti,

1083 726 1276 756 nih’lorrzintts
1294 726 1426 755 debetur.

1084 767 1232 805 liebrem,
1267 766 1296 798 ὅ(
1317 775 1520 807 quamcunque
1542 764 1743 804 muliebrem,
1776 766 1944 807 quaeritur,

1082 818 1119 839 an
1138 807 1320 848 promissor,
1346 806 1416 838 usus
1430 805 1514 837 veste
1537 805 1698 844 muliebri,
1724 806 1802 837 hanc
1820 817 1946 849 quoque

1082 849 1191 880 debeat
1202 848 1218 880 ’.Ρ
1243 849 1272 880 o’c
1289 847 1401 879 debere
1419 848 1501 879 recte
1520 847 1601 878 dixit
1618 845 1945 889 Pomponius,·stipu-

1083 891 1163 922 latus
1179 889 1223 921 est
1237 891 1320 921 enim
1337 899 1540 930 quamcunque
1556 886 1757 926 muliebrem,
1783 888 1812 919 ὃ(
1835 890 1945 921 mulie-

1082 932 1145 963 bris
1161 930 1223 970 est,
1249 940 1317 971 quae
1334 930 1576 962 matrisfamilias
1597 927 1686 959 causa
1701 930 1799 970 vulgo
1818 939 1944 971 compa-

1083 981 1188 1010 ratur3
1212 981 1313 1013 quave
1329 971 1395 1003 haec
1412 972 1509 1012 vulgo
1526 970 1685 1008 induitur;
1700 979 1758 1001 nec
1770 971 1878 1011 potuit
1896 971 1945 1003 sti-

1083 1014 1208 1055 pulator
1228 1023 1292 1044 non
1316 1013 1352 1044 ad
1373 1022 1441 1045 eam
1462 1011 1626 1053 respexisse
1641 1034 1651 1049 ,
1691 1020 1762 1042 cum
1786 1011 1946 1045 censeatur

1082 1064 1148 1086 rem
1163 1053 1282 1095 putasse
1297 1063 1337 1085 ex
1351 1053 1407 1086 usu
1430 1054 1459 1085 δε
1475 1053 1614 1084 sermone
1632 1052 1762 1092 vulgari.
1808 1052 1886 1085 Non
1900 1054 1946 1087 est

1080 1096 1172 1137 ipsius
1195 1095 1349 1136 inquirere
1373 1095 1403 1127 in
1430 1094 1518 1126 usum
1542 1092 1711 1125 abusumve
1733 1094 1944 1136 promiss'oris,

1080 1137 1179 1178 adque
1194 1146 1229 1167 ea
1243 1136 1421 1176 attendere,
1455 1145 1523 1177 quae
1539 1135 1589 1166 vir
1608 1143 1671 1166 non
1687 1132 1765 1166 facit
1782 1134 1843 1167 fine
1859 1137 1944 1169 vitu·
1985 1176 1989 1177 ⁷

1078 1178 1240 1220 peratione
1262 1179 1282 1209 l.
1302 1188 1350 1219 23.
1377 1178 1405 1218 §.
1424 1188 1450 1208 2.
1467 1177 1507 1218 ff.
1529 1179 1556 1208 h.
1583 1176 1615 1207 T.
1638 1174 1682 1206 fin
1701 1183 1804 1207 autem
1826 1175 1943 1219 faciat,

1080 1220 1158 1252 scire
1179 1219 1288 1250 debuit
1306 1243 1316 1258 ,
1346 1219 1482 1260 partium
1504 1217 1625 1250 suarum
1646 1216 1725 1255 effe,
1751 1217 1789 1248 de
1802 1227 1841 1249 eo
1858 1220 1943 1251 exci-

1078 1268 1151 1302 pere
1160 1284 1170 1299 ,
1197 1260 1226 1291 ἃ
1241 1260 1450 1301 stipulationis
1464 1260 1559 1291 verba
1574 1257 1771 1302 restringere:
1803 1259 1944 1302 alioquin

1078 1301 1261 1342 simpliciter
1277 1301 1486 1342 promittens,
1510 1299 1693 1341 simpliciter
1709 1298 1875 1332 tenebitur.
1901 1302 1944 1334 A-

1080 1343 1146 1374 liud
1167 1342 1211 1373 est
1234 1343 1265 1374 in
1289 1342 1499 1381 testamentis,
1530 1342 1582 1374 ubi
1596 1339 1737 1381 suprema
1749 1340 1804 1372 lex
1816 1341 1860 1372 est
1878 1341 1944 1375 sola

1079 1383 1217 1415 defundi
1242 1384 1391 1415 voluntas
1406 1406 1416 1423 ,
1449 1383 1479 1414 ὅ(
1501 1383 1553 1414 ubi
1577 1383 1774 1415 voluntatem
1791 1383 1885 1415 etiam
1902 1394 1944 1417 ex

1078 1424 1174 1457 abusu
1197 1424 1273 1456 licet
1294 1424 1422 1456 discere.
1467 1423 1633 1457 Accurfius
1655 1422 1686 1454 id
1713 1423 1774 1463 Jam
1796 1427 1942 1466 monuit,

1079 1467 1108 1498 &
1126 1466 1310 1505 Duarenus,
1336 1466 1505 1498 Connanus
1520 1490 1530 1505 ,
1561 1464 1755 1504 Donnellus,
1781 1464 1853 1506 alii,
1879 1475 1943 1499 tam

1077 1508 1203 1549 prolixe
1219 1508 1251 1539 id
1264 1515 1411 1549 egerunt,
1436 1515 1472 1538 ut
1486 1507 1551 1547 his,
1571 1508 1623 1539 vel
1637 1505 1766 1547 reliquis
1784 1505 1941 1541 Hotoma-

1077 1550 1109 1581 ni
1126 1549 1271 1582 minuciis
1289 1549 1420 1582 verbum
1436 1557 1502 1581 non
1519 1549 1652 1590 amplius
1665 1547 1783 1580 addam.
1813 1561 1818 1565 ¹

1227 1690 1328 1726 XX.

235 1775 287 1816 De
312 1782 520 1818 Procuratore
549 1782 707 1830 Ccesaris,
735 1779 896 1826 explicata
930 1777 952 1813 1.
975 1788 1006 1823 3.
1032 1790 1082 1825 pr.
1110 1776 1147 1812 ff.
1176 1777 1220 1813 de
1244 1777 1345 1813 Offic.
1375 1778 1474 1813 Proc.
1500 1776 1620 1812 Caesar.
1647 1776 1704 1812 vel
1728 1776 1872 1812 Ration.

166 1874 283 1976 Qu
298 1877 479 1919 simpliciter
494 1879 685 1911 Procurator
709 1876 839 1908 Caesaris
857 1882 942 1915 erat,
967 1884 1029 1907 mc-

1075 1874 1259 1906 sententiam
1272 1874 1316 1906 est
1339 1875 1467 1907 Curator
1485 1873 1607 1914 Caesarz‘s
1629 1873 1660 1905 in
1682 1874 1704 1905 l.
1720 1884 1749 1914 5.
1767 1873 1807 1914 ff.
1827 1875 1861 1905 de
1874 1872 1938 1914 Ju-

273 1928 341 1950 rum
374 1919 544 1960 Imperium
575 1929 639 1950 non
671 1918 803 1956 habuit3
837 1917 912 1958 quin
941 1925 1031 1948 extra
1073 1927 1105 1948 re
1120 1916 1194 1957 Flsc.
1221 1915 1249 1946 ὅ(
1266 1915 1448 1957 simpliciter
1464 1917 1592 1948 Curator-
1608 1925 1666 1957 pro
1681 1915 1868 1946 Procurator
1878 1916 1939 1946 Cae-

280 1959 385 1991 causas
408 1960 542 1992 Fiscales
565 1959 812 2001 Jurisdiffionem
828 1957 966 1989 habuisse
981 1968 1031 1990 me
1063 1961 1149 1999 saris
1172 1959 1202 1989 in
1226 1957 1246 1987 l.
1270 1967 1318 1989 10.
1348 1963 1395 2004 pr.
1428 1959 1458 1990 ἃ
1489 1958 1506 1988 l.
1531 1967 1578 1989 11.
1603 1959 1632 1998 §.
1655 1966 1682 1988 1.
1698 1957 1739 1998 ff.
1769 1960 1803 1988 de
1817 1956 1937 1989 Public.

163 2002 268 2043 legere
299 2010 363 2032 non
394 2002 533 2033 memini.
580 2001 671 2032 Unde
701 2000 783 2032 inter
812 2000 954 2041 privatos
977 1999 1030 2039 Jus

163 2043 294 2082 dixisse,
313 2042 350 2073 1&
374 2043 426 2074 vel
449 2043 590 2083 judicem
612 2041 727 2073 dedisse
749 2048 842 2082 negat
863 2041 882 2071 l.
894 2050 946 2081 23.
959 2040 987 2081 §.
1003 2050 1027 2072 1.

157 2085 198 2125 ff.
220 2086 253 2115 de
276 2083 429 2124 Appellat.
452 2084 487 2118 &2⁹
509 2085 528 2115 l.
551 2093 578 2116 1.
605 2084 636 2115 C.
663 2085 695 2115 de
721 2082 844 2123 Jurz'sd.
863 2092 940 2114 omn.
959 2083 1028 2123 jud.

162 2126 265 2166 Igitur
295 2125 386 2162 caul'ae
411 2124 540 2165 Fiscales
566 2127 746 2166 pecuniariae
778 2123 815 2154 ad
838 2133 909 2155 eum
932 2124 1028 2164 perti-

162 2174 299 2201 nuerunt
326 2166 346 2197 l.
364 2175 392 2203 9.
417 2173 466 2206 pr.
493 2167 533 2208 ff.
563 2169 597 2199 de
625 2166 712 2207 Offic.
734 2166 873 2201 Proconf.
895 2163 931 2199 ξεῖ
951 2165 1028 2205 Leg.

163 2215 278 2248 utputa
300 2217 349 2239 res
371 2207 396 2239 F
398 2207 453 2239 isci
477 2207 706 2247 administrare,
732 2208 762 2239 &
784 2206 890 2237 debita
904 2206 1030 2247 exigere

162 2249 184 2279 1.
203 2258 255 2288 47.
279 2248 307 2289 §.
330 2259 353 2280 1.
376 2250 395 2279 l.
414 2260 467 2290 50.
493 2250 532 2290 ff.
562 2252 596 2281 de
624 2248 789 2290 Jur.Fisc.
816 2247 846 2279 &
870 2247 931 2278 hoc
955 2257 1029 2278 vere

162 2289 207 2321 est
232 2290 422 2321 Rationalem
441 2291 511 2323 effe.
557 2290 716 2322 Caeterum
732 2298 805 2320 cum
828 2288 902 2319 hInc
925 2297 1025 2319 remo-

161 2339 194 2362 ta
216 2331 275 2363 fint
297 2332 413 2372 judicia
436 2332 581 2374 publica,
608 2342 672 2364 non
695 2331 778 2363 recte
807 2339 842 2361 ea
865 2329 1028 2361 exercebit

160 2372 352 2405 Procurator
383 2374 404 2405 l.
422 2384 449 2405 2.
480 2375 510 2405 C.
543 2376 578 2405 de
602 2373 685 2405 Poen.
710 2374 730 2404 l.
748 2382 777 2412 3.
801 2371 833 2403 C.
862 2371 925 2402 Ubi
946 2371 1024 2410 caus.

160 2413 239 2454 Fisc.
268 2415 288 2444 l.
308 2423 338 2453 4.
369 2415 400 2446 C.
429 2417 467 2446 od
495 2415 534 2447 L.
562 2414 633 2447 Fab.
656 2417 690 2446 de
714 2414 852 2453 Plagiar.
874 2412 1027 2453 Ulpianus

159 2455 233 2487 Lib.
250 2454 308 2487 IX.
332 2458 366 2487 (Ie
388 2456 476 2497 Offic.
498 2456 638 2493 Proconf.
662 2456 742 2497 apud
763 2455 938 2486 Collatorem
953 2453 1024 2485 LL.

159 2497 249 2528 Rom·
269 2496 305 2530 δ”
321 2497 446 2537 Mesate.
465 2498 627 2531 Tit.XIV.
654 2497 721 2529 Nifi
733 2505 834 2528 tamen
844 2494 1025 2527 isProcura-

161 2547 213 2570 tor
229 2537 317 2570 fimul
341 2537 490 2579 fungatur
512 2540 584 2570 vice
606 2539 762 2577 Praefidis,
788 2547 857 2578 quae
875 2536 1025 2577 exceptio

159 2578 205 2610 est
225 2579 370 2611 omnibus
394 2580 442 2611 his
467 2581 563 2619 locis,
599 2581 648 2619 ἃ,
682 2579 766 2620 quod
786 2578 823 2610 ad
835 2577 1023 2618 iurisdictio-

159 2630 232 2652 nem
248 2620 396 2660 civilem,
422 2629 512 2652 extra
530 2620 634 2653 causas
653 2621 805 2658 Fiscales,
830 2620 862 2651 in
884 2621 912 2650 d.
936 2619 955 2649 l.
972 2628 1021 2658 23.

158 2661 190 2702 §.
215 2671 240 2692 1.
257 2661 297 2702 ff.
321 2664 355 2693 de
377 2662 531 2703 Appellat.
556 2662 671 2703 absque
686 2672 724 2694 eo
738 2661 759 2693 fi
775 2660 829 2700 fit,
854 2670 894 2692 ne
915 2659 1023 2690 multae

158 2703 284 2744 quidem
303 2703 538 2743 indicendaeJ'us
554 2703 647 2734 habet
683 2704 704 2735 l.
733 2713 762 2734 2.
799 2703 831 2734 C.
874 2703 909 2733 de
943 2702 1023 2732 modo

157 2745 245 2775 mult.
270 2744 394 2787 Quare,
419 2745 504 2786 quod
519 2745 550 2775 in
565 2743 639 2776 solis
661 2742 941 2781 Procuratoribus,
968 2742 1021 2783 qui

158 2794 230 2816 cum
253 2785 419 2817 Praefidiali
443 2784 598 2826 potestate
622 2784 768 2823 fuerunt,
802 2783 959 2822 obtinuit,
984 2783 1021 2814 ad

157 2835 266 2858 omnes
279 2825 461 2867 fimpliciter
475 2826 698 2858 Procuratores
721 2824 850 2857 Caesaris
875 2824 1019 2856 transfer-

157 2875 191 2937 }sj
207 2876 269 2944 nscbm
284 2867 431 2899 debuerat
444 2867 595 2909 Josephus
616 2867 753 2908 Scaliger
773 2865 871 2908 Epist.
895 2866 965 2898 Lib.
993 2875 1018 2897 1.

174 2914 220 2946 eps
252 2933 256 2938 .
290 2918 339 2940 12.

202 2948 366 2981 Videamus
381 2974 390 2989 ,
421 2950 560 2991 nunquid
584 2959 656 2981 cum
672 2949 720 2982 his
734 2949 903 2981 conveniat
922 2947 1018 2980 Calli-

159 2986 268 3020 stratus
282 2991 314 3021 in
341 2992 359 3021 l.
380 3002 410 3034 3.
436 2991 476 3032 ff.
498 2994 532 3022 de
559 2991 648 3032 Offic.
674 2990 803 3023 Procur.
833 2991 939 3030 Caesar.
970 2990 1019 3021 vel

161 3028 281 3075 Itation.
301 3032 459 3064 Curatores
477 3057 485 3069 ,
510 3033 630 3074 inquit,
657 3032 778 3074 Caesarz's
793 3033 846 3074 jus
863 3033 1018 3070 deportan-

159 3071 190 3098 ιιι
205 3079 261 3100 nort
279 3073 383 3104 habent
396 3098 404 3109 ,
435 3076 507 3115 qaia
526 3075 617 3114 hujus
634 3081 728 3114 poenoe
744 3073 953 3114 constituenda>
965 3074 1017 3114 jus

158 3118 215 3140 nort
228 3111 342 3143 hahent.
386 3115 458 3153 Ait,
492 3117 671 3154 Curatores,
702 3116 764 3147 hoc
783 3113 843 3153 est,
867 3115 1015 3146 Procura-

158 3156 254 3187 tores,
276 3152 450 3185 Rationales
477 3157 621 3197 Caesaris,
672 3155 827 3189 romiscue
848 3157 931 3188 enim
953 3155 1015 3187 illae

160 3200 254 3225 voces
275 3194 470 3236 accipiuntur
487 3220 497 3237 ‚
531 3197 561 3234 ὃς
583 3197 629 3234 ita
660 3197 820 3237 “lorentiae
838 3196 872 3235 in
887 3197 1017 3237 eandem

1073 1999 1109 2035 ὅ)
1123 1999 1233 2041 vestig.
1257 2007 1355 2040 utque
1370 2007 1414 2030 ita
1428 2009 1499 2030 cum
1517 1998 1714 2030 Leunclavio
1729 1999 1760 2030 in
1786 1998 1938 2031 Adnotat.

1070 2042 1108 2073 ad
1129 2043 1158 2072 d.
1183 2042 1204 2072 l.
1228 2050 1274 2071 ιο.
1296 2048 1346 2081 pr.
1369 2050 1428 2081 pro
1452 2041 1593 2071 Curatori
1610 2049 1674 2072 non
1691 2039 1727 2071 fit
1751 2039 1873 2071 necess'e
1890 2049 1937 2071 re-

1069 2092 1188 2124 ponere
1211 2083 1406 2114 Procuratori
1423 2104 1431 2117 ,
1462 2081 1514 2113 vel
1540 2090 1611 2112 cum
1626 2080 1731 2121 Lipfio
1750 2080 1780 2111 in
1802 2081 1937 2121 Excurs.

1071 2124 1108 2155 ad
1124 2124 1230 2155 Tacit.
1254 2124 1338 2155 Ann.
1361 2123 1399 2155 L.
1417 2122 1491 2155 XII.
1516 2122 1549 2153 B.
1574 2123 1603 2154 ὅ(
1624 2122 1788 2156 Bacliovio
1807 2122 1843 2154 ad
1860 2128 1936 2161 Πρῦ-
1985 2156 1987 2159 ,

1072 2179 1107 2194 m
1122 2165 1162 2206 ff.
1188 2166 1219 2197 in
1242 2165 1342 2197 Rubr.
1370 2165 1461 2205 hujus
1488 2164 1549 2195 Tit.
1578 2171 1688 2194 notare
1705 2162 1905 2203 Xylandrum
1923 2188 1935 2205 ,

1072 2207 1157 2249 quod
1180 2208 1320 2244 ἐπιτρέπει,
1339 2206 1419 2247 apud
1434 2204 1573 2238 Dionem
1592 2205 1725 2236 verterit
1752 2204 1936 2244 Curatores,

1072 2259 1133 2282 non
1156 2248 1382 2280 Procuratores.
1435 2246 1570 2285 Rursus,
1605 2245 1625 2277 fi
1640 2254 1695 2286 per
1720 2246 1936 2278 Procuratores

1071 2292 1103 2322 in
1133 2291 1153 2321 l.
1173 2300 1222 2332 23.
1254 2291 1283 2331 §.
1304 2299 1333 2320 2.
1364 2291 1397 2320 in
1415 2288 1471 2328 fin.
1490 2289 1530 2330 ff.
1551 2291 1585 2319 de
1608 2287 1729 2319 Haered.
1748 2286 1819 2328 inst.
1842 2287 1933 2320 intel-

1070 2333 1224 2373 ligamus,
1255 2339 1290 2363 ut
1311 2330 1380 2362 sane
1407 2329 1602 2371 intelligendi
1632 2328 1719 2368 sunt,
1745 2329 1906 2361 Curatores
1923 2353 1934 2369 ,

1071 2382 1142 2404 tuto
1154 2374 1329 2405 carebimus
1344 2370 1471 2413 spongia
1484 2371 1557 2402 Ant.
1576 2370 1664 2401 Fabri
1675 2369 1842 2411 Conjetzar.
1854 2371 1933 2412 Jur.

1070 2416 1137 2446 Civ.
1169 2415 1208 2446 J..
1227 2415 1264 2447 V.
1298 2414 1329 2445 C.
1351 2418 1397 2447 18.
1431 2412 1475 2444 Et
1497 2412 1535 2442 de
1550 2411 1755 2442 Curatoribus
1772 2411 1939 2445 haercdita*

1071 2464 1137 2487 tum
1159 2456 1257 2497 accipi
1277 2454 1397 2496 potest,
1430 2462 1498 2493 quae
1522 2451 1700 2483 inscribitur
1720 2452 1934 2486 Procuratore-

1069 2499 1123 2528 bus
1140 2499 1366 2534 haeredz'tatum‚
1392 2495 1413 2525 l.
1434 2503 1460 2525 1.
1496 2493 1526 2524 C.
1551 2496 1584 2524 de
1611 2493 1703 2530 Usur.
1727 2497 1772 2526 rei
1787 2496 1852 2536 jud.
1876 2495 1933 2528 nifi

1067 2538 1106 2569 de
1122 2537 1381 2571 procuratoribus
1398 2533 1527 2567 Caesaris
1543 2534 1694 2575 accipias,
1720 2536 1804 2567 circa
1822 2535 1932 2577 vigeli-

1068 2589 1149 2611 mam
1174 2579 1399 2611 haereditatum.
1445 2575 1589 2616 Illudque
1605 2599 1614 2614 ,
1645 2582 1698 2615 per
1716 2577 1934 2610 Procuratores

1068 2621 1197 2662 vestros,
1226 2621 1256 2652 in
1285 2620 1305 2651 l.
1330 2628 1356 2650 1.
1387 2618 1417 2649 C.
1437 2616 1467 2656 fi
1490 2616 1561 2648 Tut.
1586 2617 1636 2663 vel
1651 2625 1749 2650 curat.
1769 2621 1884 2650 interv.
1909 2618 1932 2651 si

1067 2662 1105 2693 de
1126 2663 1320 2694 Curatorz'bus
1347 2659 1505 2700 explices,
1541 2665 1574 2689 ut
1597 2659 1672 2690 licet
1692 2669 1733 2691 ex
1755 2659 1933 2701 promiscua

1068 2703 1176 2735 harum
1192 2713 1308 2735 vocum
1325 2700 1568 2742 significatione,
1588 2709 1651 2730 non
1669 2702 1729 2732 erit
1743 2710 1821 2747 opus
1838 2708 1872 2732 ut
1887 2701 1932 2732 ita

1066 2746 1192 2785 praecise
1207 2746 1306 2786 legas,
1332 2751 1384 2781 ut,
1409 2740 1468 2773 fide
1506 2740 1676 2772 uorundam
1695 2741 1866 2781 Codicum,
1885 2742 1928 2774 le-

1064 2787 1110 2826 git
1127 2784 1273 2826 Cujacius
1290 2785 1320 2816 in
1344 2784 1448 2815 Comm.
1471 2791 1487 2813 a
1529 2783 1548 2812 l.
1566 2792 1614 2820 Ως,
1629 2783 1656 2821 §.
1670 2782 1746 2824 ¹·ff·
1766 2785 1799 2814 cle
1810 2783 1928 2815 Minor.

1063 2826 1114 2858 Ne
1134 2828 1251 2865 dicam,
1276 2827 1489 2857 Procuratores
1504 2832 1543 2854 eo
1561 2821 1649 2854 sensu
1664 2824 1707 2856 ibi
1732 2824 1793 2855 dici
1814 2824 1902 2866 poss'e
1916 2848 1927 2864 ,

1063 2878 1127 2912 quo
1149 2868 1282 2899 dicimus
1302 2866 1490 2898 Protatores.

1103 2909 1162 2941 Sed
1184 2917 1249 2939 rem
1274 2907 1368 2948 ipsam
1391 2906 1521 2948 propius
1544 2906 1750 2939 excutiamus.
1786 2907 1840 2939 Ait
1855 2906 1925 2940 Cal-

1062 2951 1214 2988 listratus,
1237 2950 1286 2989 jus
1308 2947 1491 2989 deportandi
1515 2956 1579 2978 non
1604 2947 1715 2979 habere
1739 2948 1926 2980 Procurato-

1062 3002 1110 3023 res
1134 2990 1280 3027 Caesaris,
1312 2989 1396 3029 quod
1426 2989 1577 3020 convenit
1603 2998 1674 3020 cum
1698 2989 1762 3029 his,
1787 2999 1856 3030 quae
1879 2989 1924 3020 di-

1063 3033 1182 3069 ximus,
1209 3030 1257 3062 sed
1281 3039 1343 3061 non
1369 3039 1456 3070 aequc
1479 3030 1650 3061 convenire
1673 3029 1814 3069 videtur,
1840 3028 1925 3071 quod

1062 3072 1315 3144 sequitui-:Hquia
1338 3072 1429 3111 hujus
1453 3077 1542 3111 poenae
1562 3070 1770 3111 constituenda
1789 3073 1844 3112 jus
1867 3081 1926 3102 non

1061 3118 1177 3146 habeut.
1257 3122 1302 3143 aec
1333 3113 1416 3143 enim
1439 3112 1547 3152 prima
1576 3111 1684 3143 fronte
1708 3112 1785 3144 hanc
1809 3112 1924 3144 liabent

1060 3155 1261 3192 sententiam,
1287 3152 1531 3192 Procuratores,
1557 3152 1699 3194 quamvis
1722 3162 1841 3185 merum
1860 3152 1920 3184 Im-

1058 3196 1178 3239 perium
1210 3194 1341 3231 habeant
1356 3217 1365 3235 ‚
1396 3193 1561 3239 deportare
1591 3201 1693 3229 tamen
1723 3203 1788 3232 non
1810 3192 1921 3268 passe,

1819 3243 1835 3266 a
1857 3242 1918 3266 ern-

1469 724 1643 764 Stipulatur
1660 723 1728 764 quis
1744 723 1862 756 vestem
1878 735 1945 757 mu·
1977 755 1980 758 Α
