2008 3436
213 118 654 162 OBSERVATIONUM
678 102 822 166 'JURIS
855 114 1068 173 ROMANI
1124 115 1212 153 Liss.
1240 115 1305 153 ΙΙΙ.
1359 115 1536 153 ΕΑΡΓῘῙ.
1562 114 1627 152 111.

56 208 93 239 de
115 206 204 238 Statu
224 203 358 245 Ecclesiae
373 204 484 237 Groecae
498 207 568 243 pag.
591 208 660 232 112.
687 196 793 244 addita
814 195 934 229 Leonis

60 249 181 282 Nomii.
208 247 262 279 ΙΙΙ.
289 248 318 279 δε
344 254 373 285 p.
402 255 473 284 115.
503 242 540 279 δ’
562 245 634 275 116.
657 239 772 273 additis
788 238 934 270 Novellis

60 290 233 323 LXXXV.
245 287 280 324 ἃ
291 288 362 321 CX.
385 287 419 320 In
434 284 662 320 Tribunalibus
677 281 816 322 Europae
837 280 934 313 etiam

687 362 716 398 C
765 361 797 397 A
846 361 873 397 P
923 360 959 397 U
1010 359 1047 395 T

543 418 691 469 Defensa
707 416 878 466 scriptura
901 419 943 455 L.

147 512 196 544 *iia
215 510 425 553 stipulationis
443 509 620 552 Aquiliana:
636 506 732 540 verba
747 505 936 548 generaliter

167 554 391 594 concipiuntur
415 553 437 583 l.
466 556 512 586 18.
539 549 699 593 §.1.ff.de
717 548 868 587 Acceptil.
899 557 936 579 ea

165 595 247 626 inter
257 593 367 633 ioiitu,
387 594 600 635 quodeunque
616 592 711 623 etiam
731 590 873 636 debitum
888 599 933 621 re-

58 636 181 670 miss'um
210 636 240 667 vi
265 636 383 667 ebatur.
428 635 489 668 Sed
511 643 608 676 quum
632 642 671 665 ex
694 632 800 664 verbis
830 631 936 662 valeat

58 677 261 720 acceptilatio
274 702 283 717 ,
309 677 414 708 verbis
432 686 538 708 autem
555 674 730 717 express'uin
750 682 815 705 non
830 673 934 704 videa-

59 728 127 759 tur,
152 728 216 760 quo
234 719 272 750 de
295 719 365 760 quis
383 719 515 760 loquens
535 727 599 749 non
622 715 779 757 cogitavit
803 715 823 746 l.
850 723 878 755 7.
905 713 934 756 §.

59 772 88 794 2.
107 761 147 804 ff
173 763 206 792 de
230 761 342 800 Siipell.
367 761 424 801 leg.
455 759 597 791 debitum
623 765 772 798 quoque,
810 755 849 787 de
872 765 936 797 quo

57 804 233 845 cogitatum
257 812 320 833 non
347 801 393 833 est
409 826 418 841 ,
455 811 519 833 non
543 798 720 831 censebitur
750 796 908 829 remiss'um
924 820 934 836 ,

58 844 323 887 quemadmodum
343 843 497 884 Ulpianus
516 841 599 873 dixit
618 841 649 872 in
673 841 694 871 i.
717 843 745 870 6.
760 839 800 880 ff.
824 840 858 870 de
872 839 934 870 Ac-

58 887 160 927 cepiii.
185 887 215 918 ἃ
232 885 379 926 exemplo
397 885 549 916 docemur
566 883 598 914 in
623 883 641 912 l.
667 885 697 912 6.
722 881 753 912 C.
778 883 812 913 de
836 880 932 912 Solict.

58 927 95 961 ln
117 927 187 959 aliis
211 926 305 958 etiam
325 924 406 967 juris
432 924 572 957 articulis
597 923 721 954 obtinet
742 946 751 961 ,
783 931 823 960 ne
845 929 936 953 extra

60 977 200 1001 mentem
218 967 313 999 verba
336 967 494 1007 rapiantur
516 967 536 996 l.
562 974 591 1002 9.
618 964 645 1004 §.
677 973 701 995 1.
726 963 763 998 ὅ)
785 973 815 994 2.
833 963 873 1004 ff.
898 962 935 1008 &²

61 1011 83 1043 l.
106 1021 135 1051 q.
161 1008 197 1044 δ’
219 1018 271 1050 3¹·
297 1009 328 1039 C.
355 1016 390 1039 ae
414 1006 574 1038 Transii&
598 1005 627 1036 ὅ(
646 1004 687 1036 iic
702 1013 828 1045 quoqne
840 1003 885 1035 est
902 1014 934 1036 in

61 1052 82 1084 Ι.
105 1047 156 1093 ὄῖ.
182 1050 209 1093 §.
234 1060 264 1092 3.
282 1050 322 1091 ff.
349 1051 384 1080 cle
407 1047 539 1080 Condi&
564 1048 661 1077 indeb.
686 1044 848 1085 Neceniin
860 1045 936 1076 Pru-

60 1092 200 1126 dentiuni
219 1090 438 1131 interpretatio
456 1089 547 1121 aliter
568 1087 648 1120 solet
657 1087 752 1118 verba
769 1085 931 1125 aestiniare,

83 1142 151 1165 uam
173 1141 213 1164 ex
233 1130 385 1163 sententia
410 1130 568 1172 loquentis
591 1132 618 1159 (i.
644 1129 664 1160 i.
690 1138 718 1168 7.
743 1128 771 1168 §.
796 1138 827 1159 2.
873 1126 930 1159 At-

83 1178 120 1206 ue
144 1174 205 1205 hoe
233 1171 335 1215 ipsum
358 1173 403 1204 est
423 1196 433 1212 ,
460 1171 545 1213 quod
566 1171 725 1211 eleganter
747 1169 932 1214 Papinianus

79 1215 167 1247 efinit
191 1214 221 1246 in
246 1217 265 1247 i.
295 1224 326 1254 5.
350 1214 391 1256 ff.
414 1217 447 1246 cle
471 1212 633 1245 Transaci.
678 1213 752 1243 Ciim
770 1234 779 1250 ,
809 1211 930 1251 inquit,

56 1257 227 1299 Aquiliana
235 1254 395 1298 stipulatio
413 1257 638 1297 interponitur,
656 1264 719 1296 qiioe
734 1263 772 1284 ex
791 1252 930 1294 consensu

57 1300 198 1332 redditur
212 1321 221 1335 ‚
246 1299 314 1330 lires
327 1322 335 1334 .
358 1299 392 1330 de
408 1299 515 1339 quibus
532 1306 590 1328 non
606 1294 647 1337 eft
675 1297 839 1337 cogitatum
858 1317 867 1331 ‚
896 1297 929 1325 in

47 1340 395 1384 siaoflaiurecineiirur:
411 1346 701 1371 LinERALlTATEM
712 1346 803 1368 ENIM
813 1344 927 1368 CAPTI-

59 1391 153 1416 osmi
189 1390 476 1414 lNTERPRETATIO
517 1380 759 1413 PRUDENTIUM
789 1386 926 1410 FREGIT.

59 1425 102 1458 fic
125 1422 238 1455 liabent
254 1432 363 1455 omnes
380 1422 477 1455 Libri.
523 1422 757 1453 Liberalitatem
773 1419 932 1460 captiosam

59 1465 161 1504 dixit,
185 1474 254 1506 qua}
277 1474 389 1497 contra
407 1461 592 1496 consensum
620 1462 782 1504 loquentis
804 1460 930 1493 induce-

58 1516 163 1546 retur,
187 1515 288 1547 neque
308 1506 392 1537 enim
407 1504 513 1536 voluit
528 1504 708 1544 remittere,
733 1503 772 1535 dc
788 1512 851 1545 quo
866 1512 931 1534 non

59 1547 223 1590 cogitavit.
270 1546 365 1579 Dixit
389 1546 511 1587 fregiffe
535 1571 545 1585 ,
584 1546 615 1577 id
638 1546 679 1576 ell
698 1569 708 1585 ,
733 1554 801 1586 quae
827 1544 932 1576 verbis

59 1599 99 1622 ex
123 1588 198 1622 rell'a
217 1588 422 1628 videbantur,
448 1589 478 1620 ἅ
497 1598 563 1621 non
576 1586 730 1619 sententia
750 1585 929 1627 loquentis,

58 1599 219 1664 suffuiifie.
265 1630 336 1662 Nec
351 1631 442 1662 aliter
466 1630 528 1661 hoc
549 1629 650 1662 verbo
664 1627 735 1660 usus
754 1626 799 1659 est
822 1626 929 1659 Catul—

58 1672 108 1706 lus
128 1672 164 1704 ad
182 1671 357 1711 Manlium,
378 1670 544 1712 Carmine,
569 1671 659 1718 Quod
684 1671 756 1702 mibi
769 1671 928 1712 fortuna,

59 1715 137 1747 verl'
161 1724 176 1745 2
203 1737 210 1744 .

101 1751 147 1789 Tu
166 1723 242 1793 viia,
264 1763 298 1788 tu
311 1753 578 1797 morienssregifli
591 1755 734 1786 commoda
742 1754 868 1795 frater:

140 1797 318 1831 Decumum
333 1805 398 1830 ιοια
415 1796 456 1839 eft
473 1797 705 1839 iiojtrasepulta
726 1799 842 1829 domus.

662 1877 931 1913 CAPU

1788 124 1854 153 101

976 196 1067 235 sunt,
1090 205 1161 238 quae
1177 195 1362 242 sequamur:
1386 206 1451 229 non
1477 195 1574 228 medo
1592 200 1728 238 praeter,
1753 192 1804 227 sed
1829 194 1861 226 δε

975 246 1090 278 contra
1111 237 1166 278 Jus
1192 237 1320 276 Civile,
1345 238 1377 269 id
1392 246 1499 269 autem
1518 239 1650 280 exicqui
1664 238 1796 278 longum
1812 244 1860 273 es-

976 279 1041 320 set,
1066 280 1097 312 &
1121 279 1250 320 πέρσων
1269 282 1336 319 ’5¹37ae
1351 280 1444 318 μεῖξον,

971 429 1007 466 5.
1035 416 1075 453 ff.
1104 360 1358 454 delirans-ciet.

979 503 1061 537 Cum
1076 514 1116 536 eo
1132 512 1256 544 autem,
1282 503 1368 546 quod
1382 503 1444 544 ait,
1470 503 1644 536 Prudenter
1666 501 1793 545 fregisse
1808 512 1858 539 ca-

978 545 1113 589 ptiosam
1130 545 1368 586 liberalitatem,
1393 546 1565 585 convenit,
1592 546 1679 586 quod
1703 545 1786 577 idem
1803 545 1861 578 Pa·

978 588 1123 630 pinianus
1134 611 1144 627 ,
1168 587 1280 619 eodem
1295 597 1391 630 opere
1413 587 1654 628 Definitionum,
1671 595 1712 619 ex
1731 596 1796 629 quo
1813 585 1860 618 est

980 633 1011 662 h.
1037 631 1058 662 l.
1081 640 1112 671 5.
1136 630 1181 661 ita
1197 629 1304 661 scribit
1321 631 1352 661 in
1378 631 1395 660 i.
1420 634 1473 672 36.
1490 630 1533 672 ff.
1555 632 1589 662 de
1600 630 1746 661 Statulib.
1768 630 1859 660 inta-

981 672 1060 704 buzis
1072 673 1218 712 secundis
1233 671 1299 712 filio
1310 680 1439 711 servum
1460 675 1532 704 data
1554 673 1693 704 libertate
1706 669 1858 712 substitu-

980 721 1044 746 tum
1063 716 1137 756 jure
1151 713 1330 755 statuliberi
1350 713 1562 747 PRUDENTEs
1586 715 1763 745 munierunt
1782 736 1791 751 ‚
1826 712 1858 744 &

979 766 1049 798 quae
1071 755 1253 797 sequuntur.
1279 755 1487 789 Prudencibus
1503 780 1514 798 ,
1540 764 1577 788 ut
1594 756 1665 795 hic,
1698 754 1860 797 adscripto

979 807 1037 838 eo,
1062 798 1101 829 de
1114 807 1179 838 quo
1197 797 1310 838 agitur.

1021 839 1150 871 Sublata
1165 839 1263 880 igitur
1282 837 1345 880 est,
1360 840 1622 882 interpretatione
1637 838 1859 876 Prudentium,

979 880 1151 912 liberalitas
1169 902 1181 918 ,
1218 888 1371 926 quatenus
1403 882 1544 923 captiosa
1574 882 1652 914 ess'et
1681 881 1712 913 ὃς
1747 888 1862 911 contra

978 928 1117 952 mentem
1135 923 1364 962 promittentis.
1391 923 1568 966 Cor-ruptio
1585 923 1650 963 est,
1669 932 1733 955 non
1753 930 1858 953 emen·

975 962 1064 994 datio
1088 964 1118 993 d.
1142 964 1161 993 i.
1174 973 1206 1002 5.
1229 972 1321 1003 quam
1337 964 1496 997 Hei-aldus
1521 966 1650 1005 Observ.
1672 964 1707 999 ὃ
1729 963 1859 995 Emend-

977 1004 1009 1035 C.
1032 1003 1146 1036 XXX.
1173 1005 1326 1045 proponit
1344 1029 1354 1045 ‚
1387 1016 1446 1048 pro
1471 1008 1687 1039 liberalitatem
1712 1004 1860 1037 substitu-

975 1045 1091 1077 endum
1109 1052 1195 1077 ratus
1219 1046 1424 1079 liberiirioneiti
1439 1072 1447 1083 ,
1478 1050 1508 1081 &
1527 1059 1586 1090 pro
1609 1051 1732 1091 fregit,
1752 1048 1858 1089 frigit.

976 1086 1116 1118 Plurima
1133 1085 1264 1118 Heraldi
1282 1086 1402 1120 Grotio
1418 1089 1569 1130 placuiss'e
1587 1090 1673 1130 scio,
1695 1090 1795 1122 miror
1813 1096 1859 1162 tad

1735 1134 1793 1166 arl.
1818 1140 1834 1162 a

1144 1168 1280 1201 Primam
1304 1179 1409 1203 autem
1426 1172 1640 1212 conjetiuram
1658 1135 1816 1205 Hgialdus
1839 1181 1860 1203 a.

975 1209 1085 1242 Glofla
1098 1208 1186 1241 forte
1199 1209 1330 1251 didicit,
1359 1220 1413 1244 aut
1430 1221 1517 1245 certe
1533 1215 1698 1247 occasione
1715 1213 1834 1245 Gioss'ae
1844 1235 1857 1251 ,

973 1262 1044 1293 quae
1061 1252 1127 1291 ait,
1152 1250 1388 1292 stipulationem
1404 1254 1603 1296 Aquilianam
1623 1257 1675 1288 hic
1699 1256 1763 1287 dici
1788 1256 1859 1287 libe-

973 1294 1129 1326 militatem
1150 1297 1223 1334 quia
1252 1303 1405 1328 LIBERAT
1429 1307 1447 1327 a
1471 1299 1591 1338 primis.
1616 1296 1780 1330 Salmasius
1812 1296 1858 1328 le-

972 1335 1046 1378 pide
1069 1331 1264 1375 Heraldum,
1296 1336 1341 1368 ita
1363 1339 1602 1379 emendantem,
1623 1340 1706 1372 ridet
1723 1339 1856 1380 Observ.

973 1383 1013 1424 ait
1033 1377 1104 1423 -Jzis
1132 1377 1205 1424 (Iit.
1234 1377 1271 1424 ἐφ’)
1302 1378 1388 1412 Rom.
1418 1381 1449 1412 C.
1476 1392 1526 1420 24.
1553 1388 1584 1423 p.
1607 1391 1680 1423 5²0·
1709 1380 1761 1413 sed
1792 1380 1859 1424 ipse

972 1418 1209 1466 nihilominus
1231 1419 1396 1461 ridendus,
1420 1423 1472 1464 qui
1502 1424 1602 1465 legit,
1628 1424 1858 1456 litteruliiacem

974 1463 1155 1502 ccipiiosam,
1181 1460 1213 1492 id
1230 1460 1300 1502 est,
1325 1463 1506 1505 captionem
1530 1467 1708 1498 litterarum
1735 1465 1766 1497 ὁ(
1787 1475 1858 1497 ver-

974 1504 1099 1535 borum.
1144 1502 1188 1534 Et
1208 1501 1250 1534 fic
1273 1502 1397 1537 scilicet
1424 1505 1537 1539 Latine
1562 1507 1747 1549 loqueretur
1767 1507 1858 1549 Papi-

974 1544 1112 1577 nianus?
1136 1544 1271 1576 Veteres
1293 1545 1485 1589 Inteipietes
1503 1549 1540 1580 ad
1565 1552 1593 1580 h.
1619 1551 1640 1581 l.
1662 1559 1692 1590 5.
1720 1548 1859 1581 suaviffi-

974 1596 1040 1619 mas
1059 1595 1187 1628 quoque
1203 1585 1372 1621 sententias
1388 1589 1555 1630 adferunt,
1583 1590 1634 1623 sed
1647 1599 1743 1634 apage
1761 1591 1859 1622 inter·-

974 1636 1191 1671 pretationum
1218 1628 1249 1660 «St
1268 1631 1525 1663 emendationum
1547 1641 1696 1674 portenta
1712 1657 1722 1673 ‚
1761 1632 1828 1664 dixi
1845 1655 1858 1672 ‚

972 1670 1058 1745 puod
1075 1679 1123 1717 res
1140 1668 1194 1716 est.
1241 1669 1314 1716 Nec
1330 1672 1499 1714 quicquam
1518 1697 1527 1713 ,
1559 1675 1644 1716 quod
1672 1674 1859 1707 mutandum

985 1720 1028 1752 it,
1054 1711 1204 1752 CuJaCius
1226 1718 1324 1744 etiam
1350 1714 1478 1746 videtui·
1502 1714 1668 1748 offendisse
1687 1716 1719 1748 in
1745 1716 1855 1748 comm.

972 1754 1010 1785 ad
1032 1753 1133 1795 Papiri
1154 1753 1193 1785 L.
1206 1751 1231 1784 I.
1254 1753 1358 1796 Defin.
1382 1756 1415 1789 in
1437 1757 1466 1789 b.
1489 1757 1552 1796 l.5.
1576 1758 1758 1791 nonvideas
1771 1758 1856 1791 enim

972 1805 1046 1828 eum
1064 1794 1162 1827 verba
1179 1796 1304 1828 morari.

980 1877 1016 1912 T
1114 1876 1208 1912 111.

974 1128 1121 1209 dmep,5&
1140 1127 1219 1158 illud
1233 1127 1358 1169 placere
1382 1130 1519 1172 potuiss'e
1537 1132 1568 1163 in
1593 1133 1676 1163 Κίον.

147 1941 322 1979 Peculatus
347 1943 476 1987 teneri,
503 1943 556 1990 qui
576 1943 746 1988 pecuniam
775 1940 916 1976 Civitati
930 1940 1127 1989 subtraxit,
1153 1936 1334 1986 compositis
1361 1943 1401 1979 L.
1427 1953 1462 1988 4.
1489 1943 1521 1993 §.
1549 1945 1611 1982 ult.
1640 1945 1679 1983 ff.
1705 1947 1752 1984 ad

578 1993 621 2026 L.
640 1991 707 2038 Jul.
733 1990 846 2037 pecul.
874 1989 915 2041 ἐξ
941 1992 982 2026 L.
1013 1995 1070 2030 81.
1096 1988 1135 2025 ff.
1162 1989 1205 2025 de
1232 1989 1326 2025 Furt.

149 2080 190 2111 n,
213 2071 266 2114 qui
285 2071 450 2114 pecuniam
467 2071 602 2104 Civitati
619 2070 774 2104 subtraxit
789 2093 799 2109 ,
824 2077 928 2102 tenea-

171 2121 222 2145 tur
240 2114 420 2154 peculatus,
445 2123 483 2145 an
501 2113 686 2155 fimplicitei·
703 2111 801 2151 furti,
821 2112 927 2153 quaesi-

56 2162 126 2186 tuni
142 2155 253 2186 rideo:
279 2153 328 2186 sed
345 2155 383 2186 de
399 2154 470 2194 Jure
488 2164 562 2186 cum
579 2155 700 2196 agitur,
724 2154 782 2186 vix
796 2153 842 2186 est
856 2177 866 2194 ‚
892 2160 928 2185 ut

58 2196 156 2236 quaeri
177 2195 328 2228 debuerit.
374 2195 528 2228 Asconius
558 2196 711 2228 Pedianus
741 2196 866 2228 Prooem.
896 2198 930 2227 in

56 2236 153 2269 Verr.
176 2237 389 2278 peculatorem
405 2237 533 2276 definit,
559 2239 612 2279 qui
629 2238 755 2277 furium
773 2239 859 2279 facit
877 2242 928 2277 pe-

58 2280 154 2310 cuniae
169 2279 311 2318 publice.
335 2279 366 2309 cl:
382 2278 537 2320 Ulpianus
552 2289 592 2311 ex
609 2278 673 2320 ipsa
693 2279 778 2321 Lege
793 2279 874 2320 Julia
896 2279 928 2311 in

57 2322 78 2352 1.
106 2330 131 2351 1.
158 2320 198 2361 ff.
232 2321 269 2351 nil
292 2319 330 2351 L.
354 2319 426 2359 Jul.
446 2320 543 2360 pecul.
569 2330 605 2352 ea
627 2320 712 2362 Lege
737 2321 868 2360 caveri,
893 2331 929 2353 ne

57 2372 126 2404 quis
142 2373 180 2394 ea·
194 2363 321 2401 pecunia
334 2370 445 2401 sacra,
468 2362 605 2404 religiosa
621 2384 631 2399 ‚
662 2371 854 2395 PUBLICAVE
876 2373 927 2394 cm-

51 2405 157 2446 ferat.
182 2414 254 2435 neve
271 2406 449 2443 intere-'piac
471 2402 533 2438 &a
555 2404 585 2436 ὅ(
600 2413 636 2435 ea
658 2412 785 2444 quoque
805 2403 926 2436 Labeo-

57 2446 107 2478 nis
119 2445 263 2478 definitio
281 2444 343 2484 est,
370 2455 462 2487 quam
478 2444 591 2477 Paulus
609 2445 722 2476 recitat
741 2445 772 2476 in
796 2445 817 2478 l.
842 2456 872 2483 9.
897 2445 925 2488 §.

60 2497 90 2519 2.
114 2492 162 2518 emi
198 2486 260 2518 Tit.
305 2486 398 2519 Unde
418 2486 448 2518 ὅ(
472 2486 503 2518 in
529 2485 647 2518 Glossis
670 2487 851 2526 depeculatio
874 2497 927 2519 ex-

57 2529 187 2570 ponitur
209 2536 343 2558 mrem-w:
364 2529 485 2559 οηυσα-ίων
502 2528 653 2565 χξημοὶτων.
677 2528 799 2559 Publici
823 2536 928 2561 autem

57 2570 268 2611 appellatione
292 2570 476 2602 continetur
491 2570 587 2602 etiam
602 2594 611 2609 ,
637 2569 721 2611 quod
738 2569 928 2602 Civitatium

58 2609 127 2650 est,
152 2612 226 2643 licet
246 2621 309 2644 non
332 2614 507 2650 μητςσπὲλεως
524 2633 534 2646 ,
565 2611 724 2652 Urbisque
743 2611 926 2644 dominatri-

61 2652 116 2684 cis.
169 2652 383 2700 Quamobrem
407 2662 480 2685 cum
501 2653 620 2685 Seneca
641 2652 740 2694 Epist.
766 2653 925 2686 LXXIX.

58 2692 204 2732 dixisset,
226 2694 324 2733 JCtos
338 2704 467 2734 newa-re,
485 2697 644 2736 quicquam
657 2696 809 2736 publicum
824 2695 926 2736 asiaca-

57 2737 110 2782 pi,
136 2735 168 2767 id
182 2735 281 2780 ipsum
295 2735 334 2767 de
350 2745 384 2768 re
407 2746 441 2769 us
458 2736 650 2769 Civitatium
664 2736 842 2769 adfirmavit
866 2735 927 2768 Ga-

61 2785 110 2823 ]us
132 2777 153 2808 l.
174 2786 202 2813 9.
221 2776 263 2818 ff.
283 2780 317 2809 de
343 2776 471 2819 Usucop.
496 2777 641 2810 bifariam
689 2787 847 2819 roponens
872 2788 928 2822 pu-

58 2817 160 2857 blica,
184 2827 256 2850 cum
269 2818 384 2860 Populi
397 2820 550 2859 Romani,
571 2828 639 2851 tum
680 2820 849 2852 ivitatium.
876 2820 932 2852 Ut-

64 2867 126 2899 que
139 2861 321 2898 publicorum
343 2862 469 2894 nomine
483 2862 616 2894 veniunt
640 2864 671 2889 m*
696 2860 885 2893 Civitatium
900 2862 932 2894 in

64 2900 83 2947 ζ.
102 2909 152 2940 52.
170 2900 209 2941 ff.
232 2901 334 2933 Locat.
358 2903 388 2935 &
407 2904 427 2934 l.
446 2913 496 2935 21.
521 2903 550 2944 ᾖ.
576 2904 632 2936 uli.
650 2902 692 2944 ff
715 2905 752 2934 ad
775 2903 930 2944 Municip.

63 2949 110 2974 lta
127 2941 249 2973 Civitas
265 2945 435 2985 opponitur
452 2945 578 2986 privato
595 2945 627 2977 in
651 2946 670 2976 l.
686 2954 732 2986 15.
752 2945 794 2986 ff.
817 2947 855 2977 ad
872 2946 930 2977 SC.

64 2983 185 3015 Maced.
225 2983 267 3015 Et
281 2993 386 3026 aperte
403 2986 558 3028 Ulpianus
574 2987 657 3020 inter
677 2988 800 3027 publica
824 2997 931 3019 recen-

66 3023 112 3056 set
127 3025 209 3056 bona
225 3023 413 3058 Civitatium
429 3028 460 3060 in
484 3028 504 3059 l.
533 3038 580 3070 17.
609 3028 646 3069 ff.
670 3032 705 3060 cie
727 3029 770 3061 V.
791 3029 821 3060 S.
848 3028 933 3070 quod

65 3065 131 3112 ipse
145 3066 200 3098 ille
214 3075 278 3098 non
296 3075 388 3113 negat
409 3070 441 3101 in
465 3070 485 3100 l.
511 3078 558 3111 ις.
581 3072 642 3102 eod.
664 3070 727 3102 Tic.
752 3071 803 3103 sed
826 3071 934 3102 habita

65 3115 188 3154 ratione
202 3107 239 3138 ad
262 3107 457 3154 Maiestatem
470 3110 585 3152 Populi
604 3112 738 3144 Romani
761 3112 934 3154 fignificat,

66 3148 223 3195 in1tates
237 3158 301 3181 non
318 3158 419 3183 minus
435 3160 471 3182 ac
491 3153 633 3193 quemvis
658 3154 818 3194 privatum
833 3153 935 3184 vicio-

64 3199 93 3222 ri
103 3189 246 3222 Romano
261 3199 377 3232 parere,
387 3201 480 3233 atque
497 3194 541 3225 ita
553 3194 804 3235 liasprivaiorum
818 3196 876 3226 loco
887 3197 937 3225 ha-

64 3233 141 3274 beri,
150 3239 186 3264 ut
196 3229 292 3273 Gajus
305 3233 449 3274 proxime
457 3234 578 3269 dixerat
585 3236 618 3270 in
627 3237 648 3269 l.
662 3240 709 3270 16.
715 3237 755 3279 ff.
767 3248 797 3271 eo
805 3237 863 3279 ipso
873 3236 937 3269 Tit.

958 2489 1046 2520 1d.l.
1073 2497 1108 2528 15

972 2070 1080 2112 Atque
1111 2069 1156 2101 ita
1172 2067 1330 2102 Civitates
1353 2081 1506 2113 quoque,
1539 2072 1562 2105 fi
1592 2074 1714 2110 oexfflc'ae
1744 2074 1853 2117 loqua-

972 2122 1061 2152 mur,
1086 2121 1103 2142 a
1123 2111 1367 2152 Rebuspublicis
1391 2113 1625 2156 distinguuntur
1650 2118 1670 2149 l.
1696 2120 1745 2149 26.
1770 2116 1799 2157 §.
1820 2127 1854 2153 9.

965 2153 1005 2196 ff,
1049 2153 1102 2186 Ex
1125 2153 1205 2199 quil).
1230 2156 1309 2200 caus.
1330 2156 1402 2196 mcij.
1426 2157 1457 2187 in
1480 2159 1593 2199 integr.
1618 2158 1689 2200 rest.
1735 2158 1796 2191 Sed
1821 2158 1854 2190 id

974 2204 1079 2227 tamen
1097 2204 1161 2227 non
1178 2195 1311 2235 impedit
1330 2220 1339 2235 ,
1367 2198 1538 2238 quominus
1560 2199 1717 2233 Civitates
1733 2223 1743 2239 ,
1769 2198 1854 2232 salva

972 2236 1141 2278 MaJest-ate
1168 2236 1283 2277 Populi
1309 2237 1470 2279 Romani,
1497 2241 1593 2273 etiam
1620 2243 1701 2284 apud
1723 2240 1823 2282 thos
1840 2265 1853 2280 ,

971 2279 1079 2320 paflim
1106 2278 1411 2318 Rerumpublicarum
1435 2282 1564 2314 nomine
1583 2290 1753 2316 occurrant
1769 2306 1779 2322 ,
1804 2292 1854 2314 ea-

971 2330 1105 2362 rumque
1120 2319 1189 2360 jure
1203 2327 1352 2361 utantur,
1364 2323 1449 2363 quod
1464 2323 1583 2355 indicat
1600 2325 1654 2357 illa
1669 2324 1734 2367 ipsa
1757 2325 1777 2355 l.
1799 2328 1852 2357 26.

972 2363 1001 2403 §.
1023 2372 1055 2400 9.
1078 2364 1109 2395 ὃ(
1130 2365 1158 2393 d.
1188 2361 1209 2393 l.
1233 2371 1263 2398 9.
1287 2363 1328 2404 ff.
1353 2365 1387 2395 de
1411 2364 1503 2400 Ul'uc.
1526 2365 1557 2397 ὅτ,
1578 2367 1724 2409 exempla
1739 2391 1750 2406 ,
1782 2375 1852 2407 quae

971 2403 1043 2436 sunt
1059 2405 1092 2451 iri
1114 2405 1143 2435 d.
1168 2403 1187 2434 l.
1218 2412 1267 2444 17.
1287 2404 1327 2446 ff.
1351 2407 1385 2437 de
1407 2406 1449 2437 V.
1472 2406 1503 2438 S.
1530 2407 1561 2441 <Sc
1579 2408 1663 2448 alia,
1696 2417 1765 2450 quae
1786 2417 1852 2440 non

971 2455 1138 2488 conquiro.
1185 2444 1220 2477 Id
1234 2453 1340 2478 autem
1354 2447 1452 2479 velim
1466 2448 1570 2480 notari
1589 2473 1598 2489 ,
1623 2449 1795 2491 Ulpianum
1818 2449 1853 2481 in

1147 2487 1188 2561 g.
1212 2490 1246 2519 cie
1267 2487 1311 2519 V.
1336 2488 1367 2520 S.
1389 2498 1461 2521 cum
1482 2490 1546 2527 sola
1570 2491 1698 2532 publica
1722 2491 1783 2524 ess'e
1805 2490 1851 2521 di-

971 2529 1036 2569 cit,
1061 2539 1132 2571 quae
1174 2528 1264 2570 opuli
1282 2529 1417 2562 Romani
1436 2530 1525 2570 sunt,
1551 2533 1680 2574 proprie
1698 2532 1852 2564 videlicet

972 2571 1003 2603 ὅ(
1027 2571 1200 2615 κατ’,ἑξοχὲν
1213 2593 1222 2607 ,
1246 2570 1285 2602 de
1300 2571 1476 2612 Republica
1497 2573 1640 2605 Romana
1655 2574 1744 2615 loqui
1762 2597 1772 2613 ,
1796 2582 1854 2604 cu-

970 2613 1019 2653 jus
1034 2613 1102 2654 jura
1117 2612 1284 2651 tractabat,
1309 2621 1460 2645 caeterum
1477 2615 1553 2647 alias
1567 2614 1788 2656 Respublicas,
1811 2624 1852 2645 ae-

971 2663 1033 2695 que
1048 2654 1162 2686 liberas
1181 2654 1211 2685 &
1225 2652 1270 2686 sui
1286 2654 1381 2694 jtiris,
1405 2655 1443 2686 ab
1457 2665 1493 2687 ea
1509 2656 1696 2688 definitione
1716 2666 1780 2687 non
1795 2665 1850 2687 ex-

971 2695 1099 2727 cludere
1114 2720 1124 2735 ,
1162 2703 1199 2727 ut
1227 2702 1390 2737 perperam
1413 2697 1580 2729 videbatur
1604 2698 1790 2739 Argentraeo
1813 2695 1852 2728 ad

973 2737 1109 2778 Consuet.
1134 2737 1277 2769 Britann.
1305 2737 1381 2769 Ari.
1414 2743 1486 2771 266.
1513 2739 1547 2771 C.
1572 2749 1622 2781 23.
1668 2737 1789 2779 Igitur,
1814 2746 1852 2769 ut

971 2779 1163 2821 compendio
1181 2779 1285 2811 dicam
1298 2803 1307 2819 ,
1333 2781 1498 2821 peculator
1521 2779 1566 2812 est
1581 2804 1591 2819 ‚
1615 2779 1667 2820 qui
1685 2779 1851 2820 publicum

973 2820 1117 2860 fui-atur,
1143 2821 1174 2853 &
1191 2830 1260 2862 quae
1281 2821 1319 2852 ad
1337 2821 1495 2854 Civitates
1510 2822 1671 2863 pertinent
1688 2844 1698 2860 ‚
1723 2820 1853 2862 publica

974 2871 1103 2904 quoque
1120 2861 1201 2894 sunt.

1016 2903 1076 2936 Sed
1092 2904 1168 2945 quid
1184 2913 1264 2945 opus
1280 2902 1326 2935 est
1348 2903 1524 2936 rationibus
1541 2903 1571 2935 &
1590 2903 1781 2944 argumentis
1795 2902 1851 2935 ob-

975 2946 1078 2978 tinere
1088 2969 1098 2985 ,
1108 2945 1193 2986 quod
1211 2944 1225 2985 J
1228 2954 1283 2975 ure
1293 2953 1384 2976 certo
1393 2943 1493 2977 consti
1499 2952 1604 2976 tutum
1614 2944 1671 2983 est,
1683 2954 1759 2976 ecce
1769 2943 1855 2977 enim

973 2987 1159 3019 Marcianus
1183 2986 1215 3017 in
1235 2987 1256 3016 l.
1277 2995 1308 3025 4.
1344 2987 1373 3026 §.
1393 2988 1450 3018 uli.
1474 2986 1512 3027 ff.
1537 2988 1575 3017 ad
1599 2986 1639 3019 L.
1658 2986 1729 3027 Jui.
1746 2987 1849 3028 pecul.

975 3029 1020 3060 ita
1033 3027 1161 3059 scribit:
1188 3027 1244 3058 Sed
1267 3025 1341 3066 &fi
1354 3029 1389 3059 de
1403 3039 1436 3060 re
1454 3028 1602 3060 Civitatis
1619 3029 1735 3070 aliquid
1753 3028 1855 3067 [iibri-

972 3072 1101 3112 piatur,
1121 3067 1389 3109 (vel—subripiat,
1411 3077 1447 3101 ut
1476 3069 1521 3101 est
1544 3069 1716 3102 Florentiae
1734 3069 1752 3112 )
1778 3071 1852 3102 Con-

971 3111 1186 3153 stitutionibus
1204 3110 1384 3152 Principum
1408 3111 1563 3143 Divoruin
1581 3112 1712 3153 Trajani
1732 3111 1768 3147 &³
1789 3112 1854 3143 Ha-

981 3154 1084 3185 driani
1101 3158 1230 3183 cavetur
1241 3175 1251 3191 ‚
1270 3153 1429 3193 peculatus
1445 3155 1557 3185 crimen
1574 3155 1738 3186 committi:
1759 3153 1858 3189 &hoc

982 3194 1065 3236 Jure
1082 3195 1208 3225 utimur.
1253 3194 1346 3226 Salva
1361 3204 1410 3226 res
1425 3194 1519 3234 effet,
1543 3194 1566 3227 fi
1585 3205 1647 3228 non
1671 3205 1781 3237 magna
1803 3205 1856 3227 au·-

983 3235 1113 3268 &oritas
1133 3235 1274 3270 turbaret
1288 3259 1300 3275 ,
1331 3235 1520 3310 Papinialplus
1543 3237 1628 3271 enim
1646 3237 1679 3271 in
1701 3238 1723 3271 l.
1748 3242 1799 3273 81.
1814 3235 1858 3310 13²*-

1511 3288 1531 3320 3
1844 3286 1860 3310 e
