2008 3436
426 120 828 158 CORNELII

176 201 293 233 elesius
306 223 317 239 ,
345 202 375 233 ἃ
398 201 568 243 adscriptus
593 201 727 243 Legioni
742 224 752 240 ‚
776 208 847 241 quae
865 197 1041 243 excubabat

178 242 340 275 Namurci.
389 242 479 274 Unde
492 243 713 284 intelligendus
728 249 795 272 erat
814 240 857 272 ibi
878 239 1018 271 habitare
1030 259 1040 273 ,

177 283 233 315 nili
259 283 297 314 de
322 283 441 325 duplici
463 284 629 316 domicilio
661 282 841 319 constaret,
872 279 956 321 quod
978 287 1041 309 non

175 323 346 356 constabat.
383 324 465 357 Cuin
481 335 517 356 ea
533 325 615 356 ratio
630 322 817 364 Sempronio
832 331 896 354 non
914 319 1041 365 prodes-

174 366 240 404 set,
264 365 367 398 rursus
384 367 475 398 aliam
489 366 637 404 addebat,
662 365 693 396 in
713 363 809 395 caufis
827 371 938 404 nempe
962 369 1041 391 civi-

177 407 259 438 libus
275 406 379 438 Curia:
396 407 642 447 jurisdifitionem
659 404 721 436 effe
738 404 771 436 in
790 404 937 440 Milites,
959 402 989 433 &
1007 409 1043 431 ea

177 447 328 479 sententia
353 449 480 480 Merula
509 447 567 489 (7)
590 446 739 488 praeivit,
762 444 902 489 adducto*
916 450 1043 484 quoque

177 488 209 520 in
235 490 314 520 hanc
340 499 405 520 rem
434 488 588 521 Ordinum
613 485 816 518 Generalium
845 483 957 516 Edicto
990 491 1040 518 29.

177 530 250 569 Apr.
270 535 358 569 1589.
377 530 436 570 (8)
453 530 483 561 ἃ
498 528 645 570 sequutus
663 527 707 561 est
724 525 965 565 Groenewegen
984 522 1044 568 (9)

176 581 217 603 cx
236 572 346 602 eodem
374 571 502 609 Edicto,
533 569 618 610 quod
647 577 750 600 tamen
768 575 928 608 perperam
952 563 1045 609 Ord13

177 613 269 644 nibus
297 611 475 643 Hollandiae
493 611 627 648 tribuit,
661 609 711 641 sed
738 609 769 640 ὃ(
793 608 852 640 alia
875 607 974 638 multa
999 605 1043 650 ibi

175 662 336 695 perperam
353 651 492 684 effutivit
509 652 546 683 de
563 650 638 682 foro
650 650 815 687 Militum,
826 649 866 680 de
880 657 945 689 quo
957 646 1043 692 dein-

180 705 254 735 ceps
270 693 418 725 constitui
438 692 599 733 separatim
617 701 717 733 agere.
764 689 888 735 Interea
902 688 970 734 noli
986 696 1043 732 pu-

180 745 265 773 tare,
289 735 374 775 quod
391 734 438 765 illi
457 740 585 774 putant,
610 733 650 764 de
662 731 758 764 causis
776 738 963 776 pecuniariis
977 728 1043 761 Mi-

178 778 288 815 litum,
313 776 428 816 ubique
443 775 641 816 degentium,
669 773 774 806 Curiae
798 770 1046 817 jurisdictionem

178 817 239 849 ell'e
252 840 262 855 ‚
285 817 377 857 idque
393 817 515 858 probari
533 825 573 847 eo
591 815 714 847 Edieto.
759 813 795 845 Id
811 812 958 859 Edictum
976 819 1045 851 per-

179 859 281 890 mittit
297 857 444 890 omnibus
463 857 643 898 Judicibus,
666 855 718 897 qui
737 854 832 896 gladii
855 850 1046 899 potestatem

180 899 313 938 habent,
337 906 430 940 atque
447 899 492 930 ita
510 899 540 930 ὃς
557 898 682 939 utrique
703 896 828 932 Curiae,
853 902 965 940 punire
981 901 1046 939 non

180 941 285 972 omnia
303 963 312 979 ,
348 948 380 971 at
397 940 538 981 quaedam
560 939 710 971 duntaxat
734 936 847 982 delicta
874 935 1047 980 militaria,

180 992 251 1022 qua:
268 982 310 1013 ibi
327 980 546 1020 recensentur,
565 980 644 1012 nihil
662 989 740 1011 vero
757 985 924 1019 quicquam
940 974 984 1006 ibi
1000 973 1047 1006 est

177 1025 216 1054 de
235 1022 325 1054 causa
342 1022 430 1054 civili
450 1022 504 1054 vel
523 1021 679 1054 ordinario
696 1019 842 1053 Militum
861 1017 946 1049 foro.
974 1015 1047 1048 Nec

178 1065 262 1096 aliud
280 1064 356 1096 milii
379 1063 503 1095 videtur
527 1063 558 1095 id
582 1062 727 1094 EdiCtum
740 1083 751 1099 ,
774 1069 868 1105 quain
889 1066 1045 1103 tempora-

182 1106 232 1145 le,
259 1115 316 1137 ncc
345 1105 440 1136 etiam
470 1105 561 1136 aliam
582 1103 828 1144 iurisdictionem
860 1109 894 1132 in
920 1098 1047 1145 Milites

179 1147 231 1179 libi
249 1156 384 1187 unquam
404 1146 581 1187 arrogavit,
605 1153 696 1185 quam
720 1143 742 1176 fi
764 1142 863 1183 Hagae
886 1139 1045 1171 habitave-

179 1189 265 1227 rint,
288 1188 368 1229 (10)
392 1187 422 1219 ὅ(
449 1196 544 1228 quum
569 1186 655 1218 nihil·
673 1185 840 1227 quicquam
863 1181 960 1227 esset,
984 1189 1048 1226 quo

178 1228 314 1270 Signifer
329 1228 498 1270 probaret,
523 1227 554 1260 se
576 1227 675 1268 Hagae
701 1226 860 1270 habitare,
881 1229 977 1253 etiam
1002 1230 1049 1252 ni-

181 1270 389 1312 hilproderat
415 1279 450 1301 ea
468 1268 618 1301 defensio.
662 1268 794 1300 Senatus
819 1271 915 1309 igi-tur
937 1263 1049 1302 Supre-

180 1322 250 1344 mus
267 1311 429 1353 Haganam
444 1310 629 1343 sententiam
642 1307 784 1350 praetulit
794 1329 804 1345 ‚
815 1314 888 1346 quia
906 1304 961 1335 ille
976 1303 1050 1335 Ma-

204 1353 326 1385 istratus
349 1353 513 1391 Militum,
543 1351 739 1391 aliorumque
761 1344 1052 1393 bona-restena'rre-

181 1363 230 1427 1310
250 1394 385 1427 includit
409 1392 446 1424 ad
467 1402 538 1424 reos
565 1391 626 1423 suae
649 1388 862 1431 iurisdifitioni
884 1385 1050 1432 subjicien-

180 1437 255 1475 dos,
279 1435 329 1467 sed
346 1435 437 1475 quia,
462 1442 498 1465 ut
515 1433 610 1464 modo
628 1431 791 1469 dicebam,
817 1434 936 1460 erraVit
956 1436 988 1458 in
1002 1435 1051 1457 or-

180 1478 253 1509 dine
265 1476 449 1518 judiciario,
472 1475 623 1514 Senatus,
643 1471 767 1505 rescissa
782 1477 914 1511 utraque
930 1467 1052 1500 senten-

182 1519 247 1558 tia,
271 1519 310 1550 de
325 1527 412 1549 novo
424 1517 472 1557 J'us
486 1515 566 1548 dixit
591 1520 642 1549 28.
668 1515 766 1547 Mart.
797 1521 885 1553 1730.
911 1509 993 1550 (11)
1021 1509 1052 1540 ὅτ.

182 1559 424 1605 exceptionem,
449 1567 466 1589 a
484 1556 673 1598 Sempronio
699 1553 910 1597 propositam,
934 1549 1050 1592 simpli-

183 1610 263 1633 citer
280 1607 400 1639 rejecit.

180 126 250 170 306
902 129 963 154 va
988 127 1012 152 Ν

800 1682 1161 1722 CAPUT

1085 115 1735 153 BYNKERSHOEK,

1126 195 1235 238 Quum
1261 194 1361 236 Hagae
1386 195 1524 227 Comitis
1555 194 1726 227 decessisset
1751 196 1945 232 Amanuenfis
2001 221 2005 230 .

1105 236 1207 267 uidam
1224 235 1400 278 Graphiarii
1419 237 1500 278 apud
1514 236 1649 269 Ordines
1666 235 1832 269 Generales
1849 239 1945 280 (12),
1994 252 2005 267 w

1096 275 1283 317 <xsequutor
1301 276 1496 317 testamenti,
1520 276 1689 324 suspectam
1708 277 1822 310 liabens
1839 279 1943 312 defun-
1990 302 2008 311 ι.

1084 318 1123 350 cti
1149 318 1376 358 hereditatem,
1417 329 1434 350 a
1452 319 1568 351 Senatu
1592 319 1777 359 imploravit
1799 318 1946 360 Diploma

1086 358 1275 399 inventarii,
1298 360 1492 400 probandum
1509 359 1590 400 apud
1609 358 1755 398 Curiam,
1778 358 1828 391 sed
1843 361 1944 401 quaefi-

1086 408 1153 431 turn
1170 400 1215 433 est
1226 422 1236 438 ,
1260 410 1297 432 an
1315 410 1380 433 non
1395 401 1518 442 probari
1545 408 1708 441 oporteret
1730 400 1811 440 apud
1828 400 1946 441 judice·

1084 440 1260 481 Haganos?
1283 441 1345 473 Res
1361 451 1402 474 ex
1416 452 1455 474 eo
1468 442 1604 483 pendet,
1627 451 1665 473 an
1682 440 1786 473 Curiae
1798 463 1809 480 ,
1825 451 1868 481 an,
1879 443 1947 476 Ma·
1998 444 1999 447 ’

1085 480 1230 527 gistratus
1251 481 1375 524 Hagani
1399 483 1575 524 jurisdiGtio
1601 482 1638 514 fit
1662 482 1693 513 in
1719 491 1797 520 eos,
1819 484 1870 524 qui
1893 492 1949 524 ter:
2000 487 2001 490 ’

1087 523 1166 554 tium
1193 522 1272 554 illud
1293 532 1391 564 genus
1419 525 1584 556 hominum
1611 522 1825 563 constituunt,
1848 534 1948 566 neque

1086 563 1165 595 adeo
1179 563 1232 595 vel
1248 564 1372 596 Subditi
1389 564 1494 598 Curiae
1515 565 1603 604 sunt,
1628 573 1726 606 neque
1752 573 1791 596 ex
1816 566 1949 606 opificiis
2000 588 2002 605 ;

1086 604 1226 636 vivunt?
1257 604 1301 636 Et
1317 603 1487 638 secundum
1516 616 1571 645 ea,
1596 616 1665 647 quae
1691 604 1782 646 supra
1804 607 1948 648 exposui,
2000 627 2002 638 ,ψ

1086 645 1215 692 Senatui
1241 645 1343 678 visum
1366 645 1431 685 est,
1453 656 1582 686 omnes,
1597 648 1649 688 qui
1669 646 1769 688 Hagae
1788 646 1948 690 habitant,

1086 687 1124 718 ad
1143 686 1389 726 jurisdistionem
1411 687 1616 729 Magistratus
1641 687 1764 728 Hagani
1781 689 1950 730 pertinere,

1087 727 1109 760 fi
1134 736 1199 758 non
1225 726 1320 759 Curia
1344 728 1548 769 probaverit,
1579 729 1641 761 suae
1665 728 1869 769 jurisdiCtioni
1890 731 1951 764 esse

1088 767 1237 802 subditos.
1260 768 1347 808 Jusfit
1363 770 1460 811 igitur
1477 771 1607 802 Senatus
1628 780 1675 802 11.
1694 769 1752 810 Jul.
1774 771 1890 812 1737.(
1895 772 1951 847 193

1088 817 1126 841 ut
1142 808 1282 850 diploma
1295 811 1480 852 probaretur
1496 811 1578 852 apud
1598 811 1722 851 Judices
1741 810 1904 852 Hagmos,

1089 860 1127 882 ea
1149 850 1313 883 occasione
1329 874 1340 890 ‚
1382 851 1514 885 excuffis
1535 852 1667 884 Senatus
1696 852 1838 893 Supremi
1867 853 1952 887 Attis

1088 899 1290 931 compertum
1316 892 1383 931 est,
1413 893 1511 925 simile
1538 893 1677 966 dsiploma
1703 903 1753 925 12.
1772 893 1838 933 Jun.
1865 899 1953 935 1708.

1088 932 1127 964 ad
1147 932 1296 974 Haganos
1314 933 1408 966 fuisse
1426 935 1552 966 transmi
1581 945 1652 973 um,
1678 943 1772 974 quum
1789 935 1956 969 decessiffet

1089 973 1291 1006 Amanuenfis
1302 997 1313 1013 ,
1335 975 1389 1016 qui
1409 985 1449 1007 eo
1469 975 1538 1016 ipso
1558 975 1667 1007 officio
1683 975 1811 1007 functus
1827 984 1902 1008 erat.

1130 1015 1210 1054 Sed,
1234 1015 1376 1056 inquies,
1402 1026 1467 1058 quo
1486 1017 1553 1048 haec
1563 1016 1747 1057 pertinent?
1770 1017 1819 1049 An
1832 1025 1866 1048 ut
1887 1017 1959 1051 scia-

1089 1066 1179 1095 mus,
1202 1065 1239 1088 ea
1263 1056 1416 1089 sententia
1440 1058 1526 1090 usum
1556 1057 1650 1090 fuiss'e
1675 1058 1821 1090 Senatum
1845 1059 1953 1099 Supre-

1089 1097 1199 1130 mum‘?
1230 1097 1328 1138 Atqui
1356 1098 1450 1131 Curia
1475 1099 1578 1131 utitur
1605 1099 1760 1130 contraria
1784 1099 1956 1140 sententia,

1092 1139 1122 1170 &
1144 1138 1232 1170 suum
1254 1139 1368 1180 cuique
1387 1140 1548 1180 judicium.
1593 1139 1696 1172 Probe
1715 1140 1810 1179 novi,
1843 1141 1894 1173 scd
1920 1151 1959 1176 ex

1091 1179 1140 1211 his
1156 1179 1276 1219 disces,
1300 1189 1392 1220 quam
1414 1182 1528 1213 inutile
1544 1181 1601 1219 fit,
1614 1181 1698 1222 quod
1715 1180 1810 1213 Curia
1823 1182 1853 1213 in
1870 1192 1957 1224 gran-

1092 1220 1123 1251 di
1137 1219 1277 1260 Epistola
1294 1221 1331 1252 ad
1346 1221 1481 1254 Ordines
1504 1231 1552 1261 15.
1570 1222 1644 1263 Apr.
1672 1231 1761 1263 1707.
1785 1224 1900 1255 totiens
1913 1224 1958 1255 in·

1093 1261 1220 1299 culcat,
1232 1260 1315 1292 suam
1333 1261 1395 1293 ess'e
1411 1270 1561 1303 oportere
1577 1263 1822 1303 jurisdictionem
1832 1264 1871 1295 de
1885 1274 1961 1296 con-

1095 1301 1256 1333 troverfiis
1273 1302 1355 1333 inter
1379 1301 1410 1334 se
1433 1303 1463 1335 ἂ
1484 1303 1704 1344 Magistratum
1723 1305 1844 1336 exortis
1857 1328 1866 1343 ,
1890 1314 1961 1337 nam

1094 1342 1117 1375 fi
1133 1342 1165 1374 id
1176 1342 1362 1384 largiamur,
1380 1344 1464 1386 quod
1482 1352 1587 1376 tamen
1606 1345 1793 1386 largiendum
1812 1355 1874 1376 non
1893 1345 1958 1382 est,

1093 1393 1160 1416 non
1185 1384 1264 1416 alius
1289 1384 1356 1424 eius
1380 1386 1425 1417 rei
1450 1384 1527 1417 effen
1548 1386 1669 1424 exitus,
1694 1395 1785 1427 quam
1806 1395 1841 1417 ut
1866 1386 1959 1420 Curia

1095 1423 1281 1457 sententiam
1297 1425 1438 1465 diceret,
1463 1435 1575 1467 quam,
1598 1436 1639 1458 ex
1658 1427 1884 1468 appellatione,
1907 1429 1958 1461 Se-

1094 1473 1186 1498 natus
1203 1475 1280 1498 mox
1295 1465 1505 1507 rescinderet,
1530 1476 1566 1499 ut
1582 1469 1613 1500 in
1631 1468 1719 1501 causa
1735 1468 1831 1509 Judaei
1842 1492 1852 1508 ,
1868 1478 1960 1509 quam

1093 1510 1342 1540 commemoravi
1367 1509 1463 1540 initio
1493 1510 1579 1552 hujus
1606 1510 1638 1542 C.
1683 1509 1848 1550 Superest,
1872 1511 1959 1550 scio,

1092 1548 1205 1582 revisio
1215 1571 1227 1588 ,
1250 1548 1301 1581 sed
1318 1548 1390 1582 usus
1407 1550 1522 1589 docet,
1537 1560 1627 1592 quam
1646 1551 1830 1592 plerumque
1846 1551 1960 1585 frustra

1093 1590 1172 1629 sint,
1194 1590 1249 1631 qui
1265 1599 1300 1622 ea
1321 1589 1374 1633 spe
1389 1590 1420 1623 se
1439 1591 1565 1625 iactant.

1258 1681 1349 1718 IV.

377 1774 540 1809 Nonnulla
563 1773 599 1808 de
625 1771 703 1807 Foro
729 1770 922 1810 Minoum,
950 1764 1128 1800 Viduarum
1152 1761 1462 1810 &²‚M1'serahilium
1485 1765 1571 1812 apud
1593 1765 1775 1802 Hollandos.
1807 1757 1818 1762 ³

252 1878 310 1903 unt
338 1870 501 1910 nonnulli,
527 1869 580 1911 qui
607 1879 648 1902 ex
675 1866 843 1910 privilegio
868 1863 976 1896 forum
992 1862 1056 1910 ξος-

265 1913 399 1944 tiuntur.
451 1912 543 1952 Apud
570 1912 730 1943 Romanos
759 1909 885 1953 viduae,
922 1904 1055 1947 pupilli,

186 1955 302 1995 aliique
319 1953 527 1992 miserabiles,
552 1952 573 1985 fi
592 1961 704 1984 contra
718 1947 911 1983 adversarios
930 1945 1001 1978 suos
1025 1955 1055 1977 a·

187 2005 260 2037 gere
282 1994 532 2033 constituissent,
556 2001 704 2035 poterant
721 1991 819 2034 ipsum
830 1989 1057 2031 Imperatorem

189 2038 291 2075 adire,
317 2044 353 2067 ut
369 2036 395 2067 is
411 2035 451 2067 de
467 2044 575 2068 eorum
595 2034 692 2066 causis
712 2030 932 2077 cognosceret.
966 2029 988 2061 l.
1004 2038 1055 2060 un.

193 2080 226 2110 C.
251 2077 378 2121 ,anndo
397 2077 559 2118 Imperator
578 2078 656 2108 inter
671 2075 799 2116 pupillos
822 2072 871 2103 vel
889 2071 995 2117 vzdtcas
1010 2069 1059 2100 vel

188 2120 265 2151 alias
281 2118 457 2160 miserabiles
472 2118 609 2160 personas
631 2115 792 2158 cognofiat.
835 2112 897 2145 Sed
917 2111 976 2158 5¹1¹?
993 2109 1060 2149 est,

189 2171 231 2192 cx
251 2169 315 2201 quo
335 2159 516 2199 Principes,
538 2159 592 2200 qui
611 2167 696 2190 nunc
724 2156 815 2194 sunt,
838 2152 1058 2201 gramm-ibus,

189 2210 226 2234 ut
249 2208 384 2242 putant,
406 2200 544 2240 negotiis
571 2197 743 2239 occupati,
765 2195 831 2243 *ipfi
852 2204 902 2236 Jus
924 2203 989 2226 non
1013 2193 1059 2240 di—

191 2250 292 2283 cunt,
312 2241 363 2274 sed
389 2241 493 2273 causas
510 2250 620 2272 omnes
646 2238 849 2279 adjudices,
872 2236 936 2268 five
961 2243 1058 2281 majo-

190 2294 259 2323 res,
283 2283 346 2315 sive
363 2283 501 2314 minores
517 2282 695 2314 remittunt.
739 2279 848 2324 Quum
867 2284 971 2323 autem
992 2285 1059 2316 ejus

191 2324 349 2368 privilegii
364 2347 374 2363 ,
398 2323 481 2365 quod
498 2332 537 2355 ex
556 2322 628 2363 Jure
645 2322 789 2354 Romano
820 2318 999 2356 descendit,
1031 2316 1062 2348 &

193 2374 319 2399 tantum
337 2375 402 2397 non
417 2365 535 2406 ubique
554 2365 586 2396 in
601 2363 727 2405 Europa
746 2367 912 2406 receptum
923 2358 989 2397 est,
1001 2366 1062 2404 una

193 2408 277 2440 ratio
297 2406 356 2445 sit,
379 2413 415 2437 ut
430 2406 555 2443 viduae,
577 2405 707 2447 pupilli,
731 2403 846 2443 aliique
870 2400 1060 2447 miserabiles

195 2448 369 2490 sumptibus
386 2447 508 2486 litium,
533 2447 563 2478 ὅ(
581 2445 829 2488 appellationum
846 2441 998 2474 molestiis
1024 2441 1060 2472 li-

195 2492 362 2527 berentur,
388 2489 472 2520 reue
497 2487 677 2520 observavit
700 2485 850 2518 Huberus
866 2481 998 2516 Praelest.
1023 2482 1062 2528 ad

199 2532 259 2563 Tit.
274 2531 314 2572 ff.
336 2532 368 2561 de
390 2529 496 2570 Judic.
517 2539 547 2560 n.
572 2532 625 2560 60.
649 2527 735 2569 quod
751 2526 791 2558 de
807 2525 1001 2572 Imperatore
1018 2524 1062 2555 di-

197 2573 247 2605 xit
263 2574 290 2603 [ί.
309 2572 328 2602 l.
351 2582 401 2602 zm.
427 2571 520 2602 hodie
536 2570 575 2601 de
591 2569 750 2609 Supremis
770 2566 876 2599 Curiis
899 2565 961 2598 effe
974 2565 1066 2597 intel-

197 2612 368 2655 ligendum.
414 2612 475 2644 Sed
496 2621 534 2642 an
552 2612 584 2642 in
608 2609 780 2642 Hollandia
798 2608 842 2639 ita
857 2615 985 2649 quoque
1011 2607 1066 2638 ob-

198 2653 307 2687 tinet?
329 2651 421 2685 Nihil
459 2652 564 2683 uidem
581 2651 620 2682 de
635 2650 711 2682 foro
729 2649 894 2681 viduarum
911 2649 941 2680 δε
962 2648 1065 2690 pupil-

199 2698 303 2730 lorum
326 2703 422 2734 cxpre
438 2702 502 2724 rum
525 2691 570 2724 est
598 2692 630 2723 in
648 2690 676 2732 §.
699 2699 750 2730 94.
776 2689 955 2728 Formulae,
978 2699 1070 2730 quam

202 2736 337 2769 Carolus
354 2733 539 2776 Burgundus
557 2731 662 2764 Curiae
688 2729 873 2772 praescripfit
887 2733 992 2775 *1462
1018 2728 1070 2761 scd

202 2780 235 2810 in
252 2787 306 2816 ea,
330 2785 422 2817 quam
446 2774 579 2807 Carolus
605 2772 645 2805 V.
674 2780 764 2813 1531.
794 2769 1001 2816 constitutum
1026 2770 1071 2802 est

204 2820 232 2859 (ᾖ
257 2824 286 2853 3.
313 2817 443 2855 viduas,
473 2815 611 2857 pupillos
634 2814 665 2846 ὃς
687 2814 767 2845 alios
789 2810 979 2857 miserabiles
1002 2821 1070 2844 eam

204 2854 333 2892 Curiam
350 2857 452 2890 statim
468 2857 552 2889 adire
566 2854 652 2897 poss'c
668 2864 677 2893 3
700 2852 785 2896 posse
798 2875 807 2892 ,
832 2861 958 2892 inquam
971 2874 982 2890 ,
1005 2862 1070 2884 non

205 2902 337 2940 debere,
369 2899 450 2931 unde
474 2907 538 2930 non
563 2896 673 2935 aliam,
705 2903 797 2937 quam
827 2901 1070 2925 concurrentem

250 3025 307 3061 (7)
331 3025 416 3053 Prnx.
437 3023 518 3052 Civil.
540 3023 575 3052 L.
597 3024 646 3052 IV.
670 3021 701 3052 Τ.
718 3030 764 3058 40.
785 3020 814 3049 C.
836 3028 862 3055 3.
883 3029 910 3049 n.
933 3026 958 3055 5.

248 3067 309 3099 (ὃ)
330 3064 404 3091 Flac.
426 3064 459 3090 ll.
481 3071 507 3097 4.
529 3066 556 3090 6.
580 3070 602 3091 ι.
625 3070 651 3097 3.

249 3103 309 3145 (o)
330 3102 360 3129 de
375 3101 438 3130 LL.
454 3101 555 3138 Abrog.
576 3100 609 3128 ad
626 3100 661 3128 L.
685 3103 712 3129 6.
733 3099 762 3128 C.
789 3098 819 3127 de
839 3095 984 3136 Jurz‘sdifb.
1006 3105 1071 3125 omn.

211 3138 326 3211 Jnglilg)
348 3175 618 3212 Οωιῑερε-Ιηίῖνῖιὲἳίε
635 3180 716 3211 1670.
737 3185 764 3213 p.
790 3183 833 3209 13.

249 3214 329 3251 (ii)
352 3214 459 3252 Olseru.
484 3214 560 3244 Tum.
585 3214 616 3244 T.
637 3216 687 3244 Xl.
709 3224 735 3243 τι.
759 3217 843 3249 2576.

1099 1861 1344 1903 jurisditftionem
1363 1861 1419 1894 fibi
1435 1861 1519 1894 reste
1537 1863 1647 1894 tribuit
1667 1863 1762 1895 Curia
1769 1863 1844 1936 lgli).
1878 1862 1937 1896 Sed
1949 1886 1964 1903 ,

1098 1903 1238 1945 inquies,
1262 1913 1299 1935 ea
1313 1902 1409 1935 Curia
1425 1913 1489 1935 non
1504 1903 1549 1935 est
1565 1904 1713 1945 Suprema
1725 1905 1756 1936 in
1805 1905 1961 1945 ollandia,

1099 1952 1192 1986 atque
1208 1945 1252 1976 ita
1268 1953 1374 1976 earum
1396 1944 1594 1986 personarum
1615 1944 1714 1976 causae
1736 1955 1799 1977 non
1821 1946 1960 1987 judican-

1100 1994 1179 2018 tura
1194 1986 1304 2027 Judice
1323 1986 1478 2027 Supremo
1484 1993 1540 2025 ,ut
1555 1986 1627 2018 alibi
1646 1985 1797 2018 Gentium
1816 1987 1963 2024 obtinet,

1102 2035 1196 2068 atque
1220 2028 1264 2059 ita
1288 2027 1384 2058 etiam
1413 2037 1476 2059 non
1496 2027 1665 2058 liberantur
1693 2036 1710 2058 a
1732 2026 1905 2069 sumptibus
1931 2027 1964 2060 &

1101 2068 1251 2100 molestiis
1272 2067 1529 2109 appellationum.
1574 2068 1634 2100 Sed
1654 2068 1780 2110 cogita,
1812 2078 1907 2110 quum
1928 2068 1962 2099 id

1102 2108 1309 2141 constitueret
1338 2108 1470 2141 Carolus
1497 2118 1580 2140 anno
1615 2118 1705 2151 1531.
1737 2118 1805 2141 eam
1834 2109 1964 2141 Curiam

1102 2159 1177 2182 tunc
1194 2149 1288 2182 fuiss'e
1302 2150 1487 2190 supremum
1504 2150 1536 2181 in
1552 2149 1725 2182 Hollandia
1748 2150 1883 2182 tribunal
1895 2173 1904 2187 ,
1930 2149 1963 2182 δε

1101 2192 1200 2225 multa
1218 2191 1279 2223 alia
1298 2188 1411 2232 egisse,
1434 2200 1504 2232 quae
1519 2200 1584 2223 non
1602 2199 1716 2232 agunt,
1739 2191 1794 2223 nifi
1821 2191 1865 2223 illi
1882 2190 1965 2231 Judi-

1102 2242 1154 2265 ces
1166 2257 1177 2273 ,
1199 2233 1251 2274 qui
1266 2232 1338 2264 vice
1352 2230 1436 2263 sacra
1451 2232 1603 2271 judicant.
1648 2231 1682 2263 In
1709 2231 1775 2273 ipsa
1795 2231 1964 2264 Hollandia

1101 2274 1212 2306 deinde
1232 2283 1314 2306 anno
1335 2277 1427 2313 1582.
1451 2272 1613 2305 institutus
1635 2272 1761 2314 quidem
1787 2273 1831 2306 est
1853 2273 1962 2314 Supre-

1103 2325 1173 2348 mus
1191 2316 1342 2353 Senatus,
1368 2314 1398 2345 &
1417 2314 1518 2353 ratio,
1541 2313 1629 2352 sana,
1643 2315 1787 2355 inquam,
1801 2313 1881 2347 ratio
1895 2322 1968 2345 cau-

1104 2356 1149 2389 sas
1169 2355 1392 2388 miserabilium
1415 2364 1491 2387 tunc
1514 2355 1639 2396 quidem
1663 2356 1701 2386 ad
1723 2365 1794 2388 eum
1817 2355 1965 2388 Senatum

1106 2396 1325 2436 transtulisset,
1350 2395 1401 2428 sed
1417 2397 1504 2428 nulla
1523 2397 1659 2428 mutatio
1678 2396 1759 2428 facta
1774 2395 1837 2436 est,
1860 2403 1894 2427 ut
1923 2403 1968 2426 ta-

1103 2448 1174 2471 men
1190 2439 1343 2475 debebat,
1366 2438 1397 2469 &
1418 2437 1535 2470 fastum
1552 2437 1642 2469 estin
1664 2436 1913 2469 restitutionibus
1935 2435 1968 2467 in

1105 2481 1283 2522 integrum,
1307 2480 1337 2511 δι
1353 2479 1386 2511 in
1404 2479 1571 2520 largiendis
1586 2478 1616 2510 di
1642 2477 1806 2510 lomatibus
1823 2477 1967 2509 Inventa-

1106 2522 1145 2553 rii
1162 2523 1191 2554 <Sc
1213 2521 1364 2553 Ceffionis
1375 2542 1387 2558 ,
1410 2529 1479 2560 quae
1496 2528 1568 2551 ante
1582 2519 1625 2551 ini
1644 2519 1758 2549 itutum
1784 2519 1969 2560 Supremum

1109 2564 1257 2596 Senatum
1276 2562 1386 2603 largita
1403 2560 1449 2592 est
1474 2559 1585 2597 Curia,
1608 2558 1658 2590 sed
1684 2558 1788 2599 postea
1807 2558 1892 2591 solus
1910 2558 1968 2590 lar-

1110 2605 1192 2646 gitus
1210 2603 1255 2636 est
1265 2604 1394 2636 Senatus
1409 2611 1450 2633 cx
1466 2601 1495 2642 §.
1509 2611 1558 2642 23.
1572 2599 1691 2631 Formae
1709 2600 1766 2632 ult.
1782 2600 1859 2642 Maj.
1878 2604 1970 2639 1582.

1110 2647 1286 2686 Receptum
1306 2644 1419 2684 ubique
1437 2651 1555 2674 morem
1571 2640 1693 2672 redolet
1709 2640 1742 2686 §5
1759 2651 1787 2682 7.
1812 2641 1877 2673 Ι,[,,.
1895 2649 1971 2680 quas

1111 2687 1243 2727 Joannes
1263 2684 1450 2717 Hannonius
1472 2680 1758 2724 Zuyd-Hollandis
1779 2682 1866 2714 dedit
1891 2680 1970 2754 ᾖ),

1112 2728 1165 2769 qui
1183 2725 1286 2759 causas
1301 2725 1489 2767 pupillorum
1504 2722 1631 2763 judicari
1657 2723 1802 2765 praecipit
1827 2729 1870 2755 ter
1930 2731 1973 2753 oo-

1112 2779 1166 2811 ger
1186 2767 1365 2809 Vyeischare
1377 2787 1388 2804 ,
1411 2765 1527 2805 quique
1541 2763 1605 2805 ipse
1622 2762 1651 2804 §.
1669 2763 1737 2795 scre
1754 2765 1885 2796 totidem
1904 2771 1972 2794 ver-

1113 2811 1160 2842 bis
1181 2809 1333 2850 repetitus
1354 2805 1399 2839 cst
1422 2805 1450 2847 §.
1484 2816 1531 2837 12.
1558 2804 1750 2837 Coni'uctud.
1775 2803 1972 2847 Zuyd-lloll.

1113 2851 1184 2883 anni
1205 2858 1292 2889 1571.
1318 2848 1387 2890 (3).
1432 2846 1491 2878 Sed
1515 2847 1610 2878 citius
1633 2845 1764 2878 Ilei-culi
1784 2846 1903 2878 clavam
1920 2853 1972 2876 ex-

1113 2889 1262 2928 torseris,
1284 2899 1376 2931 quam
1399 2887 1505 2920 Curiae
1525 2886 1793 2928 jurisdictionem,
1815 2895 1873 2928 qua
1893 2886 1973 2958 udm

1932 2934 1972 2958 uo

1151 3016 1231 3054 (12)
1253 3015 1307 3044 Een
1320 3015 1407 3051 Clercq
1417 3016 1444 3043 in
1457 3015 1486 3043 de
1502 3013 1595 3051 Grrffie
1607 3023 1659 3042 'van
1673 3014 1734 3041 haar
1746 3011 1823 3048 Hoog
1834 3008 1973 3049 Mogende.

1154 3056 1236 3092 (13)
1256 3054 1364 3091 Observ.
1383 3053 1500 3081 Tumult.
1524 3053 1555 3081 T.
1576 3054 1654 3082 Xlll.
1675 3061 1700 3079 n.
1724 3058 1808 3085 3032.

1155 3093 1214 3130 (i)
1237 3090 1503 3128 Corzcept-Inflrzctftie
1527 3096 1609 3126 1670.
1632 3099 1658 3127 p.
1685 3097 1724 3118 ii.

1154 3134 1214 3167 (2)
1236 3130 1434 3159 Oudenhovcn
1456 3128 1674 3166 Zuycl-Holland
1694 3136 1711 3164 p
1743 3129 1809 3160 466.

1158 3169 1221 3206 (3)
1241 3169 1319 3199 Ideni
1341 3169 1393 3198 eod.
1409 3168 1489 3197 Libro
1510 3177 1537 3206 p.
1561 3176 1623 3203 532-
