2008 3436
200 126 243 168 72
443 113 842 156 CORNELII
919 120 1026 147 vnn

197 201 350 234 dederunt
365 199 585 232 collectionem
597 222 606 237 ,
639 197 734 230 hodie
751 194 923 234 vulgarem.
969 189 1062 222 Hinc

198 242 294 274 etiam
313 242 358 272 est
369 265 380 281 ,
404 241 488 283 quod
504 240 615 273 Glossa
630 240 667 271 ad
683 238 762 270 arith.
799 235 844 266 At
854 232 882 272 fi
896 231 1059 278 contractus

201 285 232 315 C.
251 285 284 314 de
302 282 367 314 Fid.
388 280 520 324 instrum.
546 282 590 313 ita
606 288 714 313 notat:
733 278 776 309 Er
794 274 956 307 halienthzc
975 272 1054 303 autb.

195 324 317 357 Hoom
335 333 442 356 MAGis
459 324 519 359 ἐὴ.
545 333 605 364 quae
617 332 674 353 non
688 321 807 362 legitur.
832 318 862 348 ὅς
881 319 989 345 verum
1000 313 1058 350 est,

194 375 298 407 neque
313 366 414 397 adhuc
429 374 496 396 eam
515 364 585 405 legi.
631 362 707 394 Non
724 360 815 391 aliter
835 356 942 388 eadem
963 353 1058 385 Glos-

194 405 225 438 sa
249 407 285 438 ad
310 407 331 438 l.
353 412 421 447 pen.
444 407 475 437 C.
504 407 537 436 (le
560 405 654 435 hoeret.
676 405 904 434 commemorat
923 403 1059 436 quorun-

193 448 262 479 dam
283 448 497 479 authenticam
518 469 530 485 ,
561 454 597 476 ut
620 446 649 476 ὃ(
666 444 736 476 Azo
751 441 788 486 ad
807 438 932 486 acincus.
958 435 1060 467 adbuc

192 489 283 520 aliam
294 512 304 527 ,
327 499 401 530 quas
419 498 491 519 cum
507 485 650 528 pluribus
667 485 736 516 aliis
751 482 841 528 libri,
854 479 966 519 quibus
977 485 1060 507 nunc

192 531 332 569 utimur,
356 539 420 562 non
446 529 570 560 habent.
625 527 729 567 Atque
755 523 819 554 111ae
839 521 988 564 Veterum
1007 527 1059 548 au-

191 571 328 603 henticae
339 595 347 609 ,
362 569 606 602 Recentioribus
620 577 683 599 non
704 565 765 597 alia
775 570 897 609 ,quam
908 560 1058 596 dixnnus,

190 612 314 644 ratione
329 613 361 644 in
377 609 557 643 universum
577 608 707 640 fuerunt
721 613 775 638 aut
791 611 909 645 lgnotae
926 608 979 631 ¹aut
994 609 1059 631 non

190 660 337 694 receptae.
989 676 991 680 ,

234 694 330 727 Nunc
358 692 552 735 inspectione
575 690 731 723 contraria
755 684 922 732 non-nullas
942 691 1059 723 quaera-

190 744 279 774 mus,
311 735 478 766 Veteribus
506 734 630 775 ignotas
648 756 657 771 ‚
692 728 937 762 Recentioribus
954 732 1059 754 autem

190 776 375 818 praedicatas
400 783 521 807 tantum
532 796 544 812 ,
575 774 617 805 ob
640 771 849 814 recentiorem
863 774 938 817 puta
955 773 1059 795 earum

189 817 472 859 compositionem:
497 814 572 856 quid
592 814 675 846 enim
692 812 777 844 dices
795 808 904 855 aliud.2
929 805 1004 837 Huc
1014 814 1059 836 re-

190 858 280 896 fero,
306 858 390 900 quod
409 856 545 890 Contius
562 855 688 888 notavit
704 855 736 885 in
754 858 892 899 margine
902 848 1059 879 Commeat.

192 899 290 940 ejusd.
319 899 439 931 Azonis
467 900 505 930 ad
532 897 592 928 Tit.
609 898 642 927 de
658 901 783 936 tempor,
808 893 843 939 ᾤ’
860 893 989 933 reparat.
1008 893 1058 928 cip-

189 941 295 983 pellat.
342 940 380 973 In
395 941 490 972 veteri
506 938 699 979 rizanuscripto
708 959 720 975 ,
739 936 858 976 inquit,
883 934 1060 971 desuntque-

184 987 258 1014 ‘tuor
276 982 356 1014 auth.
377 992 437 1024 quae
462 982 495 1012 in
521 980 604 1022 vulg.
633 980 699 1011 Cod.
709 977 765 1019 fich
781 979 835 1007 hac
855 974 917 1015 lege
941 970 1060 1012 (prima

191 1032 306 1065 nempe
324 1047 335 1063 ,
365 1023 509 1065 quamvis
539 1023 637 1062 vulgo
660 1017 818 1058 secunda)
849 1017 1027 1058 reponuntur
1048 1033 1060 1049 ,

192 1074 315 1106 quarum
329 1065 389 1096 duce
407 1065 440 1096 in
462 1064 483 1095 l.
500 1072 532 1103 5.
563 1063 637 1102 infr.
658 1059 753 1102 pofitae
763 1057 826 1098 fini
837 1079 848 1103 ,
871 1059 901 1087 oc
919 1056 988 1085 sane
1007 1061 1060 1099 pa3

192 1113 262 1145 tet,
285 1106 430 1138 Azonem
447 1105 478 1136 in
503 1106 531 1135 d.
554 1104 574 1135 l.
590 1113 622 1143 5.
643 1108 849 1134 commentari
866 1097 903 1143 ad
914 1094 994 1126 auth.
1018 1093 1061 1125 Ei.

193 1149 244 1188 qui
258 1148 407 1188 appellat,
432 1147 462 1178 ὃς
480 1146 559 1177 auth.
608 1145 663 1176 Sed
678 1144 714 1174 lis
736 1152 803 1184 quae.
828 1139 1060 1183 reliquasvero

193 1189 268 1221 duas
293 1189 409 1220 ibidem
434 1196 498 1219 non
525 1185 719 1222 memorari,
748 1181 833 1227 quod
859 1180 998 1223 alioqum
1025 1178 1062 1207 sit

189 1232 261 1261 κατὰ
279 1234 404 1260 marm:
424 1236 555 1270 oportet
571 1235 675 1259 tamen
691 1234 755 1270 non
773 1219 902 1262 diuposs
919 1225 1062 1262 innotue-

190 1271 287 1311 rint,
307 1281 380 1303 cum
405 1270 443 1302 ab
470 1269 638 1307 Accurfio,
674 1276 708 1298 ut
727 1273 771 1297 ita
788 1265 915 1309 loquar,
939 1258 1059 1309 gloston-

192 1319 249 1345 ταν.
294 1312 447 1345 Similiter
471 1310 695 1351 Antiquiores,
729 1315 769 1338 ne
788 1304 915 1350 quidem
932 1299 1060 1347 (groffo-

188 1354 328 1396 graphos
346 1376 357 1392 ,
387 1351 558 1384 meminisse
580 1349 683 1391 reperi
706 1347 785 1379 auth.
806 1341 1000 1384 Glomofiffimz
1015 1342 1058 1387 .C·

192 1398 226 1428 de
255 1394 374 1436 Divers.
405 1393 535 1435 rescript.
559 1392 620 1423 erit
639 1391 706 1422 haec
727 1386 891 1433 novellula
907 1383 1060 1425 posterio-

191 1437 235 1470 ris
248 1437 407 1476 eujusdam
422 1433 555 1477 patroni.
602 1432 708 1477 Quare
726 1439 792 1461 eam
810 1438 843 1460 in
859 1436 922 1459 uno
941 1432 1063 1457 tantum

192 1477 363 1518 exemplari
386 1475 416 1508 se
433 1474 578 1517 reperisse
595 1473 731 1506 Contius
749 1470 858 1502 aueior
874 1468 918 1500 est
929 1467 1064 1499 adoram

195 1519 324 1560 Corporis
337 1517 381 1550 sui
391 1540 403 1556 ‚
426 1517 456 1549 &
467 1517 520 1558 qui
533 1517 639 1556 Corpus
653 1513 814 1555 Gloffiitum
823 1510 952 1556 ann5M.
967 1507 1014 1556 D..
1024 1507 1061 1540 C.

194 1559 294 1592 edidit
311 1582 321 1598 ‚
356 1559 399 1590 ait
413 1581 424 1597 ,
455 1568 492 1589 ex
526 1557 695 1589 Texruczriis
714 1555 749 1597 st
780 1562 844 1599 eam
875 1549 1062 1593 supplevzffi‘.

193 1601 288 1634 Unde
307 1610 366 1632 nec
384 1599 479 1632 habet
501 1598 582 1631 hanc
608 1596 790 1631 Haloander
813 1604 845 1626 in
859 1591 1062 1639 suo-authen-

192 1643 327 1675 ticarum
353 1641 528 1682 catalog03
557 1639 630 1672 usus
655 1637 776 1684 scilicet
794 1635 896 1675 libro,
921 1643 953 1665 in
968 1642 1062 1674 quem

191 1683 333 1717 nondum
351 1681 553 1723 transscripta
568 1689 655 1713 erat:
687 1679 742 1711 suo
757 1686 801 1710 ita
816 1675 967 1717 exemplo
980 1683 1062 1720 *con-

188 1725 317 1758 'firmans
325 1747 337 1764 ,
368 1724 453 1766 quod
477 1721 560 1765 ipsus
589 1723 634 1754 ait
651 1722 684 1753 in
700 1719 826 1765 Praefar.
850 1719 917 1750 Cori.
942 1715 987 1748 sul
1008 1725 1060 1747 au-

193 1766 349 1799 thenticas
373 1775 430 1797 non
454 1775 548 1796 onmes
566 1763 680 1796 Codici
703 1760 798 1793 fuiffe
813 1759 954 1791 insertas.
998 1757 1062 1801 Ad-

192 1808 251 1846 de,
279 1806 301 1839 fi
330 1807 408 1839 tanti
438 1806 515 1845 sint,
546 1815 615 1847 quae
636 1804 669 1836 in
695 1803 775 1835 hanc
794 1810 859 1833 rem
876 1800 969 1847 habet
989 1799 1063 1831 Alb.

190 1848 336 1880 'Gentilis
365 1848 396 1880 in
425 1847 546 1890 Disput.
577 1846 665 1878 Libr.
690 1845 762 1886 Jur.
791 1843 856 1874 Civ.
874 1840 930 1874 VI.
948 1850 987 1888 ἰη
1003 1840 1060 1881 fin.

188 1891 225 1922 ’ἃ
251 1890 394 1928 habeto,
428 1898 517 1930 aeque
536 1889 693 1920 incertum
719 1884 781 1916 esse
812 1882 1064 1928 authenticarum

191 1940 357 1964 numerum
367 1954 377 1970 ,
402 1940 438 1961 ac
457 1938 576 1962 certam
590 1928 657 1969 ejus
670 1927 826 1960 rationem
849 1924 888 1956 ab
903 1924 1063 1956 diversita-

193 1980 226 2004 te
240 1972 405 2004 mitorum
423 1972 566 2013 petitam.
947 2007 953 2012 ·
1003 2006 1009 2012 ·

236 2013 279 2045 Et
293 2013 431 2054 poterit,
452 2021 488 2044 ut
507 2012 568 2044 hoc
585 2011 712 2050 addam,
736 2006 1009 2055 huic-inspectioni
1021 2005 1062 2038 se-

194 2054 305 2087 cundae
323 2054 446 2095 pondus
463 2053 612 2085 accedere
633 2061 673 2083 ex
692 2048 887 2095 variantibus
897 2047 1060 2079 codicibus

193 2096 228 2128 in
261 2095 452 2127 authenticis
478 2094 739 2131 Fi·idericoi·um;
769 2091 917 2132 siquidem
940 2088 1061 2121 Duare-

193 2145 268 2176 nus,
293 2136 432 2178 plurium
450 2134 733 2176 manuscriptorum
751 2137 901 2170 aoxomm,
926 2130 1061 2177 celeber-

193 2179 291 2210 ‘rimas
309 2177 379 2209 illas
397 2177 476 2208 auth.
533 2177 725 2208 Sacramenta
739 2175 877 2214 puberum
904 2172 936 2216 C.
956 2172 989 2203 Sz
1009 2172 1060 2202 ad-

196 2218 273 2257 vers.
296 2219 410 2250 vendit.
442 2218 473 2250 ὅ(
495 2218 576 2249 auth.
622 2216 741 2248 Habita
767 2216 799 2246 C.
828 2213 878 2245 Ne
907 2213 991 2253 silius
1007 2218 1061 2253 pro

192 2255 275 2302 pair.
306 2258 476 2300 adscriptas
498 2258 613 2290 referat
637 2258 806 2299 quibusdam
832 2255 915 2286 libris
940 2262 1062 2299 tantum

196 2303 228 2334 in
252 2301 409 2332 Commeat.
428 2302 466 2332 aaz
479 2302 508 2332 d.
530 2300 593 2332 TT.
613 2299 644 2331 in
660 2297 844 2340 quibusdam
861 2296 977 2337 igitur,
1000 2304 1065 2326 imo

194 2342 354 2384 plerisque
376 2341 612 2380 desiderantur;
647 2349 705 2372 nec
732 2339 791 2370 alia
808 2338 948 2375 ratione,
974 2345 1066 2383 quam

196 2383 282 2425 quod
299 2383 381 2423 illae,
404 2383 477 2424 quia
492 2382 642 2414 seriorum
661 2380 732 2413 sunt
758 2387 954 2425 temporum,
979 2387 1012 2409 in
1031 2387 1063 2408 o-

195 2425 320 2456 mnibus
339 2446 352 2463 ,
382 2433 421 2456 ne
443 2424 544 2456 dicam
571 2423 729 2465 plerisque
746 2420 909 2452 codicibus
924 2419 1064 2451 nondum

198 2473 287 2498 erant
302 2465 479 2506 descriptae.
1040 2501 1045 2506 .

244 2506 347 2539 Unum
371 2507 435 2545 est,
460 2516 524 2548 quo
539 2506 577 2537 de
593 2505 645 2536 hic
662 2503 851 2537 monendum
875 2502 967 2533 duco.
1002 2500 1060 2533 Ni-

197 2548 311 2580 mirum
330 2547 519 2579 neceslitatis
536 2556 599 2579 non
616 2545 677 2577 esse
694 2544 903 2583 omnimodae,
928 2552 963 2575 ut
981 2543 1063 2574 dica-

196 2597 287 2626 mus,
318 2588 513 2620 authenticas
540 2588 608 2620 illas
632 2588 805 2624 Veterum,
828 2595 899 2627 quae
912 2594 995 2616 nunc
1011 2594 1063 2615 cx-

199 2638 247 2662 tra
263 2631 369 2669 Corpus
384 2629 531 2660 oberrant
544 2651 555 2667 ,
588 2627 706 2668 semper
729 2626 871 2658 fortuito
884 2649 894 2665 ,
919 2626 1003 2666 quod
1021 2627 1064 2666 ig-

198 2678 286 2704 notae
301 2669 421 2708 essent,
450 2669 573 2701 omissas
596 2668 667 2700 esse.
712 2668 822 2712 Potuit
840 2668 966 2705 cadem,
993 2676 1065 2712 quia

198 2712 358 2743 variorum
385 2720 491 2750 erant,
524 2710 647 2742 ratione
675 2708 705 2740 δι
725 2708 873 2739 consulto
887 2707 1004 2739 factum
1021 2710 1064 2738 cs-

199 2752 249 2792 se,
280 2760 316 2784 ut
341 2751 363 2784 fi
386 2752 518 2792 aliqu'us
544 2750 734 2783 authenticae
760 2748 948 2780 architectus
986 2748 1067 2788 apud

200 2793 343 2835 posteros
353 2793 472 2825 valeret
484 2793 573 2824 nihil.
593 2792 644 2823 Sic
655 2790 763 2823 lrnerii
774 2790 941 2820 auctoritas
950 2811 961 2826 ,
974 2799 1067 2834 quan·

199 2835 367 2876 doquidem
383 2834 547 2876 vegrandis
559 2840 643 2871 erat,
654 2832 719 2872 ejus
735 2839 861 2872 quoque
878 2830 1067 2875 authentica:

200 2884 355 2917 receptae3
380 2875 535 2913 Martini,
558 2875 631 2916 quia
647 2873 753 2911 nulla,
776 2871 908 2911 rejectae.
948 2871 1067 2915 Utique

196 2917 388 2956 repudiatam
398 2917 540 2948 videmus
549 2914 776 2951 authenticam,
787 2921 879 2953 quam
892 2912 1068 2943 Mai-tinum

200 2958 237 2989 :td
250 2958 270 2990 l.
283 2958 400 2998 fratres
418 2967 467 2998 27.
495 2958 528 2989 C.
543 2958 577 2988 de
594 2955 703 2997 Inoffic.
715 2953 776 2995 left.
788 2953 907 2985 notasi'e
921 2954 992 2998 Cup.
1012 2952 1065 2984 Vl.

198 3001 335 3031 diximus
355 3009 364 3037 ;
397 3007 431 3030 ut
457 2999 523 3038 ejus
548 2998 696 3039 pleraque
721 2995 825 3027 omnia
843 2996 1007 3035 posteritas
1021 2992 1066 3024 sa-

198 3040 320 3071 ssidivit
342 3049 378 3071 ac
406 3039 522 3081 respuit
542 3062 551 3078 ,
583 3038 715 3070 testante
739 3036 833 3079 Cyno
859 3037 908 3081 in.
924 3035 944 3066 1.
961 3044 1010 3065 zm.
1031 3077 1033 3079 Ι

200 3087 316 3112 racemi
339 3081 371 3112 C.
394 3083 426 3112 cle
449 3081 508 3112 Rei
530 3090 611 3112 vxor.
637 3080 694 3110 acl.
717 3078 747 3110 &
763 3076 969 3119 probantibus
985 3076 1062 3107 aliis.

198 3121 243 3152 Ut
258 3129 293 3152 ut
312 3121 366 3160 sit,
389 3122 419 3153 id
436 3120 578 3153 constare
595 3129 722 3161 putem,
746 3119 851 3164 varios
877 3118 904 3149 δι
926 3118 1063 3162 incertos

195 3162 356 3200 auctores,
381 3172 510 3203 quoquo
532 3170 563 3193 te
582 3169 684 3193 vertas
698 3184 708 3200 ,
742 3160 863 3192 causam
878 3156 991 3191 dedisse
1009 3167 1060 3190 va-

192 3202 240 3234 rio
259 3202 290 3234 &
308 3202 428 3234 incerto
446 3203 697 3236 authenticarum
716 3209 857 3238 numero,

1101 105 1704 146 BYNKERSHOEK

1143 189 1326 222 Praessemus
1346 199 1461 231 porro,
1485 190 1580 222 etiam
1596 189 1629 222 in
1649 198 1715 221 rem
1737 188 1873 222 nostram
1890 195 1955 224 'ver-
1997 210 2008 230 xi

1101 232 1125 267 ti
1137 255 1148 270 ,
1171 233 1255 273 quod
1266 231 1444 263 Halo-ander
1457 232 1488 263 in
1504 233 1623 270 eadem,
1646 239 1739 272 quam
1758 231 1957 273 laudavimus,
1992 257 1997 272 s

1104 274 1216 305 Codicis
1242 273 1286 305 sui
1313 273 1492 312 Proefcirione
1509 273 1615 304 obiter
1632 271 1742 310 addit,
1772 272 1959 308 authentica-

1100 324 1169 346 rum
1186 313 1386 346 insertionem
1403 313 1641 354 nonstcostemper
1660 313 1718 344 loco
1734 311 1860 346 faCtam.
1902 316 1959 348 Ve-

1099 356 1226 387 ritatem
1256 356 1339 388 illius
1362 355 1536 386 assertionis
1554 354 1728 396 singulatim
1743 353 1884 397 persequi
1899 366 1959 393 non

1988 117 1995 145 ¹,

1997 102 2001 112 ι

2004 136 2008 200 l

1998 232 2008 272 Ξι

1099 404 1206 427 vacat:
1231 405 1293 427 tam
1310 397 1396 428 varia
1416 396 1531 436 quippe
1547 404 1652 433 earum
1667 394 1712 426 est
1727 393 1812 427 sedes
1827 418 1840 435 ,
1870 404 1906 429 ut
1929 404 1961 432 u.
2001 397 2004 406 ⁴

1100 447 1170 469 nam
1191 438 1371 478 eandemqu‘

1102 478 1196 517 huic,
1220 479 1299 510 alius
1315 479 1349 509 ill
1395 479 1466 520 egi,
1491 478 1567 520 quin
1583 477 1704 509 rursum
1724 477 1803 509 alius
1818 487 1851 510 in
1865 479 1963 515 diver-

1102 519 1140 552 fis
1156 520 1341 560 quandoque
1358 519 1500 551 collocet
1515 519 1648 551 Titulis.
1670 518 1829 560 Exemplo
1837 518 1875 552 fit
1884 523 1962 558 auth.

1094 560 1263 601 >Novz'ffime
1291 570 1315 592 e.
1344 561 1377 591 de
1396 562 1506 592 admirz.
1530 566 1586 592 tut.
1610 560 1664 591 ubi
1682 561 1713 592 in
1730 560 1962 605 admonitione,

1102 602 1200 642 vulgo
1222 600 1374 642 praeiniffa
1399 600 1537 639 Gloffis,
1560 601 1717 634 variantes
1733 601 1855 634 videbis
1873 602 1963 644 Joan-

1102 652 1174 674 nem
1192 643 1221 674 ὅ(
1246 643 1340 674 alios:
1375 643 1470 674 etiarn
1497 642 1622 684 Cynum
1638 651 1678 674 ex
1695 643 1833 675 Saliceto
1848 643 1881 676 in
1893 641 1966 677 coni-

1102 689 1190 715 ment.
1216 683 1254 714 ad
1269 683 1343 714 dici.
1358 684 1437 714 auth.
1483 683 1571 715 Adde
1589 684 1773 716 Accursium
1790 684 1822 717 in
1839 686 1921 718 auth.
1933 687 1964 720 δι

1103 725 1191 755 verb.
1239 725 1285 756 Ar
1304 725 1353 766 qui
1362 724 1454 765 semel
1473 724 1503 756 C.
1528 726 1561 756 de
1573 727 1688 765 probat.
1706 726 1737 757 ὅ(
1752 726 1832 757 auth.
1878 726 1985 770 Prei-*3

1102 768 1229 807 hyteros,
1255 764 1333 805 subj.
1357 767 1376 797 l.
1396 775 1446 807 34v
1471 765 1502 797 C.
1520 767 1553 796 de
1570 765 1669 807 Epist.
1692 765 1728 801 ὅ)
1746 767 1852 799 Cleric.
1877 768 1908 800 &
1924 768 1978 807 Ar

1101 816 1215 838 zonem
1243 807 1275 838 in
1302 807 1458 838 Commem.
1484 807 1523 839 ad
1552 808 1582 839 cl.
1613 807 1693 838 auth.
1739 808 1786 839 Ar
1800 810 1849 848 qui
1863 808 1965 849 semel.

1103 848 1186 894 Quae
1214 857 1292 879 vero
1321 847 1411 879 causa
1435 846 1480 879 est
1503 848 1589 880 illius
1612 848 1821 880 variationis?
1844 848 1967 891 Opinor

1102 898 1160 928 ea,
1186 889 1270 929 quod
1289 911 1300 928 ,
1331 889 1353 921 si
1379 898 1439 930 qua
1458 889 1640 921 authentica
1661 890 1782 930 ceperit
1796 890 1968 925 incremen-

1104 938 1171 961 tum
1193 930 1342 971 aliquod,
1365 939 1402 961 ut
1422 929 1502 972 saepe
1527 929 1644 962 factum
1668 930 1825 970 diximus,
1849 931 1905 964 ille
1919 931 1966 971 atl-

1102 971 1188 1002 ditor
1212 979 1380 1012 propterea
1407 981 1475 1003 eam
1506 970 1691 1012 subjecerit,
1725 972 1778 1004 vel
1795 972 1903 1013 potius
1919 973 1969 1006 ad-

1103 1011 1262 1053 scripserit
1288 1013 1378 1053 legi,
1407 1013 1496 1052 cujus
1522 1021 1708 1054 argumento
1731 1012 1842 1053 illam,
1870 1013 1967 1048 modo

1102 1053 1223 1085 anetam
1234 1075 1246 1092 ,
1267 1054 1320 1085 vel
1338 1053 1523 1086 diminutam
1539 1063 1684 1095 quoque,
1715 1061 1803 1086 certe
1819 1053 1976 1089 reforma-1

1104 1102 1167 1126 tam
1176 1117 1188 1133 ,
1207 1094 1304 1136 magis
1318 1095 1490 1127 convenire
1506 1096 1654 1134 rebatur,
1677 1105 1770 1137 quam
1794 1096 1847 1128 cui
1863 1096 1971 1138 primi·

1104 1142 1155 1167 tus
1171 1135 1275 1167 fuerat
1289 1135 1436 1176 adposita.
1482 1135 1569 1183 Quid
1584 1136 1682 1178 finges
1705 1137 1790 1169 aliud
1804 1137 1845 1170 de
1857 1137 1901 1171 mi
1956 1155 1970 1164 ·

1105 1177 1193 1207 tione
1216 1176 1467 1208 authenticarum
1490 1178 1522 1209 in
1539 1178 1640 1209 varias
1655 1177 1768 1211 sedes?
1797 1177 1877 1211 nihil
1914 1189 1971 1212 ane

1105 1217 1191 1248 aliud
1214 1217 1275 1248 ess‘e
1303 1218 1335 1249 in
1357 1216 1468 1255 causa,
1499 1217 1571 1250 satis
1586 1217 1632 1250 est
1648 1219 1801 1261 colligere
1815 1229 1856 1252 ex
1874 1221 1970 1253 Vete-

1103 1267 1174 1331 rum
1196 1257 1462 1299 disputationibus
1486 1258 1525 1290 de
1550 1259 1624 1291 loco
1653 1269 1758 1292 earum
1786 1270 1973 1295 controver-

1119 1309 1149 1331 ο.
1970 1322 1974 1327 ·

1145 1340 1281 1373 Accedit
1306 1341 1393 1373 varia
1415 1340 1669 1374 authenticarum
1683 1343 1798 1384 lectio,
1821 1353 1891 1386 quae
1906 1352 1927 1376 o
1949 1345 1972 1377 i-

1102 1382 1191 1415 nioni
1217 1382 1332 1415 nostrae
1359 1382 1552 1416 adstruendae
1577 1384 1716 1425 apprime
1732 1394 1860 1427 quoque
1878 1386 1909 1418 in
1925 1395 1970 1418 ei·-

1106 1425 1165 1456 vit.
1210 1423 1318 1456 Tanta
1340 1432 1445 1456 autem
1471 1424 1538 1456 liaec
1561 1425 1627 1464 est,
1658 1433 1693 1457 ut
1710 1427 1883 1459 variantem
1898 1425 1971 1460 scri-²

1106 1473 1229 1507 pturain
1248 1476 1313 1498 non
1329 1466 1433 1498 miuus
1453 1467 1639 1509 quandoque
1656 1466 1830 1514 discrepare
1847 1467 1974 1510 videas,-

1106 1516 1143 1539 ac
1159 1510 1260 1539 atrurn
1276 1508 1444 1549 albumque
1461 1531 1471 1547 ,
1502 1515 1537 1539 ut
1555 1517 1693 1548 taceam,
1719 1518 1856 1551 integras
1871 1510 1971 1551 perio-
2002 1528 2004 1531 ·

1106 1548 1184 1587 dos,
1207 1558 1277 1590 quae
1294 1559 1377 1581 nunc
1393 1558 1458 1581 non
1481 1549 1624 1590 exstant,
1649 1551 1821 1583 nonnullos
1838 1551 1915 1583 olim
1933 1550 1971 1584 li-

1105 1591 1180 1622 bros
1206 1590 1346 1622 habuisse
1361 1615 1371 1630 ,
1410 1598 1445 1621 ut
1460 1590 1491 1623 in
1510 1592 1710 1630 authentica,
1731 1602 1792 1633 qua
1807 1591 1970 1634 Episcopis

1098 1632 1134 1664 ·&
1154 1631 1352 1674 Presbyteris
1369 1632 1571 1664 interdicitur
1586 1635 1624 1664 ad
1643 1633 1756 1665 tabulas
1772 1634 1886 1674 ludere,
1905 1633 1974 1666 sub-¹

1103 1673 1184 1714 jecta
1206 1674 1227 1705 l.
1240 1683 1287 1714 17.
1302 1674 1333 1705 C.
1344 1674 1377 1705 de
1396 1673 1528 1715 Episcop.
1546 1674 1582 1710 ἐξ
1593 1675 1699 1707 Cleric.
1719 1674 1841 1708 Contra
1855 1675 1973 1708 authen-¹

1105 1716 1170 1746 ticae
1188 1713 1352 1756 Noviffimci
1370 1715 1402 1746 C.
1420 1716 1453 1746 de
1469 1714 1578 1757 Inoffic.
1605 1714 1717 1757 testam.
1740 1726 1781 1749 ex
1801 1716 1900 1749 Libro
1909 1717 1972 1749 Au-

1097 1757 1222 1788 redano
1248 1757 1366 1798 aliquid
1392 1756 1500 1788 caudae
1518 1757 1641 1789 accedit
1653 1781 1663 1797 ,
1687 1765 1820 1791 notante
1834 1757 1970 1791 Contio:

1106 1806 1142 1829 ut
1161 1798 1191 1830 δε
1210 1798 1370 1839 cujusdam
1386 1807 1480 1839 opera
1496 1799 1640 1831 nonnihil
1654 1800 1778 1832 acccffit
1801 1800 1973 1832 authentica

1105 1840 1186 1876 hodie
1201 1840 1308 1882 jurant
1332 1840 1364 1871 C.
1383 1841 1415 1870 de
1438 1839 1542 1880 Juu'ic.
1592 1841 1828 1875 ueniadmodum
1837 1841 1868 1872 in
1877 1839 1972 1872 Glos-

1105 1880 1143 1913 fis
1158 1880 1406 1912 animadversum
1425 1882 1531 1913 video.
1614 1881 1700 1914 ursus
1716 1882 1841 1914 decessit
1852 1880 1972 1922 aliquid

1105 1923 1188 1953 auth.
1234 1921 1318 1970 Quas
1332 1922 1457 1954 ustiones
1482 1923 1513 1953 C.
1540 1924 1573 1954 de
1593 1924 1649 1955 SS.
1670 1923 1783 1965 Eccles.
1803 1922 1971 1955 secundum

1103 1972 1159 2003 ea,
1184 1973 1254 2004 quae
1281 1964 1350 2004 Cap.
1375 1963 1416 1995 11.
1448 1973 1489 1995 ex
1513 1963 1625 1996 Azone
1657 1965 1831 1996 didicimus.
1878 1963 1973 1996 Plura

1096 2012 1169 2036 'non
1195 2007 1378 2046 conquiram
1395 2027 1407 2043 ,
1434 2005 1506 2046 quia
1531 2014 1639 2037 eorum
1664 2005 1785 2037 abunde
1804 2004 1849 2037 est
1865 2004 1971 2046 passim

1105 2045 1137 2077 in
1155 2044 1271 2078 Glossis
1281 2068 1292 2084 ,
1314 2047 1415 2087 iisque
1433 2046 1580 2078 omnibus
1591 2068 1602 2084 ‚
1633 2047 1685 2087 qui
1704 2047 1861 2078 variantes
1878 2045 1972 2078 nobis

1105 2087 1254 2118 lectiones
1272 2087 1434 2118 dederunt.
1479 2087 1561 2131 Quis
1584 2097 1662 2118 vero
1681 2088 1748 2119 haec
1777 2088 1930 2120 variantia
1942 2097 1971 2120 a·

1104 2128 1211 2159 liunde
1230 2127 1378 2166 arcessat,
1402 2137 1493 2169 quam
1511 2137 1527 2159 a
1545 2129 1638 2160 variis
1658 2129 1818 2160 variorum
1834 2129 1971 2171 interpo-

1105 2169 1276 2201 lationibus
1287 2170 1304 2201 *ἒ
1335 2168 1406 2200 sunt
1435 2179 1567 2210 namque
1585 2179 1620 2201 ea
1635 2171 1778 2211 exceptis
1794 2169 1883 2202 forte
1899 2179 1970 2212 pau-

1105 2211 1169 2249 cis,
1188 2209 1279 2242 nimis
1295 2220 1398 2248 nova,
1430 2210 1523 2241 nimis
1549 2221 1678 2252 inagna,
1701 2221 1794 2252 quarn
1811 2218 1847 2243 ut
1866 2209 1970 2253 profe·

1105 2252 1153 2283 {la
1167 2251 1252 2283 dicas
1271 2261 1287 2282 a
1305 2251 1387 2282 vitio
1411 2252 1521 2283 calami
1532 2274 1543 2290 ,
1577 2256 1616 2284 ab
1636 2262 1744 2284 errore
1762 2253 1971 2285 librariorum.

1108 2292 1171 2325 Nae
1190 2293 1272 2324 enim
1290 2293 1336 2324 illi
1355 2316 1364 2331 ‚
1399 2294 1539 2324 omnium
1560 2293 1658 2335 ignari
1676 2294 1894 2336 imperitique,
1915 2303 1970 2326 vo—

1108 2334 1255 2366 cabulum
1274 2334 1421 2374 aliquod,
1445 2335 1497 2366 vel
1522 2335 1674 2376 integram
1701 2335 1887 2377 quandoque
1905 2334 1972 2367 sen¹

1107 2376 1254 2414 tentiam,
1280 2375 1355 2406 loco
1372 2375 1505 2407 moviss'c
1517 2398 1526 2413 ‚
1551 2380 1602 2408 vel
1617 2377 1699 2408 aliud
1715 2376 1848 2408 aliamve
1865 2374 1972 2408 substi-

1107 2417 1198 2450 tuiss'e
1215 2427 1278 2448 non
1298 2415 1367 2447 sunt
1382 2416 1536 2448 censendi.
1583 2417 1689 2458 Itaque
1708 2417 1904 2449 librariorum
1921 2426 1971 2449 ac·

1106 2458 1283 2491 cusationes
1302 2480 1312 2496 ,
1345 2467 1474 2498 quarum
1500 2459 1536 2489 :id
1569 2459 1731 2500 tegendam
1766 2458 1973 2499 ignorantiam

1106 2501 1296 2540 Interpretes
1307 2523 1316 2538 ‚
1327 2509 1391 2531 non
1409 2500 1616 2540 interpretes,
1632 2499 1673 2531 sic
1694 2499 1765 2530 satis
1783 2499 1852 2531 sunt
1868 2499 1973 2541 prodi-

1432 438 1478 469 ius
1502 436 1645 477 subjiciat
1670 436 1850 483 Rubricae)
1886 439 1961 475 alius
2004 445 2006 451 ’

1106 2543 1155 2584 gi,
1179 2541 1250 2573 heic
1268 2540 1427 2572 s'aceslaiit.
1474 2540 1635 2586 Quicquid
1658 2540 1724 2579 ejiis
1750 2540 1795 2572 rei
1819 2538 1864 2587 est
1881 2564 1890 2580 ‚
1916 2540 1972 2572 irn-
1998 2551 2004 2558 ·

1106 2583 1276 2625 putandum
1297 2582 1352 2619 iis,
1371 2581 1446 2622 qui,
1469 2583 1490 2614 si
1511 2591 1573 2613 non
1594 2590 1715 2621 integre
1734 2581 1972 2623 concipiendis,

1108 2625 1215 2657 saltem
1247 2622 1402 2663 poliendis
1432 2622 1623 2654 authenticis
1656 2631 1783 2663 operam
1809 2629 1973 2655 navarunt.

1110 2665 1229 2704 Σωεξμὶ
1247 2664 1367 2695 scilicet
1384 2672 1423 2693 co
1439 2663 1587 2704 respectu.

1151 2706 1256 2747 Atque
1283 2714 1318 2735 ca
1340 2704 1533 2736 incertitudo
1564 2705 1594 2735 ἃ
1624 2703 1832 2736 inconstantia
1856 2704 1977 2738 durasse·

1110 2748 1257 2784 videtui-3
1282 2754 1380 2785 usque
1398 2744 1470 2776 dum
1490 2745 1622 2786 aliquis,
1648 2746 1794 2777 dimicem
1812 2755 1850 2778 an
1868 2755 1931 2778 non
1948 2746 1971 2778 i·

1110 2790 1163 2831 pse
1190 2786 1353 2820 necui-sius
1373 2808 1384 2824 ,
1418 2787 1613 2818 authenticas
1638 2787 1832 2828 collegerit,
1865 2788 1895 2819 δε
1917 2785 1976 2819 suo'

1111 2838 1265 2871 quamque
1286 2827 1361 2858 loco
1386 2827 1562 2868 digesserit,
1595 2837 1667 2859 cum
1683 2836 1773 2860 antea
1786 2837 1873 2870 vagae
1891 2827 1975 2860 voli-·

1112 2878 1234 2907 tarent,
1267 2877 1329 2899 non
1356 2868 1447 2899 aliter
1472 2878 1508 2900 ac
1524 2868 1641 2910 gloss'ae.
1687 2870 1767 2902 Sunt
1783 2871 1835 2910 qui
1852 2868 1972 2901 manda-

1112 2919 1176 2943 tum
1188 2935 1197 2950 ,
1223 2910 1273 2941 vel
1292 2909 1553 2942 constitutionem
1572 2910 1604 2941 in
1626 2910 1705 2941 lianc
1723 2919 1788 2941 rem
1807 2909 1979 2950 [snperato-¹·

1110 2953 1186 2984 riam
1206 2950 1322 2983 factam
1346 2951 1566 2983 mentiuntur:
1602 2949 1654 2982 sed
1675 2951 1751 2982 mihi
1768 2951 1906 2983 nondum
1925 2949 1972 2982 vi*

1110 2993 1176 3025 sum
1191 2992 1252 3031 est,
1278 3000 1341 3032 quo
1363 2991 1573 3033 Imperatore,
1597 3001 1662 3033 quo
1684 2992 1735 3023 die
1752 2992 1782 3024 δι
1798 2990 1927 3024 consule
1940 2990 1974 3023 id

1036 3034 1064 3075 ὃ.
1107 3034 1224 3066 salitum
1250 3032 1368 3078 suci-in
1405 3033 1470 3076 Qui
1494 3033 1650 3065 Lothario
1675 3033 1814 3072 Saxoni,
1837 3033 1889 3073 qui
1905 3031 1968 3064 Fri-

1106 3075 1215 3107 derieo
1231 3074 1252 3106 l.
1278 3073 1330 3114 qui
1351 3074 1487 3106 secundo
1514 3074 1591 3106 illud
1617 3074 1778 3112 tribuunt,
1801 3073 1972 3106 destituun·r

1108 3126 1158 3148 tur
1184 3126 1293 3147 omnes
1321 3117 1448 3147 auetore
1476 3115 1612 3153 idonco3
1644 3124 1707 3155 non
1730 3115 1816 3146 secus
1830 3123 1869 3146 ac
1887 3114 1940 3146 ille
1958 3133 1975 3153 5

1105 3159 1177 3198 qui,
1211 3155 1295 3198 quod
1320 3157 1397 3187 mira
1427 3157 1521 3197 (dum
1551 3156 1691 3188 omnium
1724 3155 1973 3187 authenticarum-

1101 3198 1219 3232 natales
1249 3197 1370 3230 attollit
1398 3198 1555 3237 nimium,
1581 3201 1702 3237 uturp.
1719 3199 1781 3238 seq.
1815 3196 1978 3243 dicemus}

1913 3243 1965 3277 ipsi
