2008 3436
191 101 631 148 OBSERVATIONUM
681 97 815 148 JURIS
866 94 1059 135 ROMAN
1062 96 1078 133 1

41 195 133 237 quit,
156 199 243 225 antea
268 193 300 223 in
314 193 483 232 perpetuam
508 194 584 227 aqua
605 181 641 218 ἐξ)
666 182 732 229 53⁷²?
752 180 906 211 interdice-

41 240 147 274 batur,
164 244 239 265 nime
257 243 323 264 vero
343 228 508 263 humiliores
523 224 619 268 hestiis
637 225 814 270 objiciuntur
825 243 836 260 ,
857 220 906 252 vel

43 288 114 310 vivi
145 282 379 310 EXURUNTUR3
411 267 580 310 honestiores
604 271 699 312 capite
730 268 906 304 primunt-ur.

42 317 197 352 Hostibus
216 327 232 348 a
252 317 365 348 Senatu
383 310 527 353 judicatis
545 318 580 355 ea
601 308 708 352 olim,
729 304 905 350 more-Ma-

42 361 165 401 joruni,
190 357 300 390 statuta
315 363 423 397 poena,
450 359 484 383 ut
497 350 572 382 nudi
591 349 726 380 hominis
742 354 852 377 cervrx
863 355 907 377 in-

44 402 195 435 screietur
222 398 318 430 fui-cae
331 420 339 434 ‚
373 396 402 427 &
420 401 535 433 corpus
552 390 650 432 virgis
665 389 701 420 ad
718 396 827 419 necem
850 396 908 418 cae-
943 391 961 427 J

42 444 188 480 deretur,
213 448 246 471 ut
260 438 303 470 cst
320 436 400 478 apud
413 435 600 477 Suetonium
620 432 648 463 in
667 428 844 477 Neroness.
855 438 907 468 49.

44 484 95 517 sed
113 492 148 514 ea
163 491 254 529 poena
272 479 408 515 sublata,
433 473 557 506 exustio
577 471 725 505 lucceliit.
773 470 815 502 ht
837 469 908 501 inde

43 525 105 558 esse
123 532 254 565 opinor,
279 521 363 561 quod
381 517 550 558 Ulpianus,
567 524 639 546 cum
660 511 907 544 horrescam-ans-

42 565 132 598 fuoas
152 565 245 595 vivos
271 562 360 594 exuri
385 557 512 590 dixisset
528 557 559 589 in
586 557 615 588 h.
638 556 658 587 l.
679 559 709 589 8.
732 553 759 595 ᾗ.
779 563 808 585 2.
832 561 910 600 mox

15 590 133 640 'addat
167 606 197 637 in
231 604 259 645 ἦ.
285 614 313 646 3.
362 601 428 634 Nec
456 609 490 631 ea
517 599 630 640 quidem
662 602 749 637 panii
774 595 910 641 damnari

42 658 123 691 quern
138 639 243 688 oporte}
256 668 266 684 ,
286 651 318 676 uc
337 643 506 675 verbersbics
524 647 662 676 necetur,
683 637 731 668 vel
752 645 851 682 virgis
867 645 911 666 zn-

43 691 216 727 terimacur,
237 696 299 728 quo
312 683 496 726 signiticaret
508 704 519 720 ,
544 681 575 713 in
598 679 685 711 hoste
702 686 808 725 patriae
826 686 911 723 nunc

43 730 157 764 cessare
172 738 314 770 poenam,
340 735 408 766 quae
433 731 523 755 antea
544 730 631 753 inore
651 721 812 764 Mariorum
829 718 910 749 obti-

44 773 122 806 nuit.
171 770 245 803 Non
265 777 365 800 tamen
384 765 500 806 semper
519 765 548 795 dt
574 763 688 803 ubique
711 760 909 806 obtinuerat,

45 823 114 847 nam
137 813 166 845 δι
184 812 258 843 alias
284 818 382 841 ioenas
403 806 440 837 ab
468 803 660 850 hostibus-50¹<
677 800 910 848 oppresioribus

45 854 159 888 Pati-ire
188 855 217 884 ἃ
240 852 275 883 Li
300 849 408 881 estatis
432 847 580 878 Romana:
605 842 697 876 fuissc
719 842 842 874 exactas
859 851 910 872 au-

45 897 114 928 ἀοι·
129 893 175 926 cst
194 892 335 924 Valerius
357 890 396 921 L.
418 888 473 920 Vi.
499 888 530 918 C.
549 897 580 928 3.
603 886 683 916 inter
707 884 759 915 bas
776 885 805 914 δε
823 891 908 928 repe-

47 939 107 970 ries
134 932 417 967 vivicomburiuin,
449 938 517 969 quae
536 925 755 970 postea-poena
772 923 909 969 vulgaris

46 977 129 1016 fuit,
157 985 227 1007 nam
263 974 289 1016 §.
306 984 334 1004 2.
367 970 482 1007 refert,
508 968 540 999 P.
560 968 709 999 Mucium
728 965 908 1010 Tribunum

73 1019 148 1050 lebis
163 1025 271 1048 omncs
289 1014 435 1052 Collegas
452 1008 540 1047 suos,
566 1008 617 1048 qui
637 1007 784 1052 ducevSp.
807 1005 909 1050 Casiio

49 1060 80 1092 id
103 1064 226 1100 egerant
245 1079 254 1094 ‚
288 1063 322 1086 ut
346 1050 582 1092 Magistratibus
611 1057 675 1079 non
705 1048 880 1092 subrogatis
897 1070 907 1085 ,

49 1098 221 1134 communis
241 1096 364 1128 libertas
392 1093 424 1125 in
446 1091 575 1122 dubium
602 1096 790 1133 vocaretur,
814 1096 908 1119 VlVOS

49 1139 201 1174 cremass'e.
246 1136 322 1169 Non
351 1134 470 1175 semper
499 1140 622 1169 tamen,
652 1130 747 1175 etiam
767 1138 798 1160 in
814 1138 908 1160 veros

47 1180 220 1234 perduelles
237 1201 247 1217 ,
275 1179 345 1219 igne
368 1175 510 1207 saevitum
532 1171 587 1204 est.
634 1171 667 1203 Id
684 1171 801 1202 indicat
818 1170 908 1215 locus

53 1223 80 1256 Γ
82 1221 241 1254 ertulliani
265 1221 303 1251 ad
333 1217 489 1257 Scapulam
521 1216 554 1246 C.
578 1223 609 1254 4.
653 1212 711 1244 Pro
736 1217 907 1259 tanimun-

44 1264 136 1306 quit,
156 1262 321 1293 innocentia
333 1282 344 1298 ,
362 1265 414 1299 pro
433 1262 517 1288 tanta
530 1256 675 1301 probitate
687 1276 698 1292 ,
709 1260 761 1294 pro
776 1252 908 1300 justitia,

39 1313 96 1349 pro
131 1304 254 1335 micitia
267 1326 278 1341 ,
294 1308 347 1342 pro
362 1299 444 1340 sicle,
468 1305 520 1338 pro
540 1300 665 1327 veritate
681 1318 693 1334 ,
710 1302 760 1336 pru
782 1293 845 1340 Dea
862 1303 908 1325 vi-

45 1356 84 1380 vo
131 1344 186 1378 nifi
210 1345 321 1382 malis,
349 1339 442 1382 vivi)
461 1348 619 1371 creitiamur
636 1347 646 1375 3
667 1338 739 1379 quod
756 1336 908 1378 izecsacri-

606 1435 963 1473 CAPUT

1140 95 1230 134 LIB.
1258 98 1308 135 V.
1344 96 1383 134 C.
1408 96 1523 135 XXII.
1551 97 1683 134 xxiii.

950 178 1034 220 legi,
1065 185 1117 207 nec
1144 173 1234 217 hostes
1258 176 1374 216 publici
1397 179 1481 217 veri,
1508 188 1561 210 nec
1591 184 1633 210 tot
1652 174 1829 220 Ilsajeflatir

950 223 993 250 rei
1007 218 1191 259 piztiji'ilem.
1236 218 1279 249 Et
1295 220 1440 258 quamvis
1459 229 1522 251 non
1548 228 1721 261 perpetuo,
1746 217 1828 259 faepe

952 269 1055 292 tamen
1076 259 1217 291 servatus
1233 259 1288 290 ille
1306 259 1403 300 rigor.
1451 260 1619 292 Volcatius
1641 259 1828 292 Gallicanus

951 303 983 333 in
1005 301 1118 332 Avidio
1142 299 1229 342 Caffio
1255 301 1287 331 C.
1308 301 1362 333 ult.
1393 301 1432 332 de
1453 301 1586 342 posteris
1604 301 1711 333 Avidii
1735 300 1831 333 Caffi'i

952 344 1022 375 haec
1042 341 1182 384 scripsit:
1206 352 1250 374 eos
1271 343 1436 374 Coiiimodus
1461 343 1633 374 Antoninus
1647 341 1710 384 posi
1734 352 1829 374 eneces—>

961 387 1012 416 'um
1042 383 1120 415 Divi·
1149 383 1254 415 Patris
1272 386 1323 425 flii
1353 394 1448 415 (mines
1476 386 1560 416 vicos
1589 386 1707 415 incendi
1725 382 1830 457 jaffe,

1757 102 1827 144 173

953 425 1033 468 quusi
1061 427 1092 457 in
1116 425 1252 466 fac'tione
1280 427 1472 467 depreheiijos.
1518 425 1606 472 Quin
1626 426 1658 457 in
1674 435 1738 456 uno
1785 434 1830 456 m-

953 468 1059 500 miano
1088 467 1284 499 Marcellino
1314 475 1363 498 tot
1381 467 1526 509 exempla
1547 467 1671 508 reperio
1689 476 1800 498 corum
1816 488 1832 505 ,

953 509 1028 551 qui,
1051 508 1093 540 ob
1110 508 1378 551 perduellionem,
1403 509 1471 541 vivi
1492 507 1647 540 combusti
1674 507 1765 547 sunt,
1792 515 1831 540 ut

953 551 1005 582 vel
1024 550 1061 581 iis
1080 549 1276 582 recensendis
1294 549 1420 582 Lectori
1435 550 1541 592 gravis
1556 549 1660 582 css'ein.

999 591 1155 665 Quamvis
1173 599 1299 630 autem,
1323 599 1357 623 ut
1376 592 1469 624 initio
1482 592 1646 631 dicebam,
1668 591 1833 624 etiameos

954 633 1010 665 hol
1027 643 1079 672 es,
1112 632 1226 674 quibus
1250 633 1315 664 ritu
1342 632 1473 666 solemni
1491 634 1611 665 bellum
1632 633 1801 666 indicimus
1817 656 1831 672 ,

954 675 1049 706 liceat
1077 674 1223 706 occidere
1243 696 1254 713 ‚
1286 675 1315 706 ἅ
1333 675 1364 706 in
1380 684 1435 707 eos
1459 675 1626 717 aliquando
1639 676 1692 707 vel
1712 675 1830 707 tumui-

956 716 1054 747 tuaria
1071 716 1156 747 caede
1171 715 1223 746 vel
1240 716 1416 748 deliberato
1430 717 1536 748 animo
1551 715 1650 749 fuerit
1668 716 1830 756 saevitum,

954 766 990 788 ut
1008 757 1037 788 id
1056 765 1222 797 utrumque
1236 756 1426 798 exsequutus
1436 757 1481 790 cst
1496 757 1630 790 Grotius
1646 759 1685 790 de
1703 758 1780 800 Jure
1791 758 1830 792 B.

954 798 990 833 δέ
1008 798 1047 830 Ρ.
1072 798 1113 829 L.
1133 797 1190 829 iii.
1216 799 1249 829 C.
1268 808 1299 839 4.
1322 809 1353 831 ri.
1377 807 1424 831 10.
1450 809 1497 832 11.
1520 809 1567 832 12.
1589 798 1685 842 13&
1704 809 1751 841 14.
1775 808 1829 831 ne·

953 849 1007 871 ino
1028 847 1131 870 tamen
1150 839 1319 880 Ulpianum
1339 842 1423 872 reue
1438 842 1635 874 intellexerit
1650 842 1689 873 de
1708 841 1833 873 summo

953 881 1011 912 illo
1026 880 1099 920 Jure
1116 880 1210 919 belli,
1237 882 1323 922 quod
1352 882 1359 912 i
1387 881 1415 913 sa
1436 882 1613 916 humanitas
1630 882 1774 925 subegit,
1798 883 1831 915 &

953 921 1074 952 utilitas
1093 920 1246 959 diss'uaiit,
1265 931 1300 953 ut
1318 891 1384 964 ipsit,
1400 923 1454 955 ille
1470 922 1605 956 Grotius
1623 925 1706 957 reae
1721 924 1826 966 dispu-

954 970 1000 993 tat
1021 963 1050 994 d.
1073 961 1114 994 L.
1133 961 1190 994 Hl.
1224 964 1257 994 C.
1276 973 1305 1004 7.
1338 975 1369 996 n.
1384 974 1416 1004 5.
1450 974 1545 996 nemo
1564 967 1659 998 etiam
1681 966 1761 998 hanc
1776 966 1825 998 so-

951 1003 1087 1035 lemnem
1112 1004 1314 1044 captivorum
1339 1015 1465 1046 poenam
1488 1007 1606 1039 dixerit
1625 1030 1637 1047 ,
1670 1007 1751 1040 &ad
1769 1009 1825 1039 ho-

951 1043 1361 1090 minis'vivi-'exustionem
1387 1045 1592 1080 restrinxerit.
1640 1049 1704 1080 Aut
1728 1050 1827 1091 igitur

951 1084 1086 1125 CuJacio
1102 1085 1235 1126 aliisque
1251 1087 1315 1118 vim
1332 1088 1364 1118 vi
1386 1089 1635 1130 repellentibus,
1650 1089 1825 1123 adsentien-

950 1126 1025 1157 dum
1050 1124 1115 1172 est,
1147 1134 1182 1158 ut
1199 1127 1295 1159 video
1318 1127 1463 1161 adsentiri
1483 1131 1657 1172 plurimos,
1683 1141 1763 1172 quos
1779 1142 1827 1163 rc-

949 1168 1034 1199 ferre
1050 1167 1131 1199 nihil
1150 1169 1285 1208 attinet,
1307 1178 1380 1210 aut,
1407 1170 1427 1202 fi
1444 1180 1461 1202 a
1476 1173 1506 1203 vi
1526 1171 1743 1204 abstinendum
1759 1172 1825 1213 est,

951 1217 987 1240 ut
1005 1208 1125 1250 semper
1141 1208 1204 1250 est,
1240 1220 1312 1242 cum
1335 1221 1385 1244 res
1403 1212 1495 1245 aliter
1511 1213 1596 1245 salva
1610 1213 1672 1245 effe
1685 1216 1826 1255 poterit,

950 1248 1040 1324 [foster
1068 1252 1337 1293 interpretandum
1353 1275 1366 1293 ,
1404 1261 1441 1286 ut
1468 1255 1566 1289 modo
1599 1255 1827 1297 interpretatus

969 1302 1030 1325 um.

1064 1434 1286 1476 XXIII.

116 1531 297 1571 Servilium
322 1528 447 1576 Jctum
474 1527 508 1562 in
531 1526 571 1562 L.
594 1537 649 1561 10.
675 1524 714 1561 ff.
741 1524 784 1560 de
810 1522 890 1572 Jure
918 1526 1093 1562 Pati-enat.
1120 1528 1308 1564 mutandum
1334 1527 1439 1565 videri
1463 1528 1498 1564 in
1523 1525 1751 1574 Cervidium,

707 1586 766 1619 quo
790 1575 929 1612 scaevola
948 1575 1165 1623 figniflcetur.

163 1733 258 1762 num,
287 1722 339 1763 qui
364 1720 476 1761 capitis
504 1718 651 1749 libertum
675 1714 842 1748 accusasset
857 1738 868 1755 ,
890 1726 907 1748 a

45 1767 202 1799 bonorum
221 1763 402 1806 possessione
411 1768 523 1792 contra
536 1759 656 1790 tabulas
668 1758 805 1790 excludi.
821 1758 906 1790 Mox

44 1817 87 1840 ex
104 1806 250 1840 Labeone
267 1804 376 1837 definit
387 1827 396 1843 ,
423 1800 498 1844 quid
517 1799 553 1832 fit
572 1801 678 1841 capitis
693 1809 835 1840 acciidare.
879 1798 905 1831 1-

68 1848 98 1881 se
111 1847 216 1886 addit,
238 1847 332 1878 etiam
347 1854 440 1883 eum,
463 1843 515 1884 qui
533 1851 647 1873 nomen
662 1841 795 1879 detulit,
817 1849 906 1872 accu-

44 1858 119 1923 Faffe
141 1888 377 1930 intelligendum
405 1885 486 1924 effe,
520 1884 574 1915 nisi
590 1883 795 1915 abolitionem
808 1890 904 1923 petat.

49 1930 156 2046 Ιῗπε,
186 1930 308 1971 inquit,
339 1930 428 1961 etiam
453 1925 574 1958 Proculo
594 1923 732 1965 plcccui'ffe
762 1923 906 1955 Servilius

46 1671 363 1766 Ait—Terentius
387 1676 534 1710 Clemens
559 1675 590 1707 in
622 1674 651 1706 d.
684 1675 705 1707 l.
728 1683 774 1707 10.
801 1682 904 1722 patro-

42 1981 75 2004 s..
93 1979 147 2004 ert.
190 1971 334 2011 Servilii,
358 1979 417 2012 qua
432 1968 525 2009 JCti,
547 1972 660 2005 nemo,
681 1965 775 2011 ‚quod
792 1964 907 2004 sciam,

46 2023 69 2046 u
84 2014 161 2055 piam
181 2013 322 2044 meminit
340 2034 351 2051 ,
382 2009 437 2043 nifi
456 2008 538 2042 solus
554 2007 725 2040 Terentius
741 2006 904 2045 Clemens;

48 2054 206 2087 hominem
231 2054 325 2095 igitur
351 2054 495 2095 ignotum
520 2049 640 2081 familia
662 2048 817 2089 thorum
841 2048 904 2089 pla-

48 2095 116 2128 cuit
131 2095 262 2135 ejicere,
294 2096 324 2127 ὃς
347 2095 443 2136 magis
458 2099 570 2124 notum
579 2090 740 2136 adrogare.
787 2089 906 2122 Omnes

48 2145 136 2168 certe
162 2135 322 2168 Editiones
347 2145 418 2168 ante
443 2133 467 2165 F
470 2134 658 2165 lorentinain
675 2154 687 2170 ,
727 2130 906 2163 constanter

48 2176 227 2215 exhibent,
251 2177 368 2208 Servius
391 2176 511 2217 refert,
536 2175 630 2219 etiam
655 2174 817 2205 nonnullae
834 2171 906 2220 post.

47 2218 283 2257 Florentinam,
315 2219 344 2250 &
366 2217 407 2250 fic
435 2217 528 2249 etiam
546 2215 591 2248 est
607 2225 638 2247 in
655 2214 738 2261 MS.⁴
753 2224 824 2245 meo
843 2216 905 2246 ime

47 2258 174 2291 Gloffis.
219 2259 416 2291 Auctoritate
433 2267 534 2291 tamen
561 2256 647 2289 Libri
672 2256 784 2297 optimi
807 2255 905 2287 Servi-

43 2302 115 2333 lium
132 2299 254 2332 servant
273 2300 429 2332 Antonius
442 2298 649 2341 Augustinus,
660 2296 903 2335 Labittus,ssei·-

46 2341 180 2375 trandus.
225 2341 390 2383 Perper-am
415 2341 523 2381 utique
540 2340 655 2381 legitur
670 2339 810 2377 Servius,
831 2348 904 2370 cum

45 2383 283 2424 Servius,quod
300 2383 330 2416 &
344 2381 530 2416 Bertrandus
552 2380 773 2413 animadvertit
790 2380 822 2412 in
840 2379 904 2412 Ser-

46 2425 117 2458 vilio
129 2447 142 2463 ,
167 2424 326 2465 antiquior
351 2423 449 2456 fuerit
462 2446 474 2463 ‚
529 2432 596 2455 uam
618 2430 654 2453 ut
668 2421 838 2454 Proculum
854 2432 904 2454 au-

46 2466 163 2498 storem
177 2466 299 2497 laudare
315 2465 466 2507 potuerit.
529 2465 570 2496 lle
590 2464 686 2513 igitur
712 2471 818 2504 putat,
842 2463 905 2496 Ser-

44 2508 149 2542 vilium
167 2507 322 2549 intelligi,
345 2507 434 2547 cujus
450 2506 593 2539 meminit
618 2504 746 2537 l'acitus
762 2505 903 2537 L.Xiv.

46 2549 163 2582 Annal.
186 2549 218 2580 C.
242 2557 308 2585 19..
333 2548 392 2581 Sed
408 2557 509 2589 neque
526 2547 588 2579 hoc
603 2546 681 2578 mihi
698 2546 744 2579 est
762 2547 905 2588 probabi-

44 2589 96 2629 le,
109 2599 180 2622 nam
194 2589 365 2628 Servilius,
381 2599 472 2631 quem
480 2589 616 2622 Tacitus
631 2587 753 2627 laudat,
776 2588 831 2620 sub
840 2588 871 2620 N
875 2598 904 2619 e-

42 2641 121 2665 rone
139 2631 197 2662 ‘am
209 2629 278 2662 fato
293 2629 349 2663 suo
362 2629 490 2664 functus
508 2630 553 2662 est
563 2653 575 2669 ,
598 2637 634 2662 ut
657 2629 722 2671 ipse
736 2630 780 2662 ibi
795 2629 904 2661 auCtor

44 2672 110 2712 est,
163 2672 274 2704 icinius
295 2680 401 2703 autern
425 2672 579 2704 Proculus
602 2671 657 2704 sub
689 2671 840 2710 Othone,
873 2672 904 2703 δε

45 2714 154 2746 deince
178 2724 212 2753 s,
243 2712 377 2752 floruit3
407 2712 461 2745 sub
477 2713 608 2746 Othone
630 2713 696 2753 ejus
721 2714 842 2745 mentio
858 2711 905 2745 est

45 2755 129 2795 apud
169 2754 301 2786 'acitum
327 2755 372 2789 21..
400 2753 423 2786 Ι.
452 2753 567 2797 Histor.
597 2755 631 2786 C.
651 2757 704 2794 46.
736 2755 770 2787 C.
796 2759 848 2789 82.
869 2754 905 2789 δ’

44 2797 84 2828 C.
107 2800 157 2836 87.
188 2796 218 2827 &
249 2795 289 2827 L.
310 2795 350 2827 ΙΙ.
380 2796 413 2828 C.
432 2807 484 2839 39,
515 2797 549 2829 C.
574 2806 626 2837 40.
655 2794 692 2830 &
721 2796 754 2828 C.
771 2806 823 2837 44.
850 2795 906 2827 sub

47 2837 184 2869 Vitellio
205 2837 245 2868 L.
262 2835 300 2868 ΙΙ.
324 2837 356 2868 C.
373 2840 423 2869 60.
448 2838 536 2885 Quin
552 2838 589 2870 ad
605 2837 814 2870 Alexandri&
825 2836 906 2869 Gor-

47 2878 130 2916 diani
155 2885 296 2918 tempora
315 2879 480 2919 pervenit,
509 2879 533 2912 fi
554 2888 665 2912 verum
680 2879 738 2918 fit,
763 2880 800 2911 ad
822 2879 905 2911 hunc

48 2918 220 2952 Proculum
237 2918 354 2951 exstare
367 2919 565 2961 Rescriptum
581 2920 749 2953 Alexandri
776 2921 808 2953 in
829 2921 850 2953 l.
873 2931 903 2958 9.

48 2962 87 2993 C.
105 2961 142 2991 ad
161 2959 208 3005 L.
221 2959 289 3000 Jul.
306 2961 340 2993 ae
358 2960 464 2993 Adult.
489 2962 519 2994 ὅ(
543 2960 695 2994 Gordiani
711 2963 743 2994 in
765 2962 806 2994 L.
818 2973 848 3004 7.
872 2963 906 2996 C.

45 3003 85 3035 ⁴de
104 3001 243 3042 Accusat.
266 3009 300 3032 ut
315 3001 385 3032 haec
401 3002 533 3042 conjicit
550 3003 733 3035 Pancirolus
750 3004 792 3036 L.
803 3003 828 3036 l.
843 3004 907 3036 Va-

46 3045 125 3089 viar:
147 3041 231 3074 Leet.
251 3043 288 3075 C.
307 3052 358 3089 79.
379 3052 410 3073 η.
431 3052 480 3074 10.
523 3044 583 3076 Sed
598 3045 739 3085 quamvis
756 3044 907 3087 ipsehanc

50 3082 263 3123 conjecturam
288 3090 391 3116 nolim
413 3082 519 3117 facere
543 3095 660 3125 meam,
689 3085 786 3119 facile
808 3095 912 3118 tamen

49 3122 322 3170 mihilpersuadeo
335 3147 345 3164 ,
376 3124 468 3157 illum
488 3127 656 3161 Servilium
673 3151 684 3166 ,
715 3128 804 3168 cujus
827 3137 912 3160 mors

48 3165 165 3200 incidit
190 3174 222 3197 m
247 3165 461 3207 principatum
479 3167 617 3201 Neronis
632 3191 642 3207 ,
675 3168 846 3200 Proculum
861 3178 913 3201 au-

49 3207 171 3242 ctorem
194 3215 260 3244 non
281 3206 433 3248 laudasse,
467 3218 541 3245 cum
563 3209 720 3245 Proculus
745 3208 845 3244 fuerit
861 3209 915 3244 vel

949 1672 1079 1717 aequalis
1105 1676 1158 1708 vel
1185 1677 1309 1718 junior,
1342 1677 1510 1719 aequalium
1525 1685 1631 1709 autem
1650 1678 1703 1710 vel
1720 1677 1825 1718 junios

948 1726 1018 1749 rum
1038 1717 1227 1749 auftoritate
1253 1719 1402 1751 rariflime
1421 1720 1464 1751 uti
1484 1719 1582 1760 JCtos
1598 1727 1723 1751 veteres
1741 1719 1828 1751 reue

950 1758 1033 1790 dixit
1048 1759 1220 1800 Menagius
1250 1760 1394 1793 Amoem‘t.
1419 1761 1493 1803 Jur.
1523 1761 1591 1793 Ci'v.
1616 1761 1650 1793 C.
1669 1770 1720 1793 20.
1765 1761 1823 1793 So-

951 1800 1053 1832 lemus
1070 1800 1107 1832 ad
1124 1809 1228 1842 partes
1248 1812 1365 1837 vocare
1380 1812 1436 1835 eos
1447 1825 1459 1842 ,
1481 1804 1534 1845 qui
1554 1802 1712 1834 hilarioris
1731 1801 1825 1833 fama:

949 1840 1041 1882 sunt,
1076 1842 1106 1874 &
1132 1842 1330 1875 auetoritatis
1351 1845 1449 1886 longo
1471 1844 1528 1877 usu
1551 1845 1711 1885 probatae‚
1737 1842 1826 1885 quod

949 1883 981 1915 in
1002 1883 1174 1925 aequalibus
1191 1885 1243 1916 vel
1257 1885 1436 1925 junioribus
1451 1887 1510 1918 vix
1526 1887 1661 1918 obtinet.
1697 1885 1741 1917 Et
1761 1894 1825 1916 me-

949 1925 1042 1970 minit
1064 1924 1117 1956 hic
1141 1925 1295 1958 Servilius
1316 1927 1444 1960 Proculi
1463 1951 1475 1967 ‚
1507 1938 1568 1976 qua
1585 1927 1719 1959 celebris
1745 1934 1825 1959 tunc

948 1965 1022 2012 JCti
1039 1989 1050 2006 ,
1080 1967 1147 2006 eius
1169 1967 1320 2008 opinione
1345 1967 1427 2001 suam
1444 1972 1706 2008 confirmaturus,
1729 1969 1774 2000 ait
1792 1978 1824 1999 e-⁴

948 2017 1032 2047 nim,
1068 2009 1099 2039 id
1125 2010 1215 2040 etiam
1239 2009 1361 2042 Proculo
1374 2011 1526 2053 placuijffe.
1571 2011 1620 2043 Ad
1638 2011 1706 2042 haec
1722 2010 1823 2042 Taci-

949 2056 999 2080 tus
1018 2050 1189 2082 Servilium
1212 2049 1301 2082 suum
1316 2060 1414 2084 vocat
1440 2054 1590 2086 tradendis
1609 2054 1693 2084 rebus
1712 2052 1824 2084 Roma-

947 2092 995 2121 nis
1012 2091 1149 2123 celebrem
1165 2114 1177 2130 ,
1215 2092 1254 2123 de
1277 2093 1345 2133 jure
1366 2095 1533 2137 quicquam
1555 2093 1713 2126 tradidisse
1739 2093 1824 2131 nihii

948 2141 1106 2178 monens,
1123 2142 1188 2165 non
1207 2134 1374 2167 omiss'urus
1389 2135 1476 2170 forte
1487 2160 1497 2178 ‚
1521 2137 1543 2170 fi
1559 2136 1629 2178 quis
1641 2135 1708 2176 ejus
1727 2135 1821 2174 liber,

947 2173 985 2205 de
993 2215 996 2216 ⁷
1005 2174 1072 2214 iure
1089 2175 1223 2216 icriptus
1232 2200 1241 2215 ,
1268 2177 1414 2209 exstaret.

991 2215 1072 2262 Iiaec
1089 2215 1157 2247 fere
1172 2226 1224 2248 me
1248 2226 1401 2259 movent,
1426 2228 1463 2251 ut
1481 2216 1624 2260 credam,
1648 2218 1823 2252 Servilium

948 2256 1057 2303 Taciti
1074 2258 1187 2304 procul
1206 2258 1278 2291 hinc
1294 2259 1355 2292 ess'e
1381 2261 1565 2293 habendum.
1612 2261 1743 2299 Alium,
1766 2260 1822 2301 qui

948 2298 1023 2330 huic
1047 2307 1134 2330 aetati
1155 2301 1326 2333 conveniat
1343 2325 1353 2341 ,
1385 2301 1499 2334 frustra
1515 2312 1634 2344 quaero.
1680 2301 1758 2334 Non
1775 2308 1820 2333 ta-

946 2349 1019 2371 men
1044 2349 1212 2414 profterea
1239 2342 1399 2375 Servilium
1427 2344 1478 2376 hic
1508 2344 1667 2384 reiecero,
1692 2353 1764 2375 nam
1789 2344 1822 2375 dc

947 2380 1069 2413 servavi
1093 2381 1288 2415 ‘'uscianum
1303 2407 1313 2423 ‚
1346 2385 1508 2417 hominem
1534 2395 1623 2426 aeque
1642 2387 1787 2427 ignotum
1808 2406 1823 2423 ,

946 2422 1027 2470 apud
1045 2423 1256 2465 Pomponium
1273 2426 1305 2458 in
1328 2425 1350 2458 1.
1370 2437 1400 2459 2.
1421 2427 1451 2468 §.
1468 2436 1521 2468 47.
1534 2426 1576 2469 ff.
1593 2429 1626 2459 de
1640 2426 1818 2470 Orig.Jiir.

949 2474 982 2497 in
1005 2464 1203 2507 Praetermi‘ffis
1227 2467 1264 2499 ad
1290 2477 1358 2499 eam
1382 2468 1418 2501 L.
1444 2468 1474 2500 ὅς
1497 2469 1581 2501 reete
1600 2469 1769 2509 Menagius
1788 2468 1820 2499 d.

952 2507 986 2552 C.
1006 2515 1062 2551 20.
1080 2505 1218 2539 servavit
1242 2508 1400 2542 Labeonis
1422 2509 1508 2541 libros
1524 2509 1745 2551 Epistularum,
1770 2517 1817 2539 et-

950 2556 1011 2579 iain
1023 2548 1100 2593 alibi
1119 2547 1235 2580 frustra
1259 2551 1414 2592 quaefitos.
1461 2552 1521 2584 Sed
1539 2553 1610 2593 quis
1624 2551 1731 2583 credat
1751 2549 1818 2581 Te-

947 2596 1085 2635 rentium
1109 2588 1307 2624 Clementem
1334 2592 1366 2624 in
1395 2593 1424 2625 h.
1446 2593 1468 2625 l.
1494 2602 1543 2625 10.
1572 2591 1758 2634 provocass'e
1780 2590 1821 2622 ad

949 2629 1165 2662 testiinonium
1187 2632 1340 2673 Servilii,
1371 2634 1510 2667 hominis
1528 2634 1649 2666 scilicet
1668 2632 1793 2665 obscuri

948 2680 984 2704 ut
1001 2681 1040 2704 ex
1056 2682 1095 2704 eo
1111 2672 1332 2706 austoritatem
1347 2675 1511 2708 sententiae
1531 2675 1593 2708 suae
1612 2655 1821 2707 conciliaret‘}

947 2723 1003 2745 eos
1017 2713 1170 2746 Auuores
1186 2715 1365 2757 laudamus,
1421 2718 1512 2749 uibus
1528 2725 1622 2749 nemo
1638 2724 1703 2747 non
1721 2713 1820 2746 facile

948 2754 1105 2796 adsurgit,
1130 2756 1160 2788 δε
1176 2754 1219 2788 fic
1236 2758 1333 2790 etiam
1348 2759 1399 2790 Au
1432 2768 1502 2790 ores
1526 2757 1597 2789 suos
1618 2756 1745 2788 laudant
1764 2764 1818 2787 ve-

949 2804 1031 2828 teres
1054 2796 1138 2837 JCti.
1183 2797 1290 2840 Atque
1313 2809 1349 2831 ea
1372 2799 1546 2841 praesertim
1573 2797 1655 2828 ratio
1672 2795 1736 2836 est,
1760 2805 1819 2829 cui·

947 2847 1006 2880 pro
1025 2838 1170 2869 Servilius
1187 2840 1302 2880 refert,
1330 2841 1382 2872 hic
1403 2840 1509 2871 malim
1532 2838 1718 2878 rescribere,
1748 2839 1816 2870 Cer-

946 2880 1046 2912 vidtur
1066 2879 1160 2919 refert
1176 2902 1188 2918 ,
1214 2890 1278 2921 quo
1309 2881 1485 2922 intelligam
1519 2879 1704 2912 Cervidium
1738 2879 1819 2912 Scae·

947 2921 1056 2952 volam
1072 2944 1082 2960 ,
1112 2921 1245 2953 laetioris
1268 2921 1360 2954 famae
1391 2922 1421 2953 &
1454 2929 1589 2963 receptae
1621 2921 1821 2953 auctoritatis

949 2961 1064 3003 JCtum
1074 2983 1086 3000 ,
1109 2963 1161 2993 cui
1184 2961 1265 3003 saepe
1281 2963 1313 2995 in
1327 2964 1400 3004 Jure
1411 2962 1519 2994 nostro
1536 2962 1752 2995 testimonium
1767 2961 1822 2994 de·

949 3003 1138 3035 nunciarunt
1153 3002 1287 3044 Paulus,
1319 3002 1543 3043 Modestinus,
1568 3003 1618 3035 Tr
1666 3004 1823 3041 boninus,

953 3043 1156 3083 Marcianus,
1180 3043 1385 3085 Papinianus,
1409 3045 1474 3077 alii.
1520 3045 1616 3077 Scaevo
1630 3054 1714 3077 arum
1726 3046 1820 3077 erudi·

954 3087 1061 3116 tionem
1088 3084 1120 3116 in
1141 3087 1322 3127 exemplum
1346 3085 1448 3118 adfert
1474 3086 1680 3160 ngmachus
1702 3086 1746 3120 L0
1765 3085 1822 3118 111.

956 3123 1054 3167 Epist.
1073 3135 1124 3168 23.
1170 3126 1321 3170 Intelligo
1342 3135 1448 3159 autem
1513 3128 1668 3160 ervidium
1694 3128 1822 3161 Scaevo—
1855 3162 1860 3165 ,

956 3168 1036 3206 lain,
1066 3167 1119 3212 qui
1143 3166 1199 3199 sub
1221 3169 1338 3201 Marco
1362 3168 1528 3201 Antonino
1551 3169 1636 3201 vixit
1653 3189 1664 3209 ,
1697 3170 1727 3201 ἃ
1741 3168 1827 3200 recte

956 3207 1085 3243 Proculi
1101 3231 1113 3248 ,
1143 3218 1204 3250 qua
1224 3210 1431 3255 antiquioris,
1463 3211 1651 3245 aunoritate
1669 3209 1741 3244 usus
1759 3211 1825 3254 etih,

1105 3249 1134 3286 Y
1155 3261 1177 3296 3
1761 3259 1828 3294 qui-
