2008 3436
427 111 825 152 CORNELII
900 119 1008 146 VAN

177 129 244 163 204

1083 105 1690 157 BYNKERSHOEK

1995 0 2008 30 sl

1991 48 2008 80 ff!

2001 163 2005 177 Ι.

170 193 300 233 pupillo,
324 194 380 225 hac
400 193 572 234 sententia3
592 192 665 235 post
681 191 873 233 repudiatam
889 188 1039 221 heredita·
1081 190 1116 220 in.
1143 190 1256 229 integro
1277 186 1340 226 fine
1356 211 1366 227 ,
1399 189 1554 219 omnimodo
1579 189 1736 220 audiendus
1759 187 1820 230 est,
1834 190 1864 231 fi
1876 201 1943 229 vere
1996 192 2003 218 s

175 242 237 263 tem
257 233 400 275 bonaque
418 235 579 275 distracta,
601 234 798 267 fiduciarium
821 230 970 278 *nonuess'e
988 239 1040 276 co-

172 273 306 312 gendum
336 275 499 309 restituere
515 300 527 316 ,
551 277 607 309 etfi
635 272 938 308 fideicommrss'arius
960 271 1040 318 esset

170 314 328 353 pupillus,
355 318 443 357 cujus
458 318 600 359 alioquin
621 316 714 349 favor
733 314 896 346 humanius
914 312 989 353 quid
1007 321 1037 342 e-

170 354 278 393 Xigssle
297 358 466 392 videretur.
513 359 572 391 Sed
590 366 690 399 neque
708 357 771 389 hoc
790 355 914 396 placet,
938 362 1040 394 neque

171 394 235 436 ipsa
258 398 395 431 Pretorls
418 410 485 435 vox
510 400 588 432 mihi
615 400 667 431 hic
692 397 764 430 satis
783 396 910 427 videtur
924 404 1039 435 oppor-

174 445 266 477 tuna,
293 449 363 472 nam
378 451 454 472 ecce
471 442 533 473 hoc
549 442 624 473 loco
639 437 862 480 explicandum
882 436 935 467 vel
952 443 1037 475 repe-

172 478 302 511 tcndum
319 492 383 514 non
400 490 484 521 erat,
509 492 564 524 per
579 491 674 521 quein
690 480 779 512 heres
794 477 966 523 detrectans
984 474 1037 521 yel

172 521 337 559 rebudians
356 532 523 564 cogeretur
542 522 722 559 restituere,
746 528 820 550 cum
835 526 929 549 initlo
945 517 1037 562 hujus

172 562 321 595 tractatus
338 564 368 595 id
386 565 452 596 fieri
468 564 632 601 debuerit,
658 562 687 593 δε
710 560 827 592 factum
848 567 974 599 quoque
1000 558 1038 588 fit

173 600 211 631 ab
230 602 364 650 Ulpiano
390 606 419 637 in
444 606 464 636 l.
495 615 541 646 13.
567 604 596 645 §.
619 614 650 643 4.
679 602 720 643 ff.
754 602 791 631 aa
816 601 886 632 SCt.
913 598 1034 631 Trebell.

171 644 246 682 quin
265 649 285 676 11
305 646 525 686 explicandum
550 645 579 676 &
594 642 800 685 repetendum
822 641 920 679 ciret,
951 639 982 685 §.t
1009 648 1035 670 1.

170 682 202 713 id
219 687 330 718 melius
348 687 535 718 conveniret
553 710 562 725 ‚
588 686 641 716 ubi
656 684 753 724 JCtus
775 683 854 728 hanc
873 688 1037 713 materiam

170 722 275 757 fuerat
305 727 401 761 orsus.
447 726 593 758 Nimium
624 735 750 767 quoque
776 722 926 755 differunt
959 721 1037 753 Prae-

169 773 264 807 ceptor
282 768 311 799 δε
331 769 459 806 Praetor,
481 777 554 799 cum
572 765 723 808 scriptura
734 790 743 805 ,
757 774 823 810 tuin
840 763 1040 807 sono,quam

172 815 207 838 ut
228 817 353 879 Ruteni,
364 808 498 840 alterum
515 808 645 840 verbum
666 808 698 839 in
713 808 842 839 alterius
857 805 965 837 locum
980 812 1036 835 nn-

174 857 226 879 ¹rra
254 859 279 881 e.
796 876 797 880 ,

172 872 193 888 a:
214 889 416 934 Quapropter
430 901 490 932 ego
512 891 618 924 malim
635 899 693 932 pro
704 895 906 930 preceptorem
923 887 1038 934 minori

169 939 262 962 motu
288 931 457 964 rescribere
481 938 652 973 receptorem
670 954 679 969 ,
703 932 733 963 oc
758 930 935 971 intelligere
953 927 1039 969 ficiet-

171 972 390 1014 conwfflffarium
400 996 411 1012 ‚
431 983 486 1012 ea,
498 983 589 1014 quarn
607 982 684 1004 mox
693 972 961 1016 dicamflatione
972 969 1036 1001 De-

173 1013 245 1044 inde
267 1012 439 1055 restituendi
464 1014 656 1046 vocabulum
671 1037 679 1053 ‚
705 1013 791 1054 quod
812 1012 853 1044 lic
873 1011 1037 1058 sequitur,

170 1064 234 1086 non
251 1056 425 1096 acceperim
442 1055 481 1087 de
498 1055 698 1088 restitutione
715 1053 914 1092 hereditatis,
932 1051 982 1084 sed
999 1052 1038 1083 de

168 1095 370 1129 restitutione
391 1097 421 1128 in
445 1096 619 1138 integrum,
645 1103 681 1127 ut
695 1095 790 1126 video
805 1103 931 1136 quoque
950 1102 1036 1125 acce-

169 1135 248 1179 piss'e
262 1137 455 1170 Accurfium.
500 1138 607 1180 Atque
621 1138 666 1168 ita
680 1135 783 1168 sensus
802 1136 883 1175 erit,
907 1134 977 1176 post
992 1143 1038 1180 re-

169 1178 330 1219 pudiatam
345 1188 410 1212 non
424 1179 578 1212 duntaxat
588 1201 599 1217 ,
617 1177 667 1210 sed
683 1178 713 1209 &
729 1176 904 1222 distractam
920 1176 1039 1215 heredi-

171 1227 270 1251 tatem
288 1219 606 1253 fideicommiffarium
622 1229 687 1252 non
704 1218 765 1250 esse
783 1217 995 1263 audiendum,
1017 1215 1040 1248 fi

167 1261 338 1300 implorata
365 1260 564 1294 restitutione
590 1261 623 1292 in
650 1260 807 1301 integrum
831 1259 912 1290 hanc
926 1258 1041 1304 sibl-ex

170 1301 361 1335 testamento
374 1302 495 1335 restitui
510 1301 726 1344 postulaverit.
760 1299 845 1346 Quia
859 1299 1039 1331 fiduciarlus

169 1344 283 1385 nequit
298 1342 461 1376 restituere
483 1343 687 1376 hereditatem
698 1365 709 1381 ‚
733 1350 827 1387 quam
845 1350 910 1373 non
926 1340 1037 1380 habet,

170 1392 286 1425 utpote
305 1385 496 1423 distractam,
521 1385 553 1416 in
575 1383 683 1424 primis
708 1381 924 1423 requirebatur
937 1380 1038 1414 causae

169 1426 404 1467 redintegratio
453 1425 546 1458 Hanc
566 1434 605 1456 ne
628 1431 659 1455 at
677 1423 776 1464 JCtus
790 1422 1038 1455 fideicommissa-

169 1468 220 1499 rio
238 1492 248 1506 ,
273 1468 344 1508 quia
362 1476 410 1498 res
426 1466 546 1508 integra
565 1434 627 1497 eng
643 1464 732 1497 defiit
750 1488 760 1504 ,
785 1463 949 1506 postquam
973 1474 1038 1496 cre-

170 1508 291 1540 ditores
316 1508 367 1538 vel
392 1507 518 1539 heredes
535 1506 670 1548 legitimi
685 1506 767 1538 bona
783 1506 845 1546 jam
863 1515 1039 1547 occupave»

168 1549 235 1581 rint
260 1549 290 1580 ὃ(
315 1547 542 1586 distraxerint3
574 1548 627 1589 qui
649 1556 725 1579 tunc
749 1545 887 1588 postulat
905 1548 937 1579 in
961 1547 1041 1579 inte-

171 1600 262 1631 grum
286 1588 316 1620 se
336 1588 455 1621 restitui
471 1610 490 1628 ,-
515 1588 584 1621 sero
600 1588 692 1621 nimis
707 1587 854 1629 postulat.
900 1587 969 1630 Ipse
986 1588 1041 1620 mi—

170 1640 249 1670 nor,
272 1631 326 1670 qui
343 1630 549 1665 hereditatem
565 1629 744 1672 repudiavit
757 1653 769 1670 ,
786 1629 928 1672 fiquidem
944 1631 1042 1662 omnia

758 1722 1029 1758 CAPU

1078 231 1144 272 jam
1161 228 1301 270 distracta
1315 229 1492 268 hereditate,
1518 228 1553 264 ἐξ)
1567 232 1692 272 negotiis
1702 229 1802 270 finitis
1811 254 1822 270 ,
1842 235 1879 265 ad
1891 241 1941 276 pa.

1082 277 1179 303 ratam
1189 272 1345 312 pecuniam
1358 268 1659 311 laboribu-ssubstitati
1674 273 1778 303 veniat
1787 275 1940 315 ‚repellen-

1083 313 1134 343 dus
1149 310 1207 353 eft,
1227 319 1263 343 ut
1283 320 1323 342 ex
1337 311 1481 343 Scaevola
1501 312 1614 344 Paulus
1630 311 1776 344 observat
1799 315 1831 346 in
1854 316 1873 347 l.
1891 327 1940 359 24,

1084 353 1112 394 §.
1139 363 1167 384 2.
1187 353 1227 395 ff.
1252 354 1284 384 de
1310 352 1423 383 Minor.
1444 352 1488 384 Et
1503 353 1574 384 inde
1589 353 1813 400 intelligimus,
1838 366 1940 399 quam-

1084 393 1193 426 obrem
1207 395 1306 435 JCtus
1320 393 1351 424 in
1374 394 1404 425 h.
1428 394 1448 425 l.
1464 403 1510 435 14.
1536 392 1563 435 §.
1590 405 1619 426 ρ.
1642 394 1812 436 addiderit,
1837 408 1874 428 ne
1883 401 1943 440 (με.

1079 436 1145 466 dem.
1155 436 1300 476 pupillum
1315 457 1326 473 ,
1346 434 1409 466 hoc
1425 434 1487 474 est,
1513 445 1609 476 usque
1631 436 1709 468 adeo
1733 436 1854 470 Praetor
1878 448 1942 476 non

1079 476 1173 507 debet
1196 478 1228 508 in
1248 478 1404 517 integrum
1423 475 1586 508 restituere
1604 477 1943 520 fideicommiss'arium,

1080 525 1116 548 ut
1134 517 1211 549 &id
1231 519 1263 549 in
1308 517 1409 558 upillo
1426 517 1568 549 obtineat
1585 543 1594 558 ,
1619 519 1672 560 qui
1697 519 1836 560 alioquin
1858 519 1942 554 resti-

1080 558 1214 590 tuendus
1236 559 1269 590 vi
1293 558 1401 589 ebatur
1425 558 1467 590 ob
1488 566 1614 592 aetatem
1643 560 1829 601 pupillarem
1845 586 1856 601 ,
1896 570 1946 597 tot

1079 599 1255 640 privilegiis
1279 599 1441 630 munitam.
1487 600 1545 631 Vis
1564 601 1747 632 rationem?
1770 612 1834 634 non
1854 603 1945 638 aliam

1079 639 1160 671 dabo
1174 662 1187 678 ,
1210 649 1302 681 quam
1318 648 1358 671 ex
1373 640 1516 672 Scaevola
1531 641 1617 673 dedit
1633 642 1746 674 Paulus
1761 643 1793 676 in
1815 645 1845 677 d.
1857 645 1878 676 l.
1893 654 1945 685 24.

1102 705 1109 712 .
1134 690 1163 712 2.

1080 680 1099 722 ἓ
1121 721 1181 753 Sed
1204 721 1279 762 quid
1308 722 1420 760 audio,
1445 723 1585 764 inquies,
1615 734 1653 757 an
1673 733 1843 767 receptorem
1862 728 1947 761 dixit

1081 762 1179 803 JCtus
1195 772 1252 803 pro
1262 760 1521 804 fideicommiffario
1537 766 1554 797 ,9
1573 774 1655 807 puto
1671 768 1803 807 dixisse,
1827 769 1858 801 &
1874 780 1945 801 ver-

1081 805 1157 835 bum
1197 803 1383 836 insolentius
1415 804 1564 838 fefellisse
1602 806 1763 841 librarium
1788 809 1947 843 Florenti-

1081 854 1175 883 num,
1200 854 1294 886 atque
1314 846 1386 877 inde
1401 847 1588 888 Praecepzoris
1603 858 1717 881 vocem
1735 874 1745 890 ,
1768 859 1818 882 ma
1841 851 1867 883 is
1889 861 1947 883 no«

1082 894 1165 924 tam,
1189 886 1219 918 &
1237 910 1247 925 ,
1272 896 1369 927 quum
1391 888 1458 919 haec
1487 899 1551 921 non
1574 891 1761 923 conveniret
1775 915 1786 931 ,
1839 894 1949 925 roetorz's

1080 927 1143 959 ell'e
1161 936 1274 959 natam.
1308 927 1445 960 Dicetur
1460 938 1564 962 autem
1582 937 1709 971 receptor
1724 932 1945 966 fideicommis-

1080 968 1196 1014 sarius,
1227 969 1313 1014 quod
1332 969 1538 1002 hereditatem
1557 972 1594 1003 ab
1622 972 1735 1005 herede
1750 973 1839 1006 susce
1861 982 1924 1007 tarn
1935 998 1949 1015 ,

1080 1010 1145 1051 iple
1171 1010 1302 1050 recipiat
1319 1021 1327 1041 τ
1352 1013 1612 1051 quemadmodum
1630 1014 1713 1045 enim
1728 1015 1816 1047 heres
1853 1016 1950 1050 icitur

1080 1051 1287 1083 hereditatem
1305 1051 1451 1093 suscipere
1479 1054 1498 1084 l.
1525 1064 1574 1094 ῃ.
1600 1053 1626 1095 §.
1650 1064 1678 1095 7.
1704 1055 1744 1097 ff.
1774 1057 1807 1088 de
1832 1057 1945 1100 Legat.

1081 1091 1119 1124 Il.
1147 1092 1177 1124 &
1201 1092 1221 1123 l.
1247 1096 1293 1124 16.
1320 1092 1347 1134 ἓ.
1372 1103 1417 1126 10.
1436 1094 1476 1135 ff.
1501 1097 1538 1126 all
1560 1096 1630 1127 SCc.
1660 1096 1782 1129 Trebell.
1813 1099 1857 1130 ita
1872 1100 1947 1130 reci-

1077 1139 1145 1175 pere
1163 1133 1280 1166 dicitur
1297 1134 1598 1168 fideicommifl'arius
1621 1137 1640 1168 l.
1652 1138 1706 1170 ult.
1726 1139 1766 1180 ff.
1788 1140 1824 1170 de
1838 1139 1953 1172 Tram->

1080 1174 1136 1206 αὲἶ.
1161 1175 1181 1206 l.
1204 1185 1255 1215 44.
1273 1181 1320 1215 pr.
1344 1175 1380 1210 ὅ)
1401 1175 1439 1222 ᾖ..
1458 1187 1483 1208 1.
1509 1178 1528 1208 l.
1553 1186 1603 1218 45.
1631 1178 1661 1210 &
1682 1180 1702 1212 l.
1723 1185 1775 1221 67.
1797 1180 1825 1223 §.
1854 1191 1880 1213 1.
1903 1181 1947 1223 ff.

1081 1217 1120 1247 ad
1145 1216 1214 1247 SCr.
1242 1216 1363 1247 Trebell.
1409 1218 1441 1249 S1
1458 1217 1524 1259 ipsa
1539 1221 1694 1258 receptoris
1711 1232 1778 1253 vox
1791 1246 1802 1262 ,
1850 1232 1896 1254 uae
1913 1232 1947 1254 u-

1082 1257 1169 1298 tique
1188 1256 1262 1288 satis
1275 1256 1389 1289 Latina
1404 1257 1468 1296 est,
1494 1259 1551 1290 tibi
1565 1257 1653 1290 forte
1671 1261 1704 1294 in
1729 1263 1808 1295 hanc
1840 1271 1949 1295 enten-

1082 1298 1158 1330 tiam
1174 1297 1254 1330 lecta
1271 1307 1336 1330 non
1352 1298 1406 1339 fit,
1431 1300 1627 1339 memineris,
1652 1301 1683 1333 in
1707 1302 1824 1336 Gloffis
1841 1303 1952 1336 Philo·

1082 1339 1156 1385 xeni
1175 1338 1254 1379 esse,
1279 1340 1441 1380 ὀποδικεὺς,
1465 1348 1612 1383 receptor,
1632 1352 1690 1375 nec
1705 1345 1872 1386 quicquam
1889 1346 1948 1377 im-

1081 1380 1212 1423 pedire,
1235 1381 1403 1428 quominus
1422 1392 1458 1414 ea
1481 1383 1524 1415 ibi
1542 1383 1579 1416 fit
1596 1384 1662 1424 ejus
1687 1385 1775 1417 verbi
1798 1386 1950 1427 fignifica-

1083 1423 1140 1454 tio.
1186 1422 1376 1455 Memineris
1397 1433 1523 1470 quoque
1541 1449 1550 1464 ‚
1590 1425 1613 1458 fi
1638 1425 1885 1469 Hermogeniani
1911 1428 1952 1461 fit:
1998 1440 2002 1444 ’

1082 1465 1110 1496 d.
1135 1463 1156 1495 l.
1184 1473 1231 1504 14.
1254 1471 1290 1495 ut
1306 1463 1331 1495 F
1334 1464 1477 1497 lorentiae
1495 1465 1734 1508 superscribitur
1748 1493 1758 1508 ‚
1783 1477 1854 1500 eum
1901 1470 1951 1502 lus

1083 1504 1179 1538 semel
1203 1505 1297 1537 novis
1318 1506 1350 1538 &
1377 1506 1514 1539 insolitis
1538 1508 1703 1542 vocabulis
1726 1509 1820 1542 fuiss'e
1847 1520 1868 1542 u
1884 1520 1947 1544 um.

1084 1546 1184 1579 Exem
1211 1547 1240 1578 la
1252 1546 1394 1579 adderem
1407 1570 1417 1586 ,
1441 1548 1497 1580 nis1
1517 1550 1716 1590 praeveniss'et
1727 1551 1890 1593 diligentia
1900 1551 1949 1593 Ja-

1084 1589 1157 1620 cobi
1178 1555 1373 1634 (gothofredi
1393 1590 1554 1636 Pyolegom.
1579 1591 1615 1622 ad
1635 1592 1700 1624 Cod.
1715 1591 1846 1634 Theodff
1872 1592 1905 1626 C.
1920 1602 1950 1627 1.

1083 1638 1125 1661 ex
1142 1639 1206 1671 quo
1220 1630 1425 1665 animadverti
1441 1630 1521 1663 ahos
1539 1630 1592 1664 sua
1607 1631 1806 1676 descripsisse.

1079 1721 1116 1756 T
1191 1722 1374 1758 XXII.

589 1811 787 1858 Explicatur
813 1810 853 1844 L.
882 1811 916 1845 6.
943 1808 976 1856 §.
993 1820 1024 1844 1.
1052 1808 1091 1844 ff.
1120 1809 1165 1847 de
1190 1808 1321 1846 Interd.
1348 1807 1386 1845 &
1411 1812 1517 1859 releg.

233 1905 356 1946 raefidem
374 1907 522 1947 deportare
540 1917 598 1939 aon
613 1908 685 1949 poffe
695 1930 706 1947 ,
728 1908 812 1939 nulla
828 1908 970 1939 dubitatio
987 1906 1040 1949 est,

256 1948 360 1989 inquit
378 1948 532 1990 Ulpianus
550 1950 582 1981 in
601 1950 621 1980 l.
647 1960 675 1982 2.
700 1949 728 1991 ᾗ.
754 1959 779 1981 1.
794 1948 833 1991 ff.
860 1951 893 1980 ale
914 1949 996 1981 Poen.
1010 1950 1040 1981 &

173 1999 277 2022 tamen
291 1990 316 2022 F
319 1990 477 2021 ranciscus
494 1990 699 2024 Hotomanus
724 1990 831 2023 L.III.
862 1990 985 2032 Observ.
1006 1991 1037 2021 C.

176 2042 223 2064 12.
249 2041 313 2062 non
333 2037 454 2062 tantum
471 2031 614 2071 dubitat,
639 2031 691 2065 sed
709 2032 739 2064 &
756 2032 856 2073 palam
881 2031 1039 2064 contradi-

171 2074 228 2104 cit.
253 2071 448 2109 Velle'm‚ne
469 2071 499 2103 id
513 2072 636 2105 fecisset
650 2075 680 2106 in
698 2083 731 2105 re
749 2081 810 2106 tam
821 2073 948 2114 liquida.
959 2072 1039 2105 1³1-ae-

174 2114 240 2152 ses,
266 2113 286 2145 fi
305 2122 397 2154 quem
422 2113 648 2153 deportandum
673 2121 790 2156 putet,
814 2114 1040 2156 Imperatorem

173 2155 258 2193 adit,
273 2153 393 2186 caulam
409 2155 561 2194 exponit,
574 2155 758 2188 sententiam
777 2155 860 2188 suam
879 2154 1038 2194 adscribit,

175 2197 206 2228 c&
228 2195 307 2227 hanc
321 2196 353 2227 =si
371 2196 560 2235 comprobet
584 2196 753 2238 Princeps,
778 2196 958 2238 deportatio
977 2195 1039 2235 est,

174 2245 245 2268 ante
260 2246 325 2269 non
342 2236 397 2268 cst.
436 2235 590 2269 Totidem
607 2237 675 2269 fere
691 2239 796 2270 verbis
811 2239 843 2270 id
857 2237 902 2269 est
917 2247 1041 2279 expres-

176 2277 241 2310 sun
260 2278 292 2309 in
323 2279 343 2310 l.
366 2282 396 2310 6.
426 2277 454 2318 §.
479 2288 507 2318 7.
534 2278 575 2319 ff.
597 2281 631 2310 de
657 2277 767 2321 [ajusto
789 2286 867 2320 rapt.
890 2281 942 2310 irr.
959 2279 1039 2319 fact.

177 2318 288 2360 testam.
312 2320 331 2351 l.
361 2330 386 2352 1.
410 2319 438 2360 §.
483 2319 547 2360 .ff.
571 2321 605 2353 de
629 2321 737 2363 Legat.
763 2320 818 2352 III.
841 2322 860 2352 l.
886 2330 912 2352 1.
931 2327 978 2361 pr.
998 2321 1039 2363 ff.

180 2360 304 2392 Otsana‘o
327 2362 432 2402 appell.
447 2329 498 2399 s}-
524 2362 553 2393 ὅ(
572 2361 647 2403 pers
664 2363 734 2394 icue
751 2362 782 2394 in
806 2363 833 2393 d.
859 2363 881 2393 l.
903 2366 932 2393 6.
958 2361 986 2404 §.
1014 2372 1040 2394 1.

170 2393 217 2445 ᾗ
234 2403 267 2433 cle
290 2402 400 2434 Inter-d.
426 2402 461 2436 &²
481 2403 570 2445 releg.
652 2413 687 2435 os
710 2413 819 2435 omnes
843 2404 934 2435 locos
953 2427 962 2442 ‚
988 2404 1042 2445 qui

175 2443 362 2487 generaliter
376 2444 568 2483 loquuntur,
591 2444 767 2486 intelligere
783 2445 822 2476 de
839 2444 1040 2485 Praesidibus,

173 2487 226 2528 qui
245 2484 394 2525 subjestas
409 2484 463 2516 fibi
479 2484 592 2517 insulas
612 2495 676 2518 non
696 2486 809 2518 habent
824 2509 836 2524 ,
860 2493 896 2517 ut
918 2486 1041 2518 intelle-

175 2528 223 2559 xit
244 2525 464 2562 Hotomanus,
490 2526 521 2557 &
558 2526 663 2558 raeivit
676 2527 841 2560 Accurfius
862 2527 900 2558 ad
921 2527 950 2558 d.
973 2528 994 2559 l.
1009 2531 1040 2559 6.

174 2570 201 2611 ᾗ.
233 2577 257 2598 1.
284 2567 315 2598 id
332 2576 409 2598 vero
430 2565 474 2598 est
495 2566 528 2598 lu
551 2566 647 2599 ificari
673 2569 953 2610 Jurisprudentiam
976 2569 1040 2601 Ro-

179 2618 309 2641 manam.
336 2607 370 2640 In
388 2607 599 2648 relegatione,
623 2607 745 2649 fateor,
762 2620 798 2641 ea
813 2609 973 2641 distinctio
991 2611 1042 2643 ad-

176 2653 304 2683 hibetur
320 2672 330 2689 ,
359 2656 394 2680 ut
422 2648 538 2681 Praeses
558 2649 590 2681 in
614 2648 743 2682 insulam
755 2674 765 2690 ,
790 2651 812 2683 fi
830 2660 922 2692 quam
939 2651 994 2683 sub
1013 2652 1043 2684 se

176 2693 303 2729 habeat,
328 2690 392 2722 relc
414 2698 465 2729 et,
489 2689 510 2722 fi
526 2699 591 2722 non
605 2690 717 2722 habeat
733 2713 747 2730 ,
768 2700 803 2722 ut
820 2691 931 2724 Prince
955 2702 968 2723 s
991 2694 1041 2724 ad-

176 2733 275 2774 fignet
299 2733 320 2764 l.
339 2741 368 2773 7.
415 2757 421 2763 .
448 2740 474 2762 1.
500 2730 540 2772 ff.
567 2732 600 2763 de
624 2731 733 2764 Interd.
759 2732 794 2768 &¹
814 2733 903 2775 releg.
939 2733 978 2764 ed
995 2743 1042 2765 re-

176 2769 278 2815 legfire
299 2772 414 2805 Praeses
431 2771 555 2814 potest,
577 2772 743 2813 deportare
756 2783 819 2806 non
835 2773 948 2814 potest.
970 2774 1042 2807 Nec

176 2815 393 2847 Hotomanum
412 2814 442 2845 in
461 2814 795 2846 contrariummovere
808 2815 934 2855 debuit,
957 2816 1042 2857 quod

181 2855 230 2886 hic
256 2855 321 2886 illic
339 2877 350 2893 ,
373 2855 467 2886 etiam
493 2854 526 2886 in
551 2854 656 2887 nostra
679 2856 699 2887 l.
724 2859 753 2888 6.
778 2855 807 2897 ς.
836 2865 863 2888 1.
890 2856 1042 2889 sententia

178 2894 314 2928 Praefidis
331 2903 620 2935 commemoretur,
645 2897 769 2937 quando
787 2897 826 2929 de
847 2898 1039 2939 deportatio-

178 2945 217 2966 ne
236 2936 333 2968 sermo
350 2937 414 2975 est,
438 2946 510 2969 nam
522 2946 586 2978 quo
604 2937 692 2970 sensu
709 2938 740 2970 id
757 2939 975 2980 accipiendum
992 2938 1043 2977 fit,

181 2985 255 3008 mox
271 2978 439 3018 apparebit.

223 3016 384 3057 Postquam
402 3027 506 3052 autem
522 3019 674 3061 Ulpianus
692 3021 723 3054 in
746 3023 773 3054 d.
799 3022 818 3053 l.
843 3025 873 3053 6.
898 3021 928 3063 §.
956 3031 981 3053 1.
1006 3029 1043 3054 ut

182 3065 246 3086 reni
264 3066 378 3101 certam
395 3060 603 3100 praemifiss'et,
616 3063 785 3108 deportandi
805 3064 838 3094 in
853 3063 979 3104 insulam
991 3064 1042 3107 jus

184 3096 358 3143 [haesurum-
368 3100 531 3132 Provmciae
548 3111 605 3133 mm
616 3103 667 3144 effe
678 3105 779 3136 datum
787 3127 798 3143 ,
807 3105 949 3145 quamvis
961 3104 1040 3136 Prae-

178 3139 270 3181 1ect1s
286 3137 361 3182 Uror
379 3140 484 3173 datum
498 3142 535 3174 fit
553 3152 594 3174 ex
611 3143 741 3185 epistola
758 3144 798 3177 D.
812 3145 919 3178 Severi
935 3145 972 3176 ad
984 3145 1039 3177 Fa-

179 3176 265 3209 bfflffl
281 3176 443 3218 Orionem,
467 3192 545 3217 mox
558 3184 704 3219 Praelides
728 3186 869 3226 instruit,
895 3187 1039 3228 quemad-

1082 1906 1212 1939 modum
1238 1917 1294 1940 eos
1308 1906 1422 1940 versari
1439 1916 1583 1950 oporteat
1599 1910 1630 1942 in
1648 1910 1737 1943 causa
1752 1911 1953 1954 deportatio·-

1081 1949 1140 1981 nis.
1186 1948 1322 1988 Proefides
1342 1950 1440 1990 itaque
1459 1951 1624 1983 Provinciae
1637 1975 1649 1990 ,
1672 1952 1714 1984 fic
1727 1955 1830 1995 pergit
1847 1978 1859 1995 ,
1882 1966 1951 1997 quo-

1083 1991 1159 2021 tiens
1176 1991 1219 2021 ali
1239 2000 1303 2022 uem
1318 1991 1351 2022 in
1373 1990 1497 2032 insulam
1514 1994 1720 2033 deportandum
1739 2000 1846 2036 putent
1860 2018 1872 2035 ,
1894 1999 1951 2028 ρσσ

1083 2031 1175 2072 ipsum
1234 2037 1333 2063 notare
1350 2033 1453 2063 debent
1462 2044 1474 2071 ,·
1492 2044 1594 2066 nomen
1609 2045 1676 2067 vero
1693 2035 1948 2077 ejwseribendum

1084 2073 1222 2113 Principe
1233 2095 1244 2111 ,
1260 2079 1293 2104 ut
1311 2075 1344 2104 in
1360 2075 1392 2104 in
1405 2074 1484 2106 ialam
1501 2076 1664 2116 deportetur
1671 2076 1728 2116 ,fic
1746 2078 1951 2110 deindePrin-

1082 2115 1143 2154 cipi
1149 2115 1279 2155 scribere
1286 2136 1299 2152 ,
1321 2116 1361 2145 mi
1383 2126 1403 2147 a
1415 2115 1506 2156 plena
1523 2118 1653 2156 opinione
1666 2140 1677 2156 ,
1698 2123 1732 2149 at
1749 2118 1892 2160 Princeps
1913 2130 1948 2151 ιε·

1076 2153 1180 2195 stimet
1188 2177 1200 2194 ,
1222 2165 1262 2186 an
1270 2156 1421 2198 sequenda
1429 2155 1471 2195 fit
1489 2158 1550 2199 ejus
1557 2158 1709 2199 sententia
1719 2181 1731 2198 ,
1747 2161 1951 2206 deportariqtee

1083 2198 1116 2227 in
1131 2196 1256 2238 insulam
1268 2198 1378 2229 debeat.
1404 2198 1506 2230 Aledio
1520 2206 1616 2230 autem
1631 2206 1752 2241 tempore
1761 2223 1773 2240 ,
1795 2202 1863 2233 dum
1869 2203 1950 2244 Jcn‘-

1084 2240 1183 2276 bitur,
1201 2239 1303 2279 jubere
1323 2249 1386 2270 etam
1403 2241 1485 2271 debet
1501 2241 1534 2271 in
1548 2251 1662 2272 carcere
1680 2241 1740 2282 effe.
1785 2242 1843 2275 Ait
1859 2244 1950 2275 adno-

1084 2286 1146 2311 tare
1161 2280 1273 2311 debeat.
1298 2279 1373 2312 Hoc
1389 2280 1457 2321 ipso
1474 2282 1592 2321 verbo,
1616 2282 1646 2314 in
1664 2283 1775 2315 eodem
1786 2292 1950 2325 argumen-

1086 2329 1141 2359 to,
1164 2321 1267 2352 utitur
1282 2321 1364 2353 idem
1380 2322 1533 2363 Ulpianus
1551 2324 1583 2355 in
1597 2324 1655 2355 ἀλ.
1669 2333 1694 2356 1.
1715 2330 1762 2365 pr.
1775 2323 1816 2366 ff.
1842 2324 1948 2372 Quan-

1085 2363 1118 2393 do
1141 2363 1247 2403 appell.
1264 2361 1315 2402 fit.
1361 2362 1484 2395 Deinde
1506 2363 1673 2404 observat,
1704 2374 1768 2396 non
1794 2364 1949 2398 duntaxat

1085 2413 1200 2435 nomen
1216 2404 1278 2436 esse
1293 2404 1488 2436 scribendum
1504 2404 1606 2437 Princi
1632 2406 1660 2444 i,
1671 2404 1722 2437 sed
1738 2404 1934 2439 scribendum

1084 2444 1166 2486 mzffa
1185 2445 1278 2486 plena
1304 2447 1442 2486 opinione.
1488 2445 1596 2477 Rull‘ar
1621 2456 1654 2477 us
1680 2446 1710 2478 ὃς
1734 2446 1886 2479 Boudoza
1911 2431 1951 2480 ad

1083 2487 1237 2528 margines
1263 2486 1383 2518 suarum
1406 2486 1590 2518 Editionum
1606 2486 1784 2519 adscribunt
1796 2494 1872 2529 pene
1889 2498 1953 2531 pro

1079 2527 1190 2568 plena,
1213 2536 1308 2569 atque
1322 2527 1343 2559 fi
1359 2527 1425 2559 haec
1441 2528 1526 2558 varia
1542 2526 1618 2558 esset
1636 2527 1731 2560 lefflo
1747 2551 1758 2567 ,
1783 2537 1814 2560 at
1832 2539 1901 2562 eam
1919 2539 1951 2562 e-

1105 2578 1126 2600 o
1143 2570 1255 2602 nullibi
1270 2568 1406 2608 offendi,
1431 2577 1539 2600 omnes
1559 2567 1665 2608 Libri,
1690 2579 1770 2611 quos
1788 2571 1796 2602 i
1822 2569 1853 2603 se
1873 2581 1951 2603 con-

1100 2610 1183 2650 ului,
1209 2611 1303 2643 etiam
1319 2610 1390 2642 MS.
1415 2619 1502 2641 meus
1519 2608 1581 2641 fine
1599 2608 1732 2650 Gloffis,
1759 2611 1796 2643 ha
1818 2619 1873 2644 ent
1886 2613 1953 2653 ple-

1084 2662 1125 2684 na
1141 2653 1282 2693 opinione.
1327 2650 1433 2683 Unum
1452 2650 1627 2683 Robertum
1644 2651 1837 2693 Stephanum
1863 2654 1951 2686 exci-

1084 2694 1157 2734 pio,
1183 2693 1236 2734 qui
1250 2691 1399 2731 exhibet,
1422 2691 1503 2733 mtffa
1526 2701 1650 2724 POENAE
1672 2694 1803 2733 opinione
1823 2716 1835 2732 ,
1868 2694 1960 2726 unde

1084 2734 1171 2767 forte
1188 2734 1326 2766 manavit
1340 2731 1492 2764 vitiosum
1502 2738 1576 2773 pene
1588 2755 1598 2771 ‚
1616 2733 1678 2765 fine
1692 2734 1758 2766 ullo
1775 2734 1866 2776 plane
1883 2734 1949 2768 seu-

1085 2775 1128 2808 su.
1148 2775 1208 2808 Sed
1229 2776 1258 2807 &
1273 2781 1362 2816 poeaae
1378 2775 1473 2814 opinio
1488 2774 1568 2805 nihil
1588 2774 1638 2805 hic
1654 2774 1856 2816 significaret,
1876 2786 1961 2809 cum·

1083 2817 1144 2857 jam
1161 2815 1359 2848 admonuerit
1376 2815 1528 2856 Ulpianus
1539 2815 1595 2854 ,de
1610 2824 1650 2846 eo
1659 2816 1753 2847 verba
1762 2816 1848 2857 fieri,
1859 2826 1956 2859 quem

1084 2856 1201 2889 Praeses
1227 2856 1454 2897 deportandum
1473 2864 1564 2897 putet
1580 2880 1590 2896 ,
1622 2857 1762 2898 expressa
1784 2857 1825 2890 fic
1870 2868 1956 2891 oenae·

1086 2898 1246 2940 opinione.
1291 2896 1343 2928 Ne
1359 2897 1485 2937 quidem
1501 2896 1569 2928 haec
1586 2898 1697 2937 verba,
1722 2898 1803 2939 miffa
1814 2905 1836 2940 p
1851 2909 1906 2932 ena
1923 2909 1955 2931 ⁰-

1079 2941 1200 2980 pinione
1209 2961 1221 2977 ,
1242 2937 1283 2970 fic
1300 2939 1475 2978 acceperim
1489 2960 1501 2978 ,
1526 2947 1559 2970 ut
1577 2939 1749 2980 significent
1766 2963 1776 2979 ,
1800 2949 1957 2982 oportere

1085 2979 1247 3013 Praefidem
1266 2979 1387 3020 integre
1404 2980 1440 3010 ad
1456 2979 1633 3021 Principem
1646 2979 1851 3021 perscribere,
1875 2981 1952 3023 quid

1084 3021 1140 3054 fibi
1166 3021 1205 3052 de
1228 3030 1319 3061 poena
1341 3019 1484 3052 videatur
1511 3019 1726 3060 statuendum,
1748 3031 1818 3053 nam
1835 3023 1864 3055 ἀ
1881 3022 1951 3055 haec

1084 3061 1329 3104 proecedentium
1347 3060 1422 3092 ess'et
1439 3062 1587 3103 repetitio
1598 3086 1608 3101 ,
1634 3061 1684 3094 sed
1700 3062 1808 3104 potius
1822 3072 1878 3105 per
1888 3065 1953 3104 ple·

1083 3114 1152 3135 nam
1167 3104 1327 3143 opinionem
1348 3102 1493 3144 intelligo
1510 3104 1662 3143 integram
1674 3103 1703 3134 ὅ(
1721 3103 1752 3135 in
1768 3103 1886 3145 scripto
1898 3106 1948 3138 ha-

1082 3145 1179 3176 bitam
1196 3144 1530 3175 commemorationem
1548 3153 1657 3175 corum
1668 3166 1679 3182 ,
1703 3153 1772 3185 que
1791 3145 1827 3176 ad
1837 3147 1948 3187 proba-

1083 3187 1203 3221 tionem
1223 3184 1327 3218 delicti
1342 3193 1506 3226 poonzeque
1524 3185 1692 3225 pertinent.
1741 3185 1784 3217 Ut
1804 3186 1949 3258 junianu-

1891 3237 1951 3260 raes
