2008 3436
192 109 635 152 OBSERVATlONUM
667 106 801 156 JURIS
834 105 1046 144 ROMANI
1095 106 1182 142 LIB.
1208 105 1255 142 IL
1309 106 1414 145 CAP.
1443 105 1581 146 XXIV.
1611 106 1731 144 XXV„

55 189 230 235 Venuleius
255 195 294 226 de
313 199 400 234 parte
422 193 514 224 tertia
533 189 644 223 dixisse
667 188 804 229 exempli
829 188 925 227 loco,

58 246 93 268 ut
118 237 191 268 alias
216 238 246 269 in
276 237 295 267 i.
313 244 353 275 53
390 234 429 276 ff.
456 236 491 266 de
518 233 604 265 Pau.
635 232 656 263 l.
680 240 706 263 ρ.
727 229 769 270 ff.
793 230 826 262 de
851 231 925 262 Cim-

58 278 119 311 ἀιᾶ
153 279 231 321 cius.
251 281 314 311 tint.
337 277 418 318 caus.
450 286 507 308 non
517 276 580 317 sec.
602 274 622 306 i.
641 283 693 315 70.
709 272 750 314 ff.
773 273 807 305 de
831 272 922 304 Conci.

628 352 988 391 CAPUT

1804 108 1853 150 6¹)

969 187 1007 223 {5⁹
1032 186 1193 229 demonstr.
1238 186 1268 218 ὃς
1293 187 1420 227 paffim,
1446 189 1477 220 in
1502 199 1535 221 re
1559 188 1733 231 pracsertim
1758 184 1867 218 testa--

969 228 1131 261 mentm-ia.
1179 229 1373 270 Exemplum
1398 229 1516 270 legati,
1543 232 1636 272 quale
1660 231 1712 262 hic
1737 237 1851 260 occur-

966 271 1029 311 rit,
1054 271 1099 304 est
1124 271 1154 304 ὅ(
1179 271 1211 303 in
1233 271 1254 302 l.
1274 280 1327 312 3²·
1353 269 1383 311 §.
1402 275 1430 305 8.
1454 270 1490 306 ὅ*
1513 282 1542 308 9·
1569 273 1610 313 ff.
1635 274 1664 304 h.
1683 272 1747 304 Tit.

1088 351 1251 389 XXV.

196 423 236 457 In
263 419 431 457 Pandetiis
452 417 671 465 componendis
696 427 756 452 non
775 414 904 463 semper
920 415 1093 463 servatum
1110 413 1216 462 fug'ffiae
1243 413 1351 449 Edit-it
1374 412 1526 460 perpetui
1553 410 1705 446 ordinem.

121 508 194 543 tiam
217 507 356 549 antiquis
378 505 459 546 Juris
478 504 707 547 interpretibus
723 501 926 535 observatum

140 548 234 580 video
251 573 261 588 ‚
293 548 459 581 l‘andcctas
479 571 488 585 ,
520 547 604 588 quod
635 545 673 578 ad
703 545 865 583 ordinem,
890 545 927 576 ad

55 591 146 624 instar
169 590 270 622 Edisti
286 590 433 631 Perpetui
448 584 541 620 fuisse
560 586 761 629 compositas.
787 586 822 618 Id
840 587 926 618 dein-

52 633 92 665 de
109 631 352 669 confirmarunt,
385 630 439 672 qui
463 630 568 662 literas
594 628 630 661 ad
647 627 728 669 Juris
751 628 926 660 rudentiam

53 675 245 713 attulerunt,
265 673 424 710 Alcimus,
450 671 593 713 Viglius,
618 671 681 702 alii.
745 679 817 708 mO,
843 669 926 710 post-

77 725 146 748 uam
171 715 202 746 id
223 725 263 747 ex
286 713 425 756 professo
451 714 517 754 egit
550 710 734 744 Franciscus
761 710 927 744 Duarenus

51 727 135 792 21.
162 756 322 797 Disputat.
347 756 466 787 Anniv.
487 755 516 786 C.
531 764 585 794 55.
609 753 686 784 adeo
706 762 742 784 ea
760 753 799 784 de
816 761 848 783 re
863 762 926 784 am-

52 801 136 843 plius
156 799 334 831 dubitatum
355 807 418 829 non
441 796 506 836 est,
532 804 568 828 ut
591 794 724 867 {arcobus
749 793 925 826 Gothofre-

52 843 112 875 dus
134 851 174 873 eo
199 840 348 879 Libello,
373 848 437 881 quo
461 837 571 870 seriem
606 835 817 867 ’andecimum
840 834 925 866 exse-

54 892 173 925 quutus
196 881 260 921 cst,
285 891 356 913 cum
392 881 551 918 ordinem,
577 876 731 922 quiartis
755 876 810 914 lit,
836 876 925 917 igno-

54 935 122 965 ret,
155 923 315 966 putaverit
348 921 377 953 se
407 919 553 960 defungi,
588 918 608 950 ii
633 925 677 948 ita
701 917 731 948 ὅ(
755 917 786 948 in
812 917 926 948 Edicto

54 965 164 1006 fuisse,
189 965 282 997 nullo·
302 963 444 1004 quamvis
466 960 612 998 auctore,
637 957 790 990 adfirmet.
829 957 925 1005 Quasi

55 1017 168 1050 nempe
189 1005 347 1048 praestaret
371 1002 572 1034 Triboniano
595 1008 743 1042 parcere,
767 1007 860 1041 quam
872 998 923 1040 Ju-

54 1052 148 1083 liano.

95 1089 165 1132 Ego
187 1097 285 1128 vero,
310 1086 453 1129 quamvis
476 1095 541 1119 non
566 1093 677 1127 negem
707 1084 739 1116 in
763 1081 926 1114 Pandeffis

52 1133 133 1180 saepe
161 1130 318 1168 eundem,
351 1128 404 1175 qui
435 1128 467 1160 in
499 1127 612 1159 Editio
641 1125 706 1158 fuit
723 1149 733 1165 ,
767 1123 926 1170 servatum

52 1173 145 1207 furss'e
167 1172 327 1210 ordinem,
364 1178 407 1201 ita
431 1169 600 1211 quominus
623 1167 768 1206 credam,
793 1166 825 1197 id
849 1164 925 1197 sem—

73 1226 106 1247 er
137 1215 167 1248 &
198 1213 314 1255 ubique
337 1210 398 1243 ess'e
421 1210 540 1243 factum
556 1234 565 1250 ‚
590 1219 654 1242 non
678 1218 738 1241 una
761 1207 845 1239 ratio
868 1206 922 1239 est.

49 1226 130 1290 Rem
160 1256 254 1288 altius
282 1261 417 1295 repeto,
443 1253 474 1285 &
496 1252 629 1284 excutio
652 1249 844 1283 Triboniani
869 1258 922 1280 co-

50 1299 197 1336 dicillos,
221 1296 335 1339 quibus
358 1294 525 1326 Pandeuas
547 1302 741 1334 componere
753 1290 849 1332 jull'us
867 1292 921 1322 est.

51 1340 113 1374 Hi-
127 1339 250 1372 exstant
281 1339 312 1370 in
333 1338 432 1377 prima
454 1336 638 1376 Praefzitione
653 1334 695 1408 ᾗ
726 1343 795 1375 quae
817 1332 863 1365 est
886 1332 924 1364 ad

52 1381 303 1419 Tribonianum,
329 1377 383 1411 seu
398 1379 430 1411 in
451 1379 472 1410 l.
495 1387 520 1410 ι,
547 1379 579 1410 C.
602 1379 637 1409 sle
689 1376 808 1417 et.Jur
824 1375 922 1408 evinci.

50 1424 106 1457 ubi
127 1424 146 1465 §
165 1433 195 1464 5.
217 1421 394 1463 Imperator
407 1419 609 1452 Triboniano
622 1418 814 1460 reliquisque
827 1415 922 1450 Com-

52 1464 243 1509 petitoribus
257 1463 403 1502 mandat,
439 1464 472 1494 in
499 1462 609 1494 Libros
633 1461 860 1503 quinquaginta
887 1458 924 1494 &²

51 1514 148 1540 certos
169 1506 286 1539 Titulos
305 1511 400 1536 totum
424 1503 488 1545 Jus
502 1505 638 1546 digerere
656 1527 665 1540 ,
689 1510 770 1541 tam,
801 1501 922 1544 inquit,

42 1550 210 1594 secundum
223 1545 319 1589 nostri
342 1546 590 1588 ConJiz‘tutionem
617 1547 754 1583 Codicis,
776 1554 866 1586 quam
880 1543 917 1576 Ε-

51 1591 128 1626 dieti
150 1591 287 1634 perpetui
301 1590 498 1621 imitationem
516 1613 526 1628 ,
557 1594 649 1630 prout
674 1589 725 1620 hoc
743 1588 827 1619 vohis
849 1596 910 1618 com

51 1635 168 1667 modius
193 1633 244 1674 effe
264 1633 423 1673 patuerit,
453 1631 525 1671 vel,
550 1638 586 1662 ut
603 1631 674 1670 alii,
694 1631 840 1670 potuerit.
859 1628 922 1661 Ha-

50 1678 107 1709 bes
127 1676 326 1713 mandatum,
359 1683 423 1705 non
455 1672 756 1714 praecisesequendi
781 1671 923 1703 ordinem

50 1717 155 1752 Edicti
172 1743 182 1758 ‚
219 1715 480 1758 quemadmodum
518 1714 684 1747 Duarenus
720 1713 873 1755 proponit
891 1714 920 1744 d.

51 1761 83 1792 C.
107 1770 159 1800 55.
187 1758 239 1791 sed
268 1758 298 1790 ὅ(
328 1756 472 1788 ordinem
496 1755 627 1788 Codicis
650 1756 783 1795 veteris,
809 1764 868 1796 pro
891 1763 924 1786 re

49 1810 139 1842 nata,
164 1800 194 1833 δε
212 1799 342 1832 arbitrio
356 1797 624 1840 Compositorum.
669 1797 784 1838 Neque
807 1796 869 1836 est,
887 1803 924 1828 ut

50 1844 153 1883 dicas,
186 1843 218 1874 in
243 1840 364 1873 Codice
386 1840 488 1871 veteri
514 1839 616 1871 Ediffi
637 1848 764 1880 quoque
780 1838 924 1870 ordinem

52 1884 227 1922 servatum,
251 1891 322 1914 nam
339 1881 370 1913 id
382 1881 405 1914 si
421 1881 518 1920 esset,
544 1880 658 1912 frustra
676 1880 859 1912 alterutrius
875 1879 918 1911 se-

53 1925 183 2001 gerendcit,
207 1932 303 1967 prout
319 1923 524 1956 commodum
542 1930 625 1962 erat,
651 1921 921 1954 dareturfaeultas

100 1967 148 1999 ele
181 1967 223 1998 io.

94 2006 207 2047 Nunc,
239 2005 292 2049 qui
317 2006 396 2039 ordo
418 2006 558 2039 servatus
577 2006 633 2046 sit,
659 2006 830 2041 videamus.
877 2005 922 2038 Et

53 2049 176 2123 ssuidem
190 2049 212 2082 fi
222 2073 232 2089 ,
249 2058 284 2080 ur
297 2058 352 2091 par
365 2048 410 2081 est
418 2048 608 2089 ,credamus,
619 2048 703 2089 quod
718 2047 919 2088 justinianus,

79 2090 219 2123 andestas
234 2091 494 2129 confirmaturus,
519 2090 603 2121 dixit
622 2090 653 2121 in
676 2090 862 2130 Praefiztione
879 2088 919 2120 Il.

53 2132 83 2174 §.
103 2141 116 2164 1
150 2141 200 2164 eas
214 2141 325 2174 nempe
339 2132 402 2164 effe
418 2131 609 2173 compositas
616 2131 783 2171 secundum
799 2132 908 2162 manda

53 2180 108 2213 ta,
129 2183 192 2215 quoe
210 2177 244 2204 ab
259 2175 345 2204 initio
359 2176 396 2205 ad
413 2174 626 2205 Tribanz'anum
635 2174 772 2214 fecerat,
792 2173 922 2213 five,ut

52 2216 86 2249 in
98 2215 230 2251 PTOEfssl.
249 2213 305 2247 HI.
331 2215 358 2255 ᾗ.
377 2224 405 2251 9.
429 2215 588 2257 lqullZUl'5
610 2219 652 2246 ¹151.
670 2217 732 2253 παρ’
749 2215 815 2247 κἠἇῗν
832 2216 920 2245 nene-u-

53 2270 110 2286 nm<
124 2283 133 2294 ‚
155 2257 227 2289 inde
250 2256 326 2302 licet
346 2257 517 2298 colligere,
549 2257 579 2288 dt
594 2255 715 2297 Edisti,
741 2257 771 2289 ὅ(
790 2255 922 2288 Codicis

50 2299 172 2341 antiqui
197 2297 340 2330 ordmem
356 2323 365 2338 ,
398 2306 434 2329 ut
458 2307 506 2329 res
519 2297 715 2339 postulabat,
739 2297 801 2330 effe
817 2297 919 2329 serva-

52 2348 140 2378 tum;
163 2339 219 2372 nisi
234 2337 348 2371 frustra
363 2348 564 2382 auguremur,
577 2339 678 2372 Edisti
693 2339 836 2371 ordinem
844 2338 920 2371 sern-

51 2391 107 2424 per
119 2379 212 2414 fuiss'e
230 2381 328 2413 mavis
341 2380 563 2419 commodum,
587 2379 638 2412 sed
658 2381 702 2412 ita
716 2390 781 2413 non
796 2379 862 2420 est,
886 2389 922 2412 ut

51 2433 128 2456 mox
144 2421 276 2455 observa
301 2423 388 2455 imus.

94 2464 216 2497 Interea
231 2464 347 2505 liquet,
373 2464 628 2506 Compofitores,
653 2471 688 2495 ut
703 2471 877 2506 potuerunt
892 2463 922 2495 ὅ(

51 2505 227 2538 debuerunt
241 2515 282 2537 ex
296 2506 460 2547 mandato,
470 2505 616 2538 Edistum
629 2505 742 2546 Juliani
759 2505 838 2547 saepe
846 2503 922 2537 fuis-

53 2547 85 2580 se
99 2547 130 2579 se
153 2555 258 2579 uutos.
283 2547 326 2579 Et
339 2556 453 2590 praeter
466 2548 542 2587 alia,
568 2557 637 2588 quae
651 2547 689 2578 ab
706 2548 775 2579 aliis
791 2548 822 2579 in
842 2547 923 2578 hanc

51 2598 120 2636 rem
161 2588 220 2621 ista
242 2587 312 2620 sunt
326 2613 336 2629 ,
368 2590 431 2621 huc
452 2589 576 2628 refero,
601 2589 687 2630 quod
702 2588 858 2630 Ulpianus
879 2589 919 2620 L.

52 2629 198 2663 XXXV.
215 2632 251 2661 ad
270 2630 371 2663 Εᾱέέὶ.
394 2631 424 2663 in
444 2631 464 2662 l.
487 2641 512 2663 1.
536 2631 634 2672 pr.ff.
656 2632 691 2661 de
714 2631 799 2670 Snsp.
825 2637 919 2662 tutor.

53 2671 98 2703 ita
112 2670 197 2703 infit:
216 2671 290 2704 Haec
306 2681 483 2705 CLAUSULA
508 2672 545 2708 ὅ)
559 2674 708 2713 frequens
727 2672 763 2707 &²
777 2678 921 2714 perquam

53 2711 215 2753 neeeffaria
233 2713 286 2754 est.

48 2753 221 2795 fialantur.

53 2795 209 2828 bonianus
226 2806 266 2828 ex

332 2715 459 2745 Cottidie
480 2718 557 2746 enim
574 2714 704 2755 suspeffli
731 2721 845 2746 tutores
872 2723 916 2753 pa

299 2755 351 2787 uid
366 2756 449 2788 enirn
464 2756 517 2788 hic
531 2756 577 2788 est
590 2757 724 2797 clausula
738 2780 744 2787 .
768 2766 829 2798 qua
845 2755 919 2788 Tri-

324 2797 417 2838 piano
429 2797 580 2830 Titulum
599 2800 632 2830 de
647 2798 795 2839 snspet‘tis
813 2799 909 2829 tutori

57 2839 112 2869 bus
127 2836 163 2884 &f
175 2840 364 2870 curatoribus
380 2848 444 2871 non
459 2840 595 2879 claudit,
619 2838 672 2872 sed
687 2839 835 2872 orditur?
859 2839 921 2871 Ve-

56 2877 195 2926 roiimile
213 2876 332 2912 scilicet
347 2878 408 2919 est,
432 2880 605 2912 Praetorem
621 2882 652 2913 in
668 2881 799 2921 Edicto,
824 2890 922 2922 quum

57 2923 93 2952 de
106 2920 211 2969 tutelis
228 2919 423 2960 absolvisset,
435 2921 466 2954 in
476 2922 539 2954 fine
554 2922 718 2963 addidiffe,
729 2928 764 2955 ae
779 2923 922 2963 lizsPeciirs

59 2963 210 2994 tutoribus
231 2960 268 2996 δέ’
299 2964 487 2995 curatoribus
511 2964 654 3004 Judicem
663 2964 697 3004 se
713 2967 873 3001 daturum,
897 2965 921 2996 i-

58 3003 182 3044 deoque
200 3003 372 3045 Ulpianum
393 3004 470 3036 hanc
493 3005 595 3037 EdiCti
620 3013 740 3047 partem
756 3004 923 3048 appellasse

61 3045 236 3089 clausulam.
280 3044 326 3077 Ut
347 3045 391 3076 ita
415 3045 446 3077 in
459 3046 522 3077 hoc
541 3046 694 3086 mistam,
720 3049 772 3090 qui
789 3051 819 3080 ἅ
833 3048 863 3080 in
879 3047 920 3088 ff.

59 3086 177 3118 ultimo
192 3085 267 3117 loco
282 3086 443 3125 occurrit,
465 3087 548 3119 idem
560 3086 658 3120 fuerit
672 3089 896 3122 fandecmrum
912 3113 922 3128 ,

61 3127 115 3170 qui
132 3127 251 3166 Edisti,
275 3128 364 3159 ordo.

103 3167 285 3202 Prtestemus
292 3178 405 3211 porro,
416 3179 488 3202 eum
501 3170 642 3203 ordinem
657 3172 843 3214 quandoque
850 3171 925 3204 fuis-

971 502 1002 536 se
1019 503 1113 543 longe
1127 501 1305 541 diversum,
1332 501 1361 533 δε
1377 499 1464 532 forte
1479 499 1517 532 ad
1525 497 1708 539 exemplum
1718 495 1849 530 Codicis

969 545 1032 576 anti
1061 545 1100 576 ui.
1148 544 1199 583 ld,
1225 544 1257 575 ni
1274 543 1390 582 fallor,
1417 550 1524 584 aperte
1541 541 1641 581 liquet
1657 548 1697 570 6)(
1718 541 1744 570 (ἰΔ
1766 538 1852 570 Prae-

962 589 1030 628 sut.
1068 586 1090 617 Ι.
1109 585 1143 627 ff.
1167 586 1231 618 sive
1252 586 1272 617 l.
1291 595 1320 616 2.
1345 583 1374 625 ᾗ.
1389 595 1419 626 5.
1442 584 1473 615 C⁴
1491 585 1525 615 de
1537 582 1633 613 Veter
1656 581 1723 620 chr
1750 581 1850 612 enrici,

970 629 1025 661 Ait
1041 627 1084 660 ibi
1104 623 1298 699 Imperator,
1324 625 1354 658 se
1372 625 1507 665 cui-affe,
1535 632 1570 656 ut
1587 624 1626 655 de
1643 623 1793 654 AEdilitio
1810 621 1850 653 E-

971 670 1073 708 ditio,
1099 670 1152 700 red
1163 669 1307 700 iibitoria
1322 668 1469 708 afflone,
1494 666 1673 704 evifflone,
1698 666 1728 696 ἃς
1744 664 1850 705 duplfe

971 711 1174 752 stipulatione
1199 710 1229 742 in
1254 709 1415 742 Pandeelzis
1432 717 1578 751 ageretur
1595 716 1658 738 non
1674 706 1786 748 procul
1813 705 1851 736 ab

971 753 1055 785 affini
1082 760 1269 794 argumento
1287 776 1297 791 ,
1329 751 1415 793 quod
1431 751 1469 783 de
1483 749 1648 791 emptione
1662 747 1853 779 venditione

971 794 1031 833 cst,
1057 794 1088 826 ὃ(
1104 794 1205 825 addit:
1236 796 1309 835 qnia
1332 796 1390 825 taec
1413 795 1510 825 omnia
1536 792 1649 823 ‘situlis
1667 792 1853 830 emptionum

970 836 1006 871 ὅ)
1027 838 1236 868 venditionum
1259 841 1455 872 consentanea
1474 835 1574 876 sunt,
1598 832 1634 868 ἐξ
1649 831 1801 873 ρναιίίἑῖω
1818 840 1853 862 α-

970 878 1098 915 hirenes,
1121 876 1206 918 quasi
1218 878 1390 918 pediffeqnae
1410 887 1514 908 earum
1528 901 1535 912 ,
1558 875 1691 907 cibiniiio
1704 872 1849 914 proceffe·

968 926 1063 956 mint,
1086 929 1125 951 IN
1142 928 1371 951 VETUSTIORIS
1387 928 1530 960 QUIDEM
1550 917 1679 950 ED10T1
1698 923 1850 947 ORDINA-

968 970 1080 993 TroNE
1103 969 1142 992 IN
1166 969 1256 992 LOCA
1283 970 1416 1000 DEVIA,
1449 969 1494 992 ET
1509 968 1634 992 MULTo
1654 965 1851 990 msTANTm

970 1010 1221 1040 DEVAGANTES,
1249 1011 1313 1033 PER
1330 1010 1500 1035 NOSTRAM
1515 1010 1640 1033 AUTEM
1656 1007 1850 1032 PROVIDEN-

969 1052 1061 1076 TIAM
1077 1051 1132 1075 His
1148 1051 1415 1075 CONGREGATAE:
1451 1052 1518 1074 cum
1537 1048 1668 1082 oporteat
1694 1051 1726 1073 ea
1744 1063 1754 1078 ,
1786 1049 1851 1081 qum

969 1088 1004 1118 de
1022 1088 1117 1117 eodem
1133 1093 1203 1124 pene
1223 1086 1391 1126 loquuntur
1403 1109 1412 1122 ,
1436 1086 1469 1116 in
1492 1083 1618 1123 confinio
1630 1090 1737 1123 ponere
1795 1082 1848 1114 Li·

968 1136 1045 1170 quet
1062 1127 1093 1160 ὅ(
1110 1125 1272 1159 diversitas
1291 1127 1457 1168 utriusque
1480 1126 1600 1157 ordinis
1619 1134 1659 1156 eo
1677 1123 1744 1166 ipso
1759 1133 1848 1166 argu-

967 1177 1095 1209 mento,
1143 1177 1186 1199 uo
1204 1167 1372 1200 Duarenus
1395 1174 1424 1201 α.
1449 1168 1478 1199 L
1507 1167 1629 1207 [θὴρ.
1650 1168 1733 1197 Arm.
1750 1168 1782 1197 C.
1793 1174 1849 1206 55.

967 1211 1101 1243 eundem
1152 1210 1351 1242 andtharum
1376 1210 1407 1243 &
1432 1209 1537 1242 Ediffi
1562 1208 1706 1241 ordinem
1724 1208 1850 1240 efficere

966 1254 1021 1286 fibi
1038 1251 1123 1284 visus
1139 1249 1193 1283 est.
1218 1251 1312 1292 Jubet
1327 1250 1554 1294 Inscriptiones
1568 1251 1691 1292 Legum
1704 1248 1850 1288 consuli,

966 1295 1142 1328 Auum-um
1168 1292 1292 1326 scilieet
1307 1318 1318 1334 ,
1351 1294 1405 1335 qui
1428 1293 1466 1325 ad
1486 1293 1633 1325 EdiCtum
1661 1299 1852 1333 perpetuum

967 1336 1039 1369 sunt
1053 1336 1288 1376 commentati,
1323 1336 1354 1367 &
1375 1345 1416 1368 ex
1431 1344 1564 1367 numero
1580 1334 1769 1373 Librorum,
1795 1332 1852 1374 qui

966 1378 1096 1420 singulis
1112 1376 1279 1419 Capitibus
1295 1376 1470 1419 adscriptus
1485 1376 1531 1408 est
1542 1401 1553 1416 ,
1580 1374 1723 1408 constare
1737 1382 1828 1416 putat
1838 1396 1850 1413 ,

968 1419 1078 1463 primis
1098 1419 1138 1451 V.
1162 1418 1202 1451 G.
1236 1418 1461 1452 Pandectarum
1482 1418 1587 1450 Libris
1609 1426 1645 1449 ea
1658 1417 1817 1449 contineri
1836 1438 1849 1455 ,

991 1471 1038 1494 uae
1061 1461 1108 1494 illi
1132 1461 1242 1503 primis
1266 1461 1371 1494 Libris
1400 1460 1438 1492 ad
1460 1460 1609 1492 Edictum
1639 1458 1851 1492 commentati

982 1511 1048 1536 unt.
1096 1503 1140 1535 At
1164 1512 1244 1534 vero
1261 1527 1271 1543 ,
1304 1503 1390 1545 quod
1414 1511 1491 1544 pace
1517 1501 1657 1534 Duareni
1684 1500 1819 1532 dixerim
1837 1522 1851 1539 ,

968 1546 1021 1578 lon
1046 1555 1063 1577 e
1078 1544 1248 1586 aliquando
1263 1544 1351 1577 secus
1374 1544 1429 1576 est.
1476 1544 1637 1585 Exemplo
1659 1542 1719 1575 fint
1735 1542 1852 1574 Paulus

967 1588 998 1620 ὅ(
1048 1587 1189 1628 lpianus,
1207 1586 1369 1628 Principes
1385 1585 1540 1627 JCtorum
1550 1609 1560 1625 ,
1577 1585 1630 1627 qui
1645 1585 1684 1617 ad
1699 1583 1851 1616 EdiCtum

966 1628 1167 1671 scripserunt.
1215 1627 1331 1660 Paulus
1346 1629 1417 1662 Lib.
1433 1627 1457 1660 Ι.
1479 1630 1519 1660 ad
1534 1627 1678 1660 Ediffitum
1695 1651 1705 1664 ,
1727 1623 1851 1668 potissi-

966 1681 1054 1703 mum
1070 1670 1219 1702 tractavit
1244 1674 1279 1702 cie
1302 1672 1408 1702 damno
1423 1670 1536 1710 infesto
1546 1693 1557 1709 ‚
1580 1677 1617 1701 ut
1632 1668 1783 1709 Cujacius
1801 1675 1851 1697 re-

965 1712 1017 1744 Cre
1031 1711 1160 1745 notavit
1188 1711 1226 1743 LV
1243 1711 1314 1744 VH.
1348 1713 1478 1753 Observ.
1511 1713 1537 1745 C
1574 1721 1623 1753 15.
1646 1707 1739 1742 unde'
1754 1709 1784 1741 &
1807 1716 1851 1740 6)(

968 1755 1009 1787 L.
1028 1755 1051 1787 I.
1084 1754 1176 1786 Pauli
1203 1756 1240 1785 ad
1267 1754 1368 1787 Edist.
1393 1754 1438 1787 est
1460 1755 1470 1786 l
1498 1765 1530 1796 5.
1548 1754 1589 1796 ff.
1610 1756 1644 1785 de
1663 1752 1775 1784 Dazan.
1800 1752 1853 1781 iiz-

961 1798 1039 1838 fect.
1066 1796 1131 1829 alio
1146 1795 1233 1836 sane,
1261 1806 1355 1838 quam
1372 1797 1402 1829 in
1421 1796 1683 1830 Pandefflsloco.
1731 1793 1774 1825 Et
1790 1791 1851 1823 Ul-

967 1840 1078 1881 pianus
1096 1862 1106 1878 ,
1139 1847 1212 1870 cum
1233 1838 1279 1869 ita
1301 1838 1389 1870 forte
1410 1839 1442 1871 in
1467 1838 1583 1871 Edielo
1604 1836 1704 1868 fuerit
1720 1859 1729 1875 ,
1754 1835 1852 1866 Libro

964 1890 1093 1923 quoque
1114 1879 1137 1911 Ι.
1160 1882 1198 1912 ad
1220 1880 1324 1912 Edist.
1354 1881 1386 1911 id
1409 1887 1629 1921 argumentum
1653 1876 1849 1918 exsequutus·

965 1922 1029 1962 est,
1055 1930 1091 1954 ut
1107 1920 1278 1953 ostendunt
1306 1922 1315 1953 l
1353 1931 1379 1954 1.
1404 1922 1440 1956 δ’
1460 1931 1491 1960 4.
1514 1921 1555 1963 ff.
1583 1923 1644 1952 eod.
1666 1920 1726 1951 'fit
1774 1917 1847 1949 Alia

965 1965 1060 1996 etiam
1078 1971 1211 2004 uterque
1228 1964 1376 1995 &afflavit
1395 1964 1490 1996 Libro
1508 1966 1608 2004 primo
1625 1964 1662 1994 ad
1679 1959 1848 1996 Enetum,

965 2005 1017 2038 sed
1040 2015 1110 2047 quae
1137 2005 1221 2046 legas
1244 2006 1340 2037 etiam
1357 2006 1395 2037 ad
1409 2006 1504 2038 finem
1521 2004 1763 2043 Pandeuarum,
1791 2001 1847 2033 sub

963 2047 1091 2079 Titulis
1110 2049 1144 2079 de
1160 2048 1364 2083 Popularibm·
1380 2047 1565 2086 ustionibus,
1598 2046 1634 2081 {9⁹
1647 2049 1684 2077 ad
1705 2045 1847 2077 Munici—

961 2091 1070 2131 paiem.
1117 2088 1234 2121 Rursus
1261 2099 1330 2131 quae
1357 2089 1404 2122 illi
1429 2089 1643 2121 exhibuerunt
1665 2086 1772 2120 Libris
1787 2095 1844 2118 ex-

964 2131 1074 2163 tremis
1096 2131 1134 2163 ad
1155 2130 1322 2170 Edictum,
1354 2141 1419 2163 non
1439 2133 1470 2163 in
1488 2130 1636 2170 transitu,
1663 2128 1716 2162 sed
1732 2129 1795 2160 hoc
1813 2138 1843 2160 a-

965 2181 1074 2215 gentes
1093 2197 1102 2212 ,
1137 2171 1217 2213 saepe
1240 2172 1348 2205 videas
1373 2173 1404 2204 in
1430 2173 1589 2215 principio
1619 2170 1846 2204 Pandectarum

965 2215 1122 2257 proponi,
1148 2215 1178 2246 &
1194 2223 1236 2245 6)(
1249 2213 1391 2256 professo
1404 2214 1525 2247 doceri.
1558 2212 1725 2246 Adferrem
1735 2221 1842 2243 exem·

964 2257 1016 2298 pla
1033 2280 1043 2296 ‚
1068 2256 1102 2288 ni
1120 2256 1151 2287 in
1167 2266 1203 2288 os
1220 2256 1418 2288 incurrerent
1435 2267 1475 2289 ex
1493 2254 1739 2288 Commentariis
1756 2253 1793 2285 ad
1801 2253 1843 2285 E-

963 2298 1092 2330 diehim.
1147 2296 1199 2329 De
1226 2298 1415 2329 Conmetione
1433 2300 1567 2339 furtiva
1598 2297 1628 2328 ὃ(
1656 2296 1844 2337 Pignorihus

966 2339 1115 2371 traCtatus
1139 2338 1210 2371 sunt
1233 2339 1332 2371 habiti
1359 2341 1424 2372 alio
1440 2349 1535 2382 atque
1551 2338 1615 2371 alio
1630 2338 1724 2377 loco,
1751 2338 1781 2370 ὃ(
1796 2337 1843 2369 ita

965 2381 1072 2423 passim
1088 2381 1120 2412 in
1137 2381 1216 2413 aliis.

1008 2422 1068 2454 Sed
1083 2432 1123 2454 ne
1138 2421 1281 2463 dubites,
1306 2433 1383 2455 ecce
1399 2422 1692 2465 Hermogenianum
1703 2446 1712 2461 ‚
1738 2422 1791 2463 qui
1809 2422 1842 2454 in

967 2464 1074 2495 Libris
1090 2465 1302 2505 Epitomarum
1319 2465 1415 2506 Juris
1431 2465 1574 2497 ordinem
1582 2464 1684 2497 Ediffi
1696 2463 1844 2504 perpetui

966 2505 996 2538 se
1015 2504 1180 2547 sequutum
1197 2507 1258 2539 effe
1274 2506 1338 2548 ipse
1354 2506 1525 2549 profitetur
1541 2507 1573 2539 in
1594 2508 1613 2537 l.
1625 2516 1642 2538 2
1669 2506 1705 2547 ff
1726 2509 1760 2536 ele
1770 2505 1842 2536 Sca-

966 2554 1001 2579 tu
1015 2549 1122 2579 homin.
1140 2548 1206 2589 egit
1221 2557 1326 2580 autem
1347 2550 1439 2580 Libro
1450 2548 1473 2580 I.
1492 2549 1703 2590 Epiiomarum
1720 2547 1759 2578 de
1776 2546 1840 2586 Ju-

964 2601 997 2622 τε
1017 2589 1206 2631 Μιιηὶεἰραὶί
1221 2614 1229 2625 ,
1252 2598 1288 2621 ut
1302 2590 1405 2632 liquet
1420 2600 1461 2622 ex
1484 2591 1503 2622 l.
1528 2596 1564 2623 16
1601 2590 1638 2625 ὅ)
1657 2591 1678 2621 I.
1693 2589 1783 2630 23.ff
1801 2588 1840 2619 acl

965 2632 1118 2673 Municip.
1145 2632 1184 2664 de
1214 2632 1433 2664 Decurionibus
1463 2633 1481 2664 l.
1499 2638 1517 2668 8
1545 2632 1586 2674 ff.
1609 2634 1643 2664 de
1664 2631 1776 2662 Decur.
1800 2629 1840 2661 de

964 2674 1149 2706 Muneribus
1164 2673 1202 2709 δὲ*
1218 2675 1376 2706 bonoribus
1394 2675 1419 2707 ’1.
1444 2684 1469 2706 1.
1493 2674 1530 2710 δέ)
1556 2684 1603 2713 17.
1618 2674 1659 2715 ff.
1687 2677 1721 2704 <ie
1742 2670 1838 2703 Mun.

963 2716 1001 2752 δ’
1017 2717 1081 2748 hon.
1106 2717 1127 2748 l.
1150 2725 1195 2748 11.
1211 2716 1248 2758 ff
1277 2719 1312 2748 de
1326 2717 1438 2748 Vacat.
1456 2716 1605 2755 &excufi
1632 2723 1745 2745 muner.
1766 2722 1837 2755 quae

964 2758 1070 2790 omnia
1092 2757 1310 2790 Tribonianus
1330 2758 1442 2798 rejecit
1469 2758 1499 2790 in
1530 2757 1662 2789 Librum
1689 2753 1841 2787 ultimum

966 2798 1210 2838 Pandectarum,
1235 2806 1348 2831 contra
1361 2799 1504 2831 ordinem
1520 2797 1642 2836 Ediffi,
1668 2797 1722 2829 ubi
1745 2796 1784 2828 de
1807 2805 1842 2828 re

965 2841 1156 2882 Municipali
1178 2841 1210 2872 in
1230 2841 1391 2883 principio
1406 2848 1472 2872 erat
1490 2839 1609 2878 aestum,
1635 2837 1837 2880 quemadmo—

964 2882 1039 2914 dum
1056 2891 1170 2923 praeter
1190 2881 1480 2922 Hermogenianum
1495 2889 1535 2911 ex
1553 2880 1651 2911 Paulo
1670 2888 1798 2921 quoque
1809 2879 1842 2911 ὃ(

963 2923 1104 2965 Ulpiano
1121 2922 1286 2960 discimus,
1312 2921 1467 2953 consultis
1481 2920 1744 2962 Inscriptionibus
1763 2922 1783 2952 l.
1809 2930 1836 2952 1.

965 2967 1064 3004 l.25.l
1087 2965 1170 2996 26.l.
1184 2963 1299 3004 27.&l
1316 2963 1407 3003 23.ff
1423 2963 1623 3005 adMunicip.
1646 2963 1747 3005 Igitur
1759 2962 1842 2994 ordo

965 3006 1188 3038 Pandeuarum
1211 3004 1398 3046 quandoque
1420 3005 1500 3036 alius
1523 3004 1587 3036 fuit
1603 3029 1612 3044 ‚
1643 3013 1739 3046 atque
1760 3004 1841 3036 ordo

965 3046 1069 3078 Ediffi
1085 3047 1245 3087 perpetui:
1269 3045 1363 3086 idque
1381 3046 1537 3086 prolixius
1549 3045 1701 3088 potuisset
1719 3044 1840 3078 consta-

966 3097 1020 3126 re,
1044 3087 1066 3120 fi
1083 3086 1463 3132 GulielmusRanchinus
1476 3088 1588 3128 seriem
1615 3088 1719 3120 Edisti
1734 3096 1841 3130 perpe-

969 3131 1017 3160 tui
1034 3152 1043 3167 ‚
1067 3138 1159 3169 quam
1176 3127 1337 3169 promisit,
1362 3128 1514 3162 edidisset.
1562 3129 1749 3163 Promisitin
1759 3130 1840 3161 Prae·
1879 3155 1884 3158 .

962 3171 1028 3210 sat.
1046 3173 1083 3202 aa
1101 3170 1202 3203 Edi&
1217 3177 1332 3210 perpet.
1355 3179 1414 3202 nec
1442 3169 1529 3211 scio,
1557 3181 1629 3207 eum
1653 3170 1840 3214 praestitiss'e,

384 3251 660 3293 FINIS·
733 3252 1005 3295 LIBRI
1084 3252 1504 3296 SECUNDI.
