2008 3436
139 118 212 158 496
752 115 768 149 Ι
865 114 904 148 N

142 206 233 234 Italici
253 203 408 232 Valentini.
847 205 869 232 1.
893 212 953 238 171.
975 205 999 232 b.

257 244 322 271 Vid.
346 244 391 279 Jus
413 242 548 269 Italicum.
573 242 708 270 Coloniae.

143 281 199 308 Iter
222 281 306 316 qnid,
329 282 353 308 <t
374 288 405 308 ut
425 280 607 313 dillinjsuatur
628 281 662 306 ab
685 280 754 307 aestu.
892 288 953 312 107.
975 289 999 306 a.

143 320 238 356 Judaea
255 319 340 346 divisa
363 320 388 346 in
406 318 496 354 plures
514 320 674 345 Provincias
691 318 715 345 ἃ
730 317 867 345 Praefides.
905 321 952 346 (26.
976 319 1000 345 Ι).

143 357 242 394 Judaeae
257 356 303 384 etsi
321 363 434 392 praeerat
452 357 549 384 Pietas
570 357 670 392 Syriae.
692 363 782 383 tamen
803 357 829 383 in
848 364 880 383 ea
900 356 1002 383 Procu-

183 403 258 422 rator
275 396 386 423 Creilnis
403 403 463 422 cuin
481 394 625 422 Pinezidiali
643 393 778 427 potestate
800 401 867 421 erat.
938 393 1002 421 ibid.

144 434 229 470 Judoei
254 433 350 461 odium
377 433 532 468 Religionis
557 440 592 459 ex
620 432 746 468 AEgypto
772 432 956 468 deportarunt
976 432 1002 458 in

178 472 296 507 Syriam.
889 477 953 504 413.
977 479 1001 496 a.

278 508 506 537 consuetudinem
531 508 621 536 virilia
639 507 802 540 mutilandi,
824 514 900 535 tanta
917 509 1000 543 perti-

181 549 279 581 nacia,
300 548 376 575 omni
399 555 458 574 aevo
481 547 586 573 servare
600 548 694 574 conati
712 547 790 580 sunt,
809 552 839 573 ut
855 545 910 574 line
927 547 1000 573 Gen-

184 587 217 614 tis
234 587 425 613 internecione
440 585 512 611 baud
529 583 610 611 facile
625 583 683 611 tolli
701 584 833 620 potuerit.
887 592 952 618 415.
974 585 998 612 h.

275 624 372 650 Rome:
393 622 559 659 proseuchas
581 623 639 650 suas
660 623 792 652 habuere.
887 623 950 650 ibici.
973 632 997 649 a.

279 662 304 688 in
328 660 477 688 Hnllandia
500 661 614 696 recepti.
829 661 865 688 11.
888 663 952 694 278.
973 661 997 687 h.

285 700 440 726 revocatio,
481 699 516 725 V.
536 698 704 726 Revocauo.

277 736 395 765 faciendi
414 744 520 772 tempus
537 738 611 764 varic
623 737 688 763 olim
705 735 959 769 definitum.1.109.
973 745 998 764 a.

141 775 258 814 Jwiices
277 784 324 811 ter
346 774 537 802 excellentiam
561 775 595 802 de
616 774 782 811 Proefidr'lsus.
906 782 950 801 21.
972 784 1000 802 a.-

142 814 253 851 Judices
271 835 277 846 ,
307 815 352 848 qui
380 812 600 841 Constitutiones
621 813 780 849 Principum
799 812 998 848 negligebant,

178 860 232 887 qua
253 860 334 888 poena
358 857 528 879 tenerentur.
906 858 952 884 94.
973 860 998 878 a.

143 890 232 927 Judex
249 890 344 923 datus,
365 891 413 926 qui
437 889 544 917 causam
569 889 751 922 terminabat,
773 886 1000 926 Judexspecialis

179 929 274 956 dic‘tus.
888 933 952 960 205.
973 936 998 954 a.

276 966 323 1002 qui
340 965 372 993 ad
390 971 494 993 certum
511 971 618 1001 tempus
632 987 639 998 ‚
661 965 704 993 vel
722 966 793 993 intra
810 970 914 992 certum
932 972 998 992 tem-

182 1013 232 1039 pus
258 1005 381 1038 iudicare
407 1004 489 1037 juss'us
516 1003 553 1030 est
570 1026 576 1036 ‚
606 1004 622 1030 11
647 1003 810 1035 decesserit,
835 1003 860 1031 ἃ
880 1003 948 1030 alius
972 1004 998 1032 ei

182 1043 266 1070 suerit
296 1042 442 1074 susseftus,
472 1043 586 1069 rationis
613 1041 674 1074 eit,
707 1048 841 1077 quantum
865 1043 997 1077 tempor-ts

180 1082 272 1117 primo
292 1081 386 1108 datum
404 1080 493 1108 fuerat
513 1081 685 1108 tantumdem
710 1080 831 1108 secundo
847 1079 940 1107 datum
959 1081 985 1107 in

182 1120 279 1155 telligi.
886 1126 950 1153 243.
971 1129 995 1146 a.

278 1157 305 1185 id
325 1157 395 1186 fallit
412 1159 438 1186 in
459 1157 539 1190 casu,
559 1165 616 1193 quo
634 1163 741 1194 tempus
757 1158 876 1185 excurrit
891 1158 917 1184 in
932 1164 1000 1184 tem-

181 1205 233 1231 pus
250 1197 316 1223 novi
334 1196 522 1231 magistratus,
543 1204 605 1224 nam
623 1202 688 1223 tunc
708 1196 792 1229 judex
808 1195 931 1222 subditus
953 1195 998 1222 ba-

182 1235 260 1262 bebit
278 1240 383 1262 tantum
401 1235 552 1269 temporis,
572 1241 705 1268 quantum
723 1232 891 1268 magistratui
912 1233 999 1260 veteri

182 1272 299 1308 superest
321 1273 354 1299 ad
372 1271 554 1299 exercendam
572 1271 800 1304 jurisdictionem.
891 1271 954 1299 ibici.
974 1273 998 1298 b.

142 1310 234 1348 Judici
250 1310 364 1338 vitanda
379 1309 550 1337 familiaritas
566 1317 628 1343 cum
644 1308 889 1345 hominumvulgo.
905 1310 1000 1337 161.b.

891 1351 953 1376 162.
974 1357 999 1375 a.

143 1387 254 1426 Judices
271 1386 287 1414 fi
306 1386 427 1421 sapiunt,
450 1384 475 1412 δε
499 1385 524 1412 se
547 1384 593 1412 fibi
614 1386 720 1421 priores
742 1386 916 1420 probarunt,
943 1393 1000 1414 non

182 1427 302 1458 habent,
324 1424 400 1460 quod
418 1432 433 1451 a
452 1422 640 1452 familiaritate
660 1423 685 1452 ἃ
700 1430 844 1452 contemtu
863 1430 1000 1452 metuant.

935 1462 999 1490 ibid.

142 1501 267 1540 Judicem
285 1502 312 1529 in
338 1501 534 1537 cognoscendo
557 1509 649 1537 neque
670 1500 869 1529 excandescere
888 1506 1001 1537 oportet

183 1540 313 1568 adversus
340 1548 405 1571 eos,
427 1548 497 1575 quos
522 1539 609 1568 malos
631 1545 728 1576 putat,
757 1548 849 1576 neque
869 1539 998 1576 precibus

188 1578 412 1606 calamitosorum
431 1578 607 1605 inlacrimari.
931 1577 997 1606 ibid.

141 1617 252 1654 Judices
276 1616 328 1644 esse
350 1616 475 1652 possunt,
497 1617 544 1651 qui
568 1624 669 1644 annum
693 1616 778 1644 aetatis
802 1623 845 1650 17.
870 1616 996 1652 expleve-

177 1663 258 1691 runt,
280 1655 408 1692 quamvis
424 1662 481 1682 non
498 1661 651 1691 cogantur,
673 1654 722 1682 nist
740 1663 786 1682 20.
802 1656 920 1690 majores
936 1654 995 1682 fint.

505 1705 509 1707 ·
849 1701 910 1727 197.
935 1695 996 1726 198.

140 1732 252 1770 Judices
268 1732 320 1760 effe
342 1732 453 1768 possunt
474 1740 570 1761 omnes
587 1732 708 1760 minores
731 1732 918 1767 cujuscunque
935 1738 997 1759 aeta-

180 1772 231 1803 tis,
252 1770 270 1798 11
293 1770 478 1806 magistratum
500 1777 598 1806 gerant
613 1792 619 1803 ,
649 1771 693 1799 vel
715 1777 809 1807 partes
831 1770 944 1798 scientes
971 1769 997 1798 δε

178 1809 305 1837 volentes
325 1810 351 1837 in
365 1818 413 1837 eos
428 1809 614 1837 consentiant.
886 1811 946 1841 198.
971 1818 996 1836 a.

272 1848 391 1884 pedanei
413 1856 477 1875 num
499 1848 668 1875 auditorium
689 1847 848 1875 habuerint.
874 1847 998 1875 11.11.a.

275 1886 397 1913 minores
419 1887 446 1913 in
469 1885 554 1914 causis
576 1887 691 1914 minoris
708 1886 858 1917 momenti,
880 1893 998 1921 quarum

177 1925 304 1959 cognitio
320 1924 442 1959 alioquin
460 1925 611 1959 pertineret
633 1925 668 1952 ad
693 1924 836 1957 scabinos,
858 1931 914 1951 non
938 1923 998 1951 sunt

177 1962 342 1990 mandatarii
361 1962 572 1999 Jurisdiffionis.
884 1965 948 1990 261.
971 1971 996 1989 a.

272 2000 389 2035 agrestes
410 2007 537 2036 tempore
558 2001 743 2028 Gravionum.
885 2008 949 2035 302.
970 2009 995 2027 a.

139 2037 269 2074 Juclices,
291 2039 338 2073 qui
356 2038 390 2066 de
407 2039 654 2066 affectirationibus
678 2038 866 2075 cognoscunt,
888 2046 996 2066 eorum—

179 2084 233 2111 que
248 2075 340 2103 officia
356 2077 507 2104 assecurare
521 2084 673 2113 nequeunt.
884 2084 948 2111 475.
970 2085 995 2103 a.

137 2113 240 2152 Judicii
270 2114 451 2142 denunciatio
479 2115 716 2151 quemadmodum
742 2115 835 2151 legato
861 2114 920 2142 fieri
953 2113 999 2141 de-

179 2153 252 2180 beat.
891 2161 953 2186 170.
974 2154 998 2179 h.

166 2228 282 2255 adiciam
297 2226 459 2264 legitimum,
482 2229 509 2256 id
526 2229 580 2262 est,
603 2230 674 2257 aftio
690 2229 822 2264 legitima.
860 2229 883 2257 1.
897 2237 996 2262 229.a.

167 2266 282 2294 udicium
296 2265 320 2293 ἂ
338 2266 464 2294 indicium
485 2267 563 2302 saepe
580 2273 780 2303 permutantur.
885 2270 949 2299 264.
970 2276 997 2295 a.

136 2304 247 2339 judicia
270 2304 371 2332 cessant
393 2305 464 2332 inter
483 2306 635 2342 principes.
825 2305 863 2333 11.
887 2313 949 2339 193.
970 2315 995 2333 a.

136 2342 210 2382 Julia
232 2343 299 2370 Lex.
337 2343 373 2369 V.
391 2343 460 2370 Lex.

137 2381 264 2420 Julianus
285 2380 422 2416 (Salvius)
445 2379 534 2408 Edisti
548 2381 676 2418 perpetui
692 2381 803 2414 annor,
825 2388 881 2408 non
903 2386 996 2408 autem

175 2418 277 2446 Didius
297 2418 422 2456 Julianus
436 2419 607 2456 Imperator,
629 2421 707 2454 cujus
724 2418 786 2452 ille,
809 2425 837 2447 ut
858 2418 997 2452 creditur,

177 2456 229 2484 fuit
249 2457 383 2485 Proavus.
844 2457 866 2484 1.
889 2459 952 2490 328.
974 2459 1000 2485 b.

139 2494 242 2533 Juliani
259 2495 385 2530 plurimi,
409 2494 443 2522 ad
465 2504 536 2531 quos
552 2496 746 2524 Diocletianus
767 2494 792 2523 ὅ(
810 2496 999 2523 Maximianus

180 2533 394 2569 rescripserunt,
418 2534 510 2570 plures
528 2535 595 2562 item
618 2533 801 2562 Proconsules
823 2532 924 2562 Africae
944 2534 998 2561 boc

177 2572 302 2598 nornine.
933 2580 998 2605 421.

139 2609 263 2647 Julianus
281 2609 378 2644 aliquis
395 2608 442 2636 sub
457 2608 641 2638 Diocletiano
662 2609 836 2647 tyrannidem
854 2610 880 2637 in
903 2610 999 2639 Africa

178 2647 336 2675 adfectavit.
885 2655 950 2682 422.
973 2658 997 2675 α.

140 2685 206 2723 Jura
229 2685 396 2723 praediorum
417 2690 556 2720 quatenus
579 2685 701 2721 mancipi
726 2684 776 2712 fint
793 2706 800 2718 ,
824 2690 871 2712 aut
893 2692 1000 2713 contra.

142 700 263 737 Judicati

339 2189 366 2217 111
386 2188 539 2219 Hollandia
561 2190 671 2226 duplex.
890 2199 952 2225 171.
973 2201 997 2218 a.

893 2726 955 2757 338.
975 2734 1003 2752 a.

140 2774 220 2784 —a

178 2800 292 2827 haerent.

141 2838 237 2875 Jurare
258 2837 388 2873 lapidem.
425 2838 462 2866 V.
484 2837 628 2874 Lapidem.

142 2877 171 2903 in
187 2876 251 2913 Jure
267 2875 421 2904 constituto
435 2883 493 2904 11011
513 2876 608 2905 valent
622 2875 755 2904 rationes.
777 2882 842 2910 349.
851 2884 876 2903 a.
899 2878 999 2909 365.a.

143 2914 358 2950 jurisconsultus
378 2915 448 2950 quis.
887 2920 952 2947 325.
973 2915 997 2941 b.

142 2951 335 2989 Jurisconsulti
355 2961 412 2980 non
436 2950 546 2989 profani
565 2951 698 2980 duntaxat
720 2950 801 2986 juris,
824 2949 870 2979 sed
891 2950 998 2979 &sacri

179 2991 354 3026 prudentiam
376 2991 550 3026 profitentur.
893 2997 952 3023 4¹2
971 2999 997 3017 a.

277 3037 328 3065 pro
350 3029 423 3056 avita
446 3029 640 3057 Romanorum
662 3027 798 3063 religione
822 3026 999 3055 defendenda

180 3066 261 3094 novis
281 3066 355 3095 settis
377 3066 486 3094 fortiter
502 3066 527 3094 se
547 3068 753 3104 opposuerunt,
773 3065 920 3101 praesertim
935 3065 953 3093 11
970 3067 998 3094 111

178 3102 351 3139 Reipublicae
373 3106 526 3141 perniciem
549 3106 593 3133 vel
613 3105 812 3133 detrimentum
839 3103 999 3132 viderentur

178 3148 304 3177 vergere.
887 3150 952 3177 4¹3·
972 3152 997 3171 a.

139 3192 252 3202 ——-
273 3188 369 3210 eorum
392 3180 524 3211 foecunda
541 3181 646 3220 mestis,
675 3189 723 3211 cur
739 3179 786 3209 sub
810 3179 995 3219 Constantino

339 2760 400 2789 sunt
415 2760 564 2797 qualitates
585 2759 728 2798 quaedam,
750 2768 811 2796 quae
834 2761 999 2828 1111111111ῐὲ1ῐέ-

890 2807 898 2826 1
918 2808 926 2827 z
948 2821 954 2828 .
994 2820 1000 2827 .

1006 113 1039 147 D
1134 112 1162 147 E
1261 112 1291 147 X

1081 202 1125 230 M.
1145 201 1170 230 ἃ
1191 201 1321 238 deinceps
1341 202 1486 229 exaruerit.
1742 203 1763 232 1.
1786 211 1848 239 413.
1869 206 1894 235 b.

1042 240 1255 277 Jurisconsultos
1279 247 1402 267 veterum
1428 240 1563 267 sacrorum
1590 238 1735 275 vindices,
1768 244 1892 272 adversa-

1081 279 1137 306 rios
1156 278 1215 305 suos
1234 280 1338 314 experti
1357 279 1416 306 sunt
1433 277 1589 306 Christiani.
1827 284 1891 310 inm,

1043 316 1233 353 Jurisconsulti
1246 315 1329 344 libros
1346 317 1406 344 suos
1421 325 1478 344 non
1495 316 1789 346 scribebantcontinua
1809 320 1891 353 serie,

1083 354 1126 382 sed
1138 355 1303 382 dividebant
1318 357 1344 382 in
1360 354 1471 383 'situlos
1483 375 1490 386 ,
1511 353 1536 381 ἃ
1553 354 1602 381 bos
1620 355 1718 383 iterum
1734 358 1893 394 inparagm-

1078 393 1138 429 phos
1154 392 1208 420 five
1228 393 1301 420 loros.
1784 399 1846 424 162.
1864 407 1891 424 a.

1177 438 1272 457 eorum
1303 429 1510 459 au&0ritatibus
1542 429 1690 458 utebantur
1721 432 1835 461 Veteres
1862 435 1891 462 in

1079 468 1164 496 causis
1185 469 1378 496 controversis.
1785 476 1846 505 163.
1867 474 1891 500 h.

1178 515 1274 533 eorum
1293 506 1434 534 sententia}
1456 507 1556 535 libellis
1580 506 1734 535 offtrendis
1754 508 1892 538 addeban-

1830 549 1893 577 ibid.

1177 583 1333 610 babuerunt
1347 583 1527 619 loquutiones
1542 583 1589 611 fibi
1606 584 1769 619 peculiares.
1791 592 1854 613 222.
1866 588 1891 615 1).

1176 623 1292 648 Veteres
1315 621 1444 648 rxiriffime
1467 622 1613 649 utebantur
1631 622 1774 657 aequalium
1794 624 1837 650 vel
1851 625 1894 659 ju·

1079 659 1188 686 niorum
1209 660 1382 687 auetoritare.
1787 669 1847 696 173.
1867 664 1892 692 b.

1177 697 1242 733 saepe
1258 697 1368 725 fuerunt
1389 697 1551 725 sententiam
1572 698 1660 733 rogati
1681 697 1714 725 de
1735 699 1814 727 rebus
1834 709 1890 728 cer-

1080 736 1115 762 tis
1130 734 1154 762 ἃ
1172 735 1303 772 liquidis,
1324 744 1379 763 non
1398 736 1501 772 semper
1517 738 1550 764 de
1572 738 1654 764 rebus
1674 737 1784 765 incertis
1799 738 1823 766 ἃ.
1842 739 1891 767 du-

1080 774 1140 801 biis.
1784 779 1842 810 198.
1863 779 1888 806 b.

1041 826 1151 834 --—-
1174 810 1198 839 ὄῑ
1221 811 1348 840 Oratoris
1372 810 1510 843 officium,
1531 812 1686 850 Republica
1709 813 1812 848 libera,
1839 815 1888 844 fuit

1077 849 1246 882 distinc‘ttun,
1267 850 1361 886 postea
1385 851 1569 884 conjunc‘lum.
1827 861 1890 888 217.

1175 888 1241 915 olim
1266 889 1299 915 ab
1322 889 1490 917 Oratoribus
1514 889 1774 924 interrogabantur.
1804 890 1828 918 &
1847 891 1892 919 vel

1065 924 1158 954 ‚domi
1188 926 1318 955 sedebant
1347 928 1390 955 vel
1421 927 1575 955 transverso
1606 927 1671 956 foro
1702 929 1890 958 ambulabant.

1773 967 1847 996 ⁴ibid.
1867 978 1908 997 as

1174 1002 1344 1041 disertfflmz‘,
1365 1002 1522 1042 disertiffimi
1538 1004 1640 1042 Legum
1664 1005 1801 1038 Oratores,
1826 1006 1894 1034 Ora-

1077 1047 1189 1076 toresque
1210 1044 1319 1070 maximi
1337 1049 1470 1072 vocantur.
1785 1046 1847 1074 218.
1867 1054 1894 1072 a.

1173 1088 1229 1107 non
1253 1081 1340 1108 solent
1364 1089 1420 1109 11110
1445 1081 1510 1108 loco
1531 1081 1677 1118 expedire,
1705 1083 1836 1118 quicquid
1858 1082 1894 1111 ad

1077 1117 1188 1154 plenam
1230 1119 1344 1154 alicujus
1385 1121 1539 1155 argumenti
1580 1120 1719 1148 scientiam
1761 1123 1892 1158 pertinet.

1783 1167 1849 1194 224.
1870 1169 1896 1188 a.

1172 1193 1242 1228 julla
1265 1194 1494 1230 interpretatione
1511 1195 1596 1230 saepe,
1618 1197 1693 1232 quod
1719 1197 1746 1224 in
1764 1206 1818 1224 una
1839 1198 1896 1233 spe-

1080 1231 1122 1258 cie
1140 1231 1272 1260 sancitum
1288 1239 1365 1266 erat,
1386 1232 1421 1260 ad
1437 1232 1517 1261 aliam
1534 1235 1748 1269 transtulerunt,
1770 1244 1831 1262 cum
1848 1244 1897 1272 par

1080 551 1133 572 [ΗΓ.

1079 1269 1143 1296 esset
1159 1271 1240 1298 ratio.
1788 1281 1852 1308 24⁴-
1871 1275 1897 1303 h.

1042 1306 1200 1344 Jurisdiftio
1220 1316 1234 1335 a
1257 1308 1310 1336 sola
1334 1308 1502 1343 subjeetione
1523 1310 1636 1346 pendet.
1730 1311 1766 1339 11.
1788 1314 1849 1345 148.
1871 1322 1896 1340 a.

1176 1347 1203 1374 in
1224 1355 1280 1374 non
1302 1346 1440 1375 subditum
1463 1348 1549 1376 nulla.
1789 1357 1850 1384 157.
1871 1351 1897 1378 b.

1176 1385 1265 1413 civilis
1292 1393 1326 1413 an
1349 1385 1460 1421 Legalis
1482 1387 1510 1414 111
1535 1387 1609 1415 suam
1630 1386 1762 1415 familiam
1786 1395 1896 1424 compe-

1788 1429 1848 1459 167.
1871 1436 1896 1456 a.

1308 1470 1322 1489 a
1333 1463 1459 1497 nemine,
1468 1461 1516 1490 nisi
1530 1464 1573 1491 cui
1583 1464 1734 1500 aPrincipe
1749 1465 1876 1492 mandata
1887 1485 1896 1499 ,

1077 1499 1149 1527 reste
1169 1506 1320 1528 exercetur.
1788 1510 1851 1537 177.
1871 1504 1897 1532 b.

1174 1546 1207 1565 an
1224 1539 1368 1574 prorogari
1384 1538 1464 1575 poffit
1476 1539 1502 1567 in
1517 1539 1638 1574 judicem
1648 1546 1724 1568 extra
1741 1541 1897 1577 imperium.

1076 1576 1120 1604 cui
1137 1575 1224 1604 subest
1239 1577 1261 1604 is
1272 1598 1278 1609 ,
1299 1585 1355 1612 quo
1370 1577 1403 1605 de
1418 1578 1517 1613 agitur.
1787 1581 1849 1608 180.
1869 1589 1899 1608 a.

1172 1623 1206 1642 ne
1214 1621 1394 1651 prorogetur,
1405 1624 1439 1643 an
1451 1616 1655 1651 magistratuum
1667 1616 1778 1646 interfit.
1795 1619 1856 1646 181.
1868 1628 1898 1646 a.

1173 1661 1208 1680 an
1224 1661 1284 1680 eam
1300 1653 1441 1690 Principes
1456 1662 1608 1691 prorogare
1621 1654 1732 1692 poffint.
1787 1657 1849 1683 180.
1870 1657 1901 1684 b.

1039 1705 1203 1711 ——-—
1224 1692 1333 1727 Legati.
1791 1696 1851 1722 181.
1871 1694 1900 1722 b.

1037 1728 1246 1767 Jurisditftiones
1260 1737 1317 1758 non
1334 1729 1395 1759 sunt
1416 1730 1565 1759 distributae
1580 1730 1606 1759 in
1626 1733 1741 1767 gratiam
1756 1731 1898 1769 Judictnn.

1788 1769 1851 1798 ibid.
1869 1780 1898 1799 a.

1037 1805 1238 1843 Jurisdiffionis
1252 1808 1416 1844 prorogatio
1430 1817 1464 1837 an
1480 1808 1566 1837 hodie
1582 1807 1763 1836 omnislicita.
1788 1810 1840 1836 180
1868 1809 1899 1837 11-

1039 1844 1198 1882 Jurisdistio
1213 1854 1262 1874 cur
1277 1848 1339 1881 jure-
1352 1847 1436 1875 Rom.
1450 1847 1576 1883 potuerit
1591 1845 1726 1874 mandari.
1780 1849 1845 1875 260.
1866 1856 1896 1874 a.

1175 1885 1298 1912 moribus
1314 1885 1402 1921 Belgii
1424 1885 1549 1913 mandari
1564 1886 1672 1921 nequit.
1829 1885 1895 1913 ibid.

1171 1922 1228 1960 Qui
1246 1923 1331 1951 bodie
1345 1933 1405 1951 eam
1422 1930 1573 1958 exercent,
1586 1923 1802 1958 jurisdictionem
1820 1930 1897 1950 exer-

1075 1966 1140 1987 cent
1156 1960 1306 1996 Principis,
1328 1970 1383 1989 non
1401 1963 1551 1998 propriam.
1787 1963 1849 1989 261.
1869 1970 1895 1990 a.

1173 2006 1188 2025 a
1204 1999 1374 2028 Proconsule
1393 2000 1523 2028 mandata
1539 2000 1655 2034 Legato.
1681 1999 1716 2026 V.
1733 1998 1895 2027 Proconsul.

1039 2037 1067 2064 in
1087 2036 1281 2071 Jurisdic'tione
1303 2038 1430 2073 delegata
1454 2038 1587 2074 quidquid
1613 2037 1766 2073 specialiter
1783 2045 1839 2064 non
1854 2036 1895 2065 est

1080 1428 1131 1450 tat.

1078 2074 1250 2110 delegatum,
1278 2076 1400 2113 pertinet
1423 2076 1457 2104 ad
1473 2076 1696 2114 Jurisdiettonem
1716 2074 1895 2103 ordinariam.

1039 2149 1197 2187 Jurisdiffio
1220 2152 1310 2180 Curiae
1331 2152 1497 2180 Hollandiae.
1782 2114 1895 2185 2262517-

1171 2190 1258 2226 Hagae
1283 2190 1399 2218 sedentis
1415 2212 1422 2223 ,
1451 2199 1485 2218 an
1499 2190 1677 2226 Magistratus
1693 2190 1803 2225 Hagani
1818 2190 1896 2226 prior

1077 2226 1102 2254 ἂ
1117 2229 1260 2264 antiquior
1280 2229 1364 2264 Hagae
1385 2228 1475 2256 fuerit.
1829 2234 1894 2261 300.

1173 2275 1234 2302 quse
1251 2267 1420 2295 Militaribus
1436 2266 1579 2304 Judicibus
1602 2266 1754 2303 competit,
1774 2264 1812 2293 est
1828 2265 1896 2293 dun-

1074 2309 1149 2330 taxat
1164 2304 1190 2331 in
1210 2305 1319 2332 milites.
1787 2311 1850 2338 329-
1872 2304 1898 2332 b-

1039 2341 1194 2378 jurisperiti
1221 2351 1306 2379 quare
1327 2342 1460 2372 formulas
1484 2343 1511 2371 in
1532 2342 1717 2371 contradibus
1732 2341 1898 2379 praescripse-

1078 2381 1143 2408 rint.
1803 2388 1848 2414 44.
1870 2381 1895 2408 b.

1040 2417 1266 2454 Jurisprudentiae
1277 2419 1420 2453 definitio,
1434 2419 1510 2455 quod
1527 2419 1561 2447 ad
1577 2428 1619 2447 res
1629 2418 1744 2447 divinas.
1764 2418 1858 2453 I.412.
1869 2426 1897 2446 a.

1041 2456 1103 2492 Jus:
1123 2457 1189 2490 Ejus
1206 2465 1350 2495 praecepta.
1369 2459 1402 2485 V.
1422 2464 1568 2495 praecepta.

1041 2494 1088 2530 Jus
1109 2496 1293 2524 accrescendi.
1312 2498 1346 2524 V.
1363 2495 1490 2524 Accresc.

1041 2530 1100 2569 Jus
1112 2532 1197 2561 Civile
1217 2543 1268 2570 pro
1284 2535 1490 2570 interpretatione
1502 2533 1664 2570 prudentum.
1685 2532 1776 2566 athir.
1797 2531 1898 2566 320.b.

1041 2570 1099 2609 Jus
1114 2570 1319 2602 commentitium
1334 2571 1410 2608 quld.
1833 2573 1899 2603 ¹⁶3·

1042 2624 1119 2630 -——
1140 2611 1269 2645 generale
1307 2610 1454 2648 privilegia
1495 2608 1631 2637 anteriora
1672 2615 1753 2673 non11
1770 2608 1899 2679 alggcggag:

1044 2701 1122 2708 —-
1143 2687 1290 2720 Gentium,
1313 2686 1395 2724 quale
1415 2685 1454 2714 fit.
1658 2691 1720 2718 ¹5⁰·
1738 2693 1763 2712 a.
1787 2666 1850 2716 176..
1870 2683 1896 2711 b.

1145 2733 1179 2753 an
1196 2726 1354 2753 adversetur
1369 2725 1448 2752 maris
1466 2722 1602 2750 dominio.
1789 2729 1851 2755 137.
1871 2722 1895 2748 11.

1044 2777 1122 2783 —-
1143 2771 1178 2791 an
1195 2764 1228 2790 ab
1245 2763 1294 2791 usu
1308 2763 1333 2792 ἀ
1348 2762 1469 2790 moribus
1487 2761 1619 2788 Gentium
1636 2758 1765 2795 pendeat.
1789 2767 1850 2792 157.
1870 2759 1898 2787 b.

1042 2816 1121 2822 —
1143 2809 1208 2829 num
1225 2809 1240 2828 a
1259 2801 1417 2829 testimonio
1431 2800 1512 2826 unius
1533 2799 1642 2825 Gentis.
1785 2799 1847 2830 158.
1869 2805 1896 2824 a.

1042 2853 1121 2860 -—-
1141 2847 1155 2866 a
1171 2839 1318 2875 prudentia
1335 2838 1449 2874 politica
1467 2836 1699 2872 distinguendum.
1788 2838 1848 2862 1112.
1869 2843 1896 2862 a.

1043 2891 1121 2898 —
1141 2885 1199 2905 non
1230 2876 1306 2905 aliud
1332 2876 1371 2904 est
1393 2883 1476 2912 quam
1502 2873 1578 2910 quod
1594 2878 1762 2910 putaverunt
1779 2873 1896 2899 Veteres

1097 2914 1152 2943 Cti.
1789 2913 1850 2943 183.
1870 2919 1897 2936 a.

1042 2915 1120 2974 -—J-
1141 2954 1172 2981 In
1196 2960 1231 2980 eo
1252 2960 1309 2980 non
1329 2957 1384 2980 tam
1409 2951 1523 2980 testibus
1550 2949 1576 2978 &
1598 2949 1759 2984 coniecturis
1775 2968 1782 2980 ‚
1811 2955 1896 2982 quam

1079 2991 1212 3028 exemplis
1228 2990 1408 3019 credendum.
1787 2992 1848 3019 ¹7²-
1869 2994 1894 3014 a.

1042 3043 1119 3050 ---
1139 3043 1217 3051 --
1239 3037 1277 3058 eae
1293 3030 1415 3059 rationes
1433 3026 1592 3065 praevalent,
1603 3032 1670 3062 quas
1687 3024 1748 3052 usus
1761 3023 1896 3088 appreh}-

1080 3067 1130 3096 vit.
1786 3069 1846 3096 157.
1886 3080 1901 3096 .,

1042 3119 1120 3126 -—
1139 3104 1180 3133 Ex
1197 3112 1232 3133 eo
1248 3107 1303 3134 vim
1320 3105 1446 3140 injustam
1463 3103 1596 3140 repellere
1609 3101 1680 3144 litet.
1701 3100 1722 3127 1.
1748 3107 1808 3133 144.
1834 3106 1894 3132 ¹45·

1139 3143 1206 3180 EJus
1223 3145 1381 3181 ignorantia
1403 3141 1561 3173 Hollandiae
1581 3139 1733 3171 Ordinibus
1749 3137 1899 3174 exprobra-

1834 3181 1897 3208 157.

1847 3211 1895 3249 Jus

1078 3186 1114 3211 ta.
