2008 3436
211 147 280 176 230

205 215 361 252 Oriente,
385 223 453 254 quae
476 212 609 249 sanciat,
631 210 794 244 damnum,
819 203 923 245 rapina
942 201 992 232 uni
1015 199 1065 231 Ci-

206 257 236 286 vi
257 257 382 293 datum,
403 254 543 285 oninium
567 258 733 283 commune
754 246 835 278 fore.
880 241 1065 274 Prudentius

208 297 346 335 alioquin
369 295 552 336 respondent
570 293 620 324 ulii
638 289 735 330 (25),
761 296 835 318 tunc
854 285 977 316 demum
996 281 1064 313 Ma-

205 337 367 377 gistratum
387 337 502 372 teneri,
525 335 563 372 si,
587 341 659 363 cum
686 328 894 368 direptionem
921 322 1065 365 prohibe-

207 388 241 408 re
259 378 374 417 poffec,
399 387 460 408 non
477 372 684 417 prohibuerit.
728 369 787 400 Sed
803 377 840 398 an
859 363 1064 398 Mavistratus

204 419 296 459 pouit
314 419 478 459 prohibere
489 441 498 455 ,
523 424 581 446 nec
597 423 635 444 ne
648 436 657 450 ‚
668 410 741 442 faffi
757 406 887 449 quaestio
900 389 961 443 effi,
973 412 1064 444 quam

206 460 337 491 definire
364 470 425 491 non
446 458 562 496 semper
586 453 629 485 est
658 453 689 483 in
710 450 808 481 facili.
855 447 940 478 Huic
960 452 1064 475 autem

204 500 366 540 questioni
386 501 473 531 locus
492 506 552 528 non
567 494 610 526 est
630 494 659 524 in
679 492 743 529 liis,
760 490 831 530 qui,
853 488 926 518 dum
944 485 1062 526 Leges,

202 542 277 572 dum
304 540 480 572 Sententias
505 536 574 568 exse
599 542 734 568 uunmr,
766 530 865 571 plebis
887 527 993 559 odium
1017 526 1061 555 in-

199 592 386 619 currerunt,
410 589 501 620 atque
519 579 561 608 ita
576 546 689 615 direpti
710 571 797 609 sunt,
823 570 852 601 hi
872 568 953 600 enim
979 565 1063 597 omni

201 624 297 654 inodo
316 623 473 654 indemnes
500 619 566 650 sunt
593 613 751 650 servandi,
774 613 836 643 five
860 607 1063 649 Magistratus

200 666 293 703 culpa
318 661 544 697 intervenerit,
569 658 631 690 five
657 664 720 687 non
739 651 952 684 intervenerit.
998 647 1063 680 Bal-

203 705 270 735 livii
293 699 586 735 Rotterdamrnenlis
609 698 689 729 aedes
711 703 793 726 anno
821 695 910 729 1690.
933 690 1063 729 direptae

203 745 292 782 sunt,
325 754 382 781 an,
412 743 483 784 quia
505 740 612 773 officio
637 738 690 769 suo
716 733 922 775 fungebatur,
953 741 990 762 an
1016 729 1064 761 sua

201 785 293 825 ipsius
322 786 427 826 culpa,
459 793 523 814 non
548 780 681 816 defini03
715 776 746 807 id
770 774 863 806 ausim
882 772 1063 808 adfirmare,

202 826 422 867 ivlugistratum
443 817 763 857 Rottei·dammensem
786 823 911 846 omnem
929 821 1005 844 tunc
1021 813 1062 843 la-

201 868 305 908 pidem
328 866 479 904 movisse,
502 873 536 895 ut
559 862 671 904 quovis
695 856 818 890 meliori
841 854 936 887 modo
960 861 1064 884 motos

203 908 314 940 fluctus
343 912 568 948 componeret,
607 901 657 934 sed
686 898 796 932 frustra
813 920 822 936 ‚
860 893 1064 940 Magistratus

200 949 297 989 igitur
324 949 431 980 dolum
460 949 489 978 ἃ
511 953 636 977 omnem
668 941 791 981 culpam
818 936 948 969 abfuisse
973 934 1062 975 (26).

202 990 237 1022 In
257 1000 291 1020 ea
315 999 414 1020 tamen
434 988 556 1028 specie,
580 993 671 1024 atque
688 981 708 1013 s1
725 981 831 1012 odium
856 986 962 1009 natum
988 975 1064 1006 effet

202 1041 242 1062 ex
261 1031 368 1062 officio
384 1030 513 1067 funflo,
534 1026 669 1059 Ballivio
687 1020 872 1054 indemnitas
890 1017 934 1049 est
951 1015 1066 1058 praesti-

204 1081 234 1103 ta
253 1082 294 1103 ex
315 1072 433 1103 tributo
451 1069 583 1111 quodam
596 1090 604 1105 ‚
628 1076 645 1097 a
659 1061 846 1103 Magistratu
866 1058 997 1090 Civibus
1018 1057 1064 1088 in-

203 1114 294 1144 dicto.
343 1112 448 1156 Quum
476 1119 557 1142 anno
589 1109 679 1143 1696-
706 1100 907 1135 Amsterdami
933 1099 1064 1138 direptae

203 1154 299 1185 ellent
314 1154 395 1184 aedes
416 1151 571 1191 cujusdam
584 1172 594 1187 ‚
615 1148 666 1188 qui
691 1142 860 1177 Ordinibus
887 1138 1065 1171 Hollandiae

204 1195 390 1236 suggessemt
417 1192 524 1224 tributi
548 1199 644 1232 genus
660 1211 668 1225 ‚
701 1185 795 1217 etiam
818 1181 893 1226 alibi¹
913 1179 1065 1211 Gentium

202 1235 455 1277 frequentatum,
481 1233 529 1264 sed
547 1230 632 1271 quod
658 1226 721 1267 ipse
746 1232 862 1255 novum
885 1220 1064 1260 militabat,

200 1277 341 1317 direptus
364 1274 580 1315 Magistratum
607 1262 955 1301 Amsterdammensern,
978 1268 1013 1291 ut
1031 1258 1061 1290 se

202 1318 377 1349 indemnem
395 1314 571 1356 praestaret‚
598 1305 799 1342 Amsterdami
816 1302 896 1344 apud
913 1301 1062 1333 Scabinos

202 1358 374 1395 convenit,
399 1356 447 1388 sed
474 1355 515 1386 ibi
541 1350 679 1394 repulsus
700 1347 763 1385 est,
789 1354 830 1376 ex
853 1342 1063 1384 appellatione

245 1441 322 1476 (25)
344 1438 436 1476 Confil.
458 1438 496 1466 H.
514 1438 549 1465 T.
571 1437 608 1464 V.
634 1438 695 1467 169.

243 1479 325 1516 (πό)
347 1475 498 1515 Europische
519 1474 675 1504 Mercurius
705 1473 787 1504 1690.
809 1465 902 1504 Mense
925 1464 1063 1494 Decembri

898 1600 1128 1638 LIBRI
1199 1600 1223 1636 S

367 133 404 170 C.
433 145 502 170 vm
532 124 896 168 EYNKERSHOEK
924 118 1116 172 QUAEST.
1142 115 1277 164 JURIS
1305 112 1437 150 PUBL.
1467 110 1552 145 LIB.
1580 108 1623 144 11.
1652 108 1690 143 C.
1715 105 1832 146 XXV.

1107 204 1211 227 autem
1236 193 1371 225 obtinuit
1394 190 1474 232 apud
1499 188 1625 221 Curiam
1651 189 1838 227 Hollandiae.
1881 196 1954 233 Cum

1107 235 1209 268 rursus
1230 235 1418 280 appellatum
1450 230 1550 268 essct,
1573 231 1653 272 apud
1683 232 1828 266 Senatum
1853 237 1955 279 Supre-
1990 228 2004 275 ft

1108 286 1193 309 mum
1209 275 1328 307 relcissa
1346 273 1391 305 est
1407 272 1530 309 Curiae,
1555 272 1584 303 δε
1609 272 1738 312 probata
1760 275 1955 314 Amsterdam-
2004 275 2008 290 ²

1108 317 1255 349 mentium
1275 315 1427 348 sententia
1450 323 1498 344 12.
1516 313 1636 352 januar.
1663 318 1750 354 ¹708·
1795 316 1832 348 Ei
1846 318 1958 358 judicio

1107 357 1172 405 ipse
1190 358 1322 389 Senator
1336 354 1484 393 interfui,
1509 355 1537 385 <Sc
1553 352 1636 392 scio,
1651 355 1797 388 Senatum
1814 368 1876 392 non
1894 371 1954 394 mo-

1107 399 1203 445 vrffe,
1226 399 1309 439 quod
1326 396 1393 438 post
1411 395 1619 436 direptionem
1640 396 1780 436 glorioso
1803 408 1892 433 novae
1915 405 1956 436 rei

1107 440 1266 485 inventori
1289 439 1450 480 praemium
1483 446 1618 467 annuum
1637 459 1646 474 ‚
1686 436 1786 469 donec
1822 441 1939 476 viveret

1106 480 1204 512 fuerit
1221 479 1419 517 concellum,
1442 478 1492 511 scd
1509 477 1614 517 quod,
1639 479 1670 509 in
1691 476 1817 511 sedanda
1839 466 1956 517 sediti03

1107 531 1166 559 ne,
1202 521 1287 552 nulla
1313 521 1402 561 plane
1432 517 1634 558 Magistratus
1661 518 1955 560 Amsterdammenfis

1107 563 1409 607 culpanargueretun
1434 562 1464 593 ὅ(
1480 560 1542 592 fine
1560 560 1652 600 culpa
1667 558 1882 601 Magistratum
1898 575 1956 600 nou
1998 559 1999 574 ³

1107 612 1204 651 teneri
1220 610 1314 634 etlam
1330 600 1463 632 Grotius
1478 600 1635 632 consentit
1651 600 1691 631 L.
1711 601 1751 633 11.
1773 603 1806 633 de
1828 603 1902 644 Jure
1920 601 1950 640 B¹⁴

1106 644 1194 678 &R
1223 644 1254 674 C.
1277 653 1323 688 ty.
1348 641 1447 688 §.eo
1473 652 1504 673 n.
1532 651 1559 673 1.
1603 641 1690 687 Quin
1707 665 1716 680 ,
1742 652 1775 673 ut
1800 645 1893 678 modo
1914 632 1956 681 di]

1106 685 1214 716 cebam
1225 706 1236 722 ,
1259 683 1480 715 difficillimum
1496 682 1539 714 est
1555 683 1677 722 culpam
1699 683 1900 725 Magistratus
1914 698 1955 722 ar-

1108 734 1219 766 guere,
1231 734 1303 757 cum
1319 724 1502 765 expeditum
1514 733 1576 754 non
1593 723 1630 755 fit
1646 723 1770 763 dicere,
1791 727 1899 767 ecquid
1917 729 1956 763 fa-

1108 767 1159 798 cto
1177 775 1254 807 opus
1275 764 1332 803 fit,
1359 774 1434 811 curn
1456 764 1534 797 furit
1560 764 1662 795 bellua
1684 765 1855 799 multorum
1879 771 1956 812 capi.

1109 815 1185 838 tum.
1232 806 1280 837 An
1297 805 1399 837 statim
1419 806 1534 838 milites
1551 812 1685 836 armatos
1703 805 1852 841 immittes
1869 809 1898 842 in
1914 819 1958 844 tu.

1106 847 1478 894 inultuantemnplebem‘?
1502 846 1581 888 saepe
1596 847 1742 886 expedit,
1767 846 1817 879 sed
1838 849 1867 881 ἀ
1883 849 1957 894 saepe

1107 897 1259 929 integram
1285 888 1457 920 Crvrtatem
1480 887 1613 930 exponis
1631 888 1860 927 praesentiffimo
1882 893 1957 933 peris.

1107 930 1192 962 culo.
1247 928 1423 968 Romanos,
1468 930 1657 962 Mor-talium
1695 930 1960 976 prudentiffimos¹9

1108 981 1170 1003 non
1189 969 1307 1010 semper
1329 971 1361 1001 vi
1379 972 1407 1002 ὅ(
1427 971 1457 1002 vi
1479 979 1614 1009 armata,
1637 970 1688 1002 sed
1705 971 1781 1003 dolo
1803 972 1887 1006 bono
1909 973 1959 1008 sae-
2007 974 2008 977 ’

1108 1013 1176 1052 pius
1190 1011 1282 1043 fuiffe
1301 1011 1370 1043 usos
1394 1011 1430 1042 ad
1454 1011 1596 1043 sedandas
1614 1010 1781 1044 seditiones
1825 1014 1959 1048 ersuade-

1108 1054 1186 1084 bunt
1204 1053 1346 1093 exempla
1370 1053 1450 1093 apud
1472 1052 1719 1084 Machiavellum
1743 1053 1784 1086 L.
1825 1080 1831 1086 .
1856 1055 1961 1098 Dispu-

1108 1099 1163 1125 tat.
1185 1094 1218 1124 de
1240 1094 1364 1140 Respubl.
1392 1094 1424 1124 C.
1454 1103 1500 1139 13.
1526 1093 1555 1124 &
1579 1094 1617 1124 ab
1636 1093 1728 1125 initio
1749 1095 1868 1128 leniora
1886 1107 1960 1138 quo-

1108 1144 1169 1186 que
1189 1137 1324 1166 remedia
1342 1134 1515 1181 prescribit
1537 1133 1678 1174 Limus,
1703 1135 1743 1167 L.
1763 1135 1816 1167 Vl.
1841 1138 1961 1172 Politic.

1111 1175 1142 1205 C.
1165 1185 1197 1214 4.
1242 1175 1419 1220 Prudentiae
1438 1175 1681 1216 uniuscujusque
1703 1176 1906 1218 Magistratus
1927 1189 1962 1212 en

1108 1224 1156 1246 res
1178 1214 1224 1259 est
1238 1216 1460 1257 relinquenda,
1483 1225 1554 1248 nam
1581 1216 1671 1256 ipfius
1694 1216 1738 1248 est
1756 1227 1813 1257 pro
1832 1229 1864 1251 re
1891 1229 1962 1253 nata

1104 1253 1317 1302 constituere,
1357 1265 1392 1287 ut
1416 1265 1509 1296 quam
1537 1256 1700 1287 minimum
1741 1258 1960 1294 detrimentum

1106 1302 1208 1336 capiat
1223 1295 1362 1337 Civitas,
1386 1297 1459 1329 fidei
1476 1295 1537 1328 suae
1554 1296 1722 1329 commissa.

1103 1433 1132 1462 p.
1155 1432 1200 1461 79.
1221 1423 1248 1453 ἃ
1269 1424 1345 1461 seqq.

1802 3229 1957 3275 cous
