2008 3436
446 110 845 147 CORNELII

174 196 322 228 mandans
355 196 482 228 sciverit
507 205 580 230 ante
611 197 723 229 faciam
756 195 1034 236 assecurationem,

173 246 221 267 res
257 238 383 278 periisse
402 262 411 276 ,
442 239 647 270 mandatarius
673 247 779 270 autem
817 239 1035 280 ignoraverit,

173 277 303 310 seientia
331 279 427 311 solius
456 280 628 311 mandantis
658 279 808 311 rescindit
838 279 1036 311 assecuratio-

175 328 265 358 nem,
281 320 311 350 in
331 329 465 361 utroque
482 322 564 352 enim
582 321 751 360 requiritur
763 321 842 352 bona
859 321 946 352 fides.
971 320 1035 352 Hie

173 368 277 392 autem
295 361 326 393 in
345 371 479 402 utroque
499 361 561 393 fuit
578 362 695 401 optima
708 361 803 400 fides,
827 362 972 394 mandans
984 371 1036 392 cx-

173 401 276 441 prellit
298 403 525 443 profectionem
543 403 648 438 navis.
674 412 763 443 quam
790 402 927 442 sciebat,
952 412 1036 434 man-

172 443 308 475 datarius
327 467 337 482 ,
367 445 419 485 qui
445 443 483 474 de
506 452 540 474 ea
563 444 674 475 anxius
699 444 862 475 dubitabat
881 467 890 481 ‚
924 444 1035 475 maluit

172 484 377 523 ignorantiam
403 485 579 524 exprimere
600 507 609 523 ,
639 484 668 516 ὅ(
691 485 840 526 quiequid
859 484 1034 525 express'um

172 525 249 556 effet
269 548 278 562 ,
313 525 571 558 affectu-atoribus
599 535 656 556 1166
682 526 790 558 oberat
807 549 818 565 ,
848 536 906 558 nec
924 526 1034 567 prode-

170 575 230 608 rat.
277 566 419 607 Utraque
445 567 541 607 igitur
563 564 714 598 sententia
738 567 871 608 probata
894 566 957 599 fuit
986 576 1032 607 15.

169 607 235 647 jan.
267 617 354 649 1740.
380 608 437 648 (3)

212 648 319 690 Quum
338 648 434 688 Gajus
451 648 669 687 intellexisset,
681 659 793 682 navem
811 649 894 682 suam
914 651 944 682 in
958 649 1030 681 Fre-

172 698 208 720 to
231 690 360 721 Uavidis
379 689 493 730 cepiss'e
512 689 563 722 sex
580 691 732 729 balaenas,
758 691 963 723 Amsterdami
981 695 1029 723 26.

169 731 231 770 1111.
261 741 348 771 1727.
373 731 534 763 ass'ecurari
560 731 613 763 fibi
634 731 713 764 facit
736 739 768 772 op
789 732 976 773 W'alvirlpek
996 742 1031 763 en

173 774 300 803 turni-den
322 783 383 803 van
408 774 440 803 cle
467 772 570 804 Straczt
597 773 717 804 Davicls
740 784 816 804 naar
835 773 1030 815 Amstercium.

169 812 270 845 Navis
285 823 335 844 cas
354 814 486 845 balaenas
502 823 627 855 ceperat
645 824 741 855 prope
766 813 896 847 insulam
914 814 1031 853 Disco,

171 852 221 886 sed
248 863 408 886 revertens
436 855 596 896 navigavit
620 857 657 887 ad
680 855 814 896 glaciem
842 857 1032 888 Occidenta-

169 896 250 933 lcm‚
270 897 317 927 het
338 894 485 937 lVer-ys,
507 904 542 927 ut
556 897 643 936 juxta
666 906 734 928 eam
762 897 793 928 in
810 897 913 929 reditu
934 896 1031 938 pisca-

169 946 272 975 retur,
299 938 329 969 ὃ(
348 946 471 979 caperet
484 937 633 976 balaenas,
654 938 708 970 sibi
727 938 813 970 forte
829 939 948 972 obvias.
972 938 1031 971 Sed

169 988 224 1019 per
245 977 458 1019 tempestatem·
474 980 573 1019 ruptis
595 980 622 1010 ὅ(
642 979 756 1011 luxatis
778 980 960 1020 quibusdam
979 989 1031 1011 na-

169 1021 218 1051 vis
239 1019 468 1059 instrumentis,
492 1028 596 1051 nautae
611 1021 683 1052 inde
702 1020 862 1052 divertunt
881 1022 909 1053 ὃ(
928 1021 1032 1061 appel-

170 1061 240 1092 lunt
257 1063 288 1092 111
305 1063 338 1092 de
357 1060 532 1102 Zuyd-haay
553 1062 624 1102 (qui
641 1061 731 1093 Sinus
750 1060 796 1093 est
813 1062 850 1093 ad
869 1062 1033 1094 Orientem

168 1102 275 1143 Ereti)
295 1111 329 1133 ut
350 1103 393 1133 ibi
411 1102 576 1134 reficerent
594 1102 797 1137 instrumenta
814 1102 883 1141 sua,
897 1113 933 1134 ea
950 1112 1034 1134 men-

169 1151 201 1174 te
219 1166 228 1180 ,
255 1152 289 1174 ut
319 1142 387 1183 post
419 1143 621 1174 refectionem
649 1143 751 1174 rursus
775 1143 974 1175 deflecterent
996 1143 1034 1174 ad

167 1185 300 1225 glaciem
318 1184 554 1216 occidentalem
566 1207 575 1221 ,
598 1184 640 1214 ibi
660 1185 775 1215 iterum
793 1183 947 1224 piscaturi.
973 1185 1034 1216 Sed

167 1226 257 1258 navis
269 1249 279 1263 ,
303 1226 408 1257 exiens
424 1235 463 1256 ex
480 1225 537 1256 illo
551 1225 614 1256 sinu
629 1224 742 1265 periit,
764 1224 846 1257 salva
859 1233 961 1256 tamen
978 1226 1033 1256 ali-

167 1276 227 1308 qua
255 1267 358 1298 oneris
386 1275 484 1306 parte.
537 1265 758 1305 Affecurator,
792 1274 828 1296 ut
859 1266 1005 1298 damnum
1023 1290 1032 1305 ,

167 1307 252 1349 quod
278 1307 322 1338 ibi
348 1307 529 1345 acciderat,
559 1307 722 1339 resarciret
748 1308 780 1339 in
803 1306 850 1346 jus
880 1315 1033 1346 vocatus,

167 1348 340 1381 absolvitur
361 1357 379 1378 a
400 1347 560 1387 Judicibus
585 1358 688 1379 rerum
716 1349 940 1381 maritimarum
961 1349 1034 1380 Am-

168 1388 455 1424 sterdammensibus
474 1399 524 1426 29.
544 1390 643 1422 Mart.
662 1399 750 1430 1729.
779 1399 949 1431 eorumque
967 1389 1032 1422 sen-

167 1430 297 1463 tentiam
327 1431 499 1471 probarunt
523 1431 647 1464 Scabini
674 1441 724 1464 21.
754 1433 853 1465 Mart.
883 1440 973 1473 1731.
1003 1433 1033 1466 &

170 1471 266 1504 Curia
283 1471 467 1504 Hollandiae
487 1482 516 1504 2.
534 1472 623 1505 Nov.
645 1481 737 1515 1735.

209 1513 409 1555 Appellatum
442 1513 498 1546 est.
545 1513 598 1546 De
627 1524 665 1546 eo
689 1523 792 1547 autem
820 1515 903 1547 inter
932 1522 1034 1557 partes

166 1554 348 1594 constabat,
373 1565 469 1596 quum
489 1555 551 1595 ita,
574 1563 609 1588 ut
629 1556 713 1595 dixi,
749 1556 954 1589 affecuratum
969 1556 1034 1598 est,

167 1596 374 1629 assecuratum
396 1596 457 1628 esse
474 1607 532 1638 pro
556 1597 622 1630 solo
648 1597 790 1639 periculo
805 1620 817 1635 ,
834 1599 918 1639 quod
936 1598 968 1630 in
988 1608 1034 1630 re-

166 1638 236 1670 ditu
255 1637 430 1677 accideret,
448 1638 500 1671 sed
516 1639 588 1670 inde
607 1638 764 1679 quaesitum
776 1661 786 1677 ‚
798 1640 927 1680 *quando
945 1639 1033 1671 navis

165 1679 287 1713 rediiffe
312 1678 463 1711 censenda
484 1679 590 1712 esset?
611 1680 721 1712 Turba
740 1685 790 1716 18-
814 1681 1033 1712 Mercator-um

164 1720 516 1762 Amsterdammenfium
532 1721 711 1753 adfirmabat
726 1745 735 1761 ,
760 1722 894 1754 reditum
918 1722 1032 1763 incipe-

167 1772 220 1800 re,
239 1761 401 1804 postquam
423 1762 511 1794 finita
525 1772 592 1794 erat
609 1762 740 1804 piscatio
751 1785 763 1802 ‚
783 1765 812 1796 ὃ(
827 1763 865 1794 (16
884 1772 922 1794 60
939 1764 1032 1795 etiam

166 1805 250 1836 inter
276 1811 379 1844 partes
404 1803 476 1835 satis
505 1805 726 1835 conveniebat:
767 1805 811 1836 At
831 1814 908 1835 vero
937 1803 1034 1844 Gajus

169 1843 401 1882 contendebat3
421 1845 520 1885 captis
537 1845 601 1877 11113
622 1844 674 1877 sex
692 1846 818 1877 balaenis
837 1855 936 1887 prope
953 1844 1034 1877 insu-

166 1886 227 1917 lam
257 1884 355 1917 Disco
381 1885 501 1919 finitam
532 1885 624 1918 fuisse
658 1886 862 1928 piseationem
879 1909 890 1926 ‚
921 1896 1035 1919 navem

175 110 248 152 460
911 120 934 145 v
949 119 971 144 A
994 119 1019 146 Ν

715 1986 1065 2023 CAPUT

1080 108 1689 147 BYNKERSHOEK

1080 195 1204 235 quidem
1222 195 1305 229 suam
1320 195 1476 238 navigass‘e
1489 195 1527 228 ad
1536 195 1668 238 glaciem
1683 199 1915 234 Occidentalerc
1927 223 1940 242 ,

1080 238 1110 269 ἃ.
1128 237 1195 277 post
1210 246 1321 277 rupta,
1338 240 1366 270 &-
1383 239 1413 270 in
1437 238 1516 282 111οἢ,
1532 247 1623 278 quem
1642 238 1705 270 dixi
1717 263 1727 278 ‚
1746 241 1809 273 111111
1826 242 1940 276 rtfetta

1079 279 1169 310 navis
1193 278 1394 311 instrumenta
1410 303 1419 316 ,
1437 281 1540 310 rui-ius
1560 287 1600 309 60
1616 281 1759 321 navigant·
1786 283 1935 316 eonstitu-

1079 319 1132 351 ill'e
1156 329 1284 358 nautaS,
1305 320 1355 352 sed
1376 321 1493 360 recepti
1516 320 1610 351 moris
1625 319 1702 360 effe,
1723 332 1756 353 ut
1782 334 1873 357 naves
1891 336 1935 358 re-

1080 361 1210 393 deuntes
1234 370 1275 392 ex
1299 360 1393 393 Freto
1412 360 1542 392 Davidis
1560 360 1724 393 defle-stant
1745 365 1781 395 ad
1805 366 1937 406 glaciem

1081 402 1320 434 occidentalem
1332 426 1341 441 ,
1359 403 1389 434 ὁ(
1405 403 1495 443 juxta
1512 412 1579 432 eam
1595 401 1838 437 Ainsterdamum
1853 408 1936 439 navi-

1079 452 1174 482 gent,
1194 453 1257 475 non
1278 452 1317 474 eo
1333 444 1437 476 animo
1455 467 1466 482 ,
1485 451 1520 473 ut
1537 443 1580 474 ibi
1601 452 1706 474 veram
1732 446 1937 484 piscationem

1078 493 1260 522 exerceant,
1278 484 1307 515 id
1324 485 1388 524 est,
1406 493 1441 516 ut
1457 485 1578 515 easdem
1598 485 1666 515 vias
1685 494 1773 525 eant,
1793 488 1916 521 redeant
1927 511 1941 528 ,

1078 526 1108 557 &
1126 524 1369 567 quaquaversum
1391 525 1540 556 oberrent
1562 548 1571 563 ,
1600 526 1651 556 sed
1678 535 1711 556 ut
1727 550 1735 565 ‚
1758 528 1829 558 dum
1852 530 1936 561 rede-

1078 576 1134 599 unt
1146 592 1153 605 ‚
1167 576 1257 598 unam
1271 567 1442 598 alteramve
1458 566 1607 597 balaenam
1619 589 1629 605 ,
1639 565 1694 598 sibi
1704 566 1787 599 forte
1796 569 1919 602 obviam
1928 594 1941 610 ,

1079 608 1122 640 sui
1143 618 1268 650 quoque
1293 608 1369 648 juris
1397 606 1515 639 faciant
1532 629 1543 644 ‚
1568 607 1597 638 ἃ
1624 606 1692 638 sane
1720 610 1759 639 de
1782 619 1819 641 co
1851 621 1938 644 more

1079 649 1267 682 testabantur
1292 659 1341 681 22.
1367 649 1583 686 Mercatores,
1601 646 1759 680 Navarchi
1774 673 1783 688 ,
1814 651 1843 683 δε
1861 653 1911 684 alii
1925 676 1937 692 ‚

1075 692 1141 731 ejus
1163 691 1344 733 piscationis
1367 690 1470 731 periti.
1513 689 1574 720 Sed
1603 690 1796 729 quaerebatur
1812 715 1821 730 ,
1844 702 1880 725 an
1907 695 1940 726 id

1074 735 1184 766 liceret
1204 733 1347 773 periculo
1363 731 1629 762 aflectu-aterum?
1647 730 1856 765 Adfirmabant
1872 736 1939 775 qui-

1074 775 1145 807 dem
1169 775 1214 806 illi
1243 779 1290 808 18.
1324 773 1524 805 Mei-catores
1540 793 1551 809 ‚
1589 771 1802 806 affeeuratorcs
1826 775 1863 805 de
1887 776 1938 808 da.

1075 826 1150 848 111110
1163 816 1213 853 ‚in
1233 815 1333 846 reditu
1342 820 1492 855 accepto,
1514 813 1634 851 teneri,
1648 823 1844 856 quocumque
1862 817 1938 848 loco

1074 857 1106 889 id
1129 857 1227 889 fuerit
1253 864 1439 896 acceptum,
1463 854 1513 885 led
1538 854 1670 886 reditum
1686 855 1937 897 interpretabana

1075 908 1123 930 tur
1149 920 1160 937 ,
1199 898 1220 929 si
1256 897 1343 928 navis
1357 919 1368 934 ,
1408 894 1657 928 Ainsterdamum
1691 894 1841 929 destinata
1863 922 1872 937 ,
1900 900 1936 932 fi-

1074 941 1138 971 nita
1169 938 1342 981 piscatione
1356 961 1364 974 ‚
1394 937 1475 968 reela
1511 936 1756 969 Amsterdamum
1789 938 1941 982 naviget,

1077 990 1139 1012 non
1163 990 1239 1012 vero
1258 979 1278 1010 si
1299 978 1441 1010 deflectat
1464 978 1501 1008 ad
1526 979 1617 1010 aliam
1636 977 1851 1019 piscationem.
1895 981 1940 1014 Et

1078 1021 1248 1053 secundum
1264 1020 1330 1051 haec
1350 1020 1489 1061 plerique
1508 1020 1674 1051 8611010163
1692 1020 1942 1061 respondebant,

1076 1062 1099 1095 fi
1117 1071 1219 1095 nautae
1231 1085 1239 1101 ,
1258 1069 1408 1093 exeuntes
1426 1061 1483 1092 1110
1501 1060 1567 1093 finu
1579 1084 1589 1099 ,
1610 1061 1840 1095 constituissent
1857 1063 1938 1096 resta

1077 1102 1321 1135 Arnstcrdamum
1338 1110 1484 1143 pergere,
1507 1101 1567 1132 diei
1589 1102 1673 1142 posse
1690 1126 1700 1141 ,
1724 1103 1843 1135 finitam
1861 1103 1938 1136 fuis-

1076 1143 1329 1184 se„piscationem
1348 1166 1357 1181 ‚
1377 1142 1495 1173 etiamii
1514 1142 1600 1174 forte
1623 1143 1770 1176 balaenam
1783 1167 1794 1184 ‚
1811 1145 1863 1176 libi
1880 1146 1937 1177 ob-

1076 1185 1159 1216 viam
1175 1207 1186 1223 ,
1208 1183 1355 1224 cepill'ent
1373 1206 1383 1222 ,
1405 1182 1455 1214 sed
1479 1192 1561 1214 nunc
1581 1183 1772 1216 corstitunrc
1786 1187 1822 1217 ad
1842 1186 1940 1219 oeci-

1077 1226 1201 1257 dentem
1215 1224 1379 1256 deflectere
1396 1247 1404 1260 ,
1428 1223 1479 1266 ubi
1500 1224 1655 1263 1110301611.-
1677 1224 1862 1258 balaenarum
1885 1228 1938 1258 co-

1078 1267 1127 1307 pia
1144 1289 1155 1305 ,
1177 1276 1240 1298 11011
1262 1266 1322 1297 alia
1342 1273 1447 1296 mente
1461 1288 1471 1303 ‚
1499 1274 1589 1305 quam
1613 1273 1647 1296 ut
1670 1266 1777 1299 obvias
1805 1277 1940 1310 quasque

1076 1309 1211 1339 balaenas
1235 1307 1379 1339 facerent
1402 1305 1486 1343 suas,
1510 1315 1608 1347 neque
1626 1307 1704 1338 adeo
1726 1308 1788 1340 dici
1806 1309 1889 1350 posse
1903 1309 1938 1341 fi-

1076 1350 1173 1381 nitam
1195 1349 1288 1380 fuiss'e
1314 1347 1520 1389 piscationem
1539 1371 1549 1386 ,
1575 1356 1613 1379 ex
1630 1348 1687 1379 illo
1712 1348 1798 1388 sinu,
1822 1350 1842 1382 fi
1866 1351 1938 1383 Am-

1075 1390 1261 1423 sterdamum
1291 1388 1514 1428 destinassent,
1548 1389 1753 1430 navigandum
1781 1390 1873 1423 fuiss'e
1901 1392 1939 1424 ad

1075 1431 1238 1464 meridiem
1257 1455 1266 1471 ,
1291 1431 1320 1463 ὅ(
1343 1430 1487 1471 superato
1511 1430 1634 1471 Augulo
1649 1455 1658 1470 ‚
1682 1431 1735 1472 qui
1762 1432 1876 1464 dicitur
1899 1434 1939 1465 de

1078 1474 1302 1511 Staten-hoek,
1326 1472 1362 1503 ad
1385 1471 1548 1503 Orientem
1558 1494 1578 1510 t,
1611 1473 1694 1513 quod
1722 1473 1861 1514 periculo
1884 1473 1938 1506 suo

1076 1515 1169 1546 licuit
1193 1513 1319 1551 facere,
1343 1513 1556 1546 affectu-aroris
1581 1514 1722 1554 periculo
1745 1524 1810 1547 non
1836 1515 1937 1548 licuit.

1076 1555 1127 1588 Ex
1152 1555 1200 1587 his
1227 1554 1421 1588 efficiebatur
1436 1578 1446 1594 ,
1471 1564 1582 1587 navem
1608 1554 1749 1595 periisse,
1766 1556 1939 1598 priusquam

1076 1597 1216 1630 absoluta
1238 1598 1314 1629 ess'et
1338 1596 1466 1637 piscatio
1480 1619 1489 1635 ,
1507 1604 1599 1638 atque
1620 1596 1664 1627 ita
1680 1596 1823 1628 damnum
1841 1598 1877 1628 ad
1894 1607 1939 1630 as-

1075 1638 1283 1671 securatorem
1299 1647 1361 1670 non
1379 1638 1544 1679 pertinere.
1592 1637 1662 1669 Hac
1687 1647 1746 1668 una
1762 1639 1883 1670 ratione
1902 1649 1938 1670 o-

1075 1689 1164 1713 mnes
1174 1680 1337 1712 Senatores
1346 1702 1357 1718 ,
1369 1688 1432 1710 uno
1441 1678 1639 1710 diss'entiente
1648 1701 1657 1718 ,
1669 1686 1730 1711 tres
1742 1679 1859 1719 priores
1874 1679 1940 1712 sen·

1076 1722 1188 1753 tentias
1213 1722 1408 1761 probabant,
1427 1729 1527 1762 neque
1550 1720 1628 1751 adeo
1645 1720 1846 1753 excutiebant
1863 1722 1938 1754 alias

1077 1763 1232 1802 rationes,
1250 1772 1323 1803 quas
1339 1762 1436 1794 etiam
1454 1761 1484 1793 in
1502 1770 1566 1793 rem
1590 1760 1672 1793 suam
1698 1762 1839 1793 vertebat
1859 1761 1934 1794 asse-

1078 1811 1204 1835 curator
1222 1826 1232 1841 ,
1255 1806 1284 1837 ὃ(
1303 1813 1371 1844 quae
1402 1811 1503 1834 tamen
1524 1802 1710 1834 videbantur
1731 1803 1834 1844 exigui
1857 1812 1936 1844 pon-

1077 1845 1167 1877 deris.
1193 1843 1240 1877 lta
1255 1845 1427 1886 judicatum
1446 1843 1491 1875 est
1511 1852 1559 1876 10,
1581 1842 1670 1876 Febr.
1694 1853 1782 1885 1740.
1805 1843 1877 1886 (4)

1164 1985 1394 2022 XVIII.

237 2075 274 2111 Si
298 2077 392 2112 navis
419 2078 496 2111 navi
522 2078 650 2123 ejusque
675 2079 762 2113 oneri
787 2077 936 2113 damnum
962 2077 1107 2122 dederit,
1132 2088 1174 2112 an
1200 2075 1241 2117 ὅ)
1265 2074 1515 2123 quemadmodum
1540 2074 1770 2121 resarciendum
1788 2073 1865 2120 fit?

260 2172 280 2202 b
302 2172 524 2204 assecuratione
547 2173 732 2206 transeamus
758 2174 794 2205 ad
819 2175 892 2207 alias
917 2175 1033 2217 species

283 2214 385 2246 damni
411 2215 550 2252 nautici,
583 2216 612 2246 ὅ(
639 2216 769 2255 primum
787 2217 824 2246 ad
850 2226 938 2256 eam,
963 2227 1031 2258 qua:

171 2256 216 2288 est
238 2258 275 2286 de
290 2255 402 2286 damno
417 2255 553 2286 navium.
600 2255 691 2287 Hanc
716 2266 755 2287 ex
778 2257 896 2298 legibus
912 2281 920 2296 ‚
940 2267 975 2288 ea
993 2258 1031 2288 de

167 2307 200 2328 re
230 2296 325 2334 latis,
347 2296 504 2336 explicare
530 2306 632 2337 operae
664 2298 797 2338 pretium
824 2299 912 2336 erit,
936 2299 1030 2329 etiam

168 2338 261 2375 ideo,
279 2336 361 2377 quod
379 2337 517 2377 quaedam
534 2338 563 2368 in
580 2337 640 2369 illis
655 2345 839 2377 occurrant,
856 2349 924 2379 qua:
939 2339 1030 2370 alium

167 2379 374 2418 interpretem
397 2377 543 2409 videntur
565 2378 751 2418 desiderare,
776 2389 868 2419 quam
887 2380 1031 2412 haetenus

167 2419 256 2451 nacta
268 2418 347 2451 sunt.
372 2418 445 2458 Jure
463 2419 587 2458 quidem
606 2419 748 2451 Romano
767 2421 798 2451 in
817 2421 929 2452 damno
944 2422 1029 2452 navi—

167 2471 219 2492 um
241 2469 358 2491 merum
375 2460 421 2499 jus
446 2459 529 2500 sequi
548 2460 688 2500 placuit,
717 2471 835 2492 merum
856 2462 903 2501 jus
924 2461 990 2500 est,
1010 2461 1031 2494 sl

168 2501 256 2532 navis
281 2501 351 2531 navi
373 2501 519 2532 damnum
540 2501 680 2539 dederit,
705 2503 1030 2541 animadvertendum,

169 2542 266 2579 dolo,
285 2541 376 2581 culpa
389 2562 399 2578 ,
422 2550 460 2572 an
478 2541 548 2573 casu
571 2541 678 2574 datum
696 2543 751 2581 iit,
767 2544 787 2575 fi
807 2544 882 2575 (1010
902 2545 952 2575 vel
968 2544 1034 2575 cul-

168 2592 228 2624 pa,
247 2581 475 2622 resarciendum
493 2581 553 2613 esse
573 2582 693 2622 ab'eo,
710 2584 761 2624 qui
782 2584 885 2622 dedit,
904 2584 924 2616 11
943 2584 1034 2622 casu,

166 2624 237 2656 fato
255 2621 466 2663 imputandum
478 2645 487 2659 ‚
506 2631 613 2663 negata
630 2624 714 2654 omni
743 2623 950 2656 restitutione.
982 2624 1033 2656 De

168 2665 246 2697 dolo
266 2673 359 2695 nemo
387 2663 542 2703 ambigat,
561 2664 599 2694 de
617 2664 710 2703 culpa
733 2665 762 2695 eje
785 2665 853 2695 sato
872 2665 916 2696 cst
935 2667 954 2696 l.
981 2676 1031 2702 29·

171 2707 199 2747 ᾗ.
229 2715 256 2736 2.
282 2715 311 2746 3.
334 2703 368 2738 Q?
390 2713 420 2743 4.
437 2703 478 2744 ff.
495 2706 532 2735 acl
552 2704 589 2735 L.
611 2704 713 2745 quril.
730 2705 767 2736 ad
786 2715 865 2746 quos
880 2705 926 2746 ὃς.
946 2716 1031 2738 60111-

170 2753 327 2778 mentatus
345 2745 407 2776 suni
425 2745 495 2777 Lib.
514 2745 556 2776 V.
580 2744 699 2785 Oiyerv.
718 2745 788 2786 Jur.
810 2746 840 2777 C.
863 2751 909 2777 16.
928 2747 963 2781 {5⁹
984 2756 1030 2787 17.

169 2787 221 2819 De
230 2787 303 2818 dolo
324 2787 353 2818 ὅ(
370 2786 456 2827 culpa
468 2808 477 2824 ,
494 2786 513 2818 11
530 2786 652 2825 probari
670 2786 775 2827 poliit,
801 2788 927 2818 eandem
945 2788 1032 2827 juris-

168 2827 363 2868 prudentiam
391 2827 491 2858 adhuc
522 2828 673 2867 sequimur
691 2852 698 2866 ,
731 2827 780 2860 sed
813 2838 905 2868 quum
938 2829 1032 2860 facile

169 2869 234 2909 quis
253 2869 392 2909 ignoret,
411 2877 465 2899 aut
490 2869 619 2908 probare
637 2878 792 2910 nequeat,
807 2870 878 2909 quid
901 2870 980 2901 alter
1001 2870 1031 2902 in

168 2908 226 2940 alia
244 2918 324 2940 nave
340 2908 432 2949 poilit
448 2907 553 2940 faeere
572 2910 622 2939 vel
639 2919 700 2940 non
720 2909 824 2941 facere
838 2934 847 2949 ,
873 2909 966 2942 facile
983 2920 1031 2942 ac-

167 2950 311 2987 cidebat,
340 2959 378 2980 ne
399 2950 460 2981 ulla
474 2949 580 2992 *damni
604 2949 691 2981 fieret
713 2950 887 2990 restitutio,
917 2960 951 2982 ut
973 2961 1032 2983 1166

170 2991 281 3028 licebat,
307 2989 327 3021 si
346 2989 433 3021 casus
452 2990 602 3022 fortuitus
628 2991 739 3023 damno
755 2992 875 3023 causam
891 2992 1029 3024 dediil'et.

170 3031 215 3061 Ut
234 3031 270 3061 ab
294 3041 331 3062 eo
356 3031 422 3069 jure
444 3032 639 3062 recederetur
659 3032 720 3064 sola
747 3033 867 3065 utilitas
898 3032 1005 3064 effecit
1021 3056 1032 3072 ‚

168 3071 251 3109 sola,
270 3071 394 3112 inquam
412 3096 422 3112 ,
441 3073 557 3104 utilitas
574 3095 585 3111 ‚
609 3083 678 3104 nam
703 3074 761 3106 alia
785 3074 865 3105 ratio
890 3084 1030 3107 commu-

211 3160 266 3196 (3)
285 3160 391 3202 Oltsigrv.
415 3161 530 3190 Twimlt.
556 3163 588 3191 T.
610 3164 688 3192 XIV.
709 3175 734 3193 71.
758 3168 842 3199 3168.

205 3202 266 3236 (A)
292 3200 399 3237 Olym-v.
426 3200 540 3231 ianuile.
566 3200 598 3230 T.
620 3203 697 3231 XIV.
721 3213 747 3232 72.
769 3211 853 3239 3173,

1073 2173 1193 2206 nicandi
1211 2172 1330 2210 damni,
1349 2181 1439 2213 quain
1454 2171 1539 2203 dedit
1554 2170 1583 2212 §.
1602 2178 1651 2207 28.
1669 2172 1710 2218 vs.
1746 2171 1811 2203 Het
1829 2172 1935 2214 gevale

1074 2215 1148 2247 LL.
1180 2214 1329 2255 Wisbuyc.
1363 2213 1514 2244 acuminis
1536 2213 1580 2245 est
1605 2213 1749 2252 nautici,
1775 2213 1859 2254 quod
1876 2222 1937 2254 ego

1073 2265 1136 2287 non
1154 2255 1303 2296 percipio.
1328 2253 1371 2285 Ut
1385 2255 1493 2291 navis,
1509 2263 1577 2294 quae
1599 2255 1743 2286 damnum
1763 2254 1868 2293 dedit,
1883 2251 1938 2286 vel>

1073 2297 1260 2334 dederetur,
1287 2296 1337 2327 vel
1363 2295 1505 2326 damnum
1532 2294 1752 2333 resarciretur,
1775 2295 1812 2326 ad
1843 2293 1936 2328 inst'ar

1073 2336 1193 2369 scilicet
1207 2333 1337 2368 ae‘tionis
1351 2336 1390 2367 (16
1411 2335 1556 2376 pauperie
1575 2346 1612 2369 ex
1625 2337 1695 2377 Jure
1711 2337 1855 2368 Romano
1872 2337 1934 2379 hue

1073 2378 1238 2411 transferre
1248 2400 1258 2415 ,
1274 2385 1459 2409 mereaturae
1474 2377 1566 2408 favor
1581 2387 1642 2409 non
1658 2377 1933 2418 patiebatur‚mol-

1074 2420 1134 2451 lior
1156 2418 1394 2460 jurisprudentia
1417 2418 1535 2458 placuit
1554 2443 1564 2458 ‚
1589 2420 1618 2451 ὅ(
1641 2418 1743 2450 media
1763 2417 1815 2449 via
1837 2417 1935 2450 eiecta

1075 2461 1127 2492 est.
1156 2461 1189 2492 10
1219 2469 1322 2492 totum
1347 2460 1406 2490 effe
1428 2458 1653 2491 resarciendum
1674 2459 1842 2498 damnum,
1874 2457 1940 2491 sme‘

1075 2502 1168 2542 culpa
1191 2501 1318 2538 datum,
1341 2501 1450 2532 durum
1479 2500 1509 2532 ὅ(
1534 2509 1660 2532 avarum
1685 2498 1729 2531 est
1746 2521 1756 2538 ,
1787 2507 1822 2531 ut
1856 2499 1935 2533 nihil

1076 2543 1166 2583 plane
1181 2541 1403 2578 resarciretur,
1428 2540 1448 2573 fi
1472 2539 1558 2572 casus
1573 2542 1685 2572 damno
1702 2539 1822 2572 causam
1845 2540 1935 2572 dede·-

1075 2584 1137 2622 rit,
1159 2583 1270 2623 justum
1294 2582 1439 2622 quidem,
1465 2582 1515 2613 sed
1530 2582 1570 2612 ob
1592 2583 1763 2621 rationem,
1786 2591 1875 2623 quam
1891 2581 1935 2614 di-

1075 2624 1107 2656 xi
1119 2625 1250 2662 ,inutile
1265 2623 1362 2655 visum
1380 2622 1433 2654 est.
1459 2623 1503 2654 Ut
1520 2623 1547 2654 ei
1567 2623 1609 2654 rei
1629 2622 1877 2662 succurreretur,
1889 2624 1935 2656 in-

1073 2664 1151 2705 justa
1171 2665 1295 2705 quidem
1313 2687 1323 2702 ,
1353 2663 1402 2695 sed
1420 2663 1489 2694 utili
1513 2663 1633 2695 ratione
1659 2664 1798 2705 placuit,
1827 2670 1862 2694 ut
1885 2663 1936 2696 da-

1073 2705 1270 2744 ninuni‚sine
1284 2706 1372 2745 culpa
1387 2704 1511 2742 datum,
1530 2704 1709 2746 simpliciter
1726 2705 1936 2738 communic&

1074 2756 1183 2784 retur,
1204 2747 1245 2778 sic
1260 2747 1342 2777 enim
1361 2744 1495 2790 Legibus
1519 2746 1726 2778 constitutum
1739 2770 1746 2780 ,
1763 2746 1792 2776 ὅ(
1812 2745 1935 2783 judiciis

1074 2794 1235 2828 receptum
1256 2786 1311 2818 est.
1351 2785 1400 2816 De
1414 2786 1539 2824 judiciis
1557 2786 1790 2828 quamplurimis
1806 2784 1870 2831 ipse
1889 2794 1934 2817 tc-

1075 2828 1143 2861 stari
1163 2828 1276 2868 polleni
1288 2851 1296 2865 ,
1319 2826 1367 2858 scd
1387 2825 1537 2858 testentur
1554 2829 1658 2868 potius
1674 2825 1860 2859 Neostadius
1870 2825 1932 2858 De-

1075 2869 1123 2911 cis
1138 2870 1223 2910 Salar.
1236 2870 1302 2899 Cur.
1317 2873 1367 2907 43.
1379 2867 1414 2901 89
1443 2877 1473 2904 9.
1484 2870 1512 2900 ὅ(
1524 2867 1627 2901 Coreu
1644 2868 1764 2908 Observ.
1774 2876 1826 2906 40.
1837 2866 1933 2908 [9⁹41.

1117 2911 1175 2941 Sed
1205 2910 1283 2940 utile
1305 2909 1365 2939 erit
1387 2910 1416 2939 1)
1432 2919 1463 2939 as
1494 2909 1592 2951 Leges
1613 2909 1751 2941 nauticas
1779 2916 1813 2938 ca
1836 2907 1875 2939 (16
1899 2915 1936 2940 re

1075 2950 1286 2988 consuluiss'e,
1304 2949 1367 2980 iive
1383 2949 1403 2980 Μ
1433 2949 1647 2992 isbuycenses,
1668 2948 1778 2990 quibus
1795 2957 1852 2979 nos
1868 2947 1938 2980 scre

1075 2993 1213 3030 utimur,
1228 2999 1262 3023 ut
1280 2991 1411 3022 Romani
1439 2992 1607 3023 utebantur
1627 2989 1761 3035 Legibus
1781 2989 1938 3030 Rhodiis,

1075 3033 1137 3065 five
1152 3032 1265 3074 patrias
1280 3056 1288 3069 ‚
1312 3031 1341 3062 id
1361 3030 1423 3068 est,
1441 3032 1584 3064 universo
1602 3032 1710 3072 Belgio
1728 3039 1908 3063 communes
1921 3052 1935 3069 ,

1076 3082 1109 3105 ut
1130 3072 1200 3105 sunt
1224 3073 1324 3114 Leges
1348 3072 1453 3104 Caroli
1476 3073 1514 3105 V.
1542 3082 1589 3110 19.
1611 3073 1668 3114 jul.
1697 3081 1786 3112 155¹·
1807 3071 1932 3144 (11)ωᾷ

1869 3117 1876 3128 ‘
1915 3126 1927 3134 4

1113 3165 1366 3204 <1)Ptac.1.11.
1395 3171 1418 3200 7.
1443 3173 1486 3195 11.

1568 3222 1590 3245 Γ,
