2008 3436
1988 73 2006 103 lm

1203 104 1580 141 NOODT

1095 184 1250 226 suscepti,
1275 185 1392 226 agniti,
1417 182 1731 226 aliquejufliesi‘ent,
1754 197 1812 229 pro
1829 188 1957 223 arbitrio
1994 187 2008 238 Ji

565 105 1081 145 GERARDI

185 201 234 222 m:
257 200 316 222 una
332 189 395 228 est,
420 188 566 231 quamdiu
584 189 765 231 parentibus
786 185 815 217 in
837 186 922 218 Foro
938 185 1052 218 Roma-

194 124 255 144 ⁰7¹

193 136 261 158 ost·-

185 241 227 263 no
242 231 341 263 fuerit
370 231 548 273 permistum
571 253 582 269 ,
612 232 727 263 liberos
752 237 861 267 natOS,
886 236 1052 269 antequam

185 346 220 376 de
236 347 366 381 muliere.
388 355 449 385 quae
468 347 517 376 fibi
535 346 663 376 abortum
679 351 831 383 procurat,
853 345 888 372 ab
906 351 1050 380 argumen-

184 392 233 419 to,
262 387 338 423 quod
363 387 510 415 trastamus
533 408 541 418 ,
570 386 624 414 esse
645 384 832 413 alieniffimam
858 382 964 410 ostendi
987 382 1049 416 Cap.

183 425 249 453 V11.
270 424 351 464 opusc.
372 425 402 453 de
421 425 495 464 Jure
515 425 592 452 occid.
615 425 687 452 liber.
722 422 776 450 bed
794 421 812 448 si
827 429 885 448 non
906 421 991 463 esset,
1010 427 1049 463 ct-

184 463 238 491 iam
263 463 291 491 in
315 471 348 491 ea
372 469 401 491 te
416 465 506 492 minus
524 463 643 490 feliciter
667 461 720 489 esse
736 460 889 489 versatum,
911 458 936 486 ἃ
955 458 992 485 ibi
1010 466 1046 485 vi-

182 502 252 529 deor
267 503 337 529 mihi
356 502 500 538 probasse,
522 501 563 531 &‚
592 501 656 536 quia
681 499 774 526 adhuc
794 497 982 527 contradicis,
1003 504 1035 522 cu

181 541 221 567 ris
237 540 408 578 hissecundz's
424 541 533 576 plenius
550 538 687 573 probabo.
709 538 740 564 In
758 535 938 570 conjiciendo
955 541 1048 561 autem

181 578 377 606 controverliae
394 578 464 606 statu
482 582 661 612 argumenta,
683 575 784 610 quibus
809 575 927 606 utimur,
950 571 1035 600 sollici

181 623 209 644 te
233 617 291 644 sunt
316 616 466 651 separanda
490 617 524 642 ab
548 613 604 650 ipsa
631 613 804 649 quaestione,
827 611 954 648 alioquin
975 612 1048 639 inter

179 662 231 682 nos
259 660 301 682 tot
328 660 410 682 erunt
432 653 613 689 quaestiones,
637 658 706 687 quot
723 657 895 686 argumenta.
936 650 1000 677 Una
1016 649 1048 677 lis

179 692 236 725 est,
259 701 341 728 quam
361 692 486 725 agimus,
510 691 545 718 de
563 696 707 726 tempore.
736 696 794 725 quo
811 689 884 725 apud
901 687 1048 715 Romanos

184 730 417 766 impunelicuerit
433 730 538 757 liberos
553 737 653 757 necare
669 730 712 756 vel
731 736 880 764 exponere.
903 727 1050 766 Quamdiu,

179 770 288 805 inquis,
311 770 337 795 in
347 767 410 805 foro
426 767 540 796 Romano
562 768 713 803 parentibus
722 765 811 802 fuerit
828 772 999 806 permzſjum,
1019 766 1049 792 li-

180 809 251 834 beros
264 812 352 839 natos,
373 812 509 842 antequam
522 805 645 842 suscepti.
662 806 763 841 agniti,
788 802 944 841 aliquejuffi
958 806 1046 840 essent,

175 851 221 881 pro
238 846 348 872 arbitrio
377 851 499 880 exponere
520 850 565 871 aut
588 852 688 871 necare.
728 843 777 870 Ais
792 844 959 878 parentibus,
981 842 1048 877 quia

176 889 250 911 inter
271 889 377 919 patrem
396 883 421 911 &
436 890 553 911 matrem
576 883 628 910 hac
652 886 731 917 parte
749 889 805 908 non
827 880 971 916 distinguis
1018 887 1048 908 ut

177 929 232 955 ego
255 920 480 957 distinguendum
503 929 585 952 reor,
613 919 639 948 ἃ
662 928 748 956 porro
773 920 813 947 ais
828 940 837 951 ,
858 926 994 955 antequam
1009 918 1048 953 [u-

172 961 276 998 Jcepti,
296 961 402 997 agniti,
424 961 509 996 alique
519 957 583 995 juffi
598 958 699 996 effent,
720 967 777 994 quo
793 957 957 992 significares
978 957 1036 993 (ne

178 1005 233 1034 que
249 999 322 1026 enim
340 997 485 1034 intelligo,
506 998 572 1033 quid
596 997 672 1025 aliud
690 997 749 1024 haec
772 999 856 1024 verba
872 996 919 1024 fibi
937 994 1047 1031 velint)

178 1037 253 1065 idern
265 1038 334 1069 juris
350 1045 408 1065 non
425 1037 502 1065 fuisse
516 1037 543 1064 in
561 1035 655 1063 liberis
673 1035 820 1071 susceptis,
848 1036 966 1070 agnitis,
999 1035 1048 1060 3ιί-

176 1083 232 1110 que
245 1075 337 1110 juffis,
367 1077 511 1111 quamvis,
540 1081 571 1102 ut
596 1074 698 1102 deinde
721 1073 834 1105 audies,
860 1074 911 1101 hac
927 1072 1048 1100 formula

175 1115 265 1142 utaris
282 1113 338 1142 sine
354 1114 413 1141 ullo
429 1113 526 1150 populi
549 1112 700 1147 fuffragio,
726 1112 751 1139 ἃ
768 1111 822 1139 sine
839 1112 893 1139 ulla
911 1111 992 1139 ullius
1011 1110 1035 1137 le

175 1153 220 1187 gis
243 1152 288 1180 vel
306 1153 427 1180 hominis
445 1152 625 1183 auctoritate,
656 1150 681 1177 ὅ(
705 1151 832 1186 quamvis
852 1150 951 1186 ipsein
970 1150 1046 1185 seqq.

177 1192 219 1219 ita
235 1189 374 1226 disputes,
398 1197 482 1226 atque
499 1190 516 1216 si
533 1191 559 1217 in
581 1189 675 1217 liberis
703 1189 894 1224 cujuscunque
910 1189 997 1215 :etatis
1017 1186 1046 1214 li-

178 1229 234 1257 cita
259 1228 343 1258 fuerit
368 1229 474 1261 caedes,
502 1228 635 1264 quamdiu
651 1227 703 1254 fuit
723 1234 801 1255 extra
822 1227 912 1262 legum
929 1225 1046 1254 tabulas.

176 1267 263 1295 Utilis
285 1274 379 1297 autem
395 1268 430 1295 ad
448 1268 608 1304 sequentem
630 1266 847 1301 disputationem
875 1265 928 1291 erit
946 1272 1046 1299 praepa-

176 1306 267 1338 ratio,
297 1305 315 1333 fi
340 1307 455 1335 sciamus
472 1327 480 1340 ‚
509 1306 584 1333 unde
601 1305 748 1332 defluxerit
761 1311 804 1337 Jus
820 1303 940 1330 necandi
958 1302 984 1329 ἃ
1002 1310 1046 1329 ex-

176 1344 306 1381 ponendi
323 1344 428 1373 liberos
447 1344 519 1380 apud
533 1351 641 1371 veteres
658 1343 893 1373 Romanos,nam
904 1340 970 1370 inde
981 1339 1046 1368 mul-

178 1389 208 1411 ta
223 1383 361 1419 pendent.
384 1391 445 1418 quae
462 1384 533 1409 inter
546 1390 597 1409 nos
613 1386 873 1408 controvertuntur.
912 1380 958 1407 Tu
967 1385 1047 1415 putas

177 1421 241 1457 Cap.
263 1422 297 1448 11.
323 1420 404 1458 Julii
427 1420 524 1452 Pauli,
554 1419 580 1447 ὅ(
601 1419 672 1446 infra
692 1418 716 1454 §.
732 1418 810 1446 XXI.
833 1416 869 1452 ὃ)
890 1418 997 1446 XXVI.
1020 1417 1048 1445 id

175 1460 220 1494 ius
236 1460 374 1494 originem
390 1458 502 1486 traxisse
517 1466 550 1486 ex
569 1457 704 1487 sententia
725 1456 961 1493 Philosophorum
978 1464 1046 1493 quo-

178 1497 314 1529 rundam,
348 1497 397 1533 qui
418 1496 631 1530 existimassent,
658 1502 789 1534 partum,
813 1497 878 1523 dum
895 1503 976 1523 utero
991 1494 1046 1528 est.

177 1544 230 1571 pro
258 1536 371 1563 homine
396 1544 452 1564 non
479 1536 657 1568 habendum,
686 1537 754 1570 quin
778 1542 831 1562 nec
852 1533 975 1567 editum,
997 1533 1048 1561 nisi

177 1574 293 1602 nutricis
311 1582 398 1610 opera
421 1575 619 1603 intervenisset.
657 1574 713 1603 Sed
737 1573 804 1601 satis
815 1572 969 1608 intelligis,
992 1573 1048 1600 hnc

176 1621 233 1640 non
249 1614 389 1648 pertinere
404 1613 620 1650 disputationem
639 1612 673 1641 de
689 1611 772 1644 foetu,
797 1612 844 1647 qui
861 1612 887 1639 in
901 1617 983 1639 utero
997 1610 1046 1644 est,

174 1658 269 1687 neque
296 1652 369 1679 adeo
392 1661 438 1680 eas
467 1651 703 1688 Philosophorum
727 1651 892 1682 sententias.
922 1658 993 1686 quas
1013 1657 1047 1677 ex

177 1690 330 1718 Plutarcho
348 1692 374 1718 in
391 1691 463 1719 hanc
476 1699 534 1718 rem
551 1690 654 1718 adfers.
676 1690 739 1717 Nos
753 1688 924 1725 disputamus
939 1689 974 1716 de
984 1696 1046 1725 par·

176 1735 223 1761 tu,
252 1729 299 1764 qui
320 1730 376 1763 J‘am
400 1729 438 1757 est
460 1729 570 1762 editus,
597 1728 622 1757 ἀ
640 1728 675 1756 de
695 1736 751 1763 quo
766 1727 848 1755 Philo
862 1727 986 1763 Judaeus,
1010 1728 1045 1755 is-

175 1775 248 1803 que,
270 1773 302 1795 ut
317 1769 421 1804 opinor
437 1768 509 1796 solus
527 1767 613 1800 dixit,
640 1775 673 1795 ex
695 1767 777 1804 vulgi
791 1764 923 1803 senaemia
936 1767 984 1793 vix
1002 1766 1045 1794 ha-

175 1806 231 1833 berz·
252 1811 296 1841 pro
319 1806 434 1839 bomine,
463 1807 614 1843 priusquam
637 1806 751 1833 matricis
766 1803 907 1832 intercedat
920 1801 1043 1839 officium.

174 1843 301 1872 Philonis
320 1844 409 1882 Judaei
431 1843 523 1873 locum
539 1865 547 1877 ,
577 1852 612 1872 ex
630 1845 718 1872 Libro
733 1843 763 1871 de
783 1843 847 1870 Vita
863 1841 946 1879 Masis
985 1843 1044 1878 sug-

172 1881 250 1916 geffit
272 1883 323 1910 tibi
348 1883 471 1920 Jacobus
502 1882 696 1911 Gothofredus
710 1882 746 1918 vin
764 1881 858 1909 comm.
877 1881 912 1908 ad
930 1882 948 1909 Ι.
968 1889 992 1909 1.
1014 1881 1044 1909 C.

176 1918 224 1948 Th.
246 1921 280 1948 ad
297 1920 330 1949 L.
349 1921 425 1950 Corn.
442 1920 562 1957 destear.
585 1921 629 1949 sed
646 1917 672 1948 <St
693 1919 770 1948 simul
789 1919 925 1956 ostendit,
948 1918 1045 1947 &Phi-

175 1958 235 1986 loni
250 1959 364 1995 Judaeo.
395 1960 420 1988 ἃ.
435 1965 512 1988 certe
527 1958 604 1997 JCtis
618 1959 717 1987 nostris
733 1958 816 1995 longe
833 1957 908 1985 aliud
933 1958 1042 1990 sediffe;

172 1997 250 2032 quod
282 1997 322 2026 est
343 1997 519 2027 verissimum.
558 1998 667 2029 Audis,
697 1997 767 2034 quid
789 1997 827 2025 ibi
844 1996 926 2025 Philo
943 1996 1043 2025 dicat?

172 2036 196 2060 ιε’
217 2035 300 2062 πολλοὶ
319 2034 450 2071 vestalem-tv
467 2057 475 2070 ‚
502 2037 580 2064 ‘multi
602 2035 769 2072 existimam3
790 2034 846 2072 lPse
866 2041 923 2062 non
941 2034 1010 2063 dixit
1030 2055 1040 2068 ‚

172 2081 226 2101 nec
241 2074 406 2110 quisquam,
436 2077 514 2111 quod
539 2075 638 2108 sciam,
661 2081 786 2103 veterum
807 2073 1041 2110 Philosophorum

174 2111 245 2139 dixit
264 2112 298 2139 de
314 2119 395 2148 partu
411 2112 465 2145 jam
485 2112 580 2145 edito,
608 2119 639 2141 ut
657 2113 717 2148 jam
731 2113 880 2140 observavi
894 2111 989 2149 Opusc.
1011 2111 1042 2139 C.

172 2150 348 2186 V11.p.357.
363 2151 390 2178 in
405 2149 434 2186 f.
452 2149 488 2184 ὃν
502 2157 529 2187 p.
538 2150 592 2187 seq.
603 2152 655 2183 Et.
672 2151 690 2178 fi
706 2159 739 2179 ex
750 2150 928 2186 Philosophia
946 2151 991 2178 sua
1005 2151 1044 2178 ita

172 2188 319 2224 quisquam
337 2194 462 2217 veterum
481 2189 643 2222 censuisset,
664 2189 841 2225 probandum
854 2189 954 2224 utique
967 2188 1044 2221 esset,

172 2228 214 2255 ita
227 2224 312 2255 etiani
330 2227 444 2263 sapuisse
459 2227 530 2263 Juris
544 2228 646 2255 veteris
656 2228 791 2255 Austiores
804 2227 849 2255 vel
867 2228 1043 2263 interpretes.

172 2264 255 2292 Cedo
271 2272 378 2299 unum,
398 2266 447 2303 qui
465 2267 504 2294 ita
528 2267 555 2294 in
572 2267 695 2293 animum
714 2266 857 2294 induxerit
870 2265 944 2292 suum
956 2287 963 2297 ,
984 2267 1044 2300 qui-

170 2311 207 2331 ve
223 2302 405 2336 existimarit,
424 2304 501 2340 Lege
518 2304 652 2333 Cornelia
668 2312 725 2332 non
743 2305 848 2335 teneri.
870 2306 915 2339 qui
933 2311 1043 2339 partum

169 2342 227 2376 jam
250 2341 357 2370 editum
385 2341 549 2375 occidisset,
579 2342 735 2370 dummodo
762 2343 857 2370 nutrix
874 2343 900 2370 ei
919 2341 1045 2371 officium

172 2379 250 2408 suum
272 2388 330 2408 non
346 2380 514 2417 praestiterit.
556 2381 602 2409 De
618 2389 654 2409 eo
668 2389 744 2409 nunc
758 2381 861 2418 loquor
872 2401 879 2413 ,
903 2382 951 2417 qui
964 2387 1043 2417 pater

171 2425 231 2446 non
252 2417 291 2446 est
306 2439 315 2450 ,
343 2419 389 2447 sed
411 2419 547 2448 infantem
564 2441 571 2453 ‚
602 2428 635 2448 ex
652 2420 803 2452 sententia,
828 2427 913 2455 quam
934 2426 963 2447 tu
979 2427 1043 2456 pro·

170 2455 245 2489 fers,
267 2463 325 2483 non
342 2457 485 2486 hominem
501 2459 616 2486 occidit.
656 2459 750 2495 Saepe‚
771 2459 819 2494 qui
834 2459 861 2485 in
874 2464 956 2486 utero
972 2458 1042 2491 sunt,

171 2503 225 2531 pro
239 2495 296 2529 jam
312 2496 385 2523 natis
398 2496 504 2525 habent
518 2497 599 2534 JCti‚
623 2497 667 2525 sed
682 2498 738 2532 jam
755 2505 835 2525 natos
852 2505 904 2533 pro
920 2504 978 2525 non
996 2505 1043 2525 na-

170 2534 206 2560 tis
229 2541 278 2560 eos
295 2533 417 2566 habere,
439 2543 495 2562 non
519 2536 633 2564 memini
660 2544 703 2563 me
719 2535 824 2572 uspiam
841 2534 931 2571 legere
949 2546 955 2562 :
985 2542 1042 2563 tam

168 2570 254 2599 crassa
275 2571 456 2608 Philosophia
479 2574 614 2602 Auctores
635 2574 722 2602 nostri
740 2582 880 2610 nunquam
902 2573 940 2602 usi
961 2574 1041 2607 sunt,

167 2617 221 2637 nec
237 2609 263 2637 ei
279 2610 318 2637 rei
334 2609 420 2638 ullum
436 2618 630 2646 argumentum
652 2614 755 2648 praebet
782 2614 800 2641 l.
816 2621 842 2646 9.
862 2612 886 2648 ς.
906 2621 930 2641 1.
945 2612 984 2650 ff.
1006 2613 1040 2640 ad

170 2647 207 2676 L.
224 2646 325 2676 Falcid.
347 2649 382 2676 ad
406 2657 491 2685 quam
513 2650 598 2677 etiam
614 2658 752 2687 provocas
773 2652 798 2678 d.
820 2651 848 2678 C.
865 2650 900 2679 is.
922 2659 986 2679 nam
1004 2652 1040 2678 de

169 2691 270 2714 ventre
286 2686 345 2722 agit
357 2708 365 2720 ‚
387 2693 418 2715 ut
434 2688 492 2723 agit
507 2695 621 2724 quoque
642 2688 659 2715 l.
674 2696 697 2716 r.
718 2688 741 2724 ς.
754 2697 776 2716 r.
789 2688 829 2725 ff.
843 2688 873 2715 de
888 2690 977 2717 Ventr.
1001 2691 1039 2717 iiz-

160 2722 231 2761 spic.
259 2732 344 2761 quam
374 2725 413 2753 ibi
436 2725 569 2761 potuisses
591 2725 711 2759 addere,
741 2726 766 2753 ἃ
792 2727 826 2753 de
848 2735 904 2762 qua
921 2735 1039 2763 utraque

165 2763 222 2797 jam
239 2761 296 2791 dixi
312 2761 407 2801 Opalia
427 2763 457 2792 C.
474 2764 537 2792 VlI.
556 2769 618 2801 pag.
638 2766 703 2793 188.
740 2764 802 2800 Ego
815 2765 857 2798 jus
873 2766 936 2792 vitae
952 2764 977 2793 dt
994 2774 1040 2793 ne-

170 2801 210 2829 cis
227 2801 255 2829 in
272 2800 396 2835 liberos,
417 2801 495 2839 quod
515 2801 581 2829 olim
599 2803 737 2830 Romanis
753 2804 948 2839 competebat,
964 2812 978 2829 a
994 2812 1039 2838 pa-

167 2840 222 2870 ttia
246 2839 384 2874 potestate
411 2840 602 2869 arcessendum
628 2840 682 2868 esse
705 2841 815 2877 putavi.
845 2841 885 2872 ἃ,
914 2843 941 2867 ni
958 2841 1039 2869 fallor

167 2878 288 2912 probavi
308 2877 337 2905 C.
351 2879 372 2906 1.
396 2878 421 2906 d.
444 2878 539 2917 Opusc.
573 2879 604 2906 Id
620 2878 706 2914 ipsum
722 2886 802 2916 putat
819 2879 912 2906 austor
928 2879 1039 2915 Episto-

169 2916 216 2948 lae,
238 2923 322 2952 quam
343 2917 457 2945 exhibes
476 2917 501 2954 §-
522 2917 615 2947 XXV.
638 2917 726 2954 Cepit,
748 2918 857 2954 inquit,
876 2926 915 2945 me
930 2919 1038 2953 impetur

166 2955 257 2987 paucis
284 2955 375 2982 abhinc
402 2955 507 2988 diebus,
530 2957 661 2991 inquirere
680 2958 708 2984 in
728 2955 887 2993 quoestionem
903 2953 1037 2990 difficilem

170 2999 202 3017 ac
232 2993 340 3020 nobilem
365 2992 396 3020 de
420 3000 528 3030 tempore
547 2995 639 3022 oblatae
662 2994 758 3023 Psrar
773 2992 903 3030 potestatis
917 2994 1036 3022 necanda*

165 3029 245 3062 prolis
257 3029 321 3066 fiae.
343 3031 380 3059 Et
398 3032 502 3060 saneea
515 3041 556 3060 res
567 3033 639 3060 adeo
656 3032 801 3061 manifesta
816 3032 872 3064 est..
893 3039 924 3061 ut
940 3040 1038 3068 praetet

170 3071 216 3101 te,
239 3069 286 3101 qui
309 3069 465 3101 dissentiat.
488 3071 570 3099 sciam
591 3072 741 3099 neminem.
777 3071 877 3099 Multis
892 3071 1037 3099 auctorita.

168 3102 242 3130 tibus
259 3106 330 3133 evici
350 3108 374 3135 d.
396 3107 425 3136 C.
444 3117 468 3136 1.
489 3106 606 3146 patriam
623 3118 655 3137 ac
671 3109 841 3138 dominicam
858 3110 1036 3145 potestatem.

1095 236 1254 268 exponere
1272 235 1325 258 aut
1342 236 1465 258 necare.
1511 227 1619 259 Altera
1641 229 1704 268 est,
1730 230 1854 271 quando
1872 232 1956 263 abor—

1908 283 1956 305 tus

1094 350 1172 377 grum
1189 342 1265 371 fuisse
1281 342 1315 370 de
1336 343 1428 371 liberis
1453 343 1505 371 suis
1525 344 1686 377 arbitrium,
1716 344 1733 372 si
1749 346 1793 373 vel
1809 346 1843 374 ad
1859 355 1954 376 necem
2002 371 2005 376 .

1095 386 1129 408 de
1158 382 1190 409 iis
1209 382 1294 409 veliet
1320 381 1446 410 statuere.
1485 383 1580 410 Retuli
1613 385 1730 420 plurima
1753 384 1815 412 loca
1838 387 1864 412 in
1886 385 1957 414 hanc
2006 416 2008 418 ,

1094 427 1150 446 rem
1162 440 1168 452 ,
1190 420 1234 447 sed
1251 429 1316 455 quia
1338 428 1364 448 te
1382 421 1454 449 sorte
1471 422 1557 456 magis
1580 423 1705 450 movebit
1725 425 1827 451 veteris
1842 422 1956 457 alicujus

1091 457 1218 485 Ecclesiae
1237 459 1366 486 Dotion.-
1383 461 1549 493 auctoritas,
1572 460 1646 488 addo
1668 461 1842 490 Lac‘tantium
1859 461 1956 491 Divin.

1091 494 1178 530 lnstzt.
1210 496 1242 523 L.
1260 498 1307 524 iv.
1336 497 1365 524 C.
1390 506 1415 532 3.
1445 498 1601 531 Dmninum,
1625 501 1736 535 inquit,
1757 501 1863 528 eundem
1878 499 1928 537 effe
1946 522 1954 532 .

1091 534 1179 571 qnifit
1189 541 1281 570 pater,
1302 537 1379 563 etiam
1398 535 1484 574 Jurzs
1506 537 1601 565 Civilis
1622 540 1688 566 ratio
1706 537 1876 575 demonstrat,
1896 540 1954 575 quis

1091 581 1158 599 emm
1171 571 1345 610 potericfilios
1362 575 1486 606 educare,
1506 575 1555 612 nzfl
1574 576 1664 603 habeat
1678 578 1705 604 in
1722 585 1760 604 ens
1774 578 1870 605 domini
1884 584 1953 613 pote·

1084 608 1202 651 statem?
1223 610 1249 638 ἃ.
1264 620 1345 639 mox:
1366 612 1440 638 Unde
1455 616 1691 648 apparet,eurzde⁷n
1706 616 1787 652 imam
1804 614 1839 650 ὅ)
1853 623 1955 652 patrem.

1091 652 1287 685 egyeJe²·voru⁷n
1298 669 1307 682 ‚
1329 647 1365 682 δ’
1383 650 1658 688 dominiumfiliorum.
1698 653 1817 690 Denique
1832 653 1956 691 &filius

1088 688 1283 714 manumittitur
1297 693 1416 723 tanquam
1426 694 1520 725 jer-vus
1535 708 1543 722 ,
1564 689 1600 724 ξεῖ
1613 690 1703 726 lervus
1717 693 1841 721 liberatus
1853 695 1957 729 patroni

1088 734 1180 752 momen
1195 726 1305 760 accipit,
1326 732 1447 761 tanquam
1464 725 1551 763 filius.
1590 728 1667 768 Quod
1684 729 1710 767 fl
1729 738 1861 767 propterea
1871 738 1957 768 pater-

1083 762 1208 800 familias
1229 765 1390 796 nominatur,
1412 770 1441 791 ut
1463 772 1605 801 appareat,
1633 775 1689 795 eum
1719 772 1815 805 duplici
1836 768 1958 806 potestate

1088 808 1242 837 proectztum.
1262 803 1322 838 quia
1338 801 1374 836 ὅ)
1388 804 1524 840 indulgere
1538 804 1625 838 debet,
1654 807 1714 842 qnia
1727 814 1818 843 pater,
1839 807 1874 842 ὅ)
1887 811 1956 837 cobr-

1089 849 1161 872 cere,
1182 841 1242 875 quia
1257 841 1389 868 aominus:
1411 849 1471 876 ergo
1487 841 1657 880 idemservus
1673 842 1707 880 :fl
1723 865 1731 877 ,
1758 847 1801 881 qui
1818 845 1852 880 ὅ)
1860 845 1957 882 filius,

1090 879 1159 905 idem
1188 878 1323 910 dominus,
1351 881 1395 916 qui
1419 878 1456 913 ὅ)
1472 886 1553 916 pater.
1591 881 1645 909 Pro
1662 884 1723 918 quia
1741 889 1830 918 pater,
1851 884 1877 912 δι
1896 887 1957 921 quia

1091 916 1223 948 dominus,
1235 917 1365 945 allencior
1382 917 1465 945 Petro
1482 919 1573 946 Fabro
1593 918 1712 956 Setncslr.
1729 922 1781 950 lll.
1797 930 1839 957 15.
1863 923 1955 959 legen-

1092 957 1129 986 ti.
1151 963 1201 990 qua
1218 961 1308 991 pater,
1330 955 1355 983 &
1368 965 1417 992 qun
1434 957 1561 986 dominus.
1580 958 1690 987 Emitte
1702 967 1842 995 praeterea
1860 959 1958 991 omnes

1091 999 1240 1029 utriusque
1255 994 1354 1029 linguae
1376 995 1500 1023 austores
1516 1017 1523 1028 ‚
1546 998 1592 1032 qui
1611 1000 1705 1033 prisca:
1721 999 1794 1027 illius
1811 998 1958 1036 potestatis

1091 1032 1293 1064 meminerunt.
1316 1032 1340 1060 ἀ
1356 1040 1439 1060 nemo
1459 1042 1529 1061 unus
1552 1038 1619 1068 erit,
1641 1038 1688 1072 qui
1708 1045 1764 1065 non
1781 1046 1893 1075 aperte,
1911 1046 1959 1076 pa·

1090 1072 1174 1097 trihus
1193 1070 1240 1107 Jus
1263 1070 1328 1097 illus
1352 1071 1526 1108 adscripserit
1542 1095 1549 1105 ,
1581 1074 1616 1101 de
1631 1077 1793 1110 parentibus
1811 1079 1958 1115 utriusque

1091 1108 1184 1140 sexus,
1210 1109 1251 1136 vel
1267 1110 1400 1137 matribus
1416 1110 1502 1138 altum
1520 1113 1624 1148 ubique
1640 1112 1787 1143 silentium.
1816 1115 1871 1144 Sed
1888 1116 1958 1153 quid

1090 1147 1271 1175 dubitamus?
1291 1155 1321 1175 ut
1336 1156 1370 1175 ex
1385 1148 1449 1185 Jure
1465 1149 1557 1185 Regio
1574 1151 1682 1179 constat
1703 1155 1878 1189 promanasse
1897 1156 1956 1192 ple-

1090 1186 1152 1212 nius
1168 1184 1194 1212 &
1208 1186 1377 1213 eminentius
1390 1186 1459 1214 illud
1481 1190 1523 1221 jus
1545 1189 1572 1215 in
1589 1189 1710 1224 liberos,
1731 1191 1766 1220 sic
1780 1194 1916 1223 habemus
1937 1197 1960 1224 ἰ.

1091 1222 1165 1259 psam
1181 1223 1285 1258 Legem
1301 1223 1430 1256 Romuli.
1453 1234 1508 1261 qua
1525 1226 1553 1254 id
1569 1227 1699 1263 permisit.
1725 1231 1822 1260 Verba
1831 1232 1914 1269 Legis
1924 1243 1959 1262 ex

1092 1260 1221 1297 Dionysii
1243 1261 1276 1288 L.
1293 1262 1328 1288 ll.
1347 1268 1374 1298 p.
1391 1272 1426 1290 m.
1444 1267 1490 1297 96.
1512 1265 1634 1293 exhibui.
1657 1266 1682 1294 d.
1704 1267 1770 1298 c.1.
1793 1269 1819 1298 δι
1836 1271 1901 1299 inde
1911 1281 1960 1309 ap-

1091 1306 1192 1335 paret,
1215 1299 1379 1336 potestatem
1397 1301 1471 1330 illam
1495 1301 1587 1331 datam
1608 1303 1685 1332 fuisse
1707 1305 1800 1342 πατρὶ,
1821 1316 1878 1337 non
1900 1319 1960 1339 ma-

1090 1338 1142 1370 tri,
1165 1345 1222 1378 non
1239 1341 1351 1379 utrique
1366 1341 1492 1375 parenti,
1516 1349 1569 1370 nec
1592 1348 1700 1371 tantum
1724 1346 1752 1372 in
1769 1344 1894 1381 liberos,
1914 1359 1961 1378 an-

1090 1383 1191 1412 rrquam
1199 1378 1328 1414 justam,
1349 1380 1451 1414 agniti,
1472 1380 1558 1416 alique
1567 1379 1632 1417 jtff
1647 1381 1741 1430 estem,
1764 1392 1827 1420 quae
1843 1391 1890 1414 tua
1903 1386 1961 1416 for.

1091 1415 1165 1443 mula
1181 1416 1237 1448 eit,
1259 1416 1306 1444 sed
1322 1418 1395 1452 maga
1409 1418 1494 1444 πάντα
1509 1419 1541 1444 ’ἔ
1556 1421 1602 1449 βίκ
1614 1431 1692 1453 χιονον
1702 1443 1709 1454 ,
1739 1424 1808 1450 omni
1820 1425 1882 1452 vitae
1898 1431 1961 1455 tem·

1088 1461 1164 1491 pore,
1185 1453 1307 1488 etiarnsi,
1328 1462 1359 1482 ut
1375 1454 1470 1489 addit,
1491 1456 1563 1486 filius
1583 1458 1798 1497 Rempublicam
1813 1464 1965 1500 tractaret,

1091 1492 1137 1521 vel
1153 1493 1333 1528 Magistratus
1349 1495 1488 1523 maximos
1503 1503 1629 1532 gereret,
1649 1498 1694 1526 vel
1710 1499 1840 1535 praeclare
1856 1502 1890 1530 de
1904 1503 1966 1531 Rex

1090 1531 1202 1568 publica
1219 1532 1285 1560 esset
1299 1534 1422 1561 meritus.
1462 1534 1567 1564 Narrat
1584 1536 1702 1569 deinde,
1724 1537 1873 1568 secundum
1889 1542 1962 1571 hanc

1091 1571 1180 1605 legem
1201 1571 1294 1606 plures
1310 1571 1426 1600 illustres
1444 1573 1530 1601 Viros
1552 1583 1605 1610 pro
1625 1575 1750 1611 Rostris,
1772 1577 1885 1607 favente
1902 1580 1960 1617 ple-

1091 1610 1143 1641 be,
1172 1609 1376 1638 concionantes
1399 1611 1427 1638 in
1451 1611 1570 1641 Senatus
1595 1614 1728 1642 invidiam
1745 1636 1754 1647 ,
1776 1615 1960 1654 fruentesque

1091 1656 1158 1675 aura
1173 1649 1319 1684 populari,
1343 1649 1480 1678 detractos
1497 1659 1512 1678 e
1529 1650 1668 1687 suggestu,
1691 1652 1716 1682 ὅ(
1732 1654 1866 1684 abductos
1881 1664 1896 1684 a
1911 1666 1960 1695 pa-

1090 1687 1196 1720 tribus,
1217 1695 1251 1714 ex
1271 1687 1392 1723 ipsorum
1420 1688 1553 1717 sententia
1570 1699 1667 1727 poenas
1690 1692 1794 1722 dedisse
1837 1703 1960 1732 eosque,
2004 1719 2008 1722 .

1087 1724 1153 1753 dum
1162 1732 1215 1761 pet¹
1226 1724 1316 1753 forum
1326 1727 1494 1755 ducerentur
1503 1749 1510 1760 ,
1520 1731 1661 1758 neminem
1671 1731 1838 1761 adstantium
1848 1735 1959 1771 eripere

1087 1764 1224 1800 potuisse,
1237 1772 1296 1792 non
1305 1766 1457 1799 consulem,
1467 1774 1525 1794 uon
1540 1768 1698 1798 Tribunum
1711 1778 1784 1804 ,non
1800 1772 1884 1807 ipsam
1901 1779 1956 1801 tur·

1088 1803 1151 1830 bam
1161 1823 1168 1834 .
1179 1805 1224 1831 cui
1233 1803 1427 1832 adulabantur.
1452 1805 1583 1834 Tandem
1592 1809 1647 1842 ait,
1658 1808 1817 1838 sortiffimos
1826 1819 1958 1847 quosque

1087 1842 1173 1870 Viros
1195 1850 1210 1868 a
1240 1842 1366 1878 patribus
1389 1842 1467 1872 fuisse
1491 1851 1606 1874 necatos
1620 1867 1629 1880 ‚
1651 1848 1727 1883 quod
1741 1849 1828 1876 nimio
1845 1850 1957 1879 virtutis

1088 1888 1184 1907 amore
1200 1880 1374 1916 peccassent,
1395 1890 1426 1910 ut
1442 1882 1481 1911 est
1498 1884 1525 1911 in
1538 1885 1669 1922 exemplo
1684 1886 1787 1915 Manlii
1803 1887 1957 1924 Torquati.

1089 1918 1228 1954 Largieris
1239 1941 1245 1951 ‚
1264 1920 1349 1948 credo
1360 1942 1367 1953 ,
1390 1922 1442 1948 Vir
1466 1921 1618 1951 Clarissime
1629 1945 1636 1955 .
1659 1923 1762 1952 liberos
1774 1946 1782 1958 ,
1805 1925 1840 1953 de
1855 1926 1960 1962 quibus

1088 1958 1146 1992 agit
1170 1958 1336 1992 Dionyfius,
1363 1960 1419 1994 jam
1443 1958 1521 1989 fuisse
1542 1961 1680 1998 susceptos
1703 1962 1728 1990 ἀ
1749 1964 1860 1998 agnitos
1877 1973 1892 1992 a
1907 1974 1956 2002 pa·

1087 1997 1176 2024 tribus
1186 2018 1193 2028 ,
1203 1997 1331 2032 quinimo
1341 1996 1478 2033 fuissejam
1489 2000 1613 2035 perfeflae
1625 2001 1721 2029 aetatis.
1742 2001 1797 2030 Sed
1812 2002 1856 2031 vel
1864 2011 1959 2032 exem·

1084 2034 1146 2070 pla,
1158 2043 1218 2070 qua:
1238 2036 1294 2071 ipse
1310 2037 1399 2072 reperi
1414 2038 1441 2064 in
1452 2037 1572 2065 Historia
1583 2039 1711 2067 Romana
1729 2040 1764 2068 de
1780 2041 1840 2075 jure
1850 2040 1914 2070 vitae
1922 2051 1957 2071 ae

1086 2074 1180 2104 necis.
1201 2082 1216 2100 a
1231 2074 1355 2109 patribus
1377 2077 1519 2110 exercito,
1541 2076 1576 2104 de
1591 2076 1684 2105 liberis
1709 2078 1811 2106 adultis
1835 2079 1956 2116 loquun-

1087 2118 1130 2139 tnr
1149 2113 1260 2144 omnia,
1283 2112 1361 2140 nullo
1377 2120 1513 2148 exceptO.
1535 2121 1564 2142 ut
1583 2115 1692 2144 videbis
1715 2118 1742 2144 in
1761 2117 1892 2154 catalogo
1907 2127 1956 2148 ex-

1087 2150 1259 2184 emplorum,
1282 2158 1368 2186 quern
1383 2152 1498 2180 exhibui
1521 2151 1616 2190 Opusc.
1644 2153 1673 2182 C.
1693 2155 1742 2183 111.
1783 2156 1895 2184 Amabo
1911 2164 1956 2191 te,

1088 2196 1189 2220 mone.
1212 2188 1284 2216 doce
1300 2210 1307 2220 ,
1327 2198 1382 2225 qua
1399 2190 1563 2218 auctoritare
1580 2194 1606 2219 in
1628 2200 1697 2220 nece
1713 2194 1864 2223 liberorum
1882 2196 1956 2225 circa

1088 2233 1197 2254 aetatern
1222 2226 1378 2256 distinxeris
1394 2249 1402 2260 ,
1429 2229 1474 2256 sed
1499 2230 1579 2264 hujus
1596 2231 1652 2266 ipse
1671 2231 1854 2261 distinctionis
1873 2234 1902 2262 in
1918 2234 1956 2263 se·

1087 2266 1237 2300 quentibus
1259 2274 1323 2293 mox
1347 2266 1521 2295 oblivisceris
1535 2289 1542 2300 ,
1562 2275 1592 2296 ut
1609 2268 1705 2297 audies
1721 2270 1769 2298 suo
1787 2271 1861 2301 loco.
1882 2272 1957 2302 Cum

1085 2302 1198 2342 Julium
1220 2304 1333 2332 Paulum
1362 2304 1475 2337 ederes,
1497 2306 1720 2341 persuasissimum
1742 2310 1852 2342 habeo,
1873 2316 1900 2338 te
1915 2311 1958 2338 la-

1087 2342 1165 2369 tuisse
1186 2343 1290 2375 Legem
1307 2342 1381 2370 illam
1403 2343 1534 2377 Romuli,
1557 2345 1681 2382 alioquin
1698 2347 1772 2375 enim
1786 2347 1845 2381 ejus
1858 2349 1956 2377 memi-

1086 2380 1182 2412 niffes,
1213 2387 1244 2408 ut
1265 2383 1418 2418 oportebat
1433 2402 1441 2414 ,
1471 2382 1515 2410 sed
1537 2384 1604 2418 quia
1629 2384 1734 2420 Lipsius
1750 2384 1855 2414 Centur.
1874 2387 1896 2414 Ι.
1917 2387 1954 2415 ad

1086 2419 1186 2456 Belgas
1201 2418 1283 2455 Epist.
1300 2422 1344 2454 85.
1367 2421 1448 2447 aliam
1467 2421 1569 2457 Legem
1597 2422 1731 2454 Romuli,
1758 2429 1885 2460 tempore
1905 2425 1954 2454 sci-

1088 2458 1153 2485 lice:
1167 2459 1308 2494 priorem,
1332 2459 1383 2486 tibi
1399 2459 1571 2487 indicaverat
1584 2481 1591 2492 ,
1621 2460 1693 2488 hanc
1713 2465 1801 2489 totam
1819 2462 1952 2493 describis

1087 2496 1112 2524 d.
1134 2496 1163 2524 C.
1180 2497 1215 2524 ll.
1236 2496 1262 2524 ἃ
1285 2498 1356 2524 hanc
1380 2497 1464 2532 ipsam
1485 2505 1633 2534 perperam
1651 2499 1789 2528 existimas
1808 2500 1873 2529 XII.
1895 2503 1953 2531 Ta-

1086 2534 1157 2562 bulis
1172 2534 1250 2563 fuisse
1264 2534 1404 2563 insertam.
1444 2535 1491 2563 De
1505 2542 1625 2572 utraque
1649 2536 1709 2572 lege
1725 2537 1781 2566 dixi
1803 2538 1832 2568 C.
1853 2540 1911 2568 IX:
1924 2540 1951 2570 ἁ

1085 2572 1120 2601 de
1135 2573 1299 2609 posteriori,
1319 2582 1379 2601 non
1398 2573 1483 2610 priori
1506 2573 1604 2602 inserta
1620 2575 1739 2605 Tabulis
1767 2577 1796 2605 C.
1810 2578 1847 2606 11.
1876 2579 1952 2618 Quia

1084 2619 1177 2639 autem
1201 2618 1269 2640 tunc
1293 2612 1440 2646 ignorabas
1466 2613 1571 2647 Legem
1599 2613 1715 2642 Romuli
1745 2615 1925 2651 posteriorem
1941 2639 1951 2650 .

1084 2651 1150 2678 hinc
1166 2649 1336 2686 aliquotiens
1363 2650 1426 2687 Cap.
1442 2651 1480 2680 11.
1507 2650 1586 2689 Julii
1602 2651 1685 2680 Pauli
1702 2653 1851 2688 significas.
1874 2657 1952 2684 mori-

1084 2690 1129 2716 bus
1145 2688 1239 2724 Populi
1254 2688 1364 2716 Romani
1387 2689 1523 2716 subactam
1548 2689 1600 2718 effe
1626 2692 1747 2727 priorem
1768 2693 1871 2729 Legem
1893 2695 1952 2723 Ro-

1084 2727 1161 2755 muli.
1202 2727 1272 2754 Cum
1288 2735 1356 2754 vero
1370 2727 1466 2755 ederes
1480 2727 1697 2758 commentarium
1728 2730 1761 2758 ad
1785 2731 1871 2760 Pana.
1896 2731 1950 2761 Tit.

1083 2765 1114 2792 de
1128 2765 1183 2792 His
1203 2766 1247 2800 qui
1263 2763 1329 2801 sunt
1344 2763 1391 2802 fiai
1411 2767 1453 2793 vel
1474 2766 1553 2794 alien.
1567 2767 1625 2803 jur.
1645 2769 1702 2802 jam
1721 2770 1770 2797 tibi
1788 2770 1955 2800 innotuerat-

1084 2802 1221 2838 posterior
1237 2804 1279 2830 lex
1295 2802 1426 2835 Romuli,
1444 2812 1508 2831 nam
1524 2813 1720 2838 argumentum
1732 2809 1792 2842 ejus
1808 2808 1908 2840 refers.
1923 2808 1950 2838 dc

1084 2844 1156 2868 inter
1176 2842 1326 2877 praecipuas
1351 2843 1446 2875 patriae
1471 2842 1615 2878 potestatis
1641 2844 1755 2874 effeetus
1777 2854 1838 2874 earn
1858 2842 1965 2883 primo'

1083 2879 1148 2907 loco
1171 2880 1304 2907 recenses.
1345 2881 1402 2908 Cut
1428 2887 1483 2908 tam
1510 2882 1609 2910 varie?
1636 2884 1671 2912 Et
1699 2884 1754 2920 ipse
1778 2893 1838 2912 eam
1855 2886 1949 2913 tribuo

1082 2918 1177 2952 patriae
1201 2917 1330 2953 potestati
1346 2940 1353 2951 ,
1381 2918 1407 2946 δε
1437 2919 1536 2947 diserte
1557 2921 1695 2949 Romulus
1719 2923 1833 2956 tribuit,
1855 2923 1879 2951 ἀ
1901 2924 1949 2951 tri-

1082 2956 1360 2988 buerunffluflom.
1381 2957 1428 2992 qui
1445 2966 1505 2985 eam
1519 2966 1792 2992 commemorarunt.
1815 2962 1882 2997 quid
1899 2963 1948 2998 igi-

1082 2999 1145 3025 tur,
1167 3001 1229 3021 cum
1246 2995 1313 3022 nihil
1337 2995 1378 3022 his
1404 2996 1534 3024 omnibus
1558 3006 1695 3034 reponas.
1722 2999 1814 3027 adhuc
1834 3001 1917 3028 haeres
1931 2999 1952 3028 ἵ-

1081 3031 1107 3060 &
1123 3033 1190 3067 quid
1208 3034 1325 3067 patriam
1341 3033 1506 3069 potestatem
1524 3035 1590 3063 hinc
1613 3036 1702 3064 abesse
1727 3037 1824 3071 jubes.
1845 3045 1874 3066 ut
1890 3046 1946 3066 ma-

1081 3071 1115 3097 tri
1134 3069 1237 3098 scilicet
1263 3071 1335 3099 idem
1352 3073 1420 3105 juris
1444 3073 1566 3106 tribuas,
1589 3074 1666 3110 quod
1680 3075 1751 3110 patri
1766 3097 1773 3106 ,
1796 3075 1821 3104 &
1837 3083 1867 3103 ut
1881 3076 1947 3104 veli-

1081 3108 1169 3137 ficeris
1186 3108 1311 3137 sormulae
1335 3116 1387 3138 tuae
1404 3110 1438 3139 de
1457 3111 1551 3139 liberis
1566 3111 1823 3150 necdumjiasceptis.
1845 3115 1947 3150 agnitis

166 3139 227 3183 J'Us'e
244 3144 329 3184 veteri
342 3165 349 3175 ,
371 3147 428 3180 pari
448 3146 512 3174 loco
529 3147 607 3175 suiffe
629 3148 751 3176 habitam
763 3170 769 3181 ‚
791 3155 880 3184 utque
895 3147 1012 3175 domino
1026 3169 1034 3180 ,
1077 3146 1259 3183 aliquejuffis,
1281 3148 1334 3175 alia
1354 3149 1403 3176 tibi
1420 3151 1478 3184 ejus
1494 3151 1562 3184 juris
1580 3150 1729 3186 quaercnda
1747 3153 1819 3179 ratio
1835 3151 1904 3183 suit.
1918 3151 1945 3179 dc

167 3175 187 3206 si
204 3185 241 3205 ita
257 3179 400 3213 videatur.
423 3186 607 3213 invidendum
627 3194 684 3213 non
706 3186 744 3214 est
771 3195 829 3215 rem
847 3186 919 3214 suam
937 3186 1034 3222 perde-
1074 3185 1164 3217 hanc,
1187 3185 1233 3213 nisi
1252 3186 1308 3220 ipse
1328 3186 1429 3222 fallor,
1452 3187 1496 3216 vel
1516 3189 1589 3217 tuin
1610 3188 1795 3217 Commentario
1815 3188 1918 3217 fallaris
1932 3210 1943 3222 ,

167 3223 212 3250 ῐὲι
233 3223 318 3253 atque
339 3218 373 3245 de
391 3228 440 3252 ea,
463 3230 492 3249 ut
506 3223 601 3257 lubet,
627 3225 792 3257 decernere.
818 3226 854 3254 ita
875 3227 947 3261 patri
961 3226 1031 3254 int:-

1076 3223 1175 3251 dedisli
1190 3223 1341 3261 pessimam.
1873 3264 1890 3300 ς
1907 3264 1931 3291 Η
