2008 3436
152 128 225 165 470
419 115 818 154 CORNELII
885 122 992 150 van

154 206 237 238 rium
253 205 421 247 probetur,
444 213 572 246 nautas,
597 204 627 236 in
646 204 721 236 mari
747 203 918 241 limentes,
942 201 1015 233 artis

155 247 292 279 nauticae
320 244 413 277 suifl'e
442 247 586 287 peritos,
618 246 647 276 &
676 254 734 285 pro
769 243 835 274 vita
862 244 1015 283 bonisque

152 288 238 325 suis,
262 295 296 319 ut
314 295 461 328 oportet,
484 286 656 319 excubasse.
700 284 748 316 Ad
772 284 840 316 haec
865 285 918 316 ille
939 292 1016 315 unus

156 327 338 367 dubitabat3
361 328 382 360 fi
408 329 460 360 vel
485 328 578 369 culpa
608 325 754 358 navarchi
780 325 1014 363 intervenisset,

155 379 194 401 an
219 370 249 401 ἃ
273 379 312 402 ex
334 379 372 401 ea
395 378 550 401 teneretur
575 366 762 399 exer-citor?
784 367 912 406 putabat
933 366 987 397 ille
1004 387 1013 403 ‚

156 410 243 451 'quod
261 411 330 451 Jure
344 411 488 443 Romano
507 418 633 441 cautum
658 406 703 438 est
725 407 764 438 de
782 407 914 446 Nautis,
936 406 1014 438 Cau-

155 452 290 493 ponibus
304 474 314 490 ,
335 451 533 490 stabulai-iis,
557 450 587 481 &
607 450 645 481 de
660 449 905 487 exercitoribus,
931 456 1017 479 exer-

157 493 272 524 citoria
298 492 522 524 conveniendis
540 513 551 528 ,
571 491 684 522 habere
710 490 862 521 rationem
890 489 963 529 iuris
987 487 1017 518 ὅ(

155 534 293 575 publicae
309 534 474 571 utilitatis,
493 532 543 564 sed
560 531 619 563 effe
634 530 880 572 restringendum
902 530 939 561 ad
955 528 1017 569 spe-

158 575 242 613 cies,
262 575 305 607 ibi
334 574 484 611 traditas,
510 582 610 614 neque
633 572 710 603 adeo
734 571 952 613 porrigendum
980 569 1018 600 ad

157 615 362 655 quaestionem
374 637 383 652 ‚
405 615 443 645 ab
462 614 509 645 his
524 614 673 652 alienam,
697 622 756 644 nec
775 612 892 652 semper
909 620 1019 643 verum

155 656 234 696 esse,
258 657 341 698 quod
362 656 459 696 vulgo
482 655 637 695 jactatur,
658 654 738 695 quasi
764 653 912 685 delictum
935 652 1021 683 vide-

155 698 204 736 ri,
226 698 247 730 si
268 698 337 740 quis
359 704 464 727 Utatur
492 696 627 728 hominis
656 695 828 736 improbis,
851 693 1021 734 imperitis,

157 739 296 780 ineptis,
317 736 563 778 negligentibus,
584 745 685 777 neque
706 737 788 768 enim
805 736 857 768 vel
871 735 943 775 Jure
957 734 1020 765 Ro-

157 790 252 812 mano
272 780 322 811 vel
339 778 446 809 Patrio
469 778 501 809 id
520 777 683 816 obtinere,
703 777 759 810 nifi
783 776 837 808 ubi
862 777 930 817 lege
957 773 1021 816 spe-

159 821 229 853 ciali
247 821 278 851 id
305 819 480 859 expressum
504 818 568 858 est3
591 819 666 861 quin
692 819 723 850 in
749 819 770 850 l.
790 827 842 859 52.
875 817 904 859 §.
930 826 959 848 2.
979 816 1021 858 ff.

159 863 198 894 czd
214 862 255 893 L.
275 861 379 902 Aquil.
398 861 428 892 δε
443 862 475 891 in
495 861 515 893 l.
538 870 563 892 1.
583 860 610 902 §.
633 859 712 901 4.ff.
739 860 773 890 Si
794 860 932 900 quadrup.
947 864 1022 899 pau-

152 909 218 945 per.
235 903 298 943 see.
314 904 373 934 dic.
389 902 534 943 distingui
554 902 634 933 inter
651 902 773 942 culpam
795 900 887 932 mulae
905 900 935 932 &
956 909 1022 931 mu-

156 945 271 983 lionis,
294 951 347 982 ut,
372 943 393 975 fi
412 944 502 985 culpa
522 943 670 974 mulionis
687 943 832 974 damnum
848 941 954 981 datum
973 940 1021 979 sit,

158 984 240 1018 solus
267 985 366 1017 mulio
386 1007 397 1023 ,
424 994 489 1016 non
517 984 663 1016 dominus
689 984 780 1016 mulae
812 982 843 1013 id
869 981 1023 1014 resarciat.

159 1027 223 1065 Et,
243 1025 265 1058 fi
285 1025 378 1066 culpa
399 1034 562 1057 nautarum
577 1025 722 1056 damnum
747 1024 855 1056 daturn
870 1023 928 1062 fit,
949 1032 1023 1054 con·

159 1076 207 1100 tra
237 1074 345 1098 nautas
367 1067 504 1108 experiri
533 1066 619 1107 jubet
644 1066 664 1097 l.
687 1076 736 1103 29.
756 1064 784 1106 §.
808 1075 837 1096 2.
857 1064 896 1105 ff.
921 1065 959 1095 ad
980 1063 1021 1096 L.

159 1109 265 1150 Aquil.
292 1108 322 1140 &
349 1109 431 1140 inter
455 1108 632 1145 aaronem,
657 1116 717 1148 qua
741 1113 865 1137 tenetur
889 1104 953 1147 ipse
967 1104 1021 1135 do-

158 1152 283 1189 minus,
309 1149 339 1181 &
357 1159 417 1191 qua
434 1156 559 1180 tenetur
578 1146 643 1189 ipse
663 1156 776 1185 nauta,
798 1155 901 1188 aperte
915 1145 1023 1177 distin-

162 1191 232 1233 guit
250 1214 259 1230 ‚
291 1192 319 1222 d.
348 1191 367 1222 l.
401 1200 450 1227 29.
476 1189 505 1231 §.
538 1199 568 1221 2.
592 1188 628 1224 δέ)
650 1198 682 1229 4.
710 1186 842 1219 Grotius
865 1187 989 1227 quidem
1012 1209 1023 1225 ‚

160 1232 246 1274 quod
267 1232 304 1263 ad
319 1231 369 1272 Jus
386 1230 632 1268 Hollandicum,
657 1228 867 1266 contradicit,
889 1227 941 1258 sed
960 1226 1026 1266 ejus

153 1273 330 1305 auetoricas
356 1272 468 1312 absque
497 1271 684 1302 auctoritate
708 1269 784 1309 juris
809 1269 890 1309 apud
916 1276 1025 1299 omnes

163 1318 230 1347 non
247 1323 328 1355 perae
353 1323 391 1343 ue
410 1312 512 1343 valet:
536 1320 607 1342 nam
623 1310 707 1351 quod
720 1318 851 1341 cavetur
867 1311 895 1341 d.
918 1308 948 1350 ὃ.
973 1317 1022 1340 11.

161 1355 237 1389 LL.
270 1323 404 1394 Phiffzppi
434 1351 472 1384 II.
498 1361 561 1384 non
582 1351 646 1390 est,
666 1351 829 1392 inquiebat
856 1351 936 1389 ille,
969 1349 1025 1381 nisi

161 1397 202 1429 de
217 1405 280 1427 uno
301 1395 330 1426 &
347 1393 491 1435 singulari
509 1392 599 1433 casu,
624 1393 678 1433 qui
698 1392 741 1424 ibi
761 1392 917 1434 prolixius
940 1400 1026 1423 enar-

160 1446 270 1475 ratur,
296 1435 326 1468 &
351 1444 435 1467 nunc
457 1435 489 1466 in
514 1433 749 1466 desuetudinem
774 1433 864 1465 abiit.
908 1432 977 1464 Irno
998 1431 1028 1463 δι

162 1488 203 1510 eo
229 1476 296 1518 ipso
318 1476 389 1510 casu
414 1476 571 1508 exercitor
592 1485 657 1508 non
683 1481 806 1507 tenetur
829 1473 884 1506 nifi
907 1473 1031 1505 actione

163 1518 340 1553 subsidiaria
355 1540 366 1557 ,
387 1517 409 1550 fi
432 1525 525 1549 nauta
550 1516 700 1549 solvendo
725 1525 788 1549 non
814 1515 852 1548 sit
870 1540 880 1557 ‚
901 1515 954 1547 hic
980 1523 1031 1546 au-

165 1567 230 1593 tem
247 1558 354 1594 statim
369 1559 418 1602 agi
435 1558 579 1593 adversus
599 1558 701 1601 ipsum
725 1557 948 1593 exercitorem.
971 1555 1033 1589 Ad-

1054 111 1661 149 BYNKERSHOEK

1057 199 1151 232 debat
1166 209 1289 241 quoque
1306 201 1360 232 ille
1384 209 1482 237 unus,
1504 198 1535 231 se
1555 197 1694 237 nescire,
1716 207 1753 230 an
1770 208 1810 232 ex
1823 201 1914 235 rebus

1057 242 1220 283 judicatis,
1243 242 1325 282 saepe
1348 251 1383 272 ea
1407 241 1446 271 de
1471 249 1503 271 re
1527 240 1600 271 afris
1622 263 1630 278 ,
1660 240 1762 272 evinci
1790 242 1910 281 poss'ct,

1058 292 1130 313 cum
1151 281 1264 313 effectu
1287 291 1398 314 contra
1420 281 1628 313 exercitorem
1651 280 1742 312 fuiss'e
1759 284 1857 314 actum
1874 293 1914 315 ex

1058 323 1134 354 dolo
1152 345 1163 361 ,
1185 323 1275 363 culpa
1301 325 1352 355 vel
1377 322 1531 363 imperitia
1556 322 1699 353 navarclii
1716 345 1724 360 ,
1760 324 1778 355 ii
1803 334 1915 365 nempe

1057 365 1219 396 exereitor
1234 365 1266 395 in
1284 364 1428 404 eligendo
1438 362 1596 394 navarcho
1611 363 1732 401 culpam
1749 374 1810 396 non
1828 375 1914 397 com-

1058 404 1186 437 miserit.
1245 404 1365 436 Contra
1393 404 1625 436 Affecuratores
1656 404 1815 444 saepissime
1852 405 1914 438 fuit

1059 446 1161 478 aetum
1180 446 1210 478 δε
1226 446 1416 485 iudicatum,
1438 445 1459 476 fi
1478 446 1559 485 quod
1576 445 1678 480 damni
1702 446 1848 478 acciderit
1875 457 1916 480 ex

1059 488 1135 519 dolo
1161 487 1213 517 vel
1242 487 1335 527 culpa
1358 485 1522 527 magistri,
1555 485 1605 517 scd
1632 495 1693 517 non
1715 486 1775 517 alia
1804 487 1911 526 causa,

1059 537 1148 569 quam
1165 528 1250 568 quod
1269 527 1414 560 formulis
1435 526 1697 558 ass'ecurationum
1722 527 1821 568 palam
1841 538 1918 560 con-

1061 571 1216 607 tineatur,
1241 568 1479 600 ass'ecuratorem
1505 577 1629 609 quoque
1655 568 1754 599 teneri
1781 578 1821 600 ex
1842 569 1919 602 dolo

1062 611 1115 642 vel
1134 610 1225 650 culpa
1241 609 1387 641 navarchi
1407 609 1437 640 ὅ(
1452 618 1624 640 nautarum.
1668 607 1728 640 His
1745 611 1918 643 rationibus

1061 659 1168 683 motus
1189 652 1243 683 ille
1264 659 1341 682 unus
1368 648 1564 681 existimabat
1582 673 1592 689 ‚
1615 650 1732 682 nullam
1755 650 1807 683 hic
1828 652 1921 684 fuisse

1063 692 1200 733 magistri
1219 692 1342 732 culpam
1355 714 1366 730 ,
1389 691 1439 723 sed
1464 700 1580 722 meram
1603 693 1654 719 3·εὲ
1672 697 1749 729 βίαν,
1769 693 1797 724 &
1816 693 1836 726 fi
1859 703 1918 734 qua

1063 733 1194 773 fuiffet,
1222 742 1260 765 ex
1293 741 1329 763 ea
1349 742 1413 764 non
1440 733 1537 763 teneri
1566 732 1664 773 ipsum
1690 734 1891 768 exercitorem
1908 757 1923 773 ,

1064 784 1175 807 verum
1215 774 1372 805 contraria
1403 773 1556 805 sententia
1586 773 1722 806 obtinuit
1752 784 1802 817 23.
1835 775 1919 808 Dec.

1068 827 1103 857 17
1129 827 1158 862 3-
1182 815 1265 862 (5),
1379 857 1384 863 ,

1138 866 1219 889 rceat
1236 858 1283 889 his
1300 857 1446 889 omnibus
1462 857 1542 888 hanc
1560 856 1685 895 zn-n'npmv
1700 857 1812 889 addere
1823 880 1834 896 ,
1857 868 1921 892 non

1065 899 1104 938 de
1126 898 1296 939 quaestione
1327 898 1401 930 fasti
1420 921 1432 937 ,
1460 908 1528 941 quae
1552 898 1697 930 Senatum
1725 901 1894 940 occupavit
1909 925 1923 942 ,

1064 939 1116 972 sed
1130 940 1169 971 de
1188 939 1358 981 quaestione
1373 940 1457 980 juris.
1500 939 1532 971 Si
1555 948 1667 979 nempe
1684 940 1715 971 in
1731 939 1789 971 hac
1809 940 1926 982 specie,

1064 981 1116 1013 ubi
1134 981 1250 1013 domini
1270 981 1421 1013 mercium
1449 988 1562 1012 contra
1586 981 1796 1013 exercitorem
1820 983 1922 1025 litiga-

1065 1030 1158 1061 runt,
1183 1022 1267 1053 rthe
1283 1020 1491 1063 disputaverit
1507 1022 1562 1054 ille
1583 1031 1682 1061 unus,
1707 1023 1810 1054 multo
1830 1026 1928 1066 magis

1065 1073 1138 1094 vera
1158 1063 1238 1101 effe,
1261 1073 1328 1103 quae
1355 1063 1506 1103 praemifi,
1530 1063 1647 1094 nullam
1674 1071 1785 1095 contra
1807 1067 1924 1098 exerci-

1067 1113 1168 1136 torem
1186 1104 1339 1136 astionem
1355 1103 1437 1141 effe,
1459 1104 1479 1136 sl
1499 1104 1672 1136 navarchus
1686 1105 1817 1136 aliorum
1829 1129 1840 1144 ,
1860 1107 1927 1147 qui‹

1067 1144 1197 1177 buscum
1218 1143 1297 1176 nihil
1316 1144 1514 1176 conti-aetum
1536 1145 1599 1183 est,
1622 1155 1716 1177 naves
1745 1155 1925 1190 corrumpat

1069 1187 1119 1217 vel
1139 1186 1265 1227 perdat,
1290 1185 1385 1225 quin,
1407 1186 1429 1216 fi
1445 1196 1508 1217 non
1529 1186 1611 1217 reae
1630 1186 1853 1228 disputaverit,
1878 1189 1925 1221 ni-

1069 1226 1235 1259 hilominus
1251 1234 1317 1256 eam
1331 1247 1343 1266 ,Ι
1365 1235 1457 1266 quam
1472 1226 1602 1266 praemisi
1618 1248 1626 1263 ‚
1658 1226 1838 1260 sententiam
1856 1229 1924 1261 sub-

1069 1267 1171 1300 fistere
1185 1289 1196 1306 ,
1218 1266 1271 1298 ubi
1288 1266 1391 1298 nullus
1409 1265 1453 1298 est
1477 1267 1677 1305 contrastus,
1694 1269 1744 1297 vel.
1762 1278 1854 1302 verus
1875 1272 1926 1304 vel

1068 1308 1161 1350 quali.
1205 1308 1258 1339 Sin
1289 1315 1392 1339 autem
1421 1308 1612 1347 praevaleant
1643 1309 1770 1340 aliorum
1797 1310 1925 1342 Senato-

1069 1360 1137 1383 rum
1157 1349 1296 1381 rationes
1315 1371 1328 1387 ,
1356 1358 1396 1379 ex
1423 1349 1470 1380 his
1495 1349 1593 1380 danda
1617 1348 1724 1381 fuisset:
1749 1349 1830 1382 aetio
1851 1361 1927 1384 con.

1070 1401 1115 1424 tra
1137 1390 1346 1423 exercitorem
1374 1390 1406 1421 in
1434 1390 1565 1422 solidum
1581 1413 1590 1427 ‚
1624 1399 1709 1422 certe
1734 1390 1931 1433 subsidiaria,

1071 1433 1092 1466 fi
1116 1431 1278 1473 sequamur
1300 1433 1328 1463 d.
1354 1430 1382 1472 §.
1410 1441 1460 1463 11.
1487 1430 1539 1462 sed
1562 1433 1593 1463 in
1618 1431 1750 1463 solidum
1772 1433 1836 1464 dari
1867 1444 1932 1467 non

1071 1475 1178 1516 potuit
1197 1482 1236 1504 ex
1257 1471 1360 1504 forma
1383 1472 1503 1510 libelli,
1526 1473 1612 1513 supra
1642 1474 1826 1513 memorati,
1851 1475 1927 1506 alio-

1073 1516 1149 1557 quin
1164 1524 1229 1546 non
1245 1513 1388 1556 ambigo,
1413 1514 1488 1556 quin
1507 1514 1540 1547 in
1557 1514 1691 1547 solidum
1706 1514 1857 1549 dedissent
1875 1516 1928 1549 Se-

1074 1565 1209 1591 natores.

738 1657 1354 1698 CAPUTXXIV.

710 1747 762 1785 De
780 1748 873 1797 judu
900 1745 942 1788 ἐξ
968 1748 1089 1795 reliquo
1110 1747 1223 1784 damno
1247 1748 1388 1783 nautico.

165 1850 171 1857 *
264 1850 431 1883 eneraliter
444 1846 570 1892 placere
609 1847 709 1889 otest,
732 1850 876 1882 damnum
896 1857 953 1890 pro
974 1846 1034 1880 uti·

277 1893 368 1924 litate
389 1892 551 1924 communi
595 1891 696 1923 atium
715 1913 726 1929 ,
754 1900 921 1922 commune
944 1889 1006 1920 ess'e
1022 1913 1032 1928 ‚

169 1943 264 1975 utque
277 1933 309 1966 in
327 1933 422 1965 variis
436 1932 597 1974 speciebus
613 1932 645 1963 id
661 1932 803 1964 obtinere
817 1931 940 1963 aliunde
960 1939 1034 1962 con-

168 1975 249 2014 stat,
269 1975 333 2012 fic,
356 1984 395 2007 ex
419 1973 505 2016 Lege
530 1973 671 2012 Rhodia,
696 1983 766 2005 cum
791 1973 928 2005 maxime
954 1972 1034 2003 obti-

169 2024 227 2048 net
244 2017 275 2048 in
291 2015 382 2055 iactu.
427 2015 510 2061 Quae
526 2014 600 2056 Jure
613 2015 757 2046 Romano
781 2014 820 2046 de
837 2013 920 2055 jaetu
945 2020 1037 2044 cauta

169 2056 260 2095 sunt,
286 2057 338 2087 hic
355 2066 418 2100 non
439 2064 563 2097 repeto,
587 2064 624 2087 ut
639 2065 758 2097 neque,
782 2065 851 2096 quae
868 2055 946 2086 alius
962 2053 1003 2094 (1
1018 2053 1037 2095 )

172 2096 301 2139 speciali
322 2096 432 2129 libello
452 2106 488 2128 ea
503 2097 543 2128 de
561 2106 595 2128 re
618 2105 848 2129 commentatus
865 2095 910 2127 est
928 2105 966 2127 ex
985 2095 1035 2135 Ju-

170 2148 206 2171 re
222 2138 364 2179 Belgico.
396 2136 561 2169 Nonnulla
575 2144 698 2169 tantum
721 2137 925 2169 delibabimus
937 2160 947 2175 ,
968 2145 1037 2176 quae

172 2179 272 2220 magis
292 2187 330 2211 ex
347 2177 420 2216 usu,
438 2178 467 2210 ἀ
483 2178 584 2210 minus
600 2178 685 2210 forte
699 2177 829 2209 discuffa
845 2177 932 2217 sunt,
957 2186 1037 2218 quae-

175 2230 237 2263 que
256 2219 354 2258 mihi,
377 2228 469 2260 quam
488 2219 556 2251 aliis
576 2219 702 2251 veriora
714 2219 873 2252 videntur.

217 2261 341 2293 Avariae
368 2269 434 2292 vox
463 2260 496 2292 in
519 2260 582 2291 hoc
602 2269 787 2301 argumento
816 2260 930 2301 ubique
953 2258 1036 2291 Gen-

172 2303 253 2334 tium
281 2301 327 2333 est
347 2300 564 2342 frequentata,
586 2300 732 2333 scribitur
755 2309 860 2332 autem
877 2303 984 2332 avaria
1008 2301 1038 2332 ὅτ.

172 2345 322 2383 bavaria,
344 2343 407 2374 fine
422 2342 505 2373 vitio
524 2342 732 2380 Zelandismi‚
757 2342 903 2373 scribitur
920 2342 950 2374 ὃς
966 2351 1036 2372 ave-

171 2387 221 2417 ria
235 2407 245 2423 ,
266 2385 296 2416 ἃ
316 2385 482 2426 wengiu,
508 2383 540 2415 in
561 2384 694 2415 eundem
716 2382 845 2415 sensum.
892 2382 1007 2414 Avaria
1026 2406 1036 2421 ,

173 2426 214 2457 de
231 2435 289 2467 qua
307 2425 360 2456 hic
382 2426 519 2466 agimus,
549 2424 594 2457 est
611 2424 757 2456 damnum
778 2424 958 2462 nauticum,
980 2433 1038 2464 pro

173 2466 273 2499 salute
297 2465 457 2498 communi
483 2473 546 2497 tam
570 2466 681 2503 navis,
710 2475 801 2507 quam
829 2465 931 2497 oneris
957 2464 1040 2495 reste

174 2506 312 2547 fafifflm,
334 2507 465 2540 sumitur
480 2507 510 2538 &
539 2515 597 2547 pro
619 2507 857 2539 contributione
877 2506 914 2537 ad
937 2505 967 2537 id
989 2506 1039 2536 da-

175 2558 285 2581 mnum
300 2547 539 2584 resarciendum,
556 2548 631 2589 quin
647 2549 676 2580 &
691 2557 749 2589 pro
767 2548 908 2589 quolibet
928 2547 1041 2578 damno

173 2589 315 2622 nautico.
361 2589 439 2620 Sunt
457 2589 486 2619 ὅ(
505 2589 575 2619 aliae
592 2588 656 2627 ejus
674 2589 763 2620 vocis
778 2589 1039 2630 significationes,

173 2640 249 2672 quas
266 2630 319 2661 hic
340 2639 404 2661 non
424 2628 576 2660 describo.
623 2629 725 2671 Origo
753 2629 820 2661 fere
845 2631 951 2671 ignota
974 2627 1038 2668 est,

176 2671 339 2703 communi
354 2670 424 2702 fato
440 2678 545 2701 earum
568 2678 701 2708 vocum,
723 2679 791 2711 quae
820 2670 952 2712 sequiori
970 2679 1040 2700 aevo

176 2720 259 2744 natae
287 2710 358 2743 sunt
375 2734 385 2750 ,
414 2712 444 2744 ἂ
469 2719 599 2751 quarum
624 2710 866 2752 fignificaciones
894 2719 955 2743 tam
980 2710 1040 2742 late

174 2760 294 2795 patent.
325 2753 431 2795 Vulgo
453 2751 620 2783 deducitur
641 2754 679 2783 ab
702 2754 720 2779 a
744 2753 870 2792 privato
886 2753 915 2783 <Sc
937 2752 1013 2787 Βάρος
1029 2774 1039 2789 ,

177 2800 260 2825 onus'.
307 2793 371 2825 Alii
396 2795 516 2826 malunt
540 2792 578 2823 ab
610 2793 628 2821 i
653 2793 684 2824 ὅ(
709 2794 809 2832 pulpis,
831 2792 929 2824 navis.
975 2792 1038 2823 Alii

178 2834 392 2872 Hebraicam,
412 2836 464 2868 alii
487 2832 657 2872 Persicam,
679 2834 731 2865 alii
754 2833 956 2875 Cymbricam
979 2833 1040 2863 ori—

176 2876 279 2918 ginem
297 2875 470 2916 praeferunt
482 2898 491 2911 ‚
515 2883 582 2915 quae
603 2876 633 2907 &
648 2874 736 2906 fimul
754 2876 812 2907 alia
827 2875 857 2906 in
876 2874 955 2905 hanc
975 2882 1041 2905 rem

176 2917 285 2948 deliria
301 2918 453 2961 congessit
480 2915 530 2948 M.
555 2915 593 2946 de
618 2915 701 2956 Vicq
716 2915 753 2947 ad
778 2915 925 2948 Weitsen
940 2915 973 2946 de
993 2914 1038 2945 A·

213 3037 274 3075 (5)
296 3037 406 3076 Observ.
429 3035 545 3066 Tumult.
567 3036 600 3066 T.
622 3036 686 3066 XII.
709 3047 736 3066 n.
758 3039 842 3068 2808.

173 3076 232 3143 lv(
243 3077 279 3112 1)
299 3077 428 3115 Quintin.
437 3075 566 3105 Weitsen
579 3084 633 3105 van
649 3076 690 3105 het
705 3082 765 3114 regn
778 3077 823 3105 der
832 3073 1040 3113 Nederlandsclte

227 3123 312 3149 aryen.

215 3151 274 3187 (2)
295 3152 338 3179 M.
351 3151 384 3180 Z.
397 3152 577 3181 Boxhornius
591 3153 619 3181 in
628 3151 746 3189 Epistula
756 3153 791 3181 ad
801 3151 956 3182 Arnoldurn
966 3152 1035 3180 Vin-

176 3191 254 3219 nium
273 3197 296 3220 1.
316 3191 383 3226 Apr.
402 3194 486 3226 1647.
504 3197 569 3222 ante
583 3191 715 3224 Pecizium
732 3190 766 3223 ad
781 3191 846 3222 Rem
861 3192 1034 3230 nauticavn‚a

1076 1843 1172 1879 variis
1186 1844 1215 1887 §.
1240 1856 1268 1878 2.
1291 1842 1404 1879 Rursus
1420 1845 1515 1884 alius,
1539 1843 1558 1885 <
1570 1844 1626 1886 2)
1642 1844 1679 1877 iis
1701 1841 1844 1878 omnibus
1859 1852 1935 1877 con·

1079 1888 1224 1930 temptis‚
1249 1897 1304 1928 per
1320 1886 1459 1919 absurdas
1476 1885 1618 1927 ambages
1634 1886 1753 1918 derivat
1769 1887 1806 1918 ab
1820 1886 1934 1925 haven,

1078 1930 1131 1961 vel
1151 1930 1240 1960 havre
1254 1951 1263 1967 ,
1287 1929 1358 1971 quia
1380 1929 1586 1960 contribuunt
1610 1928 1677 1967 illi,
1703 1937 1836 1969 quorum
1855 1926 1938 1958 bona

1078 1972 1109 2003 in
1135 1978 1263 2011 portum
1286 1977 1441 2002 venerunt
1462 1993 1472 2008 ,
1508 1969 1568 2008 iis,
1599 1978 1731 2009 quorum
1753 1969 1835 2000 bona
1860 1968 1939 2010 jacta

1079 2011 1159 2044 sunt.
1204 2011 1308 2057 Quam
1327 2010 1554 2053 etymologiam
1572 2010 1715 2042 nonnulli
1730 2009 1802 2052 (3)
1820 2009 1936 2050 impen-

1080 2052 1111 2085 se
1134 2052 1271 2084 laudant.
1314 2052 1403 2084 Alius
1427 2051 1505 2092 (4)
1528 2051 1635 2082 itidem
1663 2051 1701 2083 ab
1725 2052 1820 2082 haven
1844 2050 1938 2082 dedu-

1080 2094 1149 2133 cit,
1173 2092 1224 2125 sed
1248 2095 1320 2135 quia
1349 2094 1379 2126 in
1401 2100 1495 2134 portu
1520 2091 1556 2123 fit
1583 2093 1787 2124 contributi0.
1840 2090 1938 2137 Quod

1080 2135 1153 2168 satis
1168 2136 1373 2174 conveniret,
1396 2134 1418 2166 fi
1438 2134 1564 2164 bavaria
1579 2134 1750 2173 accipiatur
1765 2142 1823 2174 pro
1842 2131 1943 2164 vetti:

1080 2176 1163 2217 gali,
1186 2184 1219 2208 ut
1238 2175 1333 2208 semel
1349 2184 1443 2216 atque
1467 2175 1582 2206 iterum
1599 2175 1751 2215 accipitur
1763 2196 1773 2212 ,
1794 2173 1836 2206 sic
1855 2173 1939 2206 enim

1080 2218 1163 2249 idem
1181 2216 1278 2255 ess'et,
1299 2217 1383 2259 quod
1403 2215 1514 2247 Latine
1535 2217 1693 2255 portorium
1709 2216 1865 2253 dicimus,
1886 2213 1941 2250 sed

1080 2258 1219 2299 vulgatae
1243 2259 1308 2298 ejus
1337 2257 1424 2289 verbi
1449 2256 1690 2298 fignificationcs
1717 2265 1818 2297 neque
1841 2255 1941 2296 huic,

1081 2308 1182 2340 neque
1201 2299 1268 2331 aliis
1282 2298 1485 2341 etymologiis
1501 2297 1571 2329 satis
1587 2298 1788 2329 conveniunt.
1833 2297 1864 2329 Si
1895 2297 1939 2329 lu-

1080 2341 1154 2372 dere
1170 2340 1283 2379 liceat,
1330 2340 1413 2371 uidni
1434 2340 1462 2370 &
1482 2348 1540 2370 nos
1566 2338 1733 2371 ludamus?
1753 2338 1940 2371 Avertam&

1083 2381 1223 2421 Aueria,
1247 2390 1283 2413 ut
1345 2391 1364 2412 u
1391 2381 1497 2421 Cange
1519 2379 1550 2410 in
1581 2379 1721 2421 Gloffario
1741 2378 1940 2418 observavit,

1083 2422 1212 2454 verbum
1240 2423 1285 2455 est
1305 2422 1420 2455 infimae
1442 2420 1641 2459 Latinitatis,
1673 2421 1703 2453 &
1727 2420 1874 2462 fignificat
1894 2421 1940 2452 ho·

1083 2473 1140 2502 na,
1165 2463 1247 2495 unde
1265 2464 1335 2496 Itali
1354 2463 1383 2496 ἀ
1398 2461 1549 2503 Hispani,
1574 2470 1680 2501 avere,
1695 2463 1800 2493 havere
1814 2483 1823 2498 ‚
1842 2461 1872 2493 &
1887 2461 1940 2492 ha-

1083 2513 1156 2542 ver,
1179 2505 1288 2536 itidem
1315 2514 1373 2546 pro
1395 2505 1497 2541 bonis,
1520 2501 1627 2543 estque
1646 2512 1680 2533 ea
1703 2511 1767 2534 vox
1787 2500 1870 2533 forte
1887 2501 1942 2534 usu

1084 2546 1229 2578 translata
1254 2546 1291 2578 ad
1313 2547 1413 2583 bona,
1437 2554 1505 2585 quae
1531 2543 1707 2575 conferunt.
1752 2542 1795 2574 Et
1820 2542 1894 2585 quid
1918 2541 1941 2576 fi
1985 2574 1987 2582 A

1083 2587 1261 2619 derivemus
1277 2587 1314 2619 ab
1339 2586 1514 2626 Hispanico
1535 2593 1626 2621 aver,
1646 2583 1730 2624 quod
1748 2583 1834 2616 venit
1849 2593 1867 2615 a
1882 2583 1941 2616 La-

1085 2628 1152 2659 tino
1172 2628 1296 2667 habere3
1320 2628 1421 2659 habere
1444 2633 1569 2663 autem,
1593 2623 1763 2666 praesertim
1794 2624 1942 2665 tempori-

1083 2668 1140 2701 bus
1163 2669 1308 2709 collapsae
1335 2667 1514 2701 Latinitatis
1530 2688 1539 2704 ,
1562 2666 1716 2706 accipitur
1742 2674 1800 2707 pro
1822 2667 1940 2705 debere,

1082 2718 1118 2741 ut
1133 2711 1240 2741 averiae
1258 2710 1309 2741 vel
1335 2710 1445 2741 avariae
1463 2707 1590 2739 nomine
1611 2706 1807 2747 intelligatur
1827 2715 1940 2746 omne,

1084 2751 1169 2791 quod
1195 2750 1332 2782 conseri-i
1358 2749 1460 2781 debet.
1506 2747 1564 2779 Sed
1595 2748 1661 2778 baec
1689 2748 1837 2789 reliquis,
1872 2756 1942 2789 quae

1083 2792 1175 2830 dixi,
1198 2792 1255 2822 vix
1284 2792 1416 2822 certiora
1444 2789 1522 2820 sunt.
1569 2788 1653 2831 Quia
1674 2797 1778 2820 autem
1799 2790 1942 2830 averagia

1083 2833 1162 2875 apud
1183 2832 1358 2872 Scriptores
1382 2830 1532 2870 sequioris
1553 2831 1611 2861 :evi
1636 2830 1789 2870 accipitur
1807 2838 1863 2870 pro
1887 2832 1940 2860 dc-

1085 2874 1261 2910 trimento,
1291 2871 1374 2913 quod
1403 2873 1433 2902 in
1462 2870 1585 2901 vectura
1615 2872 1768 2901 mercibus
1794 2869 1908 2900 accidit
1929 2891 1940 2907 ‚

1083 2922 1120 2946 ut
1143 2914 1345 2955 Spelmannus
1374 2913 1405 2945 in
1431 2912 1616 2954 Arelaeolvgo
1643 2911 1765 2944 nutavit
1783 2911 1813 2942 <St
1829 2910 1941 2956 proba-

1871 2959 1941 2990 vit,

1087 3037 1195 3068 Vinnio
1212 3036 1329 3065 editum.

1120 3074 1182 3112 (3)
1201 3076 1320 3103 Vinnius
1336 3073 1370 3102 ad
1386 3073 1519 3102 Peckium
1535 3074 1563 3101 in
1578 3074 1596 3101 1.
1620 3079 1646 3101 1.
1658 3069 1699 3109 ff.
1719 3069 1749 3099 de
1763 3067 1799 3098 L.
1811 3068 1893 3098 Rhod.
1915 3066 1943 3097 ἀ

1081 3115 1198 3144 Verwer
1212 3113 1247 3141 ad
1262 3113 1397 3150 chtsen
1413 3112 1443 3140 de
1456 3113 1569 3140 Avariis
1584 3111 1608 3148 §-
1632 3119 1655 3138 1.

1122 3153 1176 3191 (4)
1200 3152 1309 3184 Huber.
1327 3150 1447 3187 [³131ect-
1465 3149 1501 3180 ad
1518 3148 1572 3180 Tit.
1581 3147 1620 3188 ff.
1636 3148 1665 3180 de
1682 3146 1718 3178 L.
1733 3145 1817 3177 Rliod.
1834 3145 1859 3183 ς.
1880 3153 1907 3181 3·
