2008 3436
209 97 492 149 QUAEST.
544 91 775 144 JURIS
822 92 1196 138 PRIVATI,
1249 95 1608 139 LIB.H.C.lX.X.

50 185 209 227 pellasset,
234 186 330 218 etiam
348 186 428 228 apud
442 186 608 218 Senatores
621 205 632 222 ,
654 181 692 214 ad
711 181 848 214 rotulam
869 182 920 214 de-

49 230 170 270 legatos
202 238 254 268 24.
277 228 358 269 Maj.
388 232 479 270 1718.
525 225 669 258 Maritus
697 223 810 254 deinde
841 224 919 264 apud

49 269 178 302 Curiam
205 269 328 311 litigare
356 270 457 311 pergit
476 267 594 309 iudicio
614 265 797 307 principali,
820 266 849 297 ἃ
871 275 917 306 15.

48 311 138 344 Febr.
172 320 261 352 1719.
293 311 337 342 ibi
356 312 481 343 obtinet
497 309 694 341 definitivam
712 307 894 339 ientcntiam
909 331 918 346 ,

72 363 108 385 ua
134 361 237 394 partes
260 351 439 393 separantur
463 351 547 392 quod
569 349 606 380 ad
629 349 759 380 thorum
779 350 809 380 ἀ
833 359 918 381 men-

47 363 132 435 parn,
157 395 188 426 &
211 394 381 434 jubentur,
406 393 490 436 quod
515 392 554 423 ad
572 390 799 431 separationem
821 390 919 423 bono-

47 446 137 474 rum,
159 436 250 468 litem
266 436 298 468 in
316 435 437 476 scriptis
454 433 571 474 redigi,
595 442 631 463 ea
649 441 753 464 tamen
779 432 869 474 lege,
884 440 919 463 ut

46 478 176 511 maritus
203 487 336 509 uxorem
359 476 515 518 pendente
534 475 590 507 lite
608 473 782 507 exhiberet.
830 474 919 506 Uxor

47 528 151 552 tentat
176 519 417 560 appellationem
441 517 479 548 ad
498 517 647 548 Senatum
668 540 677 555 ,
712 516 840 548 maritus
866 516 917 547 de-

44 561 172 600 fendit,
193 564 233 593 ab
257 569 294 592 ea
319 559 473 592 sententia
493 558 640 599 appellari
665 567 729 590 non
747 557 838 598 polle
852 579 864 596 ,
888 558 919 589 δέ

46 602 144 636 Curia
167 602 196 633 ei
223 601 443 634 austeritatem
477 599 561 631 suam
588 599 809 630 accommodat
827 623 836 638 ,
868 598 919 631 sed

45 643 188 683 frustra,
225 652 296 676 nam
327 642 531 684 appellationi
560 642 666 673 locum
699 640 760 672 effe
783 640 919 673 Ordines

45 686 255 718 decreverunt
287 694 336 725 17.
357 685 456 717 Mart.
485 693 576 725 1720.
624 683 715 714 Unde
743 682 872 714 maritus
889 691 919 713 a-

45 727 107 770 pud
128 727 276 759 Senatum
298 726 464 758 contendit
490 731 531 756 tat
556 725 724 766 approbatis
749 724 827 754 illico
854 733 916 754 «ticin

45 771 79 801 de
106 769 258 800 Sententt'e
285 778 347 799 ‘um
379 770 400 798 ‘c
430 766 506 807 Hff.
552 769 595 798 At
617 767 749 798 Senatus
773 765 918 796 dcci-evit

43 821 95 843 20.
108 809 190 843 Dec.
210 819 300 851 1720.
324 811 376 840 cla:
398 810 439 840 'er
454 818 528 851 gem
545 809 715 848 approbati-'e
734 807 814 838 illico
831 807 913 845 viel,

45 861 111 884 non
135 860 259 884 tantum
281 861 322 883 ex
347 861 380 882 re
402 850 488 891 ipsa,
511 850 597 890 quod
615 858 727 890 nempe
741 858 805 880 non
822 848 915 889 liqui-

41 894 85 926 do
111 893 270 926 constaret
287 915 298 932 ,
322 893 481 933 Conjuges
507 892 570 924 sine
597 890 792 932 separatione
816 889 915 920 bono-

44 945 115 968 rum
133 935 196 968 effe
212 934 412 976 separandos,
439 934 488 966 sed
508 933 561 964 vel
579 933 735 970 maxime,
759 931 917 976 quodiam

45 976 142 1010 semel
170 977 284 1010 marito
315 984 428 1017 negata
464 975 541 1007 ess'et
574 974 736 1006 fiduciaria
764 974 917 1004 lententia

45 1019 132 1060 quod
152 1018 191 1050 ad
213 1018 293 1050 lianc
314 1018 409 1058 ipsam
430 1027 516 1054 rem,
539 1016 568 1047 ἀ
591 1015 740 1046 Senatum
761 1023 846 1045 nune
864 1013 916 1043 da-

47 1070 83 1093 re
99 1069 165 1093 non
183 1058 295 1100 poss'e,
317 1059 402 1100 quod
425 1059 456 1090 d.
482 1067 533 1089 21.
557 1056 639 1096 Maj.
669 1060 760 1096 1718.
785 1064 917 1095 negave-

44 1110 105 1135 rat.
150 1100 211 1133 Sed
232 1101 262 1132 &
278 1100 368 1137 fimul
395 1100 516 1140 placuit
533 1122 542 1137 ,
569 1098 637 1134 illi,
661 1097 716 1137 qui
744 1096 859 1128 marito
882 1104 916 1127 o-

43 1152 151 1185 peram
172 1141 332 1174 forensem
366 1139 551 1182 praestabant
566 1162 576 1178 ,
608 1148 625 1170 a
644 1139 762 1171 Senatu
781 1138 917 1178 increpa-

41 1192 150 1218 rentur
167 1183 210 1215 ob
227 1183 441 1216 defeniionem
460 1181 560 1214 causae
576 1181 654 1212 adeo
672 1181 796 1222 iniquae.
823 1179 866 1220 (5
878 1179 901 1224 )·

86 1226 215 1267 Magnis
231 1225 345 1257 deinde
365 1225 475 1256 animis
495 1233 531 1254 ea
547 1221 638 1254 causa
661 1221 782 1262 judicio
800 1221 917 1261 prinei-

42 1268 106 1310 pali
128 1275 272 1309 perorata
299 1265 346 1298 est
369 1267 402 1299 in
429 1264 589 1297 auditorio
615 1264 726 1304 majori
755 1263 888 1295 Senatus
906 1285 916 1301 ‚

41 1310 96 1344 sed
120 1310 204 1341 inter
227 1316 329 1350 partes
354 1318 420 1340 non
445 1307 617 1344 convenit,
643 1305 718 1345 quid
737 1305 768 1337 iii
788 1305 920 1351 appella-

45 1353 135 1384 tione
153 1349 231 1382 ess'et
248 1353 274 1380 τὸ
289 1350 440 1389 „gu-dum..
465 1349 557 1380 Uxor
572 1346 739 1388 postularat
750 1369 761 1385 ,
785 1345 920 1378 reicindi

45 1393 153 1426 Curiae
173 1391 380 1430 sententiam,
403 1393 433 1424 ἀ
451 1390 506 1422 fibi
525 1388 678 1422 semissem
691 1388 849 1420 bonorum
867 1387 918 1418 ad-

43 1433 187 1477 iudicari.
230 1433 371 1466 Maritus
394 1432 519 1473 ajebat,
543 1431 581 1462 de
605 1430 799 1471 separatione
819 1430 919 1460 bono-

43 1485 115 1510 rum
131 1476 278 1508 Senatum
296 1485 337 1507 ex
355 1473 564 1516 appellatione
577 1472 715 1513 iudicare
730 1480 794 1503 non
830 1470 895 1503 osse
908 1494 918 1511 ‚

67 1518 118 1550 uia
144 1517 184 1549 de
209 1525 246 1548 ea
272 1517 414 1549 nondum
438 1515 633 1556 judicaverat
657 1513 774 1552 Curia,
833 1513 920 1545 xoris

62 1558 140 1592 uiss‘e
163 1567 255 1600 agere
278 1559 316 1590 ad
343 1557 552 1590 rescissionem
570 1555 755 1593 sententiae,
778 1554 809 1586 ἃ
827 1562 863 1586 ut
880 1553 920 1586 de

44 1601 241 1643 separatione
266 1600 465 1641 personarum
486 1599 516 1630 δι’.
533 1599 692 1630 bonorum
715 1596 804 1629 fimul
825 1597 854 1629 ὅτ
875 1595 919 1628 se-

44 1643 110 1676 mel
133 1642 329 1684 judicaretur
346 1652 355 1681 3
381 1642 410 1674 ἃ
431 1641 470 1672 de
489 1650 529 1672 eo
546 1639 614 1672 solo
635 1638 838 1681 quaerendum
858 1636 920 1670 ess'e

44 1685 129 1717 inter
146 1693 256 1716 omnes
270 1683 454 1722 Senatores,
478 1691 543 1714 uno
560 1688 720 1722 excepto,
744 1679 918 1712 constabat.

44 1724 190 1759 Transeo
217 1726 335 1767 igitur,
361 1735 430 1767 quse
454 1734 511 1764 pro
533 1723 730 1765 separatione
750 1721 780 1754 ἀ
808 1729 920 1754 contra

43 1767 274 1811 separationem
292 1768 416 1808 prolixe
431 1765 583 1808 disputata
600 1765 679 1797 sunt.
695 1764 745 1796 Ad
762 1763 830 1796 haec
841 1772 920 1795 uxor

44 1809 340 1852 negabat,disjungi
359 1808 465 1850 posse.
484 1817 554 1850 quae
571 1806 721 1848 conjungi
738 1806 768 1838 δι
782 1805 870 1838 fimul
882 1804 917 1837 fi-

44 1852 109 1884 niri
133 1851 290 1883 debebant
307 1875 317 1891 ,
342 1850 372 1884 se
397 1850 524 1892 quidem
548 1847 734 1882 consensiss'e
754 1848 786 1879 in
802 1847 918 1888 separa-

45 1893 170 1925 tionem
197 1891 402 1934 personarum
414 1915 423 1929 ,
447 1890 498 1924 sed
522 1891 564 1922 ita
576 1914 585 1929 ,
609 1899 646 1922 ut
664 1888 755 1922 fimul
773 1889 856 1921 bona
873 1887 918 1920 se-

45 1941 247 1977 pararentur,
272 1934 303 1966 &
319 1933 450 1975 quisque
469 1942 580 1964 eorum
598 1931 750 1964 semissem
771 1930 918 1968 haberet,

45 1976 87 2008 ad
102 1975 197 2008 instar
213 1975 436 2014 confeffionis,
457 1982 686 2015 quam·vocant
703 1971 918 2014 mellificatum,

31 2026 117 2059 ·quae
135 2017 236 2049 dividi
255 2026 321 2049 non
342 2015 458 2058 potest.
505 2015 567 2047 Sed
584 2015 606 2048 fi
624 2015 752 2047 aliunde
771 2013 897 2046 constet
909 2037 919 2052 ,

45 2067 84 2091 ut
101 2059 155 2090 hic
169 2058 333 2091 constabat
347 2068 412 2091 non
431 2057 496 2090 fine
511 2057 654 2100 praesenti
676 2056 821 2098 periculo
843 2065 920 2087 con-

47 2101 135 2142 juges
163 2101 346 2133 cohabitare
375 2099 485 2142 poffe,
521 2099 630 2140 quidni
657 2099 757 2140 Judex
777 2097 861 2129 reete
876 2097 921 2138 ju-

47 2143 120 2174 beat
145 2141 269 2175 seorfim
298 2142 462 2180 habitare,
484 2140 643 2182 pendente
663 2140 721 2172 lite
746 2139 786 2172 de
804 2138 921 2181 separa-

48 2183 140 2215 tione
162 2183 321 2216 bonorum
337 2184 353 2215 Ξ)
377 2183 407 2215 &
424 2182 467 2214 fic
482 2181 608 2222 Jufferat
627 2181 741 2221 Curia,
768 2182 838 2222 quia
856 2191 921 2213 non

47 2225 182 2256 verbera
199 2225 230 2256 ὅτ.
245 2225 397 2264 vulnera,
409 2223 561 2256 sed&sus
578 2224 700 2256 iciones
716 2223 919 2264 veneniprae-

48 2266 363 2308 parati-jastabantur.
391 2266 434 2297 At
451 2272 528 2297 tunc
543 2234 632 2298 11111111
651 2264 822 2306 jubendum
839 2264 920 2303 effe,

49 2317 86 2340 ut
101 2308 195 2339 etiam
215 2308 297 2338 bona
312 2307 551 2347 dividerentur,
575 2309 662 2340 omni
688 2316 783 2348 opera
807 2306 922 2338 mulier

49 2349 265 2381 contendebat
285 2372 294 2386 ,
337 2348 479 2391 plurimis
512 2348 545 2380 in
579 2349 661 2381 hanc
691 2357 758 2381 rem
790 2348 921 2380 laudatis

49 2390 291 2422 auetoritatibus
307 2414 316 2428 ,
349 2400 423 2432 quas
450 2389 580 2421 maritus
600 2389 765 2422 'refutabat
792 2397 919 2421 contra-

49 2432 103 2466 riis
118 2432 238 2464 adlatis,
307 2441 419 2463 enatus
436 2429 631 2463 existimavit
645 2455 655 2470 ,
681 2431 729 2470 ἀ,
753 2431 786 2463 ni
806 2430 919 2469 fallor,

49 2473 156 2512 reste,
179 2473 241 2504 esse
261 2473 342 2504 lianc
356 2471 562 2515 questionem
581 2472 657 2504 faeti
673 2472 800 2513 potius,
825 2481 919 2513 quam

51 2514 144 2555 iuris,
169 2514 242 2546 inde
256 2516 341 2546 enim
357 2515 492 2556 pendere
504 2536 516 2552 ,
537 2522 607 2545 utra
623 2523 692 2554 pars
709 2512 820 2553 justam
837 2512 920 2553 sepa-

49 2556 165 2588 rationi
189 2554 314 2587 causam
337 2556 466 2588 dedisset
484 2555 501 2588 ‘3
536 2556 569 2588 Si
597 2556 680 2587 enim
707 2555 920 2588 intolerabiles

1759 117 1802 152 35
1806 121 1827 155 9

964 181 1075 213 uxoris
1089 181 1203 228 rixosae
1219 191 1341 220 mores,
1366 186 1502 226 nunquid
1520 188 1571 221 illa
1593 191 1832 225 administratio-

963 233 1036 256 nem
1058 223 1192 269 univerfi
1214 224 1415 264 patrimonii,
1438 228 1520 267 quod
1537 233 1650 263 marito
1666 234 1734 273 jure
1754 244 1829 264 con-

964 264 1177 298 suetudinario
1204 266 1384 308 competit,
1414 266 1467 308 ipsi
1496 268 1657 304 innocenti
1682 275 1791 306 adimit
1814 274 1831 305 ?

965 306 1129 348 nequidem
1155 307 1290 347 mulier,
1322 308 1401 339 bene
1424 318 1564 348 morata,
1588 315 1701 346 marito
1726 315 1830 356 potest

963 349 1170 395 inter-{crtere
1192 348 1493 382 administrationem
1517 351 1673 386 bonorum
1690 380 1699 394 ,
1724 358 1753 388 ἅ
1776 356 1829 388 libi

962 389 1115 437 semissem
1132 398 1258 431 petere,
1282 401 1319 423 aii
1338 391 1434 433 igitur
1449 393 1568 433 poterit
1587 395 1667 425 male
1682 406 1800 428 morata
1813 398 1830 428 ¹?

962 433 1061 478 Sane,
1086 433 1107 463 11
1125 431 1188 463 hoc
1204 432 1272 472 jure
1293 441 1435 472 utamur,
1459 434 1641 467 mulieribus
1660 436 1739 477 larga
1755 448 1830 479 prie-

962 474 1085 505 bcbitui·
1100 473 1224 506 occasio
1245 475 1442 515 divertendi,
1467 485 1531 508 non
1554 477 1613 508 alia
1637 476 1721 508 forte
1747 489 1831 510 men-

963 523 1016 555 te,
1048 525 1140 561 quam
1161 524 1195 547 ut
1222 516 1292 556 ipsae
1319 516 1452 549 habeant
1474 517 1624 550 semillcm
1652 520 1832 560 patrimonii

963 566 1161 603 communis,
1184 557 1217 603 §a
1233 558 1276 589 'de
1296 568 1335 589 eo
1356 569 1414 600 pro
1435 559 1539 592 lubitu
1558 558 1700 593 statuant.
1748 560 1832 592 liaee

962 598 1087 645 quidem
1113 599 1248 637 mulier,
1280 600 1319 631 de
1346 610 1407 642 qua
1433 602 1579 643 agebatur
1595 625 1606 641 ,
1641 609 1779 644 paratam
1803 602 1834 633 se

961 639 1024 672 eilc
1045 639 1189 687 dicebat,
1213 642 1369 682 pendente
1389 642 1467 680 lite,
1490 643 1598 682 bonis,
1623 654 1694 686 quae
1710 645 1832 684 accipe-

961 691 1010 713 ret
1025 704 1038 728 ,
1068 682 1292 715 inleribeictur
1309 708 1319 723 ‚
1353 693 1388 715 ea
1409 684 1539 717 alienari
1561 695 1625 718 non
1652 685 1758 727 poss'e,
1779 685 1832 717 sed

959 724 1010 769 yel
1031 731 1074 754 ita
1099 725 1212 756 marito
1238 725 1452 765 adimeretur,
1487 728 1572 768 quod
1598 728 1701 760 mariti
1721 727 1788 766 est,
1810 727 1832 759 ii

960 764 1024 806 ipse
1040 764 1132 806 culpa
1149 774 1252 812 vacet.
1267 766 1382 813 ,Recte
1401 768 1496 809 igitur
1511 768 1608 801 Curia
1626 768 1769 809 censuit,
1794 769 1832 800 li-

961 815 1026 839 tem
1034 806 1081 856 90
1101 806 1195 848 culpa
1213 818 1244 840 in
1258 809 1382 849 scriptis
1399 809 1461 841 else
1479 810 1677 852 redigendam
1686 821 1742 850 ,iit
1759 810 1833 842 inde

962 856 1123 895 conitaret
1133 871 1144 887 ,
1161 850 1247 889 quod
1264 860 1350 882 nunc
1369 850 1512 884 constare
1529 862 1592 885 non
1606 860 1749 894 poterat,
1763 861 1834 884 uter

960 890 1142 939 ConJugum
1164 893 1315 930 domum,
1337 892 1375 924 ad
1401 891 1577 934 sanguinem
1596 894 1689 936 usque
1697 918 1707 934 ‚
1733 894 1834 927 turba-

958 941 1052 977 verit.
1085 931 1144 963 Sed
1162 933 1246 973 quod
1263 932 1360 965 Curia
1377 934 1515 974 addidit,
1539 936 1681 975 mulieri,
1699 936 1836 977 penden-

961 980 991 1018 te
1008 973 1083 1010 lite,
1108 981 1225 1019 certam
1242 973 1393 1008 summam
1407 985 1424 1007 a
1447 977 1560 1009 marito
1578 978 1615 1009 ad
1634 979 1783 1012 alimenta
1802 978 1834 1010 ὃς

960 1016 1099 1058 iumptus
1123 1014 1201 1061 litis⁴
1220 1014 1370 1048 ferendos
1395 1019 1564 1058 quotannis
1593 1019 1656 1051 effe
1685 1018 1832 1062 praestan-

960 1055 1048 1092 dam,
1075 1054 1105 1085 id
1125 1063 1239 1087 merito
1259 1056 1429 1098 displicuit.
1476 1060 1575 1092 Semis
1592 1060 1748 1094 bonorum
1766 1061 1832 1093 cui-

940 1104 1022 1137 ‚que
1046 1095 1218 1129 debebatur
1234 1119 1245 1136 ,
1276 1098 1379 1131 mariti
1399 1099 1493 1133 solius
1515 1109 1581 1132 erat
1606 1102 1833 1134 administratio

961 1147 1002 1169 ex
1020 1137 1177 1178 potestate
1196 1139 1350 1179 maritali,
1363 1150 1500 1184 cumque
1518 1142 1666 1175 haetenus
1681 1144 1745 1175 'non
1757 1153 1833 1176 con-

962 1178 1055 1211 staret
1075 1202 1084 1217 ,
1109 1188 1148 1211 an
1168 1178 1220 1213 sua
1238 1182 1329 1223 culpa
1352 1183 1481 1216 maritus
1505 1193 1544 1215 eo
1559 1185 1629 1225 jure
1652 1185 1833 1224 cecidisset,

961 1231 1017 1253 cur
1036 1229 1101 1266 iion
1119 1243 1144 1268 2..
1159 1230 1196 1252 ea
1221 1220 1324 1268 salva,
1351 1223 1443 1256 semis
1466 1224 1628 1258 fruetuum
1652 1227 1834 1260 communis

961 1270 1149 1310 patrimonii·
1169 1270 1296 1305 utrique
1314 1266 1407 1298 cedat
1422 1266 1438 1298 .9
1467 1267 1547 1299 alter
1569 1268 1601 1300 in
1618 1268 1751 1301 alterum
1765 1292 1774 1308 ‚
1799 1275 1835 1300 ut

961 1307 1036 1343 liat,
1062 1304 1226 1350 rejiciebat
1249 1306 1396 1348 culpam,
1421 1308 1574 1349 Senatus,
1600 1310 1676 1351 quid
1697 1310 1764 1351 ejus
1787 1311 1834 1342 rei

962 1346 1060 1384 esset,
1083 1346 1265 1387 ignorabat,
1290 1349 1422 1381 rationis
1439 1350 1536 1391 igitur
1562 1350 1624 1383 effe
1647 1351 1833 1391 videbatur,

963 1396 1000 1420 ut
1016 1409 1027 1426 ,
1051 1387 1201 1435 confecto
1227 1389 1430 1437 inyentario,
1454 1391 1592 1432 fruetus,
1617 1393 1775 1434 pendente
1798 1394 1836 1426 li-

964 1436 1191 1476 te,quotannis
1208 1430 1445 1473 dividerentur,
1463 1433 1557 1475 idque
1574 1444 1614 1466 eo
1632 1435 1836 1476 magis,cum

963 1471 1078 1518 mulier
1103 1480 1144 1518 ex
1171 1481 1211 1504 eo
1236 1473 1444 1506 matrimonio
1465 1476 1560 1508 etiam
1589 1477 1684 1510 aleret
1706 1477 1808 1510 filium
1822 1499 1836 1516 ,

963 1523 1016 1554 qui
1035 1520 1144 1560 matris
1160 1522 1265 1561 partes
1284 1513 1489 1558 sequebatur,
1514 1517 1544 1550 ἀ
1560 1519 1668 1551 multis
1683 1526 1837 1561 praeterea

962 1563 1154 1602 argument-is
1176 1557 1311 1597 liqueret
1328 1579 1340 1596 ,
1362 1559 1510 1591 maritum
1528 1560 1599 1592 lites
1622 1560 1744 1593 trahere
1758 1561 1789 1593 ἃ
1805 1570 1837 1592 a-

962 1596 1020 1644 lias
1036 1606 1077 1628 ex
1090 1597 1160 1629 aliis
1180 1597 1290 1630 serere.
1336 1599 1380 1631 Et
1397 1610 1471 1633 cum
1492 1602 1586 1634 ambo
1610 1602 1770 1644 Coniuges
1793 1602 1838 1634 fic

962 1637 1037 1685 satis
1060 1639 1221 1686 provestae
1246 1642 1308 1680 jam
1334 1641 1433 1674 essent
1460 1643 1560 1675 aetatis
1576 1667 1587 1684 ‚
1619 1644 1718 1677 facile
1741 1643 1837 1676 fuiffe

961 1688 1076 1712 marito
1093 1679 1175 1713 hanc
1191 1681 1299 1721 litem,
1325 1692 1395 1725 quae
1412 1685 1565 1718 altiffiinae
1583 1693 1650 1719 erat
1667 1685 1836 1728 indaginis,

963 1721 1147 1769 protrahere
1161 1723 1200 1755 ad
1217 1724 1398 1757 alterutrius
1413 1735 1550 1760 mortem
1566 1751 1576 1768 ,
1601 1729 1632 1761 δε
1653 1727 1696 1760 fic
1722 1727 1838 1760 mulier

963 1774 995 1796 in
1011 1764 1095 1811 diem
1116 1773 1242 1797 Viveret
1265 1775 1305 1799 ex
1329 1767 1492 1800 luculento
1513 1769 1728 1810 patrimonio,
1750 1769 1838 1811 quod

963 1806 1001 1852 ad
1015 1806 1137 1847 aliquot
1155 1814 1288 1854 centena
1303 1809 1403 1842 millia
1421 1810 1607 1853 exsurgebat
1623 1821 1633 1850 3
1658 1811 1689 1843 id
1711 1811 1837 1844 scilicet

962 1847 1065 1895 visum
1086 1846 1131 1880 est
1148 1848 1361 1882 duriusculum
1380 1875 1391 1891 ,
1431 1853 1569 1884 maxime
1597 1862 1670 1885 cum
1699 1853 1730 1885 &
1752 1862 1838 1885 nunc

962 1890 1073 1922 mulier
1089 1913 1100 1929 ,
1120 1889 1209 1937 ‚post
1236 1890 1436 1927 seceffionem
1457 1895 1561 1928 mariti
1579 1919 1590 1935 ,
1629 1902 1753 1927 tantum
1772 1904 1840 1927 non

961 1930 1047 1977 farne
1062 1940 1187 1974 periret.
1213 1931 1365 1979 Cori-esta
1384 1936 1481 1977 igitur
1493 1961 1502 1976 ‚
1529 1936 1615 1978 quod
1633 1937 1672 1968 ad
1687 1936 1771 1976 hoc,
1791 1934 1840 1968 est

964 1972 1067 2020 Curi3ae
1085 1973 1258 2014 sententia,
1283 1976 1314 2008 δε
1331 1979 1459 2010 maritus
1482 1979 1648 2011 damnatus
1670 1978 1838 2020 quotannis

964 2024 1054 2047 uxorl
1079 2015 1201 2061 tradere
1225 2015 1378 2050 semiss'em
1404 2019 1564 2052 fi‘uffituum
1581 2043 1592 2059 ,
1630 2019 1661 2052 &
1685 2019 1727 2051 ob
1749 2020 1838 2052 illam

965 2056 1195 2103 correctionem
1213 2067 1315 2105 partes
1335 2059 1421 2100 J'uss‘ae.
1448 2060 1518 2094 sunt
1543 2062 1634 2094 litem
1656 2061 1694 2093 de
1718 2060 1838 2103 separa-

966 2106 1055 2129 tione
1078 2098 1237 2131 bonorum
1263 2109 1295 2132 in
1316 2100 1440 2143 scriptis
1463 2112 1556 2145 agere
1583 2103 1665 2144 apud
1688 2103 1840 2136 Senatum

964 2140 1160 2187 Snupremuin.
1204 2141 1298 2188 ¹Unus
1315 2152 1394 2175 vero
1412 2144 1622 2184 Senatorum,
1647 2144 1701 2186 qui
1719 2143 1840 2176 senten-

965 2189 1010 2213 tia
1027 2180 1081 2228 sua
1099 2183 1228 2230 reliquis
1247 2184 1400 2225 praeibat,
1425 2186 1598 2219 etiamnum
1623 2193 1748 2227 paratus
1770 2193 1839 2216 erat

964 2232 1056 2256 uxori
1082 2223 1260 2264 adjudicare
1281 2225 1434 2259 semissem
1458 2227 1614 2259 bonorum
1632 2249 1643 2265 ,
1673 2227 1744 2269 quia
1769 2236 1836 2260 non

964 2264 1148 2306 constabat,
1170 2275 1252 2306 nec,
1278 2275 1314 2299 ut
1335 2268 1457 2309 ajebat,
1482 2269 1514 2301 in
1538 2268 1698 2310 posterum
1716 2267 1838 2301 consta-

964 2315 999 2353 re
1018 2305 1139 2348 posset,
1163 2308 1264 2340 utrius
1283 2309 1374 2351 culpa
1392 2308 1564 2351 separatum
1581 2309 1659 2342 effet
1675 2310 1837 2342 matrimo-

963 2358 1062 2380 nium.
1107 2348 1168 2381 Sed
1183 2350 1216 2381 id
1233 2349 1383 2390 definire,
1406 2351 1585 2393 priusquam
1604 2351 1643 2383 lis
1661 2351 1692 2382 in
1714 2350 1838 2392 scriptis

963 2389 1104 2436 reduita',
1130 2391 1161 2423 &
1178 2391 1289 2430 testes,
1337 2393 1367 2424 ui
1384 2392 1479 2424 fidem
1497 2393 1602 2424 facere
1619 2391 1759 2433 possent,
1785 2401 1835 2424 au-

963 2431 1022 2462 diti
1039 2439 1128 2463 erant
1140 2454 1150 2469 ,
1173 2432 1216 2464 fic
1233 2431 1304 2464 satis
1341 2434 1484 2465 ubricum
1509 2434 1539 2465 ἀ
1561 2433 1692 2464 omnino
1709 2442 1836 2475 praema-

963 2479 1065 2504 turum
1074 2472 1189 2505 fuisset.
1200 2473 1264 2505 Sex
1280 2474 1334 2505 alii
1353 2475 1520 2507 Senatores
1534 2498 1544 2514 ,
1555 2484 1616 2505 una
1627 2496 1637 2512 ,
1647 2483 1740 2516 quam
1755 2474 1836 2513 dixi,

962 2512 1119 2545 sententia
1150 2514 1347 2555 utebantur,
1385 2525 1454 2557 quae
1483 2516 1513 2549 &
1541 2515 1659 2558 placuit
1693 2526 1744 2558 23.
1773 2515 1834 2556 Jul.

968 2563 1045 2595 1721
1072 2554 1159 2596 (6).

689 2653 1048 2689 CAPUT
1147 2655 1192 2691 X.

101 2737 175 2772 Non
201 2732 260 2782 effi’
286 2737 474 2771 connubium
502 2737 588 2771 inter
611 2736 791 2771 adulterum
817 2732 859 2774 Εἴ
883 2735 1064 2771 adulteram
1082 2762 1092 2779 ‚
1117 2736 1244 2783 etiamsi
1266 2746 1386 2784 praeter
1409 2739 1603 2774 adulterium
1626 2737 1711 2773 nihil
1733 2749 1786 2774 ac-

310 2791 424 2836 cedat,
451 2790 492 2832 &³
517 2805 561 2829 an
584 2793 737 2829 adulterii
763 2794 962 2838 damnatus,
981 2792 1161 2841 solutisque
1187 2807 1228 2830 ex
1252 2807 1291 2830 ea
1316 2794 1411 2841 causa
1436 2796 1580 2842 nuptiis,

686 2853 785 2887 allam
810 2863 941 2888 uxorem
965 2855 1047 2889 reete
1071 2853 1166 2889 ducat
1185 2854 1204 2887 ?

44 2955 375 3038 Negatinequiss
389 2957 464 2996 quin
481 2958 577 2991 etiam
593 2969 632 2992 ex
646 2960 744 2993 causis
762 2961 923 2993 matrimo-

54 3005 90 3041 ,ᾗ
169 2997 303 3031 malibus
322 2998 423 3038 aliqua
440 2999 473 3030 in
486 2999 560 3031 foro
576 3001 686 3034 nostro
702 3002 739 3034 fit
747 3002 829 3043 Juris
839 3001 925 3034 Pon-

15 3081 21 3085 ,
55 3041 150 3073 tificii
165 3039 351 3077 auctoritas,
375 3047 540 3073 caveamus
557 3043 673 3082 modo,
694 3053 735 3074 ne
749 3044 850 3084 major
868 3043 923 3082 fit,

57 3091 149 3124 quarn
167 3087 306 3122 oportet.
352 3079 540 3122 Pragmatici
560 3082 631 3116 sane
645 3082 746 3116 nostri
761 3094 801 3118 ex
823 3093 862 3116 eo
882 3085 926 3124 ju-

96 3214 143 3252 (5)
165 3213 273 3253 observ.
284 3215 400 3248 Tumult.
413 3216 627 3252 T.V1.n.1613.
639 3213 676 3254 ὅ)
687 3215 720 3248 T.
731 3217 797 3250 VH.
807 3229 834 3251 n.
845 3223 928 3256 1696.

966 2972 998 2996 re
1015 2963 1093 2995 olim
1114 2961 1327 2994 definiverunt
1349 2960 1559 3003 quaestiones,
1583 2968 1660 2999 quas
1683 2958 1737 2991 hic
1760 2968 1836 3002 prae-

965 3004 1079 3046 scripfi.
1126 3003 1261 3043 Elegans
1281 3003 1406 3043 quidem
1429 3002 1536 3043 regula
1559 2999 1605 3032 est
1623 3023 1633 3039 ,
1656 3010 1749 3041 quarn
1768 3011 1839 3042 pro-

968 3046 1060 3086 ponit
1087 3045 1120 3075 C.
1141 3043 1166 3075 Ι.
1194 3043 1278 3084 Ceius
1304 3042 1435 3075 XXXI.
1470 3043 1512 3091 Q
1539 3042 1567 3075 Ι.
1612 3041 1727 3074 Nullus
1750 3044 1837 3074 ducat

970 3089 1003 3118 in
1020 3085 1237 3118 matrimonimn
1248 3108 1258 3124 ,
1284 3094 1370 3126 quam
1381 3086 1466 3125 prius
1478 3084 1584 3126 polluit
1601 3084 1754 3117 adulterio.
1779 3083 1839 3116 Sed

1776 3134 1841 3159 non

1012 3218 1073 3257 (6)
1095 3218 1205 3259 Observ.
1228 3217 1346 3249 Tumult.
1369 3216 1405 3248 T.
1425 3218 1491 3249 V11.
1511 3228 1538 3249 n.
1561 3214 1647 3256 1764'.
