2008 3436
200 106 269 141 1:80
453 100 850 139 CORNELII
924 112 1032 139 vsu

200 179 265 219 les,
288 191 379 224 quam
403 181 582 215 Hollandiae
601 207 611 223 ‚
644 183 738 215 etiarn
766 182 819 213 hic
842 181 957 214 arresto
982 181 1060 213 deti-

201 232 276 254 nere
293 225 424 257 vellent.
470 224 567 270 Quod
591 225 621 256 &
644 223 761 255 fastum
786 223 849 262 est,
876 224 907 256 &
932 222 1061 255 militari

200 263 341 298 custodia
352 267 498 298 detentus
516 266 570 297 ille
589 265 704 303 ACtor,
720 265 822 296 donec
841 265 918 296 illud
934 264 1061 297 navium

201 306 351 339 arrestum
376 308 409 340 in
433 306 548 348 Anglia
575 306 777 344 solveretur,
812 306 958 338 Aitzema
992 305 1060 336 Lib.

201 347 308 380 XLII.
333 355 365 390 p.
396 359 435 381 m.
466 351 656 390 365—367.
702 347 830 379 Addunt
864 347 998 379 Ordines
1029 347 1062 377 in

199 388 364 429 Deci-eto,
384 390 469 431 quod
484 391 513 421 d.
544 399 592 429 15.
616 389 684 428 Jun.
714 391 802 420 1662.
827 387 992 427 fecerunt,
1017 386 1061 418 se-

199 430 337 463 cundum
354 432 407 472 Jus
424 430 576 464 Gentium
594 429 784 470 repressalias
803 429 868 461 dari
884 439 947 461 non
965 428 1063 470 posse,

199 472 256 504 nisi
279 482 337 513 pro
369 472 563 504 subditorum
589 470 715 502 suorum
738 470 823 510 jure,
848 480 911 502 non
939 478 1065 506 autem,

200 522 273 545 curn
297 523 407 545 eorum
436 513 515 544 nihil
541 511 680 550 interfit,
706 511 735 543 ὅ(
760 512 801 543 fic
817 520 920 542 tamen
943 511 1064 551 Anglos

201 552 319 586 fecisse.
366 554 492 587 Dubito
505 575 516 591 ,
539 563 576 584 an
593 552 694 589 recte;
718 552 739 584 fi
756 553 839 584 enim
864 552 998 593 recipias
1014 561 1061 582 re-

201 595 358 636 pressalias
378 605 435 636 pro
464 593 613 631 subditis,
644 593 706 625 esse
730 603 793 625 non
820 594 947 625 videtur
964 615 974 631 ,
1007 602 1063 623 cur

201 646 260 677 pro
288 637 404 668 exteris
429 645 531 676 neges.
577 634 660 666 Nam
682 633 768 674 J'ustae
796 633 886 674 sunt,
909 634 960 666 vel
986 633 1063 673 inju-

200 677 274 716 stae3
300 679 321 710 fi
344 677 482 717 injustae,
508 677 537 708 &
566 675 696 708 subditis
711 685 768 717 per
785 676 927 716 injuriam
951 684 1062 707 conce-

200 719 336 757 duntur,
361 718 382 750 fi
397 717 506 757 justae,
529 726 592 748 non
611 716 738 757 poffunt
760 716 823 748 fine
843 717 954 756 injuria
977 725 1063 757 pere-

200 761 297 801 grinis
319 760 444 800 negari,
466 759 498 791 in
517 759 640 789 ratione
657 757 734 798 juris
758 760 842 791 enirn
858 757 945 790 Tros
965 758 1062 798 Tyri-

200 811 278 832 usve
305 799 392 839 fuat,
424 800 514 832 nullo
542 798 721 831 discrimine
746 799 886 831 habetur.
933 798 976 831 Et
999 807 1063 830 om-

199 843 284 875 nium
300 841 489 883 judiciorum
509 840 582 880 usu,
606 841 658 871 ubi
677 850 717 872 ex
732 839 855 872 arrestis
873 839 979 872 forum
1000 839 1062 871 sor-

201 885 316 922 timur,
334 883 571 923 comprobatum
586 881 649 920 est,
665 881 757 914 bonis
773 881 926 913 debitoris
945 879 1062 912 arresto

199 925 346 964 inclusis,
371 933 435 956 non
464 923 589 955 subdito
611 923 784 963 duntaxat,
810 922 860 955 sed
878 922 908 953 ὃς
928 922 1061 963 peregri<

200 976 244 999 no
265 967 313 1007 jus
339 966 414 997 dici.
461 964 529 996 Nifi
555 972 657 996 tamen
681 964 809 1006 speciali
839 965 909 1004 lege
934 972 1062 994 cautum

201 1008 257 1046 fit,
283 1015 317 1039 ut
336 1007 406 1039 sunt
423 1006 574 1046 ejusmodi
595 1006 698 1047 leges,
720 1015 759 1038 ne
773 1006 837 1037 duo
855 1005 1009 1046 peregrini
1031 1004 1062 1035 in

201 1050 329 1081 alterius
345 1048 482 1088 Imperio
500 1047 636 1078 invicem
653 1048 775 1079 arrestis
792 1054 930 1078 utantur.
963 1045 1062 1087 Igitur

199 1092 253 1124 illa
278 1090 401 1122 Astoris
433 1089 576 1120 detentio
597 1088 651 1119 vix
679 1088 742 1128 est,
766 1097 801 1119 ut
823 1086 949 1119 defendi
976 1085 1063 1127 posse

199 1133 365 1170 videatur,
388 1140 447 1162 nec
473 1139 514 1161 ex
536 1130 604 1170 jure
627 1130 805 1168 communi,
830 1138 888 1162 nec
912 1137 952 1159 ex
973 1126 1063 1158 causa

200 1174 318 1215 legati,
341 1181 413 1245 tante
440 1172 583 1210 detenti,
607 1181 675 1213 quae
699 1171 836 1212 alioquin
851 1169 990 1210 vulgaris
1008 1177 1061 1200 ex-

199 1225 236 1248 ce
261 1224 306 1246 tio
322 1223 339 1244 e
369 1238 375 1244 .

238 1226 329 1288 Fbrto
356 1255 441 1286 bello
467 1264 504 1285 an
531 1254 625 1295 legati
649 1254 709 1285 tuti
725 1253 803 1293 sint,
827 1253 920 1285 video
943 1255 1064 1294 quaeri,

201 1299 231 1331 ἃ
260 1305 347 1330 tutos
373 1295 435 1326 esse
461 1294 667 1335 responderi,
698 1295 741 1326 ita
776 1303 863 1326 certe
894 1293 1062 1334 respondet

201 1339 341 1371 Gentilis
364 1338 397 1368 de
425 1336 586 1377 Legation.
611 1336 681 1367 Lib.
706 1335 746 1367 II.
772 1337 802 1366 C.
831 1345 878 1376 13.
906 1334 957 1366 De
976 1337 1059 1377 lega-

200 1381 260 1418 tis,
283 1379 356 1410 belli
376 1376 465 1408 causa
483 1377 594 1414 miffis,
617 1386 651 1407 ea
666 1377 705 1408 de
721 1386 754 1408 re
772 1386 833 1408 non
853 1376 897 1407 est
917 1376 1061 1409 dubitan-

199 1422 273 1453 dum
286 1445 295 1459 ‚
320 1418 371 1451 sed
386 1417 406 1449 sl
421 1418 505 1458 pacis
522 1419 573 1450 vel
588 1418 718 1449 aliarum
735 1417 944 1459 quarumlibet
959 1428 1062 1450 rerum

200 1472 276 1503 ergo
304 1459 380 1492 missi
405 1458 545 1497 fuerint,
569 1459 644 1500 quid
669 1458 836 1490 dicemus?
858 1459 975 1491 liberos
999 1469 1061 1491 ma-

199 1513 293 1540 nere,
318 1510 376 1533 nec
403 1500 549 1540 captivos
578 1500 643 1532 fieri
670 1500 764 1531 etiam
792 1499 986 1540 Pomponius
1017 1510 1064 1532 re-

202 1544 334 1585 spondet
360 1542 393 1574 in
412 1541 433 1573 l.
464 1541 517 1573 ult.
543 1541 584 1583 ff.
614 1543 647 1573 de
664 1541 821 1584 Legation.
867 1541 927 1573 Sed
941 1551 979 1573 an
998 1550 1063 1573 non

1105 99 1710 138 BYNKERSHOEK

1105 180 1232 214 senserit
1249 181 1288 212 de
1308 180 1382 214 solis
1398 181 1473 213 belli
1493 180 1604 222 legatis
1616 202 1628 219 ,
1649 180 1754 221 quales
1773 179 1841 213 fere
1863 192 1961 220 exter.

1104 223 1136 255 ni
1162 223 1200 254 ad
1226 222 1383 263 Populum
1407 221 1583 254 Romanum
1599 245 1609 260 ,
1638 221 1706 261 est,
1739 232 1794 254 cur
1822 223 1962 267 dubites,

1106 273 1178 295 cum
1198 264 1228 296 &
1246 264 1278 296 in
1300 263 1503 306 sequentibus
1519 262 1558 294 de
1575 262 1623 294 his
1639 262 1713 295 solis
1729 272 1848 297 affatur.
1893 266 1961 300 Per·
2005 270 2007 275 '

1104 305 1193 346 perui
1209 305 1321 347 legati,
1339 306 1391 346 qui
1405 304 1473 336 fere
1489 304 1674 344 explorandi
1691 288 1782 336 causa
1798 305 1961 348 habentur,

1106 347 1260 378 rationem
1286 347 1308 379 fi
1335 346 1474 387 spcstes,
1496 354 1562 378 non
1580 345 1737 384 meliore,
1763 355 1853 386 quam
1871 349 1960 389 quili-

1106 387 1159 418 bet
1185 387 1265 426 alii,
1296 386 1364 419 fato
1388 386 1612 429 comprehendi
1641 386 1830 419 videbantur
1856 388 1962 430 poss’e,

1107 428 1159 460 sed
1180 436 1283 461 tamen
1301 428 1466 460 humanius
1483 427 1549 467 est,
1572 434 1608 458 ut
1626 435 1738 459 contra
1755 427 1911 469 dicamus,
1930 431 1962 464 ἀ

1106 470 1145 501 iis
1169 470 1263 501 etiam
1292 469 1436 503 adversus
1457 470 1506 510 jus
1529 469 1606 501 belli
1627 468 1830 510 privilegium
1845 470 1960 504 tribua-

1106 520 1184 543 mus.
1230 510 1370 544 Franciae
1395 511 1466 544 Rex
1491 511 1585 543 Anno
1607 513 1700 551 1667.
1723 510 1860 552 legatum
1874 511 1965 546 suurn·

1106 551 1238 584 Madriti
1266 562 1390 584 manere
1413 552 1520 592 juffit,
1543 552 1645 584 donec
1673 551 1804 593 Hispani
1827 552 1860 583 id
1877 561 1959 599 pate-

1105 600 1211 624 rentur
1228 617 1238 633 ,
1270 594 1352 634 quasi
1378 593 1462 625 sal-va
1491 603 1567 634 pace
1591 593 1733 634 Belgium
1757 592 1962 634 Hispanicum

1105 643 1335 674 occupaturus,
1359 635 1502 667 Aitzema
1518 634 1588 666 Lib.
1613 634 1748 666 XLVII.
1769 641 1798 674 p.
1824 645 1861 666 m.
1884 645 1956 675 540.

1106 675 1156 706 sed
1178 675 1306 716 Hispani
1323 686 1400 708 mox
1415 676 1499 708 abire
1515 675 1666 716 jusserunt
1684 677 1711 707 d.
1731 676 1799 707 Lib.
1825 675 1958 710 XLVII.

1101 723 1134 757 p.
1159 726 1197 748 m.
1221 720 1293 757 673.
1318 727 1399 756 nec,
1423 717 1564 757 quamvis
1589 717 1713 757 peffime
1730 717 1850 756 habiti,
1874 717 1961 758 quic-

1107 767 1198 798 quam
1217 758 1299 789 ultra
1314 758 1375 790 aufi
1395 757 1474 789 sunt.
1498 758 1577 789 Sane
1595 758 1615 789 si
1632 767 1688 789 nos
1703 757 1757 798 ipsi
1783 757 1901 790 bellum
1917 759 1960 792 in-

1105 799 1262 837 dicamus,
1288 799 1456 831 incolumis
1476 799 1680 830 dimittendus
1703 799 1781 836 erit,
1804 800 1900 831 etiam
1914 809 1971 842 paq

1105 840 1151 871 cis
1165 841 1302 880 legatus,
1328 850 1362 872 uc
1388 839 1518 881 Hispani
1538 849 1664 880 quoque
1682 839 1776 871 Anno
1802 843 1893 883 1683.
1916 842 1960 874 di-

1106 880 1257 913 miserunt
1272 881 1415 913 Franciae
1431 882 1568 924 legatum
1579 903 1590 919 ,
1614 881 1644 912 &
1664 888 1698 912 ut
1718 881 1817 921 vulgo
1831 881 1868 913 fit
1881 883 1962 924 apud

1105 932 1213 954 omnes
1238 921 1377 961 Gentes,
1399 923 1478 955 Eois
1494 923 1525 954 dc
1545 922 1632 954 Afris
1650 921 1833 963 quibusdam
1847 919 1969 966 excep-¹

1106 964 1155 995 tis.
1187 964 1246 996 Sed
1263 965 1292 995 ὅ(
1311 964 1331 996 s1
1350 964 1469 996 bellum
1488 963 1580 995 nobis
1596 964 1771 1002 indicatur,
1795 963 1817 995 fi
1836 974 1898 997 non
1915 965 1971 1006 ju-·

1105 1004 1179 1037 stius
1190 1027 1200 1043 ,
1224 1005 1324 1036 adhuc
1343 1006 1462 1046 aequius
1478 1005 1590 1037 melius
1606 1004 1652 1036 est
1669 1004 1845 1045 legatorum
1863 1007 1967 1039 omni-·

1105 1046 1208 1077 modae
1233 1044 1390 1077 securitati
1416 1045 1598 1084 consulere,
1623 1046 1653 1077 ἃ
1680 1045 1722 1077 fic
1746 1047 1840 1078 etiam
1864 1047 1970 1089 vulgo*

1105 1087 1249 1126 obtinet,
1273 1086 1336 1118 sola
1361 1087 1603 1119 denunciatione
1619 1109 1631 1125 ‚
1653 1094 1689 1118 ut
1711 1086 1840 1125 abeant,
1866 1088 1970 1120 interm

1105 1128 1214 1170 posita.
1260 1128 1307 1159 An
1330 1127 1429 1160 Danis
1446 1128 1530 1159 aliud
1549 1127 1682 1167 sederit,
1705 1128 1778 1160 vide
1799 1129 1880 1170 apud
1894 1130 1964 1162 Ait-

1106 1178 1196 1200 zema
1210 1169 1281 1200 Lib.
1304 1169 1497 1201 XXXVIII.
1516 1175 1548 1210 p.
1572 1180 1610 1200 m.
1634 1173 1685 1206 98.
1966 1191 1970 1195 ·

1149 1209 1285 1251 Legatos
1295 1233 1304 1247 ,
1326 1210 1347 1242 fi
1363 1220 1403 1241 ex
1418 1209 1563 1241 mandato
1575 1209 1714 1250 faciant,
1739 1212 1882 1253 quamvis
1897 1217 1967 1254 perss

1107 1261 1212 1292 peram
1238 1250 1376 1289 faciant,
1405 1251 1538 1282 detineri
1569 1258 1671 1282 tamen
1695 1253 1747 1283 vel
1771 1253 1873 1293 puniri
1899 1263 1964 1287 non

1103 1292 1208 1335 posse,
1234 1292 1316 1323 inter
1336 1301 1446 1323 omnes
1459 1291 1540 1332 Juris
1554 1290 1675 1322 Publici
1694 1292 1870 1333 Scriptores
1888 1303 1965 1326 con-

1104 1334 1172 1366 stat.
1199 1333 1244 1364 Ut
1259 1332 1366 1364 mirari
1384 1333 1495 1372 liceat,
1511 1332 1543 1364 in
1557 1332 1667 1371 legatis
1683 1332 1920 1366 Provinciarum
1936 1335 1968 1368 ὅτ

1105 1375 1240 1407 Urbium
1262 1383 1330 1404 eam
1357 1384 1422 1405 rem
1455 1374 1487 1405 in
1513 1372 1680 1404 Foederato
1707 1373 1819 1414 Belgio
1845 1375 1965 1409 totiens

1107 1424 1211 1448 tantas
1229 1415 1335 1446 turbas
1349 1415 1422 1446 dare
1441 1413 1596 1456 potuisse,
1620 1413 1690 1454 sed,
1715 1415 1787 1455 quia
1800 1415 1839 1446 de
1857 1415 1968 1457 legatis

1106 1466 1307 1491 externarum
1324 1454 1476 1488 Gentium
1492 1456 1644 1487 duntaxat
1660 1455 1797 1496 agimus,
1813 1457 1967 1490 malumus

1105 1500 1173 1572 ἓως
1191 1497 1452 1538 praetermittere,
1477 1506 1569 1538 quam
1591 1505 1702 1528 eorum
1720 1497 1902 1530 memoriam
1918 1503 1967 1535 re-?

1122 1548 1231 1572 ricare.

772 1646 801 1681 c
849 1645 883 1681 A
932 1647 958 1682 P
1005 1646 1041 1682 u
1092 1645 1127 1680 T
1203 1615 1425 1679 xx11'1.

383 1729 535 1782 *Legatus
559 1746 601 1770 an
621 1733 874 1781 jurisdiffloncm
897 1743 1086 1780 prorogare,

289 1832 381 1873 egula
397 1831 442 1865 est
457 1831 538 1871 Juris
555 1831 688 1863 Romani
713 1831 745 1863 in
769 1831 831 1863 lj1.
850 1830 890 1871 ff.
903 1831 936 1862 de
958 1829 1063 1871 Judz'c.

306 1875 339 1906 Si
358 1873 392 1916 se
409 1874 575 1916 subjiciant
592 1873 684 1914 aliqui
700 1872 921 1915 jurisdictioni,
945 1871 981 1906 δέ)
997 1881 1063 1903 con-

192 1919 329 1960 sentiant
342 1937 354 1954 ,
376 1916 455 1946 inter
477 1914 684 1956 consentientes
709 1915 837 1956 cujusvis
863 1914 989 1956 judicis,
1013 1914 1063 1954 qui

201 1957 344 1991 tribunali
366 1954 487 1997 praeest,
511 1957 559 1988 vel
586 1956 677 1986 aliam
699 1953 932 1997 jurisdictionem
956 1954 1060 1992 hahet,

201 1998 242 2040 est
254 1997 430 2042 jurisdistio.
474 1997 572 2043 Quod
589 1997 632 2027 ita
647 2005 756 2027 verum
772 1995 834 2034 est,
854 1995 874 2028 fi
885 2019 894 2034 ‚
920 1994 1063 2041 quinconj

201 2040 366 2076 sentiunt,
388 2039 427 2069 de
442 2038 511 2078 jure
529 2037 584 2070 suo
596 2062 605 2076 ,
626 2047 689 2069 non
707 2037 746 2068 de
759 2037 828 2076 iure
844 2036 998 2077 Principis
1017 2035 1062 2068 sui

201 2082 395 2114 decernant:
423 2088 496 2110 nam
521 2079 639 2120 vulgo,
664 2087 722 2110 nec
748 2078 811 2110 fine
834 2078 974 2116 ratione,
999 2077 1063 2118 pla-

197 2122 283 2161 cuit,
307 2120 553 2161 jurisdictionem
570 2119 732 2160 prorogari
751 2128 812 2150 non
829 2118 915 2158 poffe
932 2119 964 2150 in
982 2118 1060 2159 judi-

200 2173 271 2196 cem
297 2169 386 2194 extra
409 2160 598 2201 Imperium,
623 2161 676 2191 cui
704 2158 805 2191 subest
827 2162 872 2197 is,
895 2169 958 2200 quo
974 2160 1012 2190 de
1031 2169 1061 2190 a·

200 2201 747 2277 {iiis‘ieissssssanqo‘ssssissimsffiaiu‘i‘
768 2201 791 2273 ¹1³
793 2200 1063 2284 ³‘¹¹}i⁶³t¹{4s3{2¹¹131³?{'

202 2287 270 2320 sum
297 2284 362 2323 est,
386 2283 470 2324 quod
493 2284 623 2316 Senatus
639 2282 878 2316 Mechlinienfis
897 2284 955 2315 ult.
980 2282 1059 2324 Aug.

202 2337 267 2402 &1
271 2323 1063 2406 ἢἓάΕξᾶἑῖΞκὲἑῖ-ᾙέἓρῖἓέἢέῗῖῗοῃὶρᾞῶἓ·

200 2417 232 2451 p.
258 2379 349 2450 {³987-
375 2408 404 2440 &
430 2407 553 2448 Repert.
579 2408 675 2439 Curiae
693 2406 777 2439 Holl.
796 2413 828 2448 p.
856 2412 907 2448 78.
932 2408 961 2439 ἃ
979 2406 1043 2438 1·εᾶ

202 2452 236 2483 in
255 2449 422 2491 Rescripto
438 2449 580 2487 additur,
605 2449 649 2480 ita
665 2448 697 2479 in
712 2448 822 2490 Belgio
836 2448 955 2488 semper
971 2446 1064 2479 fuiffe

203 2493 370 2525 servatum.
417 2489 493 2531 Quo
518 2490 657 2530 pertinet
679 2489 818 2531 Philippi
835 2489 954 2522 Austrii
972 2489 1064 2521 Edic-

203 2540 272 2564 tum
300 2541 350 2563 22.
381 2532 460 2572 Maj.
492 2539 579 2572 1497.
614 2530 726 2572 (Piae.
753 2530 792 2562 11.
815 2539 846 2571 5.
870 2540 900 2572 5.
930 2535 977 2565 18.
1008 2530 1063 2571 1.)

203 2583 267 2614 quo
294 2572 511 2611 interdicitur,
533 2580 573 2604 ne
595 2572 666 2613 quis
681 2580 722 2602 ex
740 2570 912 2613 Rescriptis
927 2571 1062 2612 Aposto-

201 2615 272 2647 licis
301 2621 390 2644 extra
417 2611 641 2650 Hollandiam,
664 2612 863 2650 zelandiam,
886 2614 916 2644 δι
938 2612 1065 2644 Frifiam

200 2656 233 2688 in
249 2655 296 2695 ius
311 2660 499 2691 vocaretur,
521 2652 551 2684 ἀ
577 2661 615 2683 ne
641 2652 804 2683 cautiones
830 2662 1066 2694 exponerentur

195 2696 251 2738 sub
275 2695 540 2736 poenis'Camerae,
574 2702 643 2734 quae
673 2693 702 2724 δε
727 2691 800 2733 ipsae
822 2702 969 2725 vetantur
998 2693 1065 2725 LL.

204 2737 298 2778 Frific
323 2737 394 2768 Lib.
419 2734 473 2767 III.
511 2734 544 2766 Τ.
575 2743 601 2766 1.
625 2732 652 2775 §.
677 2742 707 2773 5.
742 2733 801 2765 Sed
823 2734 907 2775 quod
934 2734 1065 2766 subditis

203 2788 269 2811 non
289 2779 386 2815 licet,
405 2777 436 2808 in
452 2775 670 2817 praejudicium
691 2773 734 2806 sui
755 2773 929 2816 Principis,
954 2775 1064 2816 utique

203 2819 275 2860 ipfis
296 2817 493 2859 Principibus
510 2817 597 2848 licet.
643 2815 692 2848 Illi
708 2814 834 2856 possunt
846 2839 855 2854 ,
873 2816 903 2848 &
921 2816 1002 2856 saepe
1018 2815 1063 2846 so-

203 2861 272 2893 lent
289 2859 554 2897 controverfiam,
578 2858 661 2889 inter
686 2856 717 2889 se
735 2865 896 2896 exortam,
921 2857 990 2888 aliis
1009 2866 1062 2888 ex-

204 2910 254 2934 tra
271 2901 439 2941 Imperium
457 2899 544 2932 suum
560 2898 592 2931 T
594 2898 787 2930 ribunalibus
801 2897 997 2938 judicandam
1013 2898 1064 2928 da-

205 2952 250 2974 re.
298 2942 352 2974 Sic
376 2941 453 2973 olim
476 2941 641 2982 Philippus
669 2939 699 2971 δι
723 2939 924 2978 Alexander,
953 2939 1063 2970 Mace-

204 2983 310 3015 doniae
337 2983 438 3024 Reges
451 3005 460 3021 ,
486 2982 576 3014 litem
601 2981 684 3013 inter
700 2979 731 3013 se
752 2981 782 3013 <St
798 2988 926 3012 exteros
944 2987 1062 3011 motam

204 3033 268 3056 non
288 3025 319 3056 in
344 3023 553 3062 Macedonia,
574 3022 628 3055 ‘sed
656 3022 694 3054 ab
717 3020 1000 3064 Amphictyonibus
1016 3021 1062 3060 ju-

205 3064 302 3096 dicari
329 3065 520 3103 voluerunt,
548 3071 581 3095 ut
603 3063 709 3095 auctor
733 3062 778 3095 est
804 3061 964 3095 Pausanias
991 3061 1062 3093 Lib.

206 3104 278 3136 VII.
304 3106 355 3136 Sic
378 3106 474 3138 etiam
494 3105 668 3138 Ordinibus
684 3103 841 3136 Foederati
857 3103 956 3145 Belgii
975 3103 1004 3134 ὅ(
1025 3102 1064 3134 Ε-

206 3145 317 3191 lestori
342 3146 594 3190 I}1·andeburgico
610 3146 703 3178 Anno
727 3148 817 3186 1665.
839 3145 978 3186 placuit,
1001 3142 1065 3176 sese

205 3196 237 3218 in
255 3184 426 3227 quaestlone
443 3187 571 3228 quadam
588 3188 766 3228 pecuniaria
783 3186 967 3219 submittere
982 3193 1063 3226 mag-

1112 1730 1153 1773 &
1177 1731 1251 1767 Fon·
1270 1731 1444 1779 privilegio
1467 1732 1654 1768 renunciare
1675 1728 1783 1779 poffit.

1105 1838 1148 1861 no
1177 1828 1399 1862 Mechlinienfi
1424 1828 1574 1866 Senatui,
1596 1828 1649 1869 qui
1667 1828 1708 1861 'in
1722 1837 1796 1867 eos,
1819 1835 1964 1873 tanquam

1105 1869 1267 1909 subditos,
1290 1871 1339 1911 jus
1364 1870 1483 1901 diceret
1499 1892 1510 1908 ,
1535 1877 1570 1901 ut
1594 1868 1640 1901 est
1666 1869 1697 1901 in
1722 1869 1866 1902 Aitzema
1890 1871 1965 1904 Lib.-

1104 1911 1208 1944 XLV.
1228 1917 1259 1952 p.
1285 1922 1322 1942 m.
1352 1915 1442 1945 1080.
1467 1911 1503 1946 &⁹
1522 1910 1606 1953 seqq.
1639 1910 1759 1943 Similia
1783 1911 1856 1944 vide
1886 1913 1968 1954 apud

1107 1952 1252 1985 Aitzema
1278 1952 1349 1984 Lib.
1379 1951 1514 1984 XLVII.
1567 1977 1574 1983 .
1607 1961 1644 1983 m.
1677 1961 1749 1994 303.
1781 1955 1855 1994 362.
1889 1963 1964 1995 447.

1106 2004 1178 2035 452.
1204 1993 1241 2029 ὅ)
1256 2003 1329 2039 579.
1354 1993 1384 2025 &
1403 1992 1474 2025 Lib.
1499 1958 1652 2025 Xifvnl.
1672 1998 1703 2032 p.
1727 2003 1764 2024 m.
1789 1996 1861 2033 760.
1885 1998 1960 2028 802.

1110 2040 1200 2070 1088.
1224 2034 1347 2075 &seqq
1371 2033 1408 2068 δ’
1430 2043 1521 2074 1207.
1546 2032 1672 2073 &seqq
1696 2033 1729 2065 Si
1745 2033 1839 2065 hodie
1855 2034 1900 2066 ita
1923 2033 1967 2066 sa-

1105 2084 1216 2149 pere-nt
1231 2075 1412 2126 Principes,
1433 2074 1658 2116 praecideretur
1685 2084 1749 2106 non
1772 2075 1863 2107 unius
1887 2074 1966 2108 belli

1105 2127 1163 2149 cau
1178 2127 1204 2149 a.
1370 2131 1383 2152 x

1147 2158 1284 2200 Legatus
1299 2164 1402 2191 autem
1412 2179 1423 2196 ,
1446 2166 1542 2199 quum
1561 2157 1734 2198 Principis,
1757 2157 1809 2198 qui
1826 2167 1897 2190 eum
1907 2158 1965 2192 mi-

1104 2200 1161 2238 fit,
1183 2200 1221 2232 fit
1236 2199 1395 2238 subditus,
1419 2208 1521 2240 neque
1534 2199 1601 2239 ejus
1615 2199 1667 2231 vel
1683 2199 1851 2240 Imperium
1862 2199 1968 2241 veliu-

1104 2241 1316 2274 risdiCtionem
1331 2247 1452 2279 mutet,
1477 2249 1515 2272 an
1532 2241 1755 2282 prorogatione
1771 2249 1968 2283 mutar-epos-

1104 2282 1159 2322 fit‚
1183 2283 1339 2324 ambiguae
1357 2281 1427 2314 sane
1445 2280 1646 2322 inspectionis
1665 2280 1721 2314 est.
1743 2281 1888 2315 Privatus
1904 2282 1965 2314 uti2

1105 2332 1166 2365 que
1180 2322 1243 2362 est,
1266 2324 1351 2365 quod
1370 2323 1407 2362 ad
1422 2322 1603 2364 Principem
1620 2321 1727 2361 suum,
1749 2322 1779 2355 &
1797 2331 1857 2363 qua
1865 2323 1968 2364 priva-

1106 2373 1156 2397 tus
1170 2365 1378 2397 intervertere
1386 2363 1485 2396 videri
1499 2365 1608 2405 nequit
1626 2363 1866 2396 'urisdistionem
1877 2387 1887 2403 ,
1896 2372 1965 2405 quae

1105 2406 1245 2448 Principi
1261 2405 1418 2448 competit
1432 2405 1464 2438 in
1481 2413 1590 2437 omnes
1628 2404 1752 2436 ubditos
1768 2404 1798 2436 ἀ
1814 2404 1964 2445 privatos.

1106 2447 1152 2479 Ut
1167 2454 1202 2478 ut
1216 2447 1314 2488 igitur
1330 2447 1414 2479 recte
1426 2453 1579 2493 proroget
1593 2444 1837 2487 jurisdic'tionem
1848 2445 1879 2476 in
1897 2454 1965 2477 om·

1106 2498 1161 2520 nes
1182 2488 1302 2528 iudices
1324 2487 1480 2529 Principis
1496 2485 1564 2525 sui,
1587 2487 1628 2519 fic
1653 2494 1716 2517 non
1739 2485 1866 2517 videtur
1883 2485 1967 2517 reste

1106 2539 1276 2572 prorogare
1301 2529 1332 2561 in
1353 2529 1472 2570 judices
1492 2527 1584 2560 alieni
1609 2525 1756 2567 Imperii,
1779 2535 1849 2567 quae
1867 2527 1967 2568 prima

1109 2580 1221 2603 contra
1235 2570 1489 2612 prorogationem
1507 2568 1588 2599 ratio
1605 2566 1659 2599 est.

1150 2612 1210 2644 Sed
1226 2612 1301 2652 quid
1318 2610 1461 2652 disputo,
1486 2608 1506 2640 fi
1527 2607 1580 2639 vel
1598 2608 1700 2640 omnis
1738 2609 1900 2651 rorogatio
1912 2608 1967 2642 ho-

1109 2653 1160 2685 die
1175 2652 1210 2685 fit
1228 2652 1350 2684 illicita.
1394 2650 1442 2682 Ita
1457 2647 1564 2681 censet
1579 2648 1713 2681 Wiffem
1738 2650 1795 2681 ach
1813 2650 1850 2682 ad
1868 2650 1966 2684 Pana.

1109 2695 1196 2726 Part.
1223 2693 1246 2724 I.
1270 2692 1357 2732 Disp.
1383 2694 1430 2723 16.
1453 2700 1482 2722 n.
1506 2698 1536 2731 7.
1560 2690 1604 2721 ita
1627 2690 1700 2730 alii,
1723 2700 1803 2731 quos
1828 2691 1883 2724 ille
1901 2691 1965 2724 lau-

1107 2736 1181 2774 dat,
1207 2734 1237 2765 ἀ
1253 2732 1475 2764 auctoritatem
1491 2732 1614 2772 praebet
1630 2731 1704 2763 huic
1720 2732 1882 2765 sententiae
1894 2733 1934 2765 Ca
1956 2757 1964 2765 .

1112 2785 1161 2808 12.
1186 2774 1230 2807 X.
1253 2775 1286 2804 de
1312 2773 1383 2805 Foro
1408 2778 1525 2814 compet.
1571 2772 1713 2805 Andreas
1739 2771 1813 2805 Gail
1841 2773 1913 2806 Lib.
1955 2797 1964 2806 .

1112 2815 1232 2858 Observ.
1254 2824 1304 2855 40.
1329 2812 1530 2846 distinetione
1551 2814 1702 2855 quadarn,
1733 2823 1802 2856 quae
1823 2814 1967 2856 plurimis

1105 2857 1247 2899 placuit,
1273 2855 1436 2887 nonnullis
1462 2854 1643 2896 displicuit,
1666 2855 1745 2888 hanc
1772 2855 1861 2887 litem
1886 2855 1966 2888 dire·

1106 2898 1175 2930 mit.
1198 2895 1256 2929 Sed
1273 2905 1375 2928 tamen
1393 2896 1418 2928 is
1433 2895 1628 2937 quorundam
1643 2895 1749 2936 stupor
1766 2896 1831 2935 est,
1854 2904 1888 2928 ut
1899 2895 1965 2929 fim'-

1129 2938 1249 2975 liciter,
1272 2937 1431 2969 ordinario
1458 2937 1640 2978 repudiato,
1665 2936 1761 2968 alium
1775 2937 1914 2977 Judicem
1935 2937 1965 2969 ἑ·

1105 2948 1161 3020 figi
1175 2977 1260 3020 poffe
1276 2986 1401 3019 negent.
1447 2977 1502 3010 Ho
1525 2977 1711 3016 erbeetfius,
1735 2979 1788 3019 qui
1815 2978 1892 3010 &in
1912 2977 1965 3011 Su-

1128 3028 1214 3052 remo
1227 3019 1342 3051 Senatu
1357 3019 1452 3060 judex
1467 3018 1499 3050 se
1522 3020 1567 3057 it,
1591 3018 1743 3061 Inleiding
1757 3024 1798 3050 tot
1815 3020 1849 3050 de
1862 3018 1963 3052 Praff.

1105 3030 1133 3103 ξ.
1165 3069 1193 3092 1.
1215 3061 1287 3101 vers]
1311 3069 1343 3100 5.
1368 3061 1397 3092 id
1417 3061 1511 3092 etiam
1536 3060 1563 3102 ἓ.
1586 3069 1618 3098 9.
1641 3059 1714 3091 LL.
1759 3060 1873 3092 Mariae
1890 3059 1964 3093 Bur-

1105 3101 1216 3144 gundae
1241 3102 1323 3133 Anni
1353 3105 1441 3142 1476.
1473 3102 1611 3133 vetitum
1636 3099 1698 3132 effe
1725 3109 1881 3142 nugatur;
1903 3100 1963 3133 cle-

1106 3151 1227 3175 menter
1246 3142 1334 3182 sane,
1381 3142 1441 3174 uod
1459 3151 1523 3174 non
1551 3142 1632 3174 idem
1650 3141 1767 3173 dixerit
1782 3142 1821 3173 de
1839 3140 1867 3183 §.
1891 3149 1962 3173 220.

1108 3183 1216 3217 Formae
1242 3184 1336 3216 Curiae
1393 3184 1500 3216 olland.
1527 3192 1566 3215 eo
1590 3183 1774 3224 abrogatum
1798 3182 1917 3223 fingens
1932 3179 1961 3221 §.
