2008 3436
89 91 238 130 cORN.
268 99 337 127 vm
361 77 728 127 ssYNKtRsnoEK
753 88 918 127 owse.

41 181 202 222 mancipio
221 181 295 213 dant
320 179 349 211 ἀ
374 178 554 221 accipiunt,
580 178 631 211 sed
648 178 691 210 ita
708 175 843 219 plurima
858 185 904 208 es·

41 221 110 255 sent
126 223 293 264 repetenda
306 231 345 253 ex
362 221 419 259 iis,
446 231 516 262 quae
534 221 709 253 attulerunt
727 217 906 250 Alexander

43 267 72 298 δε
90 263 227 297 Oiscli'us
244 265 281 296 ad
299 263 409 304 Caium
422 286 432 301 ‚
458 263 512 294 ille
531 262 567 294 ad
591 262 630 294 L.
649 260 674 293 Ι.
698 260 732 292 T.
752 258 807 291 VI.
834 257 860 300 §.
873 269 904 299 3.

42 308 94 339 hic
111 306 148 338 ad
173 307 212 338 L.
231 305 272 338 ll.
300 305 334 337 T.
353 304 375 336 1.
408 306 440 335 iu
454 303 512 344 fin.
537 313 605 345 quae
631 311 668 334 uc
694 302 770 333 item
795 302 906 332 attulit

42 349 190 390 Cujacius
209 348 246 380 ad
266 346 388 388 Ulpiani
411 346 529 398 Isrugm.
565 312 707 377 TgssX.
733 342 763 374 ὅ(
780 342 907 374 Raevar-

41 390 98 422 dus
121 391 157 422 ad
181 390 220 422 L.
241 388 315 422 Xll.
342 387 429 418 Tabb.
458 389 489 418 L.
513 389 560 418 16.
586 386 615 417 &
632 383 795 417 Salmasius
816 385 849 414 tle
864 383 906 414 U-

42 434 115 470 sitris
138 433 171 464 C.
188 430 274 462 VIll.
306 429 336 461 δε
366 429 399 460 de
417 429 492 460 modo
516 427 676 468 Ustcrarum
699 426 731 457 C.
755 424 848 457 XIX.
876 425 906 456 &

34 470 146 506 ‘Diatn
172 475 205 505 de
231 471 338 504 Mutuo
360 477 392 510 p.
410 479 462 511 93.
493 468 530 503 ὅ)
549 468 633 510 seqq.
656 468 686 500 &
705 468 907 500 Bruninicrus

42 517 78 548 ad
98 516 136 548 L.
161 515 293 546 Cinciam
317 512 349 543 C.
377 520 422 553 13.
446 509 482 546 ἃ
508 519 554 550 14.
582 512 612 542 ot
631 519 703 542 ante
724 508 781 540 hos
797 517 907 539 omncs

44 557 177 590 Budaeus
191 555 228 587 ad
254 554 275 586 1.
297 563 326 585 ε.
359 551 386 594 §.
407 562 456 592 24.
476 551 516 594 ff.
538 553 572 583 de
599 552 690 594 Orig.
715 550 787 592 Jiir.
808 555 841 591 p.
866 560 905 581 m.

667 642 1024 679 CAPUT

949 89 1014 125 DE
1041 88 1196 126 REBUS
1224 89 1437 127 MANCIPI
1463 88 1693 129 C.1.11.111.
1748 95 1815 137 333}

948 185 1000 216 47-
1024 175 1060 210 {9⁹
1071 175 1154 218 seqq·
1177 176 1207 208 ὅ(
1227 186 1296 218 quae
1312 178 1490 217 nuperrime
1506 179 1588 212 Clar.
1605 177 1824 219 Schultingius·

948 218 987 248 de
1005 217 1066 249 hoc
1084 226 1272 258 argumento
1289 226 1524 251 commentatus
1541 221 1585 253 est
1604 224 1640 253 ad
1656 231 1730 257 eos,
1742 228 1822 261 quos

948 259 1035 297 dixi,
1058 258 1127 299 Caji
1151 259 1181 291 ὁ(
1201 259 1330 301 Ulpiani
1350 259 1460 298 locos,
1484 269 1520 292 ut
1537 263 1566 293 δι
1583 263 1619 293 ad
1639 263 1726 294 Pauli
1750 262 1822 292 Sen-

949 307 1022 332 tent.
1053 300 1093 332 L.
1115 299 1153 332 ll.
1189 301 1223 333 T.
1251 310 1296 341 17.
1329 300 1357 342 §.
1388 309 1414 333 1.
1436 311 1465 333 2.
1501 302 1538 337 ἐξ
1559 314 1588 345 3.
1635 304 1718 350 Quia
1743 311 1823 334 vero

949 352 1011 375 non
1032 341 1185 375 constitui
1203 343 1307 375 aetum
1323 351 1434 383 agere,
1455 343 1493 375 de
1516 344 1609 376 rebus
1631 345 1764 384 mancipi
1791 343 1822 375 δε

948 394 1008 416 nec
1026 384 1164 425 mancipi
1187 385 1341 416 duntaxat
1365 384 1458 416 nobis
1482 384 1582 418 sermo
1607 386 1685 424 erit,
1712 395 1746 416 ut
1761 386 1824 425 jum

950 425 1101 468 prcefatus
1120 428 1185 458 sum
1197 450 1207 465 ,
1232 428 1262 459 δε
1277 427 1315 458 de
1337 425 1385 457 his
1401 427 1602 470 dicam,quzc
1621 427 1674 460 alii
1696 427 1746 458 vel
1760 428 1823 468 pla-

950 478 989 542 pe
1004 478 1067 500 non
1080 491 1090 507 ,
1116 469 1168 501 vel
1189 469 1293 500 minus
1320 467 1442 509 integre
1457 469 1642 502 &feliciter
1658 467 1824 510 exst-qunti

967 518 1032 542 unt.

1126 646 1186 681 ΙΙ.

267 735 350 785 ρμω
368 733 437 782 fini
462 745 515 770 res
541 734 705 779 mancipi,
732 743 799 778 qaae
825 741 885 766 non
911 732 1009 777 item,
1046 732 1089 774 ὅς’)
1114 746 1180 781 quae
1206 736 1291 770 ratio
1318 747 1372 771 eas
1399 734 1596 783 distinxerit.

135 842 335 874 rgumentum
347 857 356 871 ‚
382 833 466 875 quod
488 833 526 864 de
544 832 635 864 rebus
651 830 786 871 mancipi
804 829 834 861 &
851 838 909 861 nec

161 877 295 917 mancipi
314 876 381 911 est,
402 875 452 907 liic
474 874 539 908 illic
568 871 721 914 sparsum,
745 881 839 903 nemo
859 880 905 903 re-

41 923 91 950 cte
115 918 294 949 tractaverit
306 941 316 956 ‚
365 918 394 949 ui
411 926 473 948 non
494 915 637 956 sequatur
649 920 841 955 praeeuntem
853 911 909 944 Ul·

42 960 170 1001 pianum
186 958 303 1001 Fragm.
359 961 393 990 it.
409 957 502 990 XIX.
526 956 553 997 §.
575 965 601 987 1.
650 954 907 995 Onmes,inquit,

42 1011 89 1032 res
103 1007 156 1032 aut
172 1002 300 1041 mancipi
315 1000 390 1040 stim
402 1022 414 1037 ,
444 1003 496 1029 aut
511 1007 564 1028 iiec
579 997 718 1037 mancipi.
766 994 908 1036 Mcmcipi

43 1042 169 1084 ressimt
182 1043 291 1082 proedia
310 1043 342 1072 in
361 1040 464 1073 Italico
477 1038 558 1080 stilo,
581 1044 645 1069 tam
662 1036 792 1078 rustica,
813 1038 909 1078 qualis

42 1082 226 1126 estfundus,
244 1092 329 1124 quam
343 1083 474 1119 urbana,
495 1080 590 1122 qualis
612 1081 717 1111 domus.
771 1079 847 1111 Item
860 1080 909 1121 ju-

42 1135 78 1156 ra
92 1125 263 1166 praediormn
278 1121 467 1165 rusticorum.-
496 1122 591 1154 veluti
611 1123 684 1160 iiia,
707 1123 781 1160 iter,
804 1120 884 1152 acius
897 1144 906 1159 ,

42 1165 80 1202 δ’
96 1164 285 1208 aqmciueius.
331 1165 407 1198 Item
418 1164 522 1207 servi,
557 1163 593 1199 ἑὸ)
608 1164 825 1205 quadrupedes,
849 1172 908 1204 quae

39 1208 119 1250 dorsi)
146 1208 254 1239 collove
276 1209 454 1239 deviantur.-
476 1206 559 1238 velut
576 1207 681 1243 hoves,
707 1205 798 1243 muli,
819 1205 882 1246 eqni
892 1227 904 1243 ,

40 1249 126 1290 asmi.
175 1249 286 1281 Coeterae
303 1259 347 1281 res
360 1259 411 1280 nec
428 1249 558 1288 mancipi
569 1247 652 1288 sunt.
699 1245 908 1287 Elephanti&

41 1291 168 1330 cameli,
191 1292 326 1332 quamvis
340 1290 409 1321 coilo
428 1290 542 1331 doissive
563 1290 732 1326 domentur,
754 1298 806 1318 nec
827 1297 908 1319 mim-

39 1334 102 1375 εἰμ’
130 1338 205 1371 um,
226 1334 295 1374 quia
307 1331 460 1372 bestiarum
477 1340 593 1363 numero
599 1330 682 1372 sic-nt.
729 1329 908 1371 Multiplcx

39 1384 103 1417 apu
143 1372 243 1414 JCtos
266 1373 312 1406 est
334 1383 437 1406 rerum
453 1372 565 1405 divisio
573 1396 584 1412 ,
610 1372 662 1403 hic
678 1380 784 1403 autem
802 1370 908 1412 Ulpia-

40 1425 101 1449 nus
114 1424 164 1448 res
180 1425 290 1449 omnes
306 1414 452 1457 dispescit
471 1415 504 1447 in
521 1413 676 1455 mancipi,
697 1414 727 1445 ἃ
745 1421 804 1445 nec
826 1423 908 1446 man-

38 1457 128 1500 cipi,
145 1457 199 1498 qui
215 1457 254 1489 de
279 1457 317 1489 iis
332 1455 407 1489 solis
422 1465 513 1498 agere
541 1455 758 1487 constituerat.
806 1453 910 1500 Quam

39 1500 178 1533 maxime
192 1507 297 1532 autem
315 1499 463 1530 intererat
476 1496 553 1530 scire
562 1522 574 1540 ,
583 1507 653 1539 quae
664 1505 710 1529 res
719 1495 817 1529 eil‘ent
827 1506 910 1529 man-

39 1541 124 1582 cipi,
182 1550 230 1572 uae
258 1549 317 1574 nec
338 1539 500 1581 mancipi,
527 1549 624 1582 quum
647 1538 711 1571 aiio
728 1548 823 1580 atque
846 1538 908 1571 alio

40 1583 119 1624 iuris
187 1581 258 1614 estu
285 1580 486 1614 censeremur
509 1582 542 1614 in
568 1581 664 1613 variis
693 1580 811 1612 veteris
836 1579 909 1612 Pru-

37 1623 157 1657 dentia:
171 1633 208 1656 ca
233 1623 346 1662 itibus,
371 1632 440 1665 quae
459 1623 576 1664 partim
595 1623 649 1655 alii
673 1621 907 1696 exposuerunt,

36 1665 154 1708 partim
168 1666 202 1707 ip
216 1674 413 1708 eexponam.
460 1663 603 1697 Obscura
626 1674 675 1696 res
693 1673 710 1695 e
745 1688 756 1704 ,
781 1673 850 1706 quae
865 1673 910 1696 ra-

38 1707 89 1740 tio
111 1706 255 1740 diviserit
283 1717 332 1740 res
354 1706 513 1748 mancipi,
537 1707 567 1739 &
586 1715 646 1738 nec
663 1706 800 1747 mancipi
817 1729 827 1745 ,
851 1714 910 1737 nec

36 1748 123 1782 enim
142 1748 174 1780 id
189 1748 272 1780 dixit
288 1749 463 1790 Ulpianus,
490 1757 570 1787 nec,
593 1747 677 1789 quod
687 1746 779 1779 sciam
791 1772 801 1788 ,
827 1747 909 1788 quis—

36 1799 132 1832 quam
149 1789 240 1823 alius.
284 1791 317 1824 Si
335 1788 401 1832 ipse
420 1789 585 1831 utriusque
610 1789 734 1831 generis
753 1789 911 1821 definitio-

37 1840 111 1866 nem
134 1831 348 1872 praemififfet,
379 1831 452 1864 inde
478 1830 615 1863 iicuiffet
638 1830 737 1871 scire,
762 1830 830 1871 sed,
856 1831 910 1873 qui

37 1879 184 1905 veterum
200 1872 355 1914 JCtorum
368 1873 449 1914 saepe
463 1883 533 1904 mos
551 1872 661 1911 est,ad
671 1874 817 1914 exempla
833 1882 910 1904 mox

37 1921 197 1956 properat.
242 1914 424 1947 Charondas
442 1915 480 1946 ad
500 1915 529 1946 d.
556 1914 585 1956 §.
605 1924 632 1946 1.
661 1922 753 1956 putat
772 1915 908 1955 Ulpiano

38 1963 91 1988 eas
105 1955 169 1987 dici
186 1965 235 1988 res
256 1956 393 1997 mancipi
411 1980 421 1995 ,
455 1966 514 1998 quae
536 1958 569 1987 in
586 1958 728 1987 communi
746 1955 839 1998 nostro
857 1955 910 1998 usu

38 1995 222 2038 versantur,
251 1997 289 2033 ὅ)
310 2007 381 2040 quas
406 2007 496 2029 maizu
507 1999 707 2040 quodammodo
724 2000 854 2039 capimus
874 2007 909 2030 ac

651 2090 1008 2128 CAPUT

953 829 1122 864 traiciamus.
1168 833 1227 864 Sed
1263 843 1372 867 omncs
1398 844 1447 866 res
1468 834 1621 873 mobiles,
1647 830 1755 874 paucis
1772 839 1826 862 ex*

951 873 1068 913 ceptis,
1103 883 1161 905 nce
1189 876 1326 916 mancipi
1353 876 1443 915 sunt,
1477 876 1507 908 dt
1529 883 1632 907 tamen
1653 877 1700 905 nce
1719 872 1828 913 praeci*

950 922 1012 954 pue
1027 915 1058 946 in
1077 915 1132 946 usu
1154 915 1315 948 versantur
1328 941 1336 957 ,
1363 919 1393 950 ὃς
1414 917 1557 949 manibus
1577 914 1827 951 contrectantur,

951 964 1015 986 non
1032 955 1222 989 satisfecerit
1243 958 1340 1000 igitur
1355 969 1391 991 ea
1403 960 1496 991 ratio.
1518 959 1551 990 Si
1568 956 1713 998 exempla
1725 978 1735 993 2
1756 964 1826 1001 (11¹3ss

951 997 1032 1037 apud
1054 998 1242 1040 Ulpianum,
1268 1000 1289 1032 ii
1308 1001 1367 1033 alia
1381 1025 1390 1040 ‚
1413 1010 1483 1042 quae
1502 1001 1533 1032 in
1550 999 1653 1031 veteri
1674 1005 1828 1042 memoria

952 1037 1139 1079 supersunt,
1156 1041 1317 1073 excutiam
1330 1067 1340 1082 ,
1364 1053 1428 1075 non
1449 1043 1509 1073 alia
1527 1040 1596 1073 fei-e
1618 1038 1829 1082 distinctioni?

952 1081 1033 1111 ratio
1051 1082 1212 1121 occurrit,
1237 1092 1330 1123 quam
1357 1094 1428 1125 quae
1457 1082 1590 1114 sumitur
1607 1083 1645 1114 ab
1665 1080 1827 1122 insigniori

951 1131 987 1152 ac
1013 1123 1191 1163 pretiosiori
1222 1125 1416 1165 patrimonio
1446 1125 1690 1161 Romanorum3
1724 1129 1759 1153 ut
1779 1130 1828 1151 res

951 1164 1087 1209 mancipi
1104 1163 1246 1205 fuerint,
1270 1176 1339 1208 quae
1364 1167 1586 1199 nobilissimam
1609 1173 1731 1207 partem
1747 1163 1828 1208 divi-

950 1211 1064 1238 riarum
1085 1207 1340 1249 constituebant,
1366 1210 1474 1251 quales
1489 1217 1578 1241 erant
1592 1207 1705 1246 fundi,
1731 1204 1827 1250 servi,

949 1248 1104 1294 pecudes,
1128 1249 1207 1281 &id
1225 1259 1323 1292 genus
1350 1252 1419 1284 alia.
1465 1251 1540 1284 Plus
1566 1259 1650 1282 curae
1671 1249 1702 1280 ὅ(
1720 1246 1826 1279 solici-

952 1289 1069 1321 tudinis
1095 1298 1162 1322 erat
1192 1292 1402 1325 adhibendum
1424 1294 1456 1326 in
1483 1291 1702 1326 transferendo
1723 1297 1831 1321 rerum

950 1330 1174 1371 pretiosiorum
1191 1334 1358 1375 dominio,
1390 1345 1484 1377 quam
1505 1336 1537 1368 in
1559 1333 1732 1369 viliorum,
1757 1339 1829 1376 quae

951 1381 1010 1403 nec
1025 1374 1160 1449 ιῃεηςίἑξί
1177 1384 1274 1407 erant.
1304 1377 1409 1409 Video
1425 1378 1522 1410 etiam
1538 1375 1672 1416 Cujacio
1693 1373 1829 1415 placuis-

952 1412 984 1445 se
1004 1424 1071 1446 eam
1090 1415 1120 1446 di
1149 1418 1277 1450 erentiae
1292 1420 1449 1452 rationem
1467 1421 1499 1451 in
1519 1419 1627 1451 Parcit.
1648 1417 1686 1448 ad
1708 1414 1768 1446 Tit.
1794 1414 1829 1445 C-

952 1457 985 1487 de
1012 1456 1138 1498 Usucap.
1166 1460 1335 1500 transfornz.
1361 1462 1413 1502 qui
1432 1469 1557 1500 tamen,
1582 1458 1668 1501 quod
1686 1456 1827 1494 nollem,

952 1507 1063 1530 omnes
1080 1509 1129 1531 res
1145 1501 1297 1542 pretiosas
1309 1527 1319 1542 ‚
1343 1513 1412 1545 quae
1425 1527 1436 1542 ‚
1467 1511 1503 1535 ut
1525 1503 1589 1542 ait,
1610 1504 1741 1533 veneunt
1759 1506 1829 1528 auro

952 1546 1054 1571 contra
1078 1541 1126 1572 vel
1152 1552 1221 1574 auro
1237 1543 1350 1585 supra,
1385 1546 1479 1577 rebus
1496 1543 1634 1585 mancipi
1657 1538 1829 1586 accenset-3

952 1591 1017 1614 non
1036 1582 1131 1615 aufim
1146 1583 1177 1615 id
1194 1583 1301 1617 facere
1317 1586 1379 1619 fine
1399 1595 1486 1618 certa
1512 1587 1543 1619 &
1559 1586 1674 1617 idonea
1694 1582 1829 1615 aution-

953 1632 1028 1656 tate.
1076 1624 1196 1658 Omnes
1214 1627 1339 1668 quidem
1357 1638 1406 1661 res
1423 1627 1562 1669 mancipi
1582 1624 1729 1669 pretiosae
1743 1623 1828 1663 sunt,

953 1664 1004 1697 sed
1022 1675 1088 1698 non
1107 1674 1180 1698 tuto
1202 1667 1270 1700 haec
1296 1669 1373 1701 licet
1398 1676 1589 1702 convertere
1601 1692 1611 1709 ,
1637 1669 1668 1700 δε
1686 1666 1828 1699 adfirma-

951 1717 985 1754 re
997 1730 1009 1746 ,
1034 1717 1144 1740 omnes
1161 1709 1314 1750 preciosas
1341 1711 1402 1743 effe
1423 1711 1570 1752 mancipi.
1615 1710 1649 1742 Si
1667 1720 1738 1752 quae
1757 1717 1829 1750 pre·

953 1749 1102 1795 tiosiora,
1124 1759 1239 1792 praeter
1257 1761 1311 1792 ea,
1332 1762 1401 1794 quae
1422 1753 1578 1795 Ulpianus
1593 1750 1771 1791 recensuit,
1796 1760 1829 1782 a-

952 1790 1213 1837 libi-occurrant,
1235 1803 1305 1835 qua:
1323 1795 1455 1827 idoneus
1470 1794 1558 1827 testis
1577 1793 1715 1835 mancipi
1733 1802 1828 1825 voca-

952 1839 1057 1871 verit,
1077 1840 1114 1864 ut
1131 1833 1170 1865 de
1186 1835 1362 1877 margaritis
1378 1843 1459 1877 puto
1471 1860 1481 1876 ,
1515 1835 1545 1868 &
1562 1834 1618 1867 suo
1635 1835 1711 1867 loco
1727 1834 1829 1867 osten-

951 1873 1022 1919 dam
1034 1897 1043 1913 ‚
1068 1884 1133 1907 non
1157 1875 1300 1908 dubitem
1325 1877 1393 1909 haec
1410 1877 1613 1909 adnumerare
1633 1877 1725 1908 rebus
1740 1886 1828 1908 man-

951 1915 1037 1961 cip13
1060 1916 1092 1947 in
1111 1916 1179 1949 aliis
1195 1918 1341 1949 omnibus
1356 1928 1416 1959 ego
1436 1917 1544 1959 sequar
1562 1918 1702 1960 regulam
1716 1917 1826 1960 Ulpia-

952 1966 984 1989 ni
997 1979 1008 1995 ,
1032 1963 1138 1990 caeterae
1158 1969 1203 1993 res
1218 1969 1270 1991 nec
1285 1961 1415 2001 mancipi
1422 1960 1508 2002 firm.

1105 2093 1198 2131 111.

706 2178 758 2215 De
783 2178 895 2215 Rebus
921 2181 1148 2218 immobilibus.

130 2283 205 2306 uum
224 2275 330 2307 omnia
342 2297 353 2312 ,
373 2283 444 2316 quae
459 2275 491 2307 in
508 2275 684 2309 dominium
699 2278 816 2310 cadunt
827 2301 836 2317 ‚
849 2277 909 2310 sint

150 2316 204 2348 vel
218 2316 413 2355 immobilia,
438 2317 489 2348 vel
511 2317 661 2357 mobilia,
685 2320 738 2350 vel
759 2320 857 2351 incor'
874 2329 907 2351 o-

146 2357 244 2397 ralia,
265 2358 296 2390 &
314 2357 350 2389 ad
370 2358 440 2389 haec
460 2357 570 2390 referri
587 2360 700 2400 poffint
716 2370 826 2393 omnes
845 2329 909 2402 spe-

41 2399 126 2439 cies,
147 2400 186 2430 ab
206 2398 341 2440 Ulpiano
362 2407 550 2431 enumeratae
566 2423 576 2439 ‚
600 2400 639 2432 de
658 2401 785 2443 singulis
801 2402 910 2434 viden-

41 2441 116 2473 dum
132 2439 189 2473 est.
233 2440 279 2473 Ut
293 2448 399 2473 autem
413 2440 590 2474 immobilia
609 2442 736 2482 maioris
753 2443 846 2485 pretii
860 2443 910 2474 ha-

40 2481 173 2521 bentur,
201 2491 294 2524 quam
323 2483 382 2514 alia
402 2491 599 2524 quaecunque
612 2508 622 2523 ,
647 2485 686 2516 de
704 2485 754 2517 his
773 2485 911 2526 primum

43 2523 197 2565 Ulpianus
217 2524 262 2555 ita
277 2522 366 2556 infit:
400 2523 542 2565 Mancipi
568 2525 692 2566 resfimt
704 2528 817 2567 praedz'a
834 2527 866 2557 in
883 2525 910 2558 I-

44 2565 132 2596 talico
148 2565 229 2607 stilo,
251 2571 312 2596 tam
334 2563 464 2606 rustica,
492 2567 589 2608 qualis
608 2566 650 2609 est
659 2568 776 2608 fundus
793 2591 805 2607 ,
826 2578 912 2609 quam

44 2607 176 2644 urbana,
217 2607 293 2638 uatis
305 2607 411 2638 domus.
456 2607 554 2639 Recte
579 2609 642 2647 ait,
665 2611 698 2640 in
718 2609 823 2642 Italico
826 2609 912 2651 Jblo,

44 2647 116 2688 quia
132 2657 196 2688 prae
219 2648 247 2679 ia
274 2647 485 2681 Provincialia
513 2659 553 2681 eo
574 2650 642 2690 jure
659 2660 723 2683 non
744 2650 909 2683 censeban-

46 2695 114 2728 tur,
140 2697 175 2720 ut
188 2688 336 2735 ‚singul-ari
357 2689 471 2730 Capite
484 2691 627 2731 doceb03
651 2693 707 2724 nisi
721 2700 824 2725 tamen
834 2692 910 2724 fuis-

45 2728 112 2774 sent
131 2729 212 2770 Juris
228 2729 349 2769 Italici,
373 2731 404 2762 id
421 2731 486 2771 cst,
500 2742 551 2772 ‘ex
575 2734 745 2774 privilegio
765 2735 833 2775 jure
852 2733 910 2766 La-

46 2770 222 2816 tii-donata
238 2794 250 2810 ,
281 2771 386 2818 quales
410 2772 540 2805 fuerunt
557 2775 663 2816 plures
682 2776 848 2813 Coloniae,
871 2775 910 2806 de

44 2811 157 2851 quibus
174 2815 340 2852 earumque
363 2822 430 2852 Jure
453 2824 494 2846 ex
513 2816 654 2856 professo
674 2818 739 2859 egit
759 2818 910 2859 Cujacius

46 2852 87 2883 L.
110 2852 156 2884 X.
183 2853 306 2893 Observ.
326 2862 376 2895 35.
417 2854 538 2902 Praedia
559 2858 656 2900 igitur
672 2857 847 2892 Italiceniia
870 2860 909 2891 ab

49 2893 167 2939 Ιῑειῌςιξ
184 2893 244 2924 hac
260 2902 348 2940 parte
365 2903 428 2927 non
442 2897 646 2939 differebant,
672 2900 778 2933 habita
793 2901 910 2943 quippe

45 2934 138 3006 fimgli
154 2943 241 2974 jure,
271 2935 365 2976 idque
388 2936 452 2968 five
467 2939 601 2979 rustica,
625 2942 689 2974 five
709 2942 826 2975 urbana
840 2943 909 2975 fue-

47 2985 96 3008 rm
115 2994 131 3006 ,ν

89 3016 376 3064 Ulpianus‘praedia
395 3018 508 3052 rustica
523 3025 680 3065 praeponit
698 3026 843 3068 urbanis,
864 3036 909 3059 at-

47 3066 108 3104 que
133 3057 155 3090 fi
176 3058 215 3089 de
244 3059 425 3106 illis-minus
440 3059 582 3095 dubitare
601 3065 712 3098 liceret
720 3091 733 3107 ,
756 3078 848 3110 quam
872 3069 910 3100 de

45 3099 106 3131 his.
150 3097 239 3139 Nec,
252 3109 396 3148 *opi-nor,
418 3100 481 3133 fine
495 3104 603 3149 causa3
617 3115 681 3139 non
694 3116 816 3141 tanturn
826 3111 912 3152 quod

45 3140 200 3172 Veterum
228 3142 349 3173 divitiae
377 3152 408 3175 in
434 3143 557 3177 rusticis
577 3148 701 3188 praediis
719 3151 914 3190 potiffimum

44 3180 268 3224 consisterent,
291 3181 342 3216 sed
359 3184 389 3216 δε
407 3184 493 3225 quod
510 3185 620 3222 domus
648 3197 825 3233 caeteraque
842 3192 915 3225 aedi-

950 2277 1042 2324 ficia,
1067 2279 1180 2321 quibus
1198 2280 1314 2320 praedia
1332 2281 1449 2314 urbana
1464 2281 1626 2322 constant,
1652 2293 1693 2315 ex
1712 2283 1825 2325 lapide,

952 2319 1060 2360 ligno,
1080 2321 1167 2368 ferro
1183 2322 1422 2363 construantur,
1439 2334 1508 2365 quae
1527 2325 1633 2355 onmia
1647 2333 1701 2364 per
1713 2324 1742 2356 se
1754 2325 1826 2356 sunt

952 2371 1011 2392 nec
1025 2363 1185 2404 manCipi,
1214 2372 1250 2394 ut
1279 2365 1380 2405 Capite
1396 2371 1480 2405 prox.
1516 2365 1636 2405 dicam,
1662 2376 1720 2398 nec
1738 2366 1825 2397 vide-

953 2403 1046 2435 batui·
1068 2404 1128 2436 alia
1147 2404 1308 2445 perlucere
1327 2405 1414 2446 poss'e
1437 2407 1560 2438 indoles
1577 2407 1607 2437 in
1627 2407 1826 2448 conjunctis,

953 2454 1046 2485 quam
1066 2455 1136 2487 quae
1153 2444 1258 2478 fuerat
1276 2447 1307 2478 in
1328 2447 1500 2487 disjunc'lis.
1544 2448 1695 2481 Attamen
1711 2449 1829 2491 praedia

953 2487 1071 2519 urbana
1089 2487 1190 2528 palam
1215 2497 1264 2519 res
1287 2489 1423 2530 mancipi
1444 2488 1505 2521 esse
1520 2490 1598 2521 dicit
1618 2490 1774 2532 Ulpianus
1797 2491 1826 2522 d.

954 2527 983 2569 ᾗ.
1006 2538 1033 2560 1.
1057 2529 1086 2560 <Sc
1105 2529 1289 2561 tantundem
1314 2530 1398 2562 dixit
1421 2530 1553 2563 Tullius
1574 2531 1612 2562 L.
1637 2531 1660 2563 I.
1686 2534 1719 2563 de
1737 2534 1826 2563 Orat.

955 2571 988 2602 C.
1010 2575 1077 2610 178.
1103 2569 1139 2603 ὅ)
1161 2579 1230 2611 179.
1255 2571 1284 2603 δε
1306 2571 1346 2604 L.
1368 2571 1424 2604 ΙΙΙ.
1448 2573 1481 2604 de
1514 2572 1599 2615 OffiC.
1627 2574 1659 2605 C.
1675 2578 1728 2614 67.
1754 2584 1827 2605 cum

957 2612 1070 2643 aedium
1095 2612 1293 2644 venditarum
1319 2614 1483 2654 meminit,
1519 2625 1649 2657 quarum
1667 2617 1698 2646 in
1715 2617 1826 2646 manri-

950 2654 999 2693 pio
1012 2675 1023 2691 ,
1045 2653 1074 2685 ὅ(
1101 2654 1134 2684 iu
1162 2653 1224 2697 lege
1248 2657 1392 2696 mancipii
1407 2656 1525 2688 dicium
1541 2665 1626 2695 crat,
1655 2657 1684 2688 δε
1698 2666 1767 2698 quae
1785 2656 1825 2687 se-

954 2701 1112 2736 quuntur,
1145 2696 1307 2738 mancipio
1332 2697 1416 2729 enim
1441 2698 1521 2730 nihil
1547 2697 1652 2738 potest
1678 2698 1770 2728 vendi
1796 2698 1828 2728 ὅτ.

954 2737 1056 2775 tradi,
1089 2737 1174 2778 quod
1201 2747 1264 2769 non
1289 2738 1326 2770 sit
1349 2739 1506 2779 mancipi,
1532 2747 1567 2769 ut
1587 2748 1663 2769 nim:
1680 2738 1726 2769 cst
1745 2738 1826 2779 apud

953 2778 1126 2820 Ulpianum
1149 2778 1178 2820 ᾗ.
1191 2789 1220 2823 3.
1244 2781 1271 2810 d.
1289 2779 1321 2811 T.
1337 2780 1432 2812 xix.
1450 2780 1526 2826 Quo
1541 2780 1715 2820 igiturjuic
1728 2780 1825 2812 aeuifia

953 2821 1001 2852 cia
1029 2829 1122 2852 erunt
1152 2830 1200 2852 res
1223 2821 1387 2862 mancipi?
1409 2821 1496 2861 jure,
1523 2821 1657 2861 opinor,
1681 2820 1826 2852 acceffio-

952 2863 1022 2901 nis3
1046 2862 1189 2903 quamvis
1206 2863 1290 2894 enim
1310 2861 1542 2903 conjungantur
1561 2871 1601 2892 ex
1619 2861 1678 2900 iis,
1710 2872 1780 2903 quae
1792 2872 1827 2894 0-

952 2904 1037 2935 mnia
1053 2913 1111 2935 nec
1126 2904 1263 2944 mancipi
1280 2902 1352 2935 sunt
1364 2926 1373 2941 ‚
1396 2902 1541 2944 imposita
1557 2910 1660 2935 tamen
1677 2902 1778 2935 fundo
1798 2904 1826 2936 1-

955 2945 1054 2977 talico
1068 2945 1120 2976 vel
1138 2944 1313 2983 Italicensi,
1339 2943 1452 2974 cedent
1470 2943 1559 2981 solo,
1581 2944 1610 2975 ἀ
1628 2945 1761 2987 mancipi
1776 2947 1826 2978 ha-

954 2986 1112 3018 bebuntur
1135 2985 1204 3024 jure
1232 2984 1302 3017 soli.
1348 2984 1446 3030 Quod
1466 2985 1503 3016 ad
1521 2983 1744 3026 usucapionem
1765 2987 1825 3020 hac

955 3027 1019 3068 ipsa
1037 3027 1159 3058 ratione
1177 3026 1314 3067 disputat
1331 3025 1413 3056 idem
1438 3025 1570 3058 Tullius
1597 3027 1694 3068 Topic.
1721 3029 1753 3061 C.
1774 3040 1825 3071 23.

958 3069 1064 3106 Quod,
1092 3067 1121 3097 in
1149 3067 1215 3106 uit,
1245 3069 1278 3098 iii
1302 3077 1332 3098 re
1347 3068 1418 3107 pari
1441 3067 1543 3105 valet,
1566 3069 1668 3100 valeat
1685 3071 1717 3101 in
1740 3071 1794 3102 hac
1814 3094 1828 3110 ,

955 3101 1013 3152 ἷῇίιε
1031 3115 1090 3149 par
1112 3076 1178 3150 eji:
1208 3114 1242 3139 aa*
1264 3130 1275 3146 ,
1305 3109 1440 3149 quoniam
1468 3109 1534 3151 usur
1555 3110 1713 3143 α-ιιὲἲονίῑας
1728 3112 1825 3153 fundi

957 3152 1105 3183 biennium
1122 3148 1182 3191 est,
1196 3148 1238 3188 fii:
1256 3151 1345 3180 etiam
1359 3151 1470 3182 aedium.
1495 3160 1573 3183 mox
1594 3151 1637 3184 ita
1651 3153 1823 3195 interroga-

958 3193 1046 3225 tione
1061 3191 1220 3233 distinguo
1232 3197 1296 3263 :Tac
1313 3192 1346 3222 in
1366 3192 1449 3239 Lege
1466 3193 1536 3224 <edes
1551 3203 1610 3226 non
1625 3195 1824 3236 appellaiiiur4

1289 3239 1301 3263 t
1323 3243 1343 3274 3
1790 3234 1828 3270 ’ἐ
