2008 3436
191 108 234 143 18
442 106 844 143 CORNELII

189 185 362 229 contraria.
396 186 536 228 Eratque
553 186 607 219 illa
625 196 674 217 res
692 186 823 218 omnino
839 185 933 226 digna
952 186 1055 218 admo-

187 225 310 258 nitione
329 228 359 259 ἃ
374 229 564 270 exceptione
582 252 593 267 ,
627 236 738 259 contra
757 236 850 269 quam
869 226 924 258 ille
945 235 1055 268 putat,

917 115 1027 141 vAN

791 314 1154 355 CAP'UT

1098 102 1699 145 BYNKERSHOEK

1100 185 1131 217 ὃς
1156 194 1243 226 aeque
1268 185 1361 227 digna
1389 195 1426 232 ae
1445 186 1547 218 omnis
1563 185 1735 232 disputatio
1752 188 1791 220 de
1807 187 1868 221 fiii:
1885 190 1956 224 scria

1100 234 1210 267 pturae.
1255 226 1318 258 Res
1338 226 1490 268 loquitur.

1253 317 1291 355 V
1315 319 1342 354 1.

211 403 248 439 Si
272 404 323 440 die
337 407 565 456 suprascripta
580 408 710 455 summa
736 407 849 443 Publio
875 407 1018 448 Μιευὶο,
1054 406 1127 438 eive
1149 405 1192 438 acl
1214 416 1309 450 quem
1330 417 1368 442 ea
1394 417 1445 442 res
1466 409 1664 453 pertinebit,
1690 409 1786 452 data,
1803 410 1941 458 filma-,r

227 459 363 507 sacisve
389 477 423 500 eo
448 468 571 500 nomine
587 464 718 511 fabium
745 475 804 498 non
830 465 913 505 erit,
942 471 1017 496 tunc
1033 471 1066 493 eo
1082 459 1240 505 amplius,
1264 459 1402 508 quopcfi
1414 459 1560 507 solvam,
1582 474 1683 512 poenae
1699 469 1822 503 nomine
1843 467 1913 509 &a

188 556 388 640 Pergimus
415 571 486 593 cum
515 561 613 593 Paulo
638 561 674 592 ad
708 559 875 592 secundum
897 558 1059 591 cautionis

227 638 265 671 'ss'
274 602 467 642 membrum,
490 602 553 634 hoc
572 600 636 641 est,
660 602 698 633 ad
714 601 820 634 usuras
828 611 868 633 ex
884 610 972 632 mora
980 610 1052 641 pro-

189 650 232 672 mi
261 651 303 673 as.

235 681 268 712 Si
292 684 338 713 (lie
356 684 558 726 suprascripta
576 685 722 726 summa:
755 683 838 716 Illud
851 683 1056 726 suprascripta

189 723 242 754 vel
258 722 431 763 supradicta
463 726 518 767 (ut
536 725 735 766 Haloander)
760 733 865 756 utrum
885 725 921 758 ad
943 725 967 752 n*
986 726 1051 763 die,

189 772 227 794 an
252 765 289 795 ad
321 765 472 806 rzifimzma
488 766 657 806 referatur,
690 766 770 798 nihil
785 766 916 798 attinet:
940 765 1054 797 rectius

186 812 289 839 tamen
307 805 344 836 ad
361 814 529 849 utrumque
545 807 653 840 referri
665 808 792 839 dixeris.
819 807 938 853 Quare,
950 807 971 839 fi
984 807 1059 848 quis

186 844 225 877 fit
244 846 433 887 conjecturae
460 849 569 888 locus,
600 848 745 889 suspicari
768 849 865 886 licet,
887 848 1052 889 legendum

186 885 249 917 effe
266 896 518 923 SUPRASCRIPTA
537 900 592 932 per
606 892 790 929 ἅμαδίπλωω,
826 897 861 920 nt
877 888 980 920 sensus
998 888 1052 920 sit:

189 928 225 973 §i
240 929 286 959 die
293 928 516 972 suprascripta,
523 932 727 973 suprascripta
735 931 863 973 summa.
887 930 970 976 Quae
979 939 1053 961 con-

187 968 304 1014 ]eetura
326 970 363 1002 ab
384 973 470 1005 omni
491 973 669 1005 temeritate
685 973 786 1005 aliena
807 973 875 1010 est,
898 980 1003 1003 manet
1024 980 1053 1002 e-

187 1019 254 1041 nim
282 1013 307 1037 τι·
335 1013 462 1053 minim,
496 1015 588 1055 quale
612 1014 695 1054 fuit,
732 1014 906 1054 integrum:
932 1020 1053 1044 tantuin

188 1051 289 1096 inajor
306 1052 464 1086 character
483 1054 669 1097 supponitur
691 1055 728 1086 ad
744 1054 1054 1095 conduplicationeni

187 1092 292 1132 illam,
318 1103 387 1134 quae
403 1097 435 1128 in
453 1096 615 1129 Pandeetis
631 1096 708 1127 adeo
722 1095 832 1127 crebra
855 1094 917 1133 est,
941 1094 1054 1126 consti-

187 1135 346 1179 tuendam.
391 1137 498 1178 Atque
515 1138 560 1169 ita
579 1147 688 1169 verum
706 1137 784 1175 erit,
810 1136 896 1177 quod
911 1136 955 1167 ait
974 1135 1053 1167 Gui-

186 1174 314 1208 lielmus
336 1178 495 1218 BarclaJ'us
520 1178 558 1210 ad
595 1179 654 1211 Tit.
683 1178 724 1220 ff.
757 1180 789 1209 de
821 1178 897 1210 Rei.
922 1178 997 1208 cred.
1021 1177 1053 1208 in

185 1216 215 1247 h.
243 1217 264 1248 l.
287 1227 340 1257 40.
364 1221 483 1251 verbum
502 1228 753 1252 SUPRASCRIPTA
768 1243 778 1258 ,
796 1229 859 1250 cum
870 1218 911 1257 fit
929 1219 1055 1249 medium

187 1258 268 1289 inter
289 1268 350 1290 Die
368 1259 404 1295 ἃ
421 1270 544 1292 SUMMA
555 1284 566 1299 ,
596 1263 633 1293 acl
660 1262 804 1292 utrumvis
820 1260 927 1300 referri
941 1257 1054 1299 potest,

186 1300 245 1330 imo
265 1300 302 1330 ad
321 1307 482 1343 utrumque.
527 1301 604 1347 Quo
628 1301 729 1343 posito
737 1312 747 1338 ,-
781 1311 845 1332 non
867 1300 928 1330 erit
950 1309 1052 1331 ncces-

186 1339 238 1380 st,
264 1348 299 1372 ut
316 1351 389 1374 cum
401 1343 562 1375 nonnullis
589 1343 760 1381 Veterum,
794 1342 824 1373 (Sc
847 1340 1053 1379 Haloaiidro‚

185 1380 358 1422 Ruffardo,
382 1393 555 1424 eorumque
573 1383 765 1414 additionem
789 1382 942 1423 probante
962 1380 1053 1421 Cuja-

186 1423 242 1455 cio
265 1423 324 1465 leg.
374 1425 408 1456 Si
425 1433 470 1457 EA
489 1426 535 1456 die
542 1424 746 1466 suprascripta
752 1424 888 1465 summa:
910 1423 961 1455 vel
981 1432 1053 1454 cuin

185 1464 397 1497 Hotomanno
414 1489 425 1505 ,
460 1475 577 1507 quique
600 1474 672 1497 eum
694 1464 833 1506 sequitur
852 1463 998 1497 Salinafio
1021 1464 1054 1496 in

188 1505 261 1538 Lib.
289 1507 323 1538 de
355 1507 459 1547 Uficris
477 1529 489 1546 ,
514 1507 544 1547 fi
561 1509 606 1539 die
629 1516 692 1539 suA
704 1506 907 1547 suprastrz‘pta
923 1505 1051 1547 flammai

189 1546 414 1587 Verumtamen
438 1548 462 1588 s1
485 1550 554 1590 quis
569 1548 647 1580 adeo
665 1548 867 1580 minutiarum
885 1554 980 1579 tenax
996 1546 1056 1585 iit,

188 1596 225 1618 ut
241 1589 403 1628 probabile
419 1591 611 1622 diffindam,
630 1589 802 1622 remedium
823 1588 990 1620 admittere
1006 1597 1052 1619 re-

187 1629 276 1661 cuset
294 1653 304 1669 ‚
336 1631 362 1662 is
382 1632 531 1664 voculam
559 1637 594 1663 ea
619 1631 736 1672 velfiia
758 1629 871 1671 (quain
891 1629 998 1670 Cujac.
1023 1629 1055 1661 &

186 1669 387 1704 Hotomann.
408 1672 511 1705 sensus
526 1672 679 1705 fulciendi
699 1672 798 1713 gratia
815 1671 987 1712 adjiciunt)
1004 1679 1052 1702 tu-

189 1720 224 1744 to
252 1712 440 1753 subaudiat3
471 1721 571 1756 neque
594 1714 676 1746 enini
705 1715 768 1745 hoc
785 1712 934 1753 exemplo
955 1719 1052 1744 caret.

188 1753 273 1787 Audi
291 1754 438 1787 Tullium
461 1757 495 1787 de
526 1754 612 1797 OffiC.
638 1755 679 1787 L.
698 1754 754 1787 ΙΙΙ.
782 1755 815 1786 C.
839 1763 885 1794 14.
933 1754 985 1786 Ad
1002 1763 1053 1786 coe-

188 1805 258 1828 nam
285 1805 452 1829 TEMPORE
475 1799 558 1829 venit
579 1798 708 1828 Carinius
723 1818 735 1834 ‚
758 1805 816 1837 pro
833 1804 873 1827 eo
890 1803 1054 1840 tempore,

189 1845 333 1879 tempore
349 1837 404 1870 suo
417 1860 428 1876 ,
451 1838 599 1871 conditio
619 1846 750 1878 nempe,
774 1837 804 1869 δι
818 1846 918 1869 coenae
937 1835 1054 1878 praesti-

191 1886 274 1911 tuto.
320 1879 367 1912 Ita
393 1880 422 1912 δε
449 1879 531 1912 Cato
558 1881 591 1911 de
614 1879 655 1911 R.
674 1879 716 1911 R.
743 1878 776 1910 C.
798 1888 866 1919 150.
890 1879 936 1909 die
953 1878 1056 1910 lanam

190 1920 226 1956 ἐξ
244 1931 334 1963 cignos
350 1923 480 1961 vendat,
504 1922 555 1953 die
566 1945 576 1961 ,
600 1930 692 1962 quam
708 1927 799 1951 antea
812 1920 947 1952 dixerat.
970 1919 1055 1952 Tur-

189 1962 289 1994 nebus
321 1962 449 2003 Advers.
475 1962 544 1994 VII.
575 1972 606 2002 5.
648 1961 699 1993 die
729 1970 873 2002 congruo
899 1961 1052 2003 exponit,

190 2003 276 2044 quod
292 2004 387 2035 etiam
416 2004 491 2036 ferri
511 2002 635 2045 potest,
659 2012 732 2035 cuin
747 2012 796 2034 res
810 2002 920 2034 eodem
937 2003 1052 2034 redeat.

191 2044 278 2076 I'dem
304 2043 366 2076 effe
391 2046 519 2077 videtur
545 2046 663 2084 tempori
686 2043 766 2085 apud
787 2042 928 2075 Gellium
952 2044 994 2076 L.
1012 2043 1051 2075 Π.

193 2086 225 2117 C.
246 2095 294 2123 29.
320 2087 405 2127 quod
423 2086 565 2127 alioquin
582 2085 790 2118 Grammatici
809 2084 851 2116 ibi
869 2085 1053 2117 adverbiali-

191 2134 240 2159 ter
255 2127 372 2159 volunt
389 2127 500 2169 accipi.

235 2168 339 2200 Publio
356 2168 467 2200 Maevio
478 2193 488 2208 ,
512 2170 576 2200 eive
592 2171 630 2201 ad
645 2179 727 2210 quem
747 2178 781 2200 ea
797 2179 841 2200 res
851 2169 1031 2209 pertinebit:

192 2210 292 2248 Sunt,
315 2210 368 2251 qui
388 2219 446 2251 pro
472 2211 537 2241 eive
565 2210 685 2242 malunt
695 2209 778 2249 five,
803 2209 854 2241 sed
872 2217 1051 2251 perperam,

193 2251 256 2283 vid.
282 2251 301 2282 ί.
319 2253 379 2292 5-3.
403 2250 432 2292 §.
459 2261 484 2283 1.
504 2251 546 2292 ff.
569 2253 603 2283 de
630 2251 669 2283 O.
696 2250 731 2286 ἐξ
754 2251 797 2283 A.
842 2251 928 2290 Alii,
950 2252 1053 2292 eique,

192 2292 276 2333 quod
292 2292 430 2333 perinde.
475 2291 527 2324 De
543 2292 769 2334 significatione
785 2291 951 2331 formulae,
975 2295 1000 2323 is
1016 2292 1054 2323 ad

192 2341 275 2375 quem
296 2343 331 2364 ea
357 2343 401 2365 res
426 2335 574 2374 pertinet,
609 2333 796 2375 ambigitur:
821 2333 866 2365 est
881 2341 986 2365 autem
1002 2343 1053 2364 va-

192 2375 239 2406 ria
261 2384 319 2415 pro
345 2375 435 2406 vario
460 2383 654 2416 argumento,
701 2375 850 2416 Optimus
881 2374 925 2406 sui
960 2375 1054 2406 inter-

192 2424 263 2457 pres
290 2415 404 2447 Paulus
429 2417 459 2447 in
493 2417 514 2448 l.
538 2426 589 2457 70.
622 2418 655 2447 in
672 2415 731 2457 fin.
747 2416 787 2457 ff.
813 2417 846 2446 de
870 2416 911 2448 V.
935 2416 965 2447 S.
989 2416 1057 2456 ejus

192 2457 260 2488 vim
288 2457 332 2488 ita
354 2457 504 2498 exprimit
523 2469 530 2489 :
560 2460 649 2489 verba
675 2458 752 2495 haec,
776 2467 803 2489 is
821 2465 868 2488 AD
890 2465 991 2499 QUEM
1009 2466 1052 2489 EA

194 2507 255 2530 Rizs
269 2507 447 2530 PERTiNET
459 2522 469 2538 ,
495 2498 539 2537 fic
560 2500 770 2541 intelliguntur
782 2521 792 2537 ,
822 2504 855 2529 ut
871 2502 919 2540 qui
938 2499 970 2529 in
988 2499 1053 2529 zmi-

193 2540 306 2580 versimz
323 2540 480 2570 dominium
492 2540 539 2571 vel
550 2541 617 2582 jure
638 2541 750 2578 Civili,
773 2540 820 2571 vel
832 2540 900 2582 jure
916 2539 1054 2571 Proetorio

185 2580 330 2622 fimeedh,
350 2581 540 2612 contineatur.
564 2581 650 2622 Ergo
664 2581 702 2612 ad
718 2581 854 2612 haercdes
865 2604 876 2619 ,
898 2581 1055 2612 bonorum

193 2619 396 2662 poffess'ores,
420 2629 591 2663 eorumque
609 2622 745 2653 haeredes
766 2622 861 2653 dubio
882 2622 1054 2663 proculex-

196 2661 350 2694 tendenda
374 2671 467 2694 erunt
490 2664 518 2694 d.
552 2663 573 2694 l.
596 2672 647 2704 53.
679 2662 708 2704 §.
737 2673 763 2694 1.
796 2663 906 2704 ltaque
926 2663 1055 2694 Publius

193 2703 333 2736 Maevius
374 2702 551 2744 persuasum
566 2704 682 2736 liabens
704 2704 782 2736 illud
800 2703 929 2735 Horatii
953 2704 994 2735 L.
1014 2703 1053 2735 ll.

195 2743 291 2786 Epist.
314 2727 353 2776 111
378 2744 422 2783 vs.
440 2753 509 2785 175.

239 2810 246 2818 .
274 2810 282 2817 .
306 2810 314 2817 .
337 2785 497 2827 Perpetuus
513 2786 591 2818 nulli
607 2787 695 2818 datur
712 2786 776 2827 usus
788 2808 799 2824 ,
824 2784 859 2820 &³
877 2786 963 2817 hccres

239 2826 392 2858 Heredem
408 2827 529 2858 alterius
537 2828 638 2865 ,velut
654 2827 914 2868 undafiipervenit
936 2828 1057 2865 undam,

196 2876 260 2900 non
277 2867 330 2900 fibi
349 2875 470 2900 tantum
481 2891 490 2907 ,
514 2867 565 2902 sed
586 2870 616 2901 ὅς
634 2869 662 2900 ei
676 2878 686 2907 3
709 2869 747 2900 ad
764 2878 855 2910 quein
872 2877 907 2899 ea
924 2877 972 2899 res
988 2878 1055 2908 per-

198 2909 329 2948 tinebit,
354 2918 467 2941 cavere
483 2909 597 2941 voluit.
644 2910 760 2951 idque,
778 2918 812 2941 ut
830 2909 976 2947 videtur,
993 2919 1055 2940 nori

196 2950 259 2982 fine
285 2950 407 2982 ratione
431 2959 468 2982 ac
488 2951 647 2990 utilitate,
678 2951 820 2992 quamvis
844 2949 911 2991 ipso
927 2950 994 2990 jure
1017 2960 1056 2981 cx

197 2990 347 3031 stipulatu
362 3014 373 3030 ‚
404 2992 435 3024 ὃς
458 2992 577 3023 crediia
598 2992 734 3034 pecunia
757 2992 893 3023 actiones
911 2991 941 3022 in
962 2991 1055 3022 haerc-

197 3032 268 3063 dein
291 3031 467 3064 ti·aniitui·as
482 3031 575 3065 fuiss'e
591 3032 724 3065 constet.
758 3033 841 3065 Haec
859 3032 975 3063 etenim
988 3041 1056 3062 vei·-

198 3072 256 3110 br,
280 3072 344 3111 sive
373 3076 410 3105 ad
436 3083 518 3116 quem
534 3075 593 3106 ἃς.
617 3084 684 3106 eam
700 3073 870 3107 conferunt
888 3073 1057 3105 utilitatem

199 3110 385 3153 successori,
408 3124 500 3156 quam
519 3114 632 3147 Publio
655 3115 782 3147 Maevio
809 3117 841 3144 πὶ
858 3115 948 3155 proba
962 3113 1056 3151 reste,

197 3153 234 3183 dc
254 3153 364 3195 quibus
390 3156 420 3188 C.
441 3155 495 3188 IV.
520 3155 710 3198 disputatum
730 3156 792 3188 est:
806 3155 975 3196 nziiizqucin
987 3155 1057 3189 hac,

1096 553 1271 602 superioris
1284 558 1476 598 appendice,
1500 558 1703 601 stipulatione
1728 564 1834 597 eadem
1852 566 1958 599 eondi-

1097 604 1145 628 tio
1172 605 1310 637 repetita>
1332 600 1522 640 intelligitur
1539 624 1549 640 ,
1584 613 1622 634 ne
1649 606 1720 646 quis
1736 606 1890 647 objiceret
1904 607 1959 639 do-

1096 638 1162 678 lum
1187 646 1309 670 cantum
1332 640 1516 672 abfuturum
1545 642 1607 674 effe
1629 645 1662 678 in
1685 646 1862 688 solutione,
1910 657 1966 681 uaet

1096 678 1186 711 fieiet
1211 678 1291 711 Pub.
1316 680 1439 712 Maevio
1457 703 1469 720 ,
1499 691 1593 723 atque
1616 686 1661 718 ita
1691 688 1756 720 doli
1790 689 1896 721 clausu
1910 699 1967 722 arm

1096 718 1290 765 personalem
1307 719 1501 761 stipulationi
1527 724 1620 757 fuisse
1643 727 1805 768 infertam3
1823 731 1959 772 petfima-

1096 762 1173 806 iem,
1196 769 1270 806 quia
1288 762 1320 792 ἃ,
1334 762 1402 793 haec
1422 764 1656 804 quodammodo
1681 768 1816 802 faciendi
1833 771 1959 814 stipular

1098 810 1144 832 tio
1160 800 1223 846 e.st²
1241 802 1306 840 Jwie
1327 804 1388 835 doto
1405 805 1479 835 wicilo
1492 808 1577 846 probe
1587 807 1759 848 solutionem
1770 812 1889 851 fabium
1905 815 1958 854 iri,

1094 841 1147 874 vel
1165 842 1274 874 ialtem
1291 852 1331 874 ex
1346 844 1449 891 dando
1468 846 1496 878 ot
1511 846 1664 881 faciendo*
1679 851 1796 890 mixta,
1814 863 1904 894 quae,
1920 864 1969 888 aff

1095 884 1133 917 ad
1152 884 1288 915 haeredes
1306 888 1468 924 traniiiet,
1491 887 1512 920 fi
1526 898 1636 922 corum
1653 893 1774 924 mentio
1798 893 1881 926 fasta
1895 895 1965 928 non,

1096 923 1190 970 esset,
1215 933 1339 972 veteres
1358 925 1504 960 Consulti
1525 929 1728 972 dubitarunt,
1752 943 1846 975 quam
1866 931 1974 969 aiter-f

1096 974 1254 997 catioiiein
1271 967 1389 998 decidit
1404 967 1593 1008 Justinianus
1609 973 1641 1004 iii
1664 974 1684 1005 l.
1703 984 1749 1016 13.
1770 977 1846 1008 Cale
1859 977 1965 1011 Contr..

1097 1006 1133 1052 &³
1149 1015 1246 1038 comm.
1258 1006 1361 1053 stipiti.
1393 1007 1475 1057 Non.
1489 1012 1550 1043 alia
1566 1012 1690 1046 videtur
1709 1016 1853 1057 Venuleji
1873 1028 1969 1052 mens'

1095 1058 1129 1080 in
1151 1048 1171 1079 i.
1201 1057 1247 1093 ξς).
1274 1048 1302 1090 §.
1320 1050 1378 1089 fin.
1398 1049 1438 1091 ff.
1457 1054 1553 1093 judic.
1576 1054 1653 1093 Jblv.
1680 1056 1753 1088 Deli
1777 1060 1850 1090 mali
1879 1060 1959 1092 elau-

1087 1089 1178 1135 sula?
1202 1098 1323 1134 inquit,
1341 1088 1419 1129 ficut
1431 1093 1546 1134 reliquae
1556 1095 1786 1138 stipulationes,
1803 1110 1872 1141 quae
1891 1101 1959 1134 scil.

1095 1140 1128 1177 in
1147 1130 1294 1176 faciendo
1312 1130 1502 1173 consistunt,
1533 1137 1565 1167 iri
1586 1139 1687 1178 quibas
1704 1145 1812 1180 tempus
1828 1144 1959 1174 nomina·

1097 1177 1151 1202 tim
1166 1172 1310 1218 adjectum
1336 1183 1394 1204 rion
1418 1173 1477 1214 est,
1511 1176 1532 1207 i.
1551 1187 1579 1209 e.
1605 1179 1635 1210 in
1651 1180 1764 1219 quibus
1785 1181 1968 1223 specialiter·

1096 1216 1272 1258 expreilurn
1288 1222 1354 1258 noti
1371 1213 1415 1244 est
1433 1223 1554 1257 teinpus
1573 1219 1731 1260 futurum,
1766 1223 1794 1254 <Sc
1812 1225 1843 1256 in
1864 1224 1962 1257 haere-

1097 1254 1151 1284 des
1176 1255 1387 1298 transitorium
1403 1276 1414 1293 ,
1449 1257 1487 1301 qul
1504 1262 1686 1300 Jnncr‘pimn
1700 1262 1902 1303 Jiipm'ationis
1915 1277 1958 1298 re-

1091 1294 1214 1366 fssmfsr'
1246 1303 1268 1325 i.
1289 1303 1314 1325 e.
1349 1295 1386 1326 ad
1413 1306 1549 1338 primuni
1571 1299 1785 1342 stipulatorem
1802 1320 1831 1334 τε
1850 1307 1960 1340 dolum

1098 1346 1114 1366 a
1138 1345 1166 1366 el
1181 1344 1210 1366 C.

1117 1419 1121 1423 ²
1140 1377 1294 1421 Praeterea
1311 1376 1357 1409 est
1371 1379 1470 1426 alius,
1481 1384 1639 1426 magisque
1659 1387 1860 1427 quotidianus
1873 1389 1960 1421 locu-

1099 1425 1195 1450 tionis
1221 1417 1262 1461 Q.
1290 1417 1399 1465 D.,A.
1425 1420 1553 1456 effecius
1574 1426 1604 1457 in
1625 1427 1800 1468 creditore,
1826 1430 1878 1469 qui
1892 1430 1966 1470 jure*

1098 1459 1155 1505 suo
1170 1458 1265 1490 ceffit.
1313 1459 1431 1506 Finge,
1455 1463 1493 1510 P.
1508 1465 1664 1500 Maevi'iirn
1682 1469 1750 1509 Jure
1765 1471 1875 1503 crediti
1897 1481 1961 1504 cee-

1097 1500 1163 1533 fisse
1180 1501 1388 1548 Sempronio,
1412 1507 1442 1536 ec
1463 1506 1669 1542 nihilominus
1693 1511 1906 1544 incontinenti
1922 1513 1965 1546 ab.

1097 1542 1134 1576 L.
1165 1541 1260 1587 Titio
1284 1544 1431 1591 debitore
1448 1556 1507 1579 exe
1528 1548 1584 1581 iss'e
1599 1573 1609 1590 ,
1644 1561 1736 1592 quam
1763 1554 1964 1594 crediderat,

1097 1592 1284 1630 pecuniam,
1309 1586 1361 1617 vel
1379 1588 1479 1634 ipiuni
1527 1590 1681 1625 ebitorein
1701 1595 1829 1627 eandem
1851 1595 1969 1637 sponte:

1090 1626 1152 1657 ,lua
1167 1624 1268 1656 eidem
1286 1625 1451 1676 obtuliile',
1477 1638 1571 1673 atque
1594 1634 1638 1665 ita
1658 1634 1729 1667 data
1746 1637 1866 1677 apocha
1885 1637 1960 1669 libe·

1097 1675 1199 1713 ratum
1218 1665 1289 1698 effe.
1335 1667 1517 1712 Quaeritur‚
1542 1683 1730 1715 procurator
1745 1677 1777 1709 in
1791 1687 1856 1710 rein
1876 1677 1964 1711 suain

1097 1708 1173 1757 quid
1187 1716 1291 1755 rei-um
1310 1711 1407 1751 aget?
1418 1713 1448 1744 <Sc
1465 1715 1588 1755 quidem
1606 1726 1669 1749 non
1688 1718 1869 1758 dubitatur,
1883 1720 1969 1761 quiin-1

1097 1758 1190 1788 eum,
1214 1758 1266 1790 qui
1283 1759 1398 1784 nomen
1415 1755 1591 1797 transtulit,
1617 1758 1647 1790 in
1667 1768 1793 1793 omnem
1809 1769 1960 1794 eventum

1097 1800 1270 1823 convenire
1289 1792 1397 1838 poffit:
1429 1805 1538 1829 verum
1555 1798 1704 1840 fiquidem
1721 1801 1846 1833 debitor
1864 1801 1896 1833 se
1912 1801 1960 1834 so-

1097 1832 1246 1878 luturum·
1264 1832 1481 1881 spoiponderit
1503 1838 1550 1880 ei,
1584 1841 1621 1873 ad
1639 1851 1730 1883 quem
1747 1852 1783 1874 ea
1797 1852 1846 1875 res
1884 1844 1959 1876 erti-

1096 1874 1205 1920 nebit,
1237 1876 1321 1916 ipius
1343 1883 1459 1922 etiam,
1491 1880 1529 1912 ab
1545 1891 1604 1922 eo,
1627 1883 1679 1914 cui
1696 1883 1811 1916 cessum
1830 1893 1848 1915 e
1884 1908 1894 1924 ,
1918 1885 1958 1917 ad

1096 1915 1288 1962 solutionem
1316 1916 1369 1949 fibi
1401 1918 1577 1955 faciendam
1605 1924 1688 1956 recte
1721 1925 1930 1966 compelletur
1947 1949 1958 1966 ‚

1096 1957 1345 2003 quandoquidem
1364 1968 1418 2001 pei·
1433 1963 1618 2005 cessionem,
1641 1975 1704 1997 non
1726 1966 1786 2006 jam
1801 1966 1838 1998 ad
1860 1967 1959 2000 credi-

1098 2006 1200 2044 torem
1223 2008 1357 2045 primum
1373 2025 1395 2048 ,·
1417 2001 1470 2034 sed
1488 2005 1525 2037 ad
1549 2006 1651 2048 ipsum
1667 2016 1702 2038 ea
1719 2016 1766 2038 res
1789 2009 1955 2048 pertineat.

1097 2039 1211 2086 Publio
1230 2040 1355 2072 Maevro
1375 2044 1396 2074 Ii
1412 2043 1594 2086 simpliciter
1611 2046 1729 2079 solutio
1747 2049 1891 2081 condicta
1904 2049 1955 2081 fo-

1096 2089 1163 2127 ret,
1182 2090 1249 2120 ejus
1262 2082 1382 2128 apocha
1399 2085 1436 2131 ad
1448 2086 1600 2120 debitoris
1619 2087 1816 2121 securitatem
1833 2091 1966 2131 plenam,

1096 2122 1251 2154 sufficeret
1274 2126 1336 2154 line
1361 2125 1485 2158 dubio:
1523 2136 1606 2160 nunc
1632 2139 1709 2161 vero
1742 2130 1896 2163 consensit
1922 2132 1955 2164 in

1095 2173 1188 2210 euin,
1217 2164 1255 2210 ad
1278 2163 1319 2210 Q.
1342 2165 1379 2198 E.
1398 2167 1434 2199 R.
1456 2168 1488 2200 P.
1514 2170 1603 2210 cujus
1620 2171 1787 2204 consensus
1807 2180 1892 2204 tanta
1910 2172 1957 2206 est

1095 2204 1250 2251 obligatio
1264 2227 1277 2251 ,
1310 2215 1369 2253 ut',
1399 2207 1419 2240 fi
1438 2209 1617 2243 consultum
1636 2211 1692 2244 fit>i
1708 2213 1787 2244 velit
1802 2214 1928 2246 debitor
1941 2237 1954 2255 ,

1094 2246 1193 2285 nulli,
1218 2247 1272 2278 niii
1288 2247 1326 2277 de
1343 2258 1411 2288 jure
1428 2251 1493 2290 ejus
1512 2252 1663 2292 edoelus,
1688 2252 1789 2286 solvat
1805 2255 1906 2286 recte:
1925 2266 1957 2287 a·-
1998 2286 2000 2291 ,

1094 2289 1217 2333 deoque
1240 2290 1377 2336 genuino
1404 2289 1456 2322 seu
1481 2293 1584 2334 primo
1609 2294 1787 2334 creditori,
1820 2296 1842 2328 fi
1859 2295 1954 2338 ipsam

1095 2337 1274 2375 cautionem
1293 2331 1505 2372 redhibuerit3
1529 2335 1662 2367 cuilibet
1677 2336 1748 2374 alii,
1771 2337 1792 2369 fi
1810 2347 1868 2368 una
1883 2347 1957 2370 cum

1096 2379 1242 2402 cautione
1258 2372 1376 2404 reddita
1393 2373 1520 2406 titulum
1546 2376 1700 2408 docuerit.
1746 2377 1872 2410 Pondus
1899 2378 1954 2410 liu-

1094 2414 1143 2459 jus
1160 2413 1279 2454 negotii
1297 2413 1501 2456 conspicuum
1515 2416 1560 2448 est
1574 2439 1585 2455 ,
1609 2417 1630 2449 fi
1647 2417 1785 2449 creditor
1801 2419 1954 2460 principa-

1097 2456 1136 2487 lis
1152 2453 1304 2501 solvendo
1322 2466 1391 2502 non⁶
1402 2457 1457 2496 iit,
1471 2465 1545 2489 tunc
1561 2459 1644 2490 enim
1660 2458 1828 2498 debitoris,
1844 2469 1955 2493 ainan-

1095 2496 1216 2528 datario
1235 2506 1266 2527 in
1288 2506 1353 2528 rein
1373 2499 1456 2529 iuain
1476 2499 1517 2530 ad
1530 2498 1692 2531 secundam
1708 2497 1896 2532 solutionem
1907 2501 1955 2540 J'u-

1096 2547 1129 2569 re
1146 2537 1270 2583 optimo
1291 2538 1442 2579 compulii
1458 2561 1470 2577 ,
1501 2540 1599 2572 inanis
1616 2541 1677 2571 erit
1695 2540 1855 2573 condictio
1872 2542 1956 2574 inde-

1101 2579 1168 2611 biti.
1214 2578 1284 2610 Alia
1299 2580 1436 2611 ratione:
1461 2580 1481 2612 ii
1501 2581 1570 2621 quis
1589 2579 1651 2612 fine
1669 2581 1807 2622 legitima
1823 2582 1962 2616 cessione

1099 2619 1337 2654 instrumentum
1354 2620 1557 2661 obligationis
1572 2621 1677 2653 nastris
1687 2645 1696 2660 ,
1730 2623 1819 2654 adeat
1833 2623 1957 2656 debito·

1098 2673 1163 2694 rem
1176 2685 1185 2701 ‚
1210 2661 1315 2702 isque,
1340 2661 1372 2692 in
1391 2661 1518 2693 titulum
1536 2661 1671 2694 hominis
1686 2660 1878 2696 fraudulenti
1892 2674 1958 2698 non

1100 2703 1276 2744 inquirens,
1310 2700 1435 2734 solvat:
1472 2703 1542 2744 quia
1565 2702 1661 2734 solvit
1683 2704 1731 2744 ci,
1754 2705 1791 2736 ad
1808 2715 1899 2746 quem
1919 2715 1957 2738 ea

1100 2754 1149 2776 res
1174 2752 1236 2775 non
1261 2743 1416 2783 pertinet,
1446 2743 1549 2774 denuo
1568 2753 1745 2777 conventus
1765 2755 1782 2777 a
1799 2747 1965 2779 creditore-

1099 2794 1177 2816 vero
1187 2808 1198 2824 ,
1222 2784 1306 2815 nulla
1321 2783 1429 2815 fronte
1446 2784 1655 2816 reluctabitur.
1682 2786 1870 2827 Experiatui·
1885 2786 1959 2821 cui‘n

1100 2835 1157 2865 co,
1189 2825 1240 2856 cui
1263 2825 1331 2864 jure
1357 2825 1445 2856 nullo
1473 2824 1589 2865 solvit,
1613 2827 1693 2867 apud
1709 2837 1800 2868 quem
1815 2828 1836 2860 ii
1852 2838 1900 2862 res
1919 2828 1957 2862 fit

1099 2866 1226 2908 angusta
1250 2865 1334 2897 domi
1351 2889 1360 2905 ,
1395 2865 1476 2897 serat
1499 2865 1558 2898 suae
1587 2867 1786 2909 negligentia:
1809 2871 1968 2910 p1·etium.1

1099 2907 1180 2939 Hauc
1198 2917 1246 2938 res
1266 2905 1351 2937 usum
1375 2907 1488 2946 habet,
1507 2908 1558 2939 vel
1575 2908 1687 2940 habere
1702 2909 1805 2951 potest
1813 2909 1956 2952 frequen-

1100 2956 1164 2980 teiii
1187 2948 1218 2979 in
1244 2948 1364 2988 vulgari
1381 2949 1462 2990 apud
1478 2948 1629 2981 nostrates
1651 2948 1806 2990 formula,
1833 2961 1894 2993 qua
1910 2949 1956 2984 so-

1100 2989 1181 3020 lutio
1205 2989 1402 3030 promittitur
1435 2999 1492 3022 acii
1521 2994 1577 3023 tien
1601 2992 1752 3031 mettium
1773 2992 1889 3032 Detinet
1923 2990 1962 3030 of

1099 3033 1226 3064 tuoiioct
1240 3030 1344 3068 uestes
1366 3040 1436 3072 quae
1452 3031 1542 3073 plane
1558 3030 1603 3063 est
1620 3033 1727 3065 eadem
1743 3042 1816 3065 cum
1838 3034 1895 3066 hac
1904 3043 1959 3066 no-

1100 3071 1180 3110 stra,
1203 3073 1228 3102 is
1248 3073 1285 3102 ad
1305 3081 1386 3113 quem
1404 3082 1438 3103 ca
1456 3083 1500 3104 res
1512 3074 1650 3113 pertinet.
1693 3073 1788 3106 Aliud
1802 3075 1880 3115 juvis
1896 3073 1957 3106 esse

1099 3112 1223 3143 videtui·
1242 3135 1252 3151 ,
1286 3113 1307 3144 fi
1330 3112 1445 3153 absque
1470 3114 1598 3156 legitimi
1611 3114 1784 3154 adit-‚stione
1805 3115 1926 3147 dicatur
1944 3137 1956 3153 ,

1099 3156 1156 3189 nnn
1181 3156 1296 3194 narrate
1318 3155 1355 3195 os
1377 3158 1505 3191 instruet
1518 3153 1625 3199 uestes
1646 3164 1718 3189 nam
1738 3163 1814 3190 tunc
1828 3157 1878 3189 vel
1894 3155 1958 3188 furi

1910 3205 1957 3228 re-
