2008 3436
423 105 827 145 CORNELII

176 195 298 227 tarum,
321 197 393 221 nam
419 198 461 221 ex
485 189 571 221 nitro
596 189 733 221 maxime
757 187 794 219 fit
820 185 924 226 pulvis
950 183 1040 216 belli-

175 240 233 262 cus
247 253 256 267 ‚
280 231 455 271 praecipuus
471 240 553 263 nunc
572 229 647 262 belli
664 230 777 262 fornes.
802 227 892 270 Quin
908 225 1041 258 animad-

178 272 283 311 verti,
307 273 425 306 nitrum
450 271 529 313 saepe
555 272 717 313 exprimi,
747 270 856 302 omina
880 269 1041 311 mentione

177 312 318 354 pulveris
341 313 450 345 bellici
473 336 482 352 ,
515 312 595 354 saepe
622 313 716 344 etiam
747 320 782 342 ea
811 310 926 342 addita.
977 307 1041 338 Ubi

179 353 288 386 omiss'a
305 353 351 386 est
363 377 373 393 ,
397 354 496 397 ipsum
514 355 631 386 nitrum
656 352 796 384 succedit
813 352 888 383 loeo
902 349 1041 391 pulveris

176 395 284 427 bellici
304 417 315 434 ,
345 395 397 427 ubi
425 396 528 428 addita
545 418 554 433 ‚
586 404 643 435 pro
668 393 842 434 synonimis
867 392 1039 428 habentur,

176 437 233 470 nist
257 437 375 469 nitrum
406 439 448 469 ob
469 437 661 478 praecipuum
686 436 749 474 ejus
775 435 807 466 in
827 434 911 465 bello
930 430 1017 463 usum
1031 453 1040 468 ,

178 479 363 519 exceperint
385 477 504 510 Gentes
526 488 543 508 a
571 477 732 513 materiis,
755 485 810 516 per
825 474 856 507 se
876 473 960 505 bello
976 481 1041 503 non

177 521 266 562 aptis.
299 519 350 551 De
368 519 499 551 Tabaco
519 518 636 559 magnis
657 517 767 549 animis
785 517 866 548 inter
882 512 1041 554 Hispanos

179 563 210 594 &
236 561 355 602 Anglos
377 561 538 601 quaelitum
561 557 622 590 eise
650 556 747 589 refert
767 556 935 590 Zoucheus
956 554 1040 585 Part.

179 602 219 636 ΙΙ.
245 604 278 633 de
300 603 377 643 Jure
396 601 461 632 Fet.
495 600 570 632 Secr.
595 605 624 634 8.
649 599 691 646 Q.
719 609 767 632 12.
791 600 821 631 ὃς
836 598 873 629 ab
894 594 1042 636 Hispanis

178 644 366 684 iudicatum,
389 643 470 674 inter
489 651 537 673 res
555 642 669 672 vetitas
688 640 766 678 ess‘e,
783 640 860 671 adeo
877 645 1044 679 propterea

179 685 410 726 indignantibus
425 683 534 723 Anglis
549 705 559 720 ‚
582 690 618 714 ut
641 682 737 713 etiam
754 689 866 713 contra
887 678 1044 719 Hispanos

180 725 371 767 repreffalias
394 723 613 756 concess'erint.
658 722 717 754 Sed
742 732 780 754 an
806 731 842 753 ea
859 728 1042 764 controver-

180 767 221 801 sia
241 768 280 798 de
303 765 414 797 tabaco
429 765 552 796 tandem
570 765 603 797 in
619 763 741 796 fumum
761 763 894 801 abierit,
917 759 1043 798 nescio;

182 808 244 840 hoc
260 808 324 840 scio
336 831 344 843 .
369 816 419 838 me
439 805 585 847 Hispanis
601 815 665 838 non
684 804 883 842 consentire,
903 803 975 843 quia
992 810 1042 831 ve-

181 859 250 882 rum
270 847 335 887 est,
360 848 461 879 tabaci
483 847 606 880 nullum
622 846 683 878 effe
699 845 786 878 usum
806 846 844 877 ad
861 843 1043 876 caedendum

181 890 312 922 hostem.
360 889 447 934 Quin
476 889 506 920 ἃ
525 899 589 921 non
616 886 713 920 h'ostis
732 888 769 919 ad
794 886 967 919 amicorum
987 884 1041 915 ho-

182 931 258 964 stem
280 931 362 962 recte
380 930 521 962 tabacum
547 930 677 961 veheret
700 938 739 961 cx
756 930 783 960 d.
808 927 855 969 ἕξ.
881 938 912 969 3.
935 936 965 966 4.
995 933 1042 964 15.

182 973 219 1009 &³
240 976 286 1005 16.
311 973 388 1004 licet
414 972 498 1004 enim
524 970 692 1003 secundum
715 980 770 1002 eos
796 970 844 1011 ᾗῇ.
870 968 1046 1000 amicorum

182 1014 323 1047 hostibus
340 1013 445 1045 omnia
461 1013 615 1044 advehere
626 1036 634 1047 .
648 1022 718 1052 quae
729 1034 738 1049 ‚
754 1012 798 1042 ita
817 1011 862 1041 uti
880 1008 950 1040 sunt
961 1031 970 1046 ‚
983 1007 1047 1038 bel-

183 1057 217 1089 lo
232 1065 296 1088 non
313 1054 383 1086 sunt
401 1063 492 1095 apta,
506 1054 535 1085 ὅ(
550 1053 734 1086 nominatim
751 1053 833 1084 inter
851 1051 953 1083 licitas
967 1058 1045 1080 mer-

182 1107 235 1129 ces
251 1097 397 1129 tabacum
417 1104 596 1127 numeratur
614 1095 645 1127 iu
664 1096 693 1126 d.
718 1093 745 1136 §.
766 1103 797 1134 4.
813 1092 898 1125 Patri
919 1100 945 1122 1.
964 1089 1044 1122 Dec.

187 1143 226 1171 16
271 1163 277 1170 .

226 1149 267 1212 gi
277 1180 389 1221 pignus
405 1178 602 1221 publicetur,
625 1178 673 1218 jus
696 1176 837 1218 pignoris
851 1185 914 1207 non
933 1172 1045 1218 exstin-

185 1255 192 1262 .
208 1222 257 1260 ui,
283 1230 405 1252 certum
422 1220 466 1252 est
479 1230 519 1251 ex
536 1220 556 1251 l.
583 1229 632 1250 22.
657 1218 684 1260 §.
714 1228 739 1249 1.
759 1217 799 1259 ff.
824 1219 857 1248 cle
873 1216 949 1257 Jure
970 1214 1045 1254 FiJc.

220 1263 297 1301 nde,
322 1272 393 1294 cum
419 1262 509 1293 amici
532 1262 560 1288 ττὲ
574 1260 765 1291 contrahenda
782 1259 921 1301 goederen
937 1255 974 1286 ad
991 1256 1046 1286 ho-

185 1302 377 1337 stesnostros
393 1301 590 1334 destinass'ent
598 1309 713 1341 ,eaque
729 1309 786 1339 pro
802 1297 946 1330 mercede
955 1305 1050 1327 trans-

187 1345 341 1377 veffionis
366 1343 467 1376 inuitis
491 1342 696 1382 obliguss'ent,
719 1340 740 1372 sl
764 1340 795 1371 in
813 1340 927 1371 itinere
942 1337 1050 1378 depre-

187 1386 394 1418 henderentur
406 1408 415 1422 ‚
440 1384 469 1415 δε
485 1384 684 1414 comi-abunda
699 1381 954 1422 publicarentur,
979 1387 1051 1410 nau-

187 1436 250 1465 tas,
276 1434 419 1466 tanquam
442 1425 556 1456 itinere
582 1423 743 1464 perfetio,
765 1422 942 1454 mercedem
965 1419 1050 1451 suam

187 1468 259 1500 inde
276 1467 437 1499 habituros
453 1464 634 1507 responsum
651 1464 696 1496 est
713 1463 816 1502 Confil.
832 1463 917 1505 Belg.
937 1461 971 1507 Τ.
994 1460 1051 1492 IV.

186 1507 294 1547 Constl.
319 1513 390 1543 208-
415 1518 446 1540 n.
473 1517 499 1539 1.
524 1506 560 1542 ὅ)
577 1517 606 1539 2.
631 1507 661 1538 ὅ(
678 1500 1051 1548 1’θ]αῑαιῃ,ἰωῇυᾰιε3ίξε

186 1549 438 1582 Admiralitatem
473 1547 588 1579 Noord
601 1547 845 1580 -Hollandicam
888 1549 919 1577 6.
972 1543 1052 1583 MaJ.

192 1594 282 1631 1665.
308 1591 339 1623 &
360 1590 505 1623 Frificam
533 1598 582 1621 12.
605 1589 665 1629 Jul.
688 1588 826 1628 eJusdem
852 1587 951 1625 anni,
982 1586 1055 1624 quia

190 1631 310 1664 scilicet
331 1642 381 1665 res
406 1630 513 1665 tranfit
536 1639 610 1663 cum
632 1631 689 1663 suo
712 1638 826 1669 onere,
851 1629 924 1670 quia
946 1626 1055 1659 Fiscus

177 120 247 149 ,212
900 113 1010 141 VAN

800 1749 1152 1786 CAPUT

1083 81 1682 140 BYNKERSHoeK

1087 183 1173 215 cedit
1188 182 1414 222 creditoribuS,
1439 183 1469 216 dt
1493 193 1563 225 quae
1584 183 1646 214 alia
1663 183 1734 215 sunt
1751 185 1887 225 ejusdem
1902 187 1945 221 fa·
1998 209 2000 217 .

1084 225 1173 256 rinae.
1214 225 1275 256 Sed
1291 233 1403 256 contra
1424 225 1579 264 judicavit
1595 224 1795 258 Admiralitas
1815 227 1947 261 Amster-
1994 250 1996 257 s

1082 266 1265 299 dammenfis
1292 275 1322 303 9.
1347 266 1406 306 Jul.
1436 266 1526 297 1665.
1550 263 1734 307 verflekende
1756 268 1790 298 de
1807 267 1947 310 Eusthen-

1083 316 1144 338 van
1161 307 1234 338 haar
1249 313 1377 349 vragten
1395 309 1426 338 in
1443 305 1555 348 quaestie
1565 331 1575 347 ,
1598 307 1791 349 gereserveert
1799 304 1857 341 hu'n
1866 318 1943 354 mgr,

1081 349 1156 379 claar
1170 358 1206 389 κγ
1220 350 1335 380 meineri
1352 355 1378 379 te
1403 350 1556 387 beminen,
1582 358 1617 379 uc
1637 349 1768 380 habetur
1784 351 1812 382 d.
1840 352 1943 393 Confil.

1086 393 1156 423 208.
1187 399 1216 420 π.
1232 399 1270 431 ⁷3.
1317 389 1415 430 idque
1439 390 1532 431 longe
1556 389 1747 421 veriffimum
1769 390 1817 427 est
1833 415 1844 432 ,
1873 403 1944 427 nam

1086 431 1244 461 mercedes
1268 440 1329 462 non
1355 432 1526 469 debentur,
1561 431 1616 463 nisi
1641 431 1755 463 itinere
1782 433 1945 476 perfecto,

1087 472 1136 510 &,
1159 481 1198 503 ne
1211 471 1434 512 perficeretur,
1459 472 1556 505 hostis
1571 473 1639 513 jure
1651 473 1827 514 prohibuit.
1849 474 1947 510 Dein-

1079 512 1123 558 de
1140 513 1340 558 publicantur
1357 516 1556 545 contrabanda
1572 514 1624 545 vel
1641 524 1683 546 ex
1699 515 1835 555 delicto,
1859 517 1890 549 &
1901 517 1946 550 itu

1082 553 1166 585 nihil
1194 563 1297 585 mlnus
1324 555 1551 587 commiserunt
1577 556 1749 596 navarchi,
1771 566 1866 598 quam
1892 557 1947 599 ipfi

1084 595 1235 626 mercium
1253 595 1422 627 vetitarum
1436 596 1576 634 domini,
1589 598 1659 637 vel,
1673 598 1758 638 quod
1774 597 1873 639 magis
1890 598 1946 640 est,

1084 645 1134 682 ex·
1151 645 1202 675 re,
1227 645 1267 682 ex
1285 636 1348 677 ipsa
1367 638 1515 668 nimirum
1534 639 1779 670 transvectione:
1804 640 1948 680 quamvis

1085 686 1169 722 enim
1190 686 1293 709 amico
1308 677 1417 710 nostro
1436 688 1500 710 non
1520 678 1667 719 poffimus
1688 681 1882 712 commercio
1901 681 1946 714 in·

1087 718 1240 764 tei-dicere
1254 728 1325 750 cum
1341 719 1429 751 hoste
1443 719 1568 758 nostro,
1594 721 1754 761 poll'umus
1769 728 1870 753 tamen
1879 730 1948 763 pro-

1088 760 1221 805 hibere,⁸
1234 769 1274 790 ne
1298 760 1329 791 in
1344 761 1429 793 bello
1447 760 1495 792 illi
1513 760 1608 800 profit
1626 762 1657 793 in
1677 771 1788 794 necem
1805 762 1945 797 nostram.

1084 801 1192 841 Atque
1213 808 1276 847 ita„
1301 802 1384 842 quod
1410 802 1608 843 publicatur,
1633 803 1846 844 publicabitur
1871 805 1951 838 citra

1086 843 1187 874 ullum
1208 842 1302 873 ullius
1326 843 1463 875 hominis
1487 842 1660 883 respectum
1674 866 1685 882 ,
1708 844 1947 887 &shabebitun

1086 893 1122 914 ac
1139 882 1160 915 fi
1175 883 1207 914 vi
1223 883 1329 915 divina
1347 884 1502 925 periisset,
1526 883 1680 917 exstineto
1695 885 1737 918 fic
1753 885 1821 926 jure
1839 886 1948 929 pigno-

1086 925 1138 970 ris.
1163 924 1221 956 Sed
1240 925 1567 972 illisssonsultoribus
1586 926 1756 966 placuisse,
1780 927 1951 962 navarchus

1089 976 1122 998 m
1143 966 1311 1011 publicatis
1334 968 1540 998 contrabandis
1564 967 1793 1008 praeferendos,
1814 978 1877 1001 non
1893 970 1948 1001 mi-

1089 1016 1158 1046 ror,
1170 1016 1266 1038 miror
1284 1008 1409 1045 potius,
1420 1008 1505 1049 quod
1522 1018 1584 1039 non
1600 1009 1630 1040 δι
1646 1009 1791 1042 dominos
1801 1011 1951 1043 mercium

1089 1050 1259 1079 vetitarum
1283 1050 1502 1088 praetulerint,
1527 1059 1597 1080 nam
1624 1050 1653 1082 &
1678 1051 1709 1082 hi
1728 1051 1777 1090 jus
1799 1052 1831 1082 in
1849 1061 1882 1083 re
1902 1051 1952 1084 ha-

1088 1089 1184 1128 bent,
1211 1091 1434 1130 proprietatem
1453 1099 1586 1131 nempe,
1608 1091 1694 1132 quod
1712 1092 1855 1126 omnium
1876 1093 1952 1126 vali·

1089 1130 1242 1162 dissimum
1255 1129 1310 1163 est.

1130 1171 1257 1212 Negant
1275 1171 1292 1211 (
1306 1182 1341 1212 15
1355 1172 1390 1213 ),
1415 1173 1569 1204 Foederati
1596 1173 1625 1205 <St
1644 1172 1719 1206 socii
1738 1173 1834 1207 nostri
1851 1175 1952 1208 subdi-

1090 1220 1157 1244 tum
1179 1236 1188 1251 ‚
1221 1212 1259 1242 ad
1283 1222 1484 1244 communem
1510 1213 1627 1244 hostem
1655 1225 1883 1248 commeantem
1901 1241 1912 1256 ,
1935 1227 1954 1249 a

1092 1254 1184 1286 nobis
1202 1253 1322 1293 puniri,
1343 1254 1396 1285 vel
1413 1263 1461 1285 res
1477 1255 1543 1293 ejus
1560 1254 1711 1294 publicari
1725 1256 1829 1296 poss'e,
1850 1267 1955 1298 quem-

1094 1303 1154 1335 que
1175 1295 1256 1325 enim
1284 1294 1461 1336 Principem
1485 1296 1537 1326 sua
1560 1295 1651 1335 ipsius
1668 1296 1777 1328 Edicta
1800 1297 1956 1340 exsequi,

1093 1336 1235 1376 adeoque
1250 1336 1350 1368 nullas
1366 1336 1418 1367 hic
1433 1335 1493 1367 esse
1510 1335 1745 1369 Foederatorum
1762 1347 1873 1378 partes.
1896 1340 1956 1372 Sed

1094 1377 1195 1416 ratio,
1220 1375 1293 1408 usus
1316 1386 1410 1418 atque
1436 1376 1500 1417 ipsa
1532 1377 1650 1409 utilitas
1676 1387 1744 1410 eam
1771 1378 1955 1416 sententiam

1094 1426 1254 1449 evertunt.
1279 1417 1423 1457 Excute,
1446 1418 1467 1450 fi
1483 1419 1686 1450 commodum
1703 1419 1767 1459 est,
1790 1430 1858 1462 quae
1873 1422 1955 1454 eade

1094 1468 1127 1490 re
1153 1459 1246 1490 habet
1272 1459 1420 1491 Aitzema
1446 1459 1485 1491 L.
1521 1458 1639 1493 XLVI.
1669 1466 1702 1501 p.
1724 1465 1796 1499 629.
1818 1461 1856 1498 ἑὸ)
1877 1466 1952 1506 630.

1095 1510 1166 1532 nam
1187 1499 1251 1540 ipse
1275 1501 1436 1539 abstineo,
1461 1501 1553 1542 quia,
1577 1501 1598 1533 fi
1621 1501 1780 1542 dicamus,
1802 1504 1886 1544 quod
1905 1513 1954 1537 res

1096 1540 1173 1587 est,
1185 1542 1222 1572 ad
1241 1544 1271 1570 πὶ
1290 1543 1489 1574 contrahenda
1508 1541 1579 1574 haec
1601 1542 1732 1584 quaestio
1749 1545 1874 1586 proprie
1890 1553 1954 1578 non

1095 1590 1240 1625 pertinet.
1935 1594 1937 1596 ·

1248 1748 1335 1783 XI.

445 1839 585 1889 Obseffis
612 1841 771 1883 Urbibus,
800 1837 939 1886 Castris,
964 1838 1124 1873 Portubus
1147 1849 1189 1872 an
1214 1838 1378 1883 quicquam
1405 1835 1501 1874 liceat
1527 1837 1708 1873 advehere?

263 1950 284 1972 x
300 1940 424 1971 ratione
442 1938 603 1970 communi
619 1938 648 1970 ὅ(
669 1936 822 1969 Gentium
841 1935 898 1968 usu
913 1934 1053 1967 Urbibus

278 1980 403 2012 obseffis
431 1979 509 2011 nihil
536 1980 704 2021 quicquam
726 1979 802 2010 licet
818 1977 992 2016 advehere,
1018 1984 1053 2008 ut

190 2025 249 2056 alia
273 2021 437 2053 occafione
462 2020 551 2061 supra
573 2019 715 2052 dicebam
739 2021 769 2051 C.
796 2019 852 2051 IV.
897 2018 930 2050 Id
953 2017 1053 2060 ipsum

192 2072 322 2105 quoque
343 2062 426 2093 dixit
446 2060 578 2093 Grotius
602 2063 635 2092 de
659 2061 736 2103 Jure
757 2061 792 2093 B.
819 2060 906 2095 &R
931 2059 970 2090 L.
997 2058 1051 2090 III.

193 2106 227 2138 C.
253 2105 277 2136 I.
300 2103 330 2145 §.
353 2111 384 2142 5.
409 2112 439 2133 n.
464 2112 492 2143 3.
520 2103 676 2142 improbat
698 2103 782 2133 enim
798 2101 1053 2139 subvectionem,

191 2145 216 2186 li
225 2146 304 2189 juris
317 2145 373 2175 mei
388 2143 595 2184 exsecutionem
610 2153 706 2174 rerum
713 2142 861 2184 fiibvefflo
879 2143 1055 2183 impedierit,

193 2189 279 2228 idque
288 2185 368 2235 scire
383 2186 528 2225 potuerit,
554 2185 603 2227 qui
618 2186 759 2223 advexit,
781 2190 813 2216 ut
823 2183 852 2223 fi
866 2185 998 2225 oppidum
1011 2185 1054 2214 ob-

183 2229 287 2271 seffum
313 2228 462 2265 tenebam,
479 2224 508 2264 fi
525 2231 626 2266 porcus
651 2225 780 2267 clausbs,
804 2226 840 2261 &³
858 2227 924 2268 jam
948 2226 1054 2257 deditio

194 2276 246 2302 aut
258 2275 323 2310 pax
341 2267 564 2309 exspetiahatur.
611 2268 686 2300 Sola
700 2268 819 2300 obsidio
836 2268 868 2299 in
883 2267 972 2299 causa
989 2265 1034 2298 est
1045 2288 1057 2304 ,

193 2321 250 2343 cur
267 2309 347 2342 nihil
362 2308 486 2340 obseffis
501 2307 674 2340 subvehere
689 2308 870 2348 liceat,five
886 2310 1059 2340 contraban-

194 2354 261 2384 dum
278 2351 333 2390 fit,
357 2350 421 2382 five
438 2359 502 2382 non
520 2349 575 2387 iit,
597 2360 669 2381 nam
686 2350 794 2382 obseffi
809 2359 872 2382 non
890 2358 1010 2382 tantum
1025 2348 1057 2380 vi

195 2400 354 2434 coguntur
370 2392 407 2423 ad
420 2390 612 2423 deditionem
622 2414 631 2430 ,
642 2390 693 2422 sed
711 2391 740 2423 &
755 2391 856 2431 fame,
867 2392 897 2423 ὅ(
914 2391 973 2423 alia
987 2391 1057 2423 alia-

192 2443 380 2467 l'Uanl‘Cl'Uln
399 2433 538 2474 penuria.
582 2432 613 2464 Si
640 2432 713 2474 quid
730 2442 858 2473 eorum,
883 2433 995 2475 quibus
1014 2433 1058 2464 in-

193 2477 319 2516 digent,
345 2474 402 2506 tibi
426 2473 547 2506 adferre
570 2473 682 2506 liceret
697 2496 707 2511 ,
738 2484 798 2515 ego
818 2474 906 2505 forte
930 2483 1060 2515 cogerer

197 2516 391 2548 oblidionem
414 2515 556 2554 solvere,
582 2515 612 2547 ὅ(
629 2515 670 2547 fic
691 2515 777 2547 facto
794 2523 850 2547 tuo
871 2515 948 2548 mihi
967 2525 1060 2547 noce-

197 2567 267 2595 res,
288 2556 373 2597 quod
386 2556 528 2596 iniquum
545 2555 600 2587 est.
625 2556 711 2601 Quia
724 2565 829 2588 autem
844 2556 914 2589 sciri
929 2558 1038 2598 nequit
1049 2580 1059 2596 ,

197 2598 310 2640 quibus
325 2597 415 2628 rebus
432 2595 541 2627 obseffi
557 2595 731 2636 indigeant,
756 2598 868 2637 quibus
884 2599 1060 2635 abundent,

198 2639 302 2671 omnis
319 2636 480 2669 subvectio
503 2637 604 2667 vetita
627 2636 690 2675 est,
717 2638 857 2679 alioquin
884 2639 1062 2670 altercatio-

148 2707 153 2712 .
199 2690 272 2713 num
291 2679 397 2711 nullus
415 2677 546 2709 omnino
561 2676 637 2709 ess'et
653 2678 764 2709 modus
779 2679 831 2710 vel
846 2678 928 2711 finis.
951 2678 1064 2710 HaCte-

199 2732 258 2754 nus
285 2720 393 2752 Grotii
417 2718 580 2751 sententiae
607 2719 743 2758 accedo,
779 2718 830 2750 sed
855 2720 991 2757 vellem,
1023 2729 1063 2752 ne

200 2763 315 2795 ibidem
330 2760 492 2793 addidiss'et
501 2783 513 2799 ,
535 2769 611 2792 tunc
625 2760 749 2791 demum
765 2760 795 2791 id
812 2768 921 2792 verum
937 2760 1015 2799 effe,
1035 2760 1064 2800 fi

196 2806 263 2847 jaziz
279 2804 386 2835 deditio
401 2808 453 2834 am
462 2808 527 2843 pax
544 2801 777 2843 exspectabatur,
800 2802 830 2834 &
845 2810 943 2840 mox,
966 2811 1056 2840 eum,

201 2846 255 2886 qui
279 2844 320 2877 fic
348 2852 450 2875 tamen
477 2842 643 2882 subvexit,
668 2844 761 2874 teneri
776 2844 810 2874 de
828 2843 950 2881 damno,
975 2843 1060 2883 culpa

200 2889 286 2925 clato,
312 2885 385 2924 vel,
401 2884 430 2924 fi
453 2886 590 2926 damnum
613 2886 737 2916 nondum
760 2885 892 2923 dederit,
915 2884 970 2925 sed
993 2885 1061 2917 dare

201 2929 344 2964 voluerit,
364 2928 414 2970 jus
438 2927 488 2968 effe
507 2936 602 2958 rerum
625 2927 783 2957 retentione
809 2936 872 2957 eum
889 2935 1006 2968 cogere,
1030 2931 1062 2956 ut

202 2970 235 2999 cie
245 2970 349 3008 sucuro
365 2974 469 3000 caveat
483 2967 638 3008 ohstclihus,
658 2969 828 3010 pignoribus
839 2990 849 3006 ,
872 2973 922 3000 aut
938 2967 995 3000 alio
1004 2976 1060 2998 mo-

202 3011 247 3040 rlo.
271 3010 417 3048 Vellem,
432 3010 575 3050 inquam,
593 3019 633 3040 ne
650 3009 718 3040 haze
737 3008 898 3041 addidiss‘et
915 3006 1059 3047 Grotius,

201 3059 272 3083 nain
287 3060 343 3082 nee
358 3051 474 3083 rationi
489 3059 683 3083 conveniunt
693 3059 770 3090 ‚nec
785 3050 881 3092 pactis
896 3049 1060 3088 Gentium,

240 3187 319 3226 (15)
339 3188 428 3225 Corfil.
453 3189 531 3227 Belg,
554 3189 586 3221 T.
605 3191 658 3220 LV.
682 3189 785 3223 Confli-
806 3197 871 3225 214.

1095 1945 1164 1977 quae
1179 1934 1255 1966 mihi
1274 1933 1502 1967 succurrerunt.
1540 1934 1623 1977 Quae
1643 1935 1724 1967 ratio
1738 1943 1788 1966 me
1806 1933 1956 1975 arbitrum

1098 1976 1264 2009 constituit
1286 1977 1325 2007 de
1349 1975 1458 2008 futura
1481 1976 1643 2008 deditione
1667 1983 1720 2008 aut
1737 1975 1838 2016 pace?
1860 1975 1909 2014 δι,
1932 1975 1955 2008 fi

1096 2026 1207 2050 neutra
1223 2015 1438 2057 exspectetur,
1460 2017 1521 2057 jam
1542 2015 1654 2047 licebit
1667 2015 1790 2048 obseffis
1805 2016 1957 2057 quaelibet

1098 2057 1277 2090 advehere?
1300 2058 1365 2088 imo
1380 2067 1537 2097 nunquam
1554 2057 1651 2094 licet,
1675 2058 1807 2089 durante
1823 2057 1956 2089 oblidio-

1099 2110 1158 2140 ne,
1182 2100 1211 2132 &
1228 2099 1320 2131 amici
1340 2108 1404 2130 non
1418 2099 1462 2130 est
1485 2097 1606 2130 causam
1632 2099 1724 2131 amici
1737 2098 1887 2140 perdere,
1908 2097 1962 2130 vel

1100 2151 1229 2183 quoquo
1246 2140 1342 2172 modo
1358 2140 1544 2172 deteriorem
1558 2139 1674 2172 facere.
1705 2139 1749 2172 Et
1759 2162 1770 2178 ‚
1794 2139 1847 2181 qui
1865 2139 1958 2171 adve-

1099 2185 1168 2223 xit,
1192 2191 1256 2214 non
1271 2182 1354 2213 ultra
1369 2183 1547 2219 tenebitur,
1573 2190 1664 2221 quam
1680 2181 1719 2212 de
1733 2181 1849 2213 damno
1867 2180 1960 2221 culpa

1099 2225 1173 2257 dato
1184 2224 1201 2257 ἱ)
1224 2223 1333 2265 atquin
1348 2223 1378 2255 in
1395 2223 1526 2255 subditis
1540 2221 1570 2254 id
1595 2221 1712 2264 semper
1727 2221 1862 2262 capitale
1877 2219 1961 2261 fuit,

1100 2267 1176 2308 quin
1196 2266 1226 2297 &
1242 2265 1274 2296 in
1289 2265 1414 2303 amicis,
1437 2263 1551 2296 Ediclo
1567 2271 1639 2295 ante
1663 2263 1813 2302 monitis,
1835 2261 1915 2336 saelpe
1930 2261 1961 2295 Gt

1100 2309 1131 2340 in
1147 2317 1211 2340 non
1225 2307 1365 2338 monitis.
1390 2305 1534 2346 Cumque
1547 2305 1661 2346 privati
1676 2304 1752 2342 sint,
1797 2303 1828 2336 ui
1884 2312 1961 2336 uero

1101 2349 1257 2381 inhiantes
1267 2347 1498 2386 ,laborantibus
1508 2345 1632 2378 obseffis
1649 2345 1767 2378 soleant
1797 2344 1959 2382 ubvenire‚

1101 2390 1153 2422 fac
1168 2390 1328 2432 privatum
1350 2391 1403 2421 sua
1420 2388 1623 2422 subvectione
1638 2385 1793 2425 effeciffe,
1817 2393 1856 2417 ne
1875 2383 1959 2417 Urbs

1102 2432 1261 2473 capiatur,
1284 2431 1341 2463 vix
1355 2438 1460 2472 putem
1473 2452 1483 2468 ,
1505 2429 1562 2461 ulli
1579 2429 1704 2470 privato
1721 2433 1840 2459 tantum
1857 2424 1918 2457 esse
1926 2426 1959 2458 in

1102 2482 1191 2512 arca,
1216 2481 1252 2504 ut
1277 2472 1423 2504 damnum
1445 2471 1561 2509 Urbis,
1584 2469 1634 2501 sua
1653 2468 1744 2508 culpa
1757 2475 1819 2499 non
1836 2474 1958 2507 captae,

1102 2514 1250 2547 resarcire
1271 2513 1382 2555 posset.
1427 2510 1559 2549 Rursus,
1583 2510 1603 2542 fi
1626 2509 1694 2549 quis
1711 2507 1850 2540 nondum
1867 2507 1958 2539 adve-

1102 2557 1171 2597 xit,
1197 2555 1267 2594 sed,
1290 2555 1364 2587 dum
1381 2554 1535 2586 advehere
1551 2550 1673 2596 voluit,
1696 2548 1960 2595 deprehendatur,

1102 2599 1168 2630 sola
1181 2606 1283 2629 rerum
1298 2596 1544 2635 interceptarum
1561 2598 1737 2622 retentione
1754 2599 1870 2622 erlmus
1886 2599 1961 2623 con-

1106 2639 1204 2678 tenti,
1230 2638 1323 2678 idque
1335 2637 1434 2668 donec
1449 2641 1596 2665 caveatur
1606 2654 1616 2669 ,
1633 2631 1717 2678 ,nihil
1734 2631 1795 2663 tale
1811 2631 1843 2663 in
1858 2629 1959 2672 poste-

1105 2690 1174 2712 rum
1189 2677 1385 2710 commiss'um
1400 2675 1462 2708 iri?
1487 2674 1556 2715 Ego
1573 2683 1608 2704 ca
1623 2672 1776 2704 iententia
1790 2681 1855 2705 non
1875 2680 1960 2710 utor,

1105 2721 1162 2753 usu
1177 2719 1322 2757 edoctus,
1347 2717 1384 2749 ad
1403 2714 1565 2748 minimum
1589 2724 1636 2746 res
1655 2714 1846 2755 interceptas
1861 2711 1960 2755 publi-

1104 2762 1187 2800 cari,
1209 2760 1288 2801 saepe
1311 2759 1341 2790 &
1362 2766 1485 2799 poenam
1508 2756 1612 2798 exigi,
1636 2754 1658 2787 si
1681 2765 1746 2788 non
1769 2753 1960 2796 capitalem,

1103 2804 1194 2834 aliam
1210 2808 1297 2832 certe
1314 2799 1519 2840 corporalem.

1144 2842 1240 2877 Nunc
1263 2840 1370 2882 accipe
1394 2839 1480 2881 patra
1502 2838 1642 2880 quaedam
1666 2839 1698 2871 in
1724 2837 1803 2869 hanc
1818 2845 1901 2869 rem:
1926 2835 1958 2871 in

1104 2885 1131 2927 §.
1156 2893 1185 2925 7.
1231 2882 1313 2914 Patri
1331 2881 1441 2913 marini
1466 2881 1546 2912 inter
1564 2880 1679 2921 Regem
1700 2877 1829 2920 Hispan.
1854 2878 1884 2910 &
1899 2877 1959 2910 Or-

1104 2926 1192 2957 dines
1217 2923 1330 2955 Gener.
1368 2933 1413 2963 17.
1447 2920 1528 2953 Dec.
1563 2925 1653 2962 1650.
1676 2920 1751 2962 (1)
1778 2919 1958 2962 {impliciter

1103 2965 1275 3001 convenit,
1301 2965 1394 2995 etiam
1417 2973 1479 2995 non
1505 2965 1703 2995 contrahenda
1720 2972 1782 2994 non
1800 2961 1894 2994 licere
1908 2959 1958 2993 ad-

1104 3007 1217 3038 vehere
1238 3005 1375 3036 Urbibus
1393 3006 1513 3037 locisve
1532 3004 1666 3037 obsessis.
1699 3003 1797 3036 ·ldem
1818 3000 1862 3034 est
1879 3002 1911 3036 in
1929 2999 1958 3042 §-

1103 3058 1152 3086 29·
1176 3047 1260 3080 PaCt.
1284 3055 1455 3079 commerc.
1480 3046 1561 3080 inter
1580 3043 1835 3088 chemiGalliae
1853 3042 1958 3116 &dor-

1896 3091 1958 3119 mes

1145 3186 1204 3224 (r)
1223 3186 1298 3216 Piae.
1320 3186 1340 3215 1.
1364 3194 1387 3216 1.
1409 3194 1435 3215 2.
1461 3195 1486 3220 5·
