2008 3436
190 137 258 172 154
456 128 856 165 CORNELII

187 215 289 238 aurem
306 205 444 248 placuit,
469 217 505 240 ut
524 219 571 241 res
589 210 710 241 exitum
728 208 854 240 babere:
870 233 879 246 ,
904 218 1005 249 ncquc
1021 219 1048 239 e-

183 247 265 286 nim,
291 256 442 289 quantum
459 251 589 295 quisquc
605 251 729 289 tulerit,
756 249 956 282 demonstrari
984 251 1051 281 ulio

185 289 282 319 modo
301 290 414 330 potest.
460 291 555 323 Aliud
571 292 695 323 obtinet
716 293 746 323 in
764 291 964 322 contli‘tlione
985 290 1049 322 fur-

187 331 273 368 tiva,
299 330 351 362 ubi
374 340 486 363 contra
508 332 643 373 singulos
662 332 747 363 fures
767 333 880 363 electio
908 329 952 363 est
976 335 1002 362 cl.
1028 333 1048 361 l.

165 379 213 411 ⁸1.
260 371 432 413 Utriusque
458 373 590 405 astionis
610 372 819 405 differentiam
855 373 983 403 notavit
1020 373 1049 404 δε

185 408 234 443 Cl.
254 412 447 444 Burmannus
470 415 505 445 ad
535 415 621 446 Fabii
647 415 686 445 L.
712 413 783 445 VH.
816 414 844 444 C.
870 417 898 444 ὦ.
918 421 968 453 pr.
1000 413 1049 444 sed

184 452 269 483 addit
291 454 333 485 ibi
355 455 494 495 qtlaedam
508 480 517 494 ‚
550 466 618 497 quie
634 455 697 496 ipse
714 464 777 485 non
803 454 874 485 sutis
892 454 1046 495 intelligo.

184 493 335 526 Ceterum
363 496 392 527 δί
416 496 478 527 hoc
501 497 598 533 quaeri
623 496 723 537 poll'et
740 520 750 534 ,
774 495 915 535 quamvis
938 494 1048 536 singuli

184 533 289 574 fures,
314 535 335 567 fi
359 536 396 567 ad
416 535 539 577 poenai'n
565 547 652 578 agam
671 560 679 574 ‚
713 537 743 567 in
770 535 901 568 solidum
927 543 1049 567 tenean-

186 582 260 616 tur,
295 576 315 608 si
345 586 422 608 unus
454 587 575 618 poenam
600 576 806 617 praestiterit‚
870 578 919 607 uia
953 586 1050 608 unum

183 615 305 648 furtum
334 618 400 657 est,
438 628 511 649 num
540 619 666 649 alterius
688 623 779 658 poena
809 587 1023 658 exstinguatur
1040 643 1050 658 ‚

185 657 215 689 δε
233 659 330 690 ceteri
346 683 357 698 ‚
382 667 539 700 quotquot
561 658 678 690 fuerint
696 681 706 696 ‚
731 659 902 691 liberentur
920 660 936 690 22
961 660 1049 690 item-

923 139 1028 164 VAN

799 750 1154 785 CAPUT

791 834 832 876 &²9

398 834 557 870 Tentatur
587 837 764 871 emendatio

290 931 380 962 dibus
398 931 549 963 distrattis
568 932 640 970 quid
661 933 751 964 cedat
766 957 774 972 ‚
800 932 954 975 Ulpianus
976 933 1048 965 defi-

311 973 392 1004 nivit
408 973 438 1004 in
463 974 482 1004 l.
512 983 558 1016 13.
585 974 613 1015 ᾗ,
638 984 691 1016 31·
717 975 746 1006 &
769 976 787 1006 l.
808 984 851 1015 17.
878 975 987 1016 §.7.8.
1014 975 1050 1010 {5⁹

182 1023 210 1051 9.
230 1016 269 1055 ff.
294 1016 328 1044 (le
350 1013 470 1044 Aciimz.
497 1014 596 1055 Empi.
644 1016 719 1055 Ejus
738 1017 767 1047 in
790 1019 817 1046 (ἰ.
841 1018 859 1046 1.
889 1026 935 1055 17.
963 1019 988 1058 §.
1018 1022 1045 1050 8.

183 1055 251 1087 haec
268 1055 329 1087 effe
346 1055 441 1087 verba
457 1057 640 1088 creduntur:
670 1057 796 1094 Callella
809 1058 946 1096 plumbea
962 1082 970 1096 ,
991 1065 1044 1097 pa-

183 1103 250 1135 rea,
273 1098 409 1138 opercula
421 1104 600 1137 pilleorum,
623 1100 753 1137 epitonia
774 1099 888 1140 fistulis
912 1102 1044 1139 adplam-

182 1141 254 1168 bata
272 1161 283 1176 ,
311 1144 364 1169 aut
388 1148 450 1179 quse
478 1145 560 1170 terra
585 1142 777 1171 confivzen'tzir
793 1165 803 1179 ‚
827 1150 967 1181 quamvis
988 1153 1045 1172 muz

175 1178 239 1218 fiac
256 1179 378 1220 adfixa,
390 1183 494 1211 aetlizmz
510 1181 561 1220 effe
580 1181 702 1221 consini.
726 1182 798 1219 Ait,
815 1181 937 1222 castella
951 1184 1045 1223 plum-

180 1224 250 1260 bea,
269 1222 353 1253 utin
377 1222 397 1251 l.
423 1227 476 1263 38.
503 1222 529 1262 §.
558 1233 584 1253 εἴ.
614 1224 683 1254 Εοιί.
712 1224 839 1263 denis,
865 1225 949 1265 quod
974 1224 1046 1256 satis

180 1261 243 1301 est,
268 1263 349 1294 dixit
375 1263 509 1294 Budaeus
534 1264 644 1294 Annon.
666 1266 758 1303 prbr.
782 1264 818 1295 ad
843 1266 869 1296 h.
896 1266 923 1306 ᾗ.
970 1266 1044 1297 Por-

181 1314 218 1335 ro
233 1305 294 1341 ait,
319 1311 416 1343 putea.
443 1304 541 1335 Valde
559 1315 675 1336 novum
698 1305 741 1337 est
757 1306 966 1344 admonuisse,
990 1317 1045 1348 pu-

183 1350 231 1376 tea
253 1345 370 1377 aedibus
387 1346 513 1384 cedere,
526 1356 596 1376 cum
614 1356 706 1378 nemo
726 1348 867 1388 ignoret,
881 1358 945 1380 non
961 1348 1045 1379 aliud

179 1385 241 1418 esse
266 1395 416 1428 puteum,
442 1386 494 1417 nisi
514 1386 759 1426 profunditatem
790 1388 820 1420 in
847 1398 927 1420 terra
951 1388 1043 1421 effos-

179 1426 262 1466 sam,
287 1437 372 1469 aquae
391 1427 537 1458 habendae
557 1437 652 1469 ergo,
677 1439 745 1470 quse
768 1438 831 1460 non
849 1430 952 1470 potest
974 1431 1046 1462 cedi-

182 1468 239 1500 bus
255 1469 391 1500 venditis
408 1477 471 1499 non
486 1469 634 1500 accedere
649 1494 658 1509 ‚
684 1480 755 1501 cum
773 1471 883 1511 utique
901 1495 909 1509 ‚
935 1472 956 1504 fi
972 1471 1047 1512 quid

180 1509 284 1547 aliud,
309 1517 437 1550 puteum
457 1516 536 1540 terra
552 1511 760 1543 contineatur.
799 1511 922 1544 Merito
938 1514 969 1545 id
986 1513 1045 1544 Bu—

178 1551 278 1582 tlaeum
295 1550 434 1582 offendet
450 1560 611 1592 eo‚quem
629 1552 785 1592 indicavi,
805 1553 901 1593 loco,
929 1554 958 1586 &
976 1554 1047 1586 ideo

178 1601 236 1632 pro
249 1599 339 1631 putea
356 1590 492 1623 restituit
511 1593 662 1632 putealia,
689 1594 719 1625 id
735 1593 799 1632 est,
825 1596 974 1635 opercula
1013 1605 1043 1626 u-

180 1640 320 1671 teorum,
342 1634 448 1673 puteal
466 1633 550 1665 enim
567 1634 611 1665 est
628 1635 757 1675 aedium,
784 1644 818 1666 ut
838 1635 902 1676 ipse
920 1637 975 1668 ille
986 1605 1042 1668 {ll-

177 1674 285 1714 pianus
311 1674 394 1706 dixit
420 1675 451 1706 in
475 1676 504 1705 cl.
528 1676 548 1705 l.
579 1685 625 1717 13.
651 1676 680 1716 §.
704 1686 755 1718 31.
783 1676 813 1708 &
830 1677 905 1717 quid
932 1678 969 1710 fit
987 1684 1043 1719 pu—>

178 1716 237 1746 real
251 1739 260 1754 ,
286 1715 479 1757 Pomponius
497 1724 574 1748 mox
595 1718 734 1758 explicat
754 1719 786 1750 in
800 1717 866 1759 seq.
895 1720 915 1750 l.
942 1729 989 1759 14.
1011 1721 1042 1750 id

176 1756 238 1797 est,
260 1767 314 1798 quo
325 1763 448 1797 puteum
471 1760 626 1798 operitur,
648 1759 729 1790 male
751 1759 834 1791 enirn
851 1760 986 1802 Vulgata
1010 1761 1041 1793 in

175 1802 203 1830 al.
230 1799 320 1840 §.gn
344 1799 501 1838 putealia,
525 1800 612 1840 pejus
627 1800 808 1832 Haloander
825 1807 939 1841 putea,
963 1803 1041 1834 &in

173 1842 203 1871 cl.
241 1841 260 1871 l.
290 1849 338 1878 14.
360 1843 500 1882 itemquo
522 1848 645 1881 puteum
661 1844 838 1882 cooperitur.
882 1843 958 1876 Ideo
989 1853 1040 1875 au»

175 1889 239 1912 tem
255 1881 363 1922 pejus,
388 1882 473 1923 quod
498 1882 604 1914 eadem
630 1891 704 1914 tunc
731 1883 899 1916 difficultas
922 1891 1042 1927 premat

175 1925 204 1954 d.
229 1922 256 1964 §.
283 1932 333 1964 31.
382 1933 428 1954 uce
448 1923 564 1964 premit
579 1924 661 1955 hunc
685 1924 712 1965 §.
739 1929 767 1959 8.
793 1925 907 1966 Vides,
933 1935 1038 1967 quem-

176 1964 342 1995 admodum
395 1964 498 1996 udaeus
529 1963 590 1995 sese
613 1966 816 1997 extricaverit
833 1990 842 2006 ,
857 1966 919 1998 ¹sed
943 1977 982 1999 ne
997 1967 1039 1999 fic

174 2005 222 2036 bis
240 2005 321 2035 idem
344 2005 491 2044 dicatur,
516 2008 652 2045 opercula
669 2013 843 2046 puteorum,
868 2016 937 2049 quae
962 2018 1039 2040 mox

175 2045 206 2077 se
230 2053 364 2089 uuntur,
390 2046 471 2087 quasi
497 2057 537 2078 ex
559 2047 656 2088 glossa
679 2049 811 2088 alicujus
833 2048 1037 2090 Inter-pletis,

174 2055 303 2118 deflenda
320 2086 433 2118 censet.
480 2088 588 2119 Budaei
610 2090 878 2128 emendationem,
904 2098 938 2121 ut
958 2090 1038 2130 saepe

172 2128 264 2165 alias,
292 2135 414 2159 veteres
430 2128 575 2160 Editorcs
593 2131 737 2162 certatim
754 2130 807 2170 ipsi
826 2131 885 2172 legi
907 2131 1036 2162 intruse-

176 2175 266 2207 runt,
292 2168 371 2209 apud
390 2169 494 2201 varios
508 2170 591 2201 enim
610 2171 651 2201 ita
673 2181 755 2203 nunc
773 2172 906 2212 legitur,
931 2180 965 2203 ut
983 2173 1036 2203 ille

173 2209 362 2241 emendavit.
390 2209 507 2241 Verum
524 2211 596 2251 quia
614 2211 731 2251 pessimi
748 2213 885 2253 exempli
906 2223 953 2244 res
970 2214 1013 2244 est
1026 2235 1037 2251 ,

174 2250 259 2292 quod
279 2250 309 2281 in
325 2250 394 2291 ipsis
419 2250 539 2291 legibus
558 2257 657 2284 exuat
671 2275 682 2290 ‚
707 2254 912 2294 interpretum
934 2254 1037 2296 glossis

173 2290 364 2329 adscribere,
389 2291 419 2323 &
437 2292 525 2332 quia,
551 2292 572 2324 fi
591 2293 728 2335 legamus
742 2295 896 2334 putealia,
921 2296 993 2333 vel,
1016 2295 1037 2326 li

148 2333 150 2335 ’
174 2332 290 2370 mavis,
315 2332 418 2364 addita
432 2342 492 2364 una
517 2333 668 2366 duntaxat
697 2335 787 2367 litera
802 2360 811 2375 ‚
834 2338 955 2376 puteal,
982 2336 1036 2368 Ul-

173 2373 281 2415 pianus
308 2373 344 2404 L.
368 2373 513 2405 XXXII.
541 2377 578 2405 aa
594 2376 737 2407 Ettritum
754 2377 800 2408 bis
818 2378 944 2409 eandem
971 2387 1035 2409 rem

172 2413 320 2453 dixisset,
346 2414 438 2446 semel
457 2414 488 2446 in
512 2417 541 2446 d.
561 2417 579 2447 l.
611 2427 656 2459 153.
683 2416 712 2459 §.
735 2427 785 2460 31.
812 2418 924 2451 iterum
950 2419 981 2450 in
1005 2421 1033 2450 d.

173 2457 196 2487 l.
225 2465 270 2495 17.
304 2455 330 2495 §.
357 2460 385 2489 8.
419 2465 489 2500 nam
514 2466 554 2489 ex
578 2461 689 2490 eodem
716 2458 814 2491 Libro
836 2459 879 2491 est
905 2467 1035 2501 utraque

173 2497 242 2536 lex,
269 2503 424 2527 tentemus
441 2497 564 2538 potius,
589 2509 624 2531 an
645 2509 708 2531 non
724 2510 782 2541 pro
797 2508 890 2541 parea
907 2500 1033 2532 rescribi

170 2538 263 2579 poffit
287 2539 374 2570 blitea
398 2538 449 2568 vel
473 2540 567 2570 batia.
650 2550 694 2572 uae
714 2551 780 2573 vox
799 2552 871 2574 cum
889 2541 965 2573 essct
989 2543 1033 2574 in-

171 2578 342 2617 solentior,
366 2579 396 2610 &
416 2578 548 2612 librariis
561 2580 648 2613 'forte
668 2582 828 2624 incognita
845 2607 854 2622 ,
880 2593 946 2614 cam
968 2593 1034 2614 mu-

172 2625 277 2652 tarunt
302 2621 333 2651 in
360 2619 457 2651 mansis
482 2620 622 2653 usitatam
646 2629 746 2662 putea.
799 2625 897 2655 32:171„
929 2632 1034 2655 autem

172 2662 203 2693 in
221 2659 380 2692 veteribus
397 2659 513 2691 oloffis
531 2662 576 2693 cst
599 2670 675 2703 capa
698 2665 749 2696 vel
774 2666 907 2704 capella,
932 2665 1032 2706 perin-

171 2703 209 2734 de
224 2711 260 2733 ac
283 2701 390 2741 βέτἹις,
414 2709 450 2732 ut
465 2700 510 2733 est
533 2703 564 2734 in
583 2702 741 2735 Gloffario
766 2705 912 2743 Labbaei3
937 2706 975 2736 de
999 2715 1032 2736 u-

171 2752 281 2781 traque
299 2752 381 2774 voce
401 2743 527 2784 prolixe
545 2744 610 2785 egit
630 2745 791 2777 Salmasius
814 2747 851 2778 ad
879 2747 1032 2787 Capitoli-

172 2794 247 2816 num
265 2784 296 2815 in
320 2785 431 2816 duobus
450 2784 634 2816 Maximinis
656 2787 687 2817 C.
710 2796 759 2817 22.
774 2788 803 2818 <Sc
817 2787 1032 2819 nonnihilCu-

172 2826 269 2865 jacius
301 2825 340 2856 L.
365 2825 423 2857 IX.
452 2824 580 2866 Observ.
608 2827 638 2858 C>
666 2830 716 2858 26.
741 2827 772 2859 Si
790 2827 941 2868 Ulpianus
956 2837 1031 2868 grae-

171 2875 208 2897 ce
225 2876 288 2898 non
306 2866 459 2898 extulerit
479 2876 594 2899 vocem
619 2868 733 2906 Bia-2102,
758 2868 854 2900 latine
870 2868 1030 2910 potuitcf-

126 2929 130 2935 ,.
170 2906 272 2945 ferre,
297 2915 332 2939 ut
347 2907 398 2938 alii
417 2908 618 2947 extulerunt,
637 2908 823 2941 observante
839 2910 984 2941 Salmafio
1000 2911 1028 2940 d.

171 2947 225 2978 loc.
246 2949 368 2980 Abutia
389 2946 476 2980 forte
488 2951 619 2988 batiola,
643 2950 674 2981 id
690 2948 751 2988 est,
775 2951 912 2990 parvulae
929 2960 1030 2991 cupae‚

169 2997 241 3019 nam
264 2989 285 3021 si
318 2990 430 3021 batiola
454 2990 608 3031 legeretur
633 2991 713 3032 apud
734 2990 876 3023 Nouium
903 2992 962 3031 Cap
997 2999 1031 3022 cle

171 3030 340 3061 Generibas
356 3031 506 3067 Valbrzim
525 3055 534 3068 ‚
560 3032 633 3073 quid
653 3032 884 3074 significarent,
915 3031 1029 3063 intelli·

173 3077 293 3114 gerem,
318 3073 444 3111 batiola,
462 3079 496 3103 ut
515 3082 597 3104 nunc
612 3072 830 3114 legitur-‚quid
845 3072 897 3104 fibi
916 3074 1028 3112 velint,

173 3118 236 3139 non
254 3112 405 3152 intelligo.

216 3148 318 3191 lgitur
337 3152 513 3195 hujusmodi
537 3164 630 3195 cupas
644 3178 653 3194 ‚
678 3155 819 3196 quamvis
833 3154 941 3186 adfixae
963 3164 1027 3187 non

172 3187 231 3226 ,fine
246 3210 255 3225 ,
287 3189 402 3222 aedrbus
428 3201 529 3226 tamen
551 3197 661 3227 cedere
683 3196 802 3227 diceret
825 3198 850 3226 d,
880 3196 906 3236 ς.
933 3202 962 3231 3.
986 3205 1026 3227 ex

856 833 1029 883 explicatio
1055 824 1100 872 L.
1128 849 1180 884 17.
1209 837 1239 885 §.
1268 842 1300 876 8.
1327 837 1364 873 ff.
1393 838 1436 874 de
1463 838 1601 875 Aetion.
1629 849 1737 886 empt.

1977 0 1992 96 l

1972 92 1976 108 l

1092 127 1731 164 BYNKERSHOEK'

1094 207 1152 249 quc
1176 206 1198 239 fi
1217 216 1325 238 omncs
1349 213 1469 248 partem
1496 206 1630 239 offerant
1647 222 1666 246 ‚·
1689 215 1781 249 atque
1802 209 1843 241 ita
1865 204 1948 248 simul
1978 192 1984 240 i

1094 257 1185 279 unam
1208 258 1334 289 poenam‘
1359 247 1448 284 unius
1468 248 1573 280 delicti
1595 271 1605 286 ‚
1637 249 1721 289 quod
1744 259 1851 283 omnes
1869 256 1947 288 cornu

1093 289 1260 328 miserunt,
1285 289 1506 330 ani'd'quoque
1526 287 1658 321 sufficiat
1673 289 1690 321 ’ἓ
1712 299 1801 330 quam
1819 292 1849 324 in
1869 292 1950 336 reii'r','

1092 330 1207 371 praeter
1226 339 1280 367 ea,
1306 333 1379 371 quae'
1389 330 1455 361 dixi
1474 353 1484 368 ‚
1510 330 1589 361 utile
1603 331 1663 361 erit
1681 332 1857 371 expcndiffc
1879 334 1915 367 l..
1940 353 1950 368 .-

1093 371 1120 412 §.
1144 378 1174 411 5.
1201 371 1236 405 ἐξ
1269 373 1292 402 l.
1314 378 1342 405 8.
1364 369 1404 412 ff.
1433 374 1466 402 de
1487 371 1655 411 Jurisdicl.
1681 373 1700 403 l.
1720 381 1756 412 5.
1774 373 1813 413 ff.
1834 376 1868 405 de

1093 415 1157 443 χαι.
1180 412 1286 444 abilon.
1312 413 1395 443 l.11.
1420 412 1447 452 §.
1474 422 1502 445 2.
1519 413 1561 454 ff.
1583 415 1619 444 ad
1643 411 1681 443 L.
1707 414 1812 453 Aquil-
1834 415 1954 456 &prfflt'⁵

1093 454 1184 494 cipue
1208 456 1228 485 l.
1258 463 1284 485 1.
1309 453 1337 494 §.
1369 463 1416 491 19.
1434 454 1476 495 ff.
1521 457 1553 486 Si
1576 457 1602 486 is
1620 457 1672 495 qui
1694 453 1808 494 testam.
1831 457 1880 487 lib.
1900 452 1953 519 ιη

1088 494 1219 576 Jll‘ffiis,
1245 536 1266 568 fi
1290 535 1371 582 tanti
1393 535 1438 568 est
1451 560 1472 583 ,Ἰ
1486 537 1580 583 adde,
1605 547 1678 583 quae
1694 536 1732 568 de
1754 537 1813 569 alia
1835 536 1953 584 Rheso»
1987 536 1990 578 J

1094 586 1163 608 rum
1189 576 1361 619 quaestione
1384 588 1424 609 ex
1449 577 1546 609 sabio
1570 586 1679 609 notavi
1703 578 1745 610 L.
1774 578 1799 611 Ι.
1826 574 1954 632 Οἱψνᾷξ

1095 619 1127 649 C.
1152 623 1180 652 8.
1923 624 1954 684 ⁴:

1253 752 1269 785 1
1294 751 1336 786 Χ.
1906 747 1957 806 J

1927 827 1950 848 l]

1092 934 1214 966 ratione
1237 936 1266 966 d.
1292 935 1320 976 ς.
1345 944 1399 977 3¹-'
1423 935 1452 967 ὅ(
1477 935 1504 965 b.
1527 935 1548 967 l.
1577 946 1624 977 17.
1649 935 1677 978 §.
1702 945 1730 978 7.
1755 944 1882 979 utputa
1899 947 1952 974 vn

1093 975 1121 1006 sa
1136 999 1145 1015 ‚
1170 986 1238 1017 quae
1261 977 1403 1017 perpetui
1425 975 1496 1008 usus
1515 986 1590 1018 ergo
1605 977 1715 1011 fistulis
1732 979 1863 1020 aquariis
1874 979 1902 1021 ·(
1912 980 1949 1013 de'

1091 1018 1203 1057 quibus
1217 1019 1248 1049 in
1273 1021 1299 1049 h.
1326 1018 1354 1059 §.
1381 1017 1437 1058 8.)
1461 1016 1698 1059 supponuntur,
1722 1028 1776 1051 aut
1789 1030 1859 1062 quae
1879 1021 1954 1055 alias·

1090 1058 1126 1088 ad
1142 1067 1328 1101 perpetuum
1347 1059 1458 1090 domus
1475 1060 1676 1091 commodum
1701 1060 1851 1093 destinata
1871 1061 1950 1104 sunq

1090 1098 1185 1131 Plane
1210 1107 1244 1131 ut
1265 1101 1303 1131 de
1328 1100 1440 1139 doliis,
1466 1099 1579 1131 horreo
1593 1101 1778 1139 accessuris,
1803 1101 1951 1143 scriptum

1090 1139 1134 1172 est
1150 1141 1180 1172 in
1200 1142 1219 1172 l.
1239 1146 1288 1182 76.
1309 1148 1356 1181 pr.
1378 1141 1418 1181 ff.
1443 1143 1476 1172 de
1495 1142 1596 1172 Conzr.
1619 1149 1707 1183 empt.
1729 1142 1792 1174 five
1803 1143 1883 1175 illud
1901 1153 1948 1176 ace

1090 1182 1187 1222 cipias
1212 1183 1250 1214 de
1273 1183 1387 1214 horreo
1410 1181 1638 1223 frumentario,
1661 1184 1694 1215 in
1718 1193 1782 1224 quo
1799 1183 1854 1216 sub
1872 1193 1950 1217 terra

1089 1223 1121 1254 in
1142 1222 1236 1255 doliis
1259 1224 1336 1255 olim
1358 1223 1554 1255 frumentum
1574 1225 1767 1256 condebatur
1782 1247 1793 1264 ,
1824 1226 1862 1256 de
1889 1235 1954 1266 qua

1088 1273 1176 1295 more
1192 1264 1293 1296 Varro
1317 1266 1351 1295 de
1375 1264 1414 1295 R.
1440 1265 1480 1295 R.
1504 1266 1543 1296 L.
1566 1265 1590 1297 Ι.
1615 1266 1645 1297 C.
1670 1271 1719 1306 63.
1745 1265 1808 1298 five
1823 1266 1862 1298 de
1877 1266 1950 1298 hor÷

1089 1315 1163 1343 reo,
1177 1314 1279 1336 rerum
1295 1315 1546 1346 quarumcunque
1560 1306 1776 1338 servandarum
1793 1306 1882 1338 causa
1899 1307 1951 1340 ha-

1089 1346 1158 1377 bito
1170 1369 1178 1384 ,
1204 1347 1242 1377 de
1259 1356 1321 1388 quo
1339 1347 1551 1378 intellexerim
1570 1348 1667 1379 alium
1678 1348 1827 1379 Varronis
1842 1348 1950 1382 locum

1088 1388 1120 1418 in
1140 1387 1245 1418 Manio
1262 1388 1435 1428 fragment.
1454 1394 1486 1429 p.
1502 1393 1550 1420 16.
1585 1389 1688 1420 Verba
1709 1389 1864 1428 exhibeo,
1887 1398 1950 1430 quo

1089 1429 1262 1470 corrigam:
1286 1430 1359 1461 Haec
1373 1431 1588 1462 adventorihus
1602 1433 1745 1462 accedam
1756 1453 1766 1468 ‚
1788 1431 1880 1468 cella,
1892 1431 1951 1462 cla-

1090 1480 1165 1508 ves,
1186 1471 1320 1511 claustra
1333 1494 1343 1510 ,
1366 1474 1527 1510 carnaria,
1550 1473 1637 1504 dolia.
1684 1472 1781 1513 Lego.
1826 1471 1899 1504 Haec
1914 1472 1969 1507 δ”

1089 1513 1299 1544 venditoribus
1316 1515 1459 1544 accedunt
1471 1536 1482 1552 ,
1505 1515 1600 1553 cella,
1622 1513 1652 1545 &
1667 1513 1796 1554 reliqua.
1826 1511 1879 1545 De
1895 1514 1951 1546 do·

1089 1553 1140 1585 liis
1153 1554 1279 1594 quidem
1299 1553 1369 1586 sunt
1385 1555 1489 1595 leges,
1514 1565 1583 1597 quae
1603 1562 1714 1586 contra
1736 1554 1841 1585 dicere
1864 1554 1950 1586 vide·

1087 1603 1201 1633 antur,
1226 1594 1277 1627 sed
1292 1596 1463 1628 meminisse
1483 1603 1612 1638 oportet
1627 1619 1637 1635 ,
1661 1595 1737 1628 fasti
1759 1595 1867 1636 potius
1892 1595 1954 1628 effe

1087 1636 1167 1666 hanc
1183 1635 1386 1677 quaestionem
1403 1661 1413 1676 ,
1437 1647 1526 1678 quam
1545 1637 1623 1678 juris
1637 1661 1647 1676 ,
1673 1643 1768 1678 prout
1784 1636 1868 1668 enirn
1882 1635 1950 1669 fue-

1086 1677 1150 1708 rint
1169 1685 1349 1719 comparata
1363 1679 1416 1710 vel
1431 1679 1575 1720 perpetui
1591 1678 1623 1710 in
1645 1678 1766 1710 horreis
1786 1676 1857 1710 usus
1880 1687 1950 1711 caue

1086 1717 1133 1757 sa,
1151 1717 1216 1749 five
1232 1728 1315 1759 non,
1344 1719 1474 1760 cedent,
1500 1727 1554 1752 aut
1572 1729 1635 1751 non
1652 1719 1957 1759 cedentwenditoris

1129 1758 1296 1799 Ceterum,
1322 1767 1357 1792 ut
1371 1761 1408 1792 ad
1431 1763 1459 1792 d.
1485 1761 1513 1802 §.
1526 1766 1555 1795 8.
1580 1761 1720 1800 redeam,
1737 1761 1759 1793 fi
1776 1769 1869 1802 quam
1885 1768 1950 1794 ten-

1085 1801 1173 1840 tavi,
1197 1801 1374 1833 emendatio
1395 1811 1459 1834 non
1476 1803 1618 1844 placeat,
1638 1802 1674 1834 ,δι
1692 1801 1778 1834 omni
1793 1811 1854 1843 ope
1869 1810 1949 1843 praee

1083 1841 1165 1874 feras
1180 1842 1288 1874 Budaei
1309 1844 1464 1883 putealia,
1488 1853 1553 1875 non
1572 1843 1847 1875 continuo'tamen
1863 1842 1949 1874 dele·
1964 1863 1974 1876 .-

1083 1892 1148 1914 rem
1172 1885 1308 1923 opercula
1326 1891 1504 1925 puteorum,
1528 1892 1564 1915 ut
1589 1884 1736 1916 Editores
1752 1907 1763 1924 ,
1795 1883 1962 1917 Budaeumw

1083 1923 1225 1965 sequuti,
1249 1925 1434 1958 deleverunt
1451 1938 1459 1958 ε
1483 1926 1566 1958 aliud
1583 1925 1667 1956 enim
1683 1925 1744 1957 effe
1759 1924 1864 1966 potest
1888 1934 1946 1967 pu.-
1963 1929 1966 1936 '

1081 1966 1145 1996 teal
1160 1989 1169 2004 ,
1194 1967 1277 1998 aliud
1296 1968 1459 2008 quodlibet
1479 1967 1568 2009 putei
1594 1966 1779 2007 operculum
1793 1989 1803 2005 ,
1834 1966 1890 1998 etfi
1912 1966 1944 1999 δῦ

1081 2015 1139 2047 pro
1153 2007 1263 2039 eodem
1283 2009 1382 2049 accipi
1397 2009 1529 2050 poslint,
1554 2014 1590 2039 ut
1605 2008 1728 2048 accepit
1751 2009 1779 2039 d.
1801 2008 1821 2039 l.
1842 2016 1890 2049 13.
1911 2007 1941 2048 §-

1081 2056 1134 2088 31.
1162 2048 1266 2087 juncta
1299 2050 1319 2080 l.
1351 2059 1399 2088 14.
1427 2050 1466 2089 ff.
1497 2052 1547 2081 hoc
1579 2048 1640 2080 Tic.
1679 2048 1819 2090 alioquin
1839 2048 1942 2089 puteal

1080 2089 1252 2129 accipimus
1268 2099 1325 2136 pro
1343 2091 1428 2122 omni
1445 2101 1503 2130 eo,
1528 2090 1612 2132 quod
1630 2088 1718 2130 super
1756 2097 1864 2122 uteum
1890 2098 1942 2122 ex-

1081 2129 1211 2160 struitur
1228 2154 1238 2168 ‚
1262 2134 1325 2162 11ve
1347 2132 1477 2163 aedicula
1498 2132 1534 2164 fit
1552 2155 1561 2169 ‚
1586 2131 1649 2163 sive
1663 2131 1725 2161 aliu
1764 2130 1837 2172 quid
1855 2138 1942 2163 orna-

1081 2177 1131 2201 tus
1157 2172 1264 2211 gratia.
1309 2171 1356 2203 Ita
1380 2172 1449 2204 sane
1475 2172 1520 2204 est
1541 2173 1571 2203 in
1595 2170 1753 2202 Gloss'ario
1773 2172 1942 2212 Petronii,

1080 2220 1162 2242 voce
1195 2212 1329 2253 Marsya>
1345 2236 1354 2251 ,
1379 2223 1448 2244 nam
1472 2213 1513 2246 fic
1541 2213 1585 2244 ibi
1602 2213 1735 2254 legitur:
1759 2212 1940 2253 MARsYAE,

1076 2253 1205 2292 personae
1223 2253 1280 2294 seu
1301 2253 1407 2294 figilla
1423 2278 1431 2292 ‚
1468 2265 1505 2286 ex
1533 2264 1657 2296 quorum
1677 2253 1784 2293 rostris
1804 2260 1858 2285 aut
1878 2255 1941 2285 alia

1080 2298 1211 2335 corporis
1229 2301 1317 2336 parte
1340 2306 1417 2335 aqna
1428 2297 1525 2336 salire
1537 2296 1614 2336 solet
1632 2318 1642 2333 ,
1663 2296 1748 2326 varie
1771 2294 1886 2336 effib'ta3
1906 2299 1940 2328 in

1072 2335 1216 2375 fontibus
1244 2348 1278 2368 ac
1305 2339 1404 2376 puteis
1438 2344 1607 2369 PUTEALIA
1633 2337 1834 2376 appellamur.
1878 2336 1939 2368 Pu-

1081 2377 1172 2409 tealia
1187 2378 1239 2409 hie
1257 2378 1326 2410 sunt
1342 2387 1541 2416 ornamenta,
1566 2377 1703 2419 personae
1715 2394 1734 2417 ‚·
1749 2377 1846 2418 figilla
1857 2398 1868 2415 ‚
1892 2376 1940 2423 su-

1077 2427 1132 2490 pker
1151 2427 1264 2459 puteos
1280 2418 1455 2459 exstructa,
1476 2428 1569 2460 atque
1585 2419 1628 2450 ita
1653 2418 1690 2449 ab
1717 2418 1874 2459 operculis
1895 2418 1940 2450 di-

1078 2462 1089 2490 1
1107 2460 1197 2491 intta.
1939 2486 1943 2490 .

1119 2501 1266 2541 Sequitur
1289 2502 1319 2533 in
1338 2500 1436 2533 Libro
1453 2500 1658 2533 Florentino:
1683 2501 1831 2541 epitonia,
1849 2499 1938 2542 fistu-

1078 2542 1116 2573 lis
1143 2544 1344 2583 adplumbaca.
1389 2543 1520 2574 Budaeus
1541 2544 1668 2582 epitonia
1690 2543 1825 2574 mutavit
1855 2543 1886 2575 in
1908 2553 1936 2575 e-

1075 2581 1212 2624 pistomia
1229 2607 1238 2622 ,
1263 2593 1330 2624 quse
1356 2584 1450 2615 lectio
1477 2583 1577 2615 etiam
1595 2583 1626 2615 in
1650 2584 1791 2625 vulgatas
1815 2583 1936 2616 Editio-

1076 2634 1130 2657 nes
1147 2625 1312 2667 migravit,
1338 2625 1367 2656 ὅ(
1384 2624 1421 2655 ab
1437 2624 1564 2656 Alciato
1589 2624 1628 2656 L.
1651 2624 1690 2656 V.
1709 2626 1837 2667 Parerg.
1861 2625 1890 2657 C⁴
1903 2634 1936 2667 3.

1078 2667 1108 2698 &
1133 2666 1170 2697 ab
1197 2665 1267 2697 aliis
1288 2665 1392 2706 paffim
1417 2674 1542 2705 recepta
1558 2664 1611 2697 est.
1655 2666 1746 2707 Apud
1763 2666 1935 2698 Varronem

1078 2715 1179 2738 tamen
1195 2709 1228 2738 de
1240 2706 1277 2737 R.
1292 2707 1332 2737 R.
1354 2706 1394 2737 L.
1405 2706 1459 2738 111.
1484 2707 1515 2737 C.
1527 2716 1558 2745 5.
1581 2707 1696 2748 legitur
1717 2708 1853 2747 epitoniis
1869 2717 1935 2740 ver-

1068 2746 1132 2787 fis,
1158 2748 1267 2789 utique
1284 2747 1325 2779 fic
1341 2747 1456 2788 legitur
1476 2748 1507 2779 in
1525 2748 1645 2780 cuneus
1667 2747 1759 2780 MSS.
1784 2756 1820 2780 uc
1846 2747 1934 2781 tetba-

1077 2796 1127 2819 tur
1144 2789 1303 2820 Victorius
1319 2788 1356 2820 ad
1379 2798 1443 2820 eum
1459 2788 1571 2827 locum,
1589 2796 1668 2820 utut
1684 2789 1715 2821 in
1732 2788 1852 2822 excufis
1869 2789 1934 2831 qui-

1075 2829 1203 2861 busdam
1224 2829 1345 2870 legatur
1367 2828 1536 2870 epistomiis.
1561 2831 1670 2862 Servat
1686 2838 1752 2861 eam
1769 2830 1934 2862 lectionem

1074 2870 1210 2911 Scaliger
1229 2893 1239 2908 ,
1265 2871 1294 2901 &
1318 2872 1448 2910 epitonia
1472 2871 1694 2912 interpretatur
1717 2878 1799 2902 rotas
1821 2872 1934 2903 mecha·

1074 2913 1179 2948 nitas,
1201 2920 1264 2951 quae
1278 2911 1410 2950 funibus
1431 2914 1651 2950 intenduntur,
1672 2918 1725 2942 aut
1745 2913 1830 2944 aliud
1849 2913 1932 2954 quid,

1072 2954 1110 2982 ad
1128 2954 1347 2991 exprimendam
1360 2963 1474 2994 aquam.
1516 2954 1628 2985 Servat
1650 2953 1680 2985 &
1698 2953 1878 2994 Victorius,
1902 2953 1933 2986 δί

1073 2993 1295 3033 interpretatur
1316 2993 1516 3035 instrumenta
1534 3017 1542 3031 ,
1567 2996 1673 3035 quibus
1694 2996 1808 3025 cbordoe
1821 2995 1930 3034 funes·

1072 3044 1126 3073 que
1144 3037 1344 3066 intenduntur
1359 3058 1368 3071 ,
1394 3040 1434 3067 ex
1450 3045 1513 3077 quo
1533 3034 1752 3067 Gothofredus
1778 3035 1831 3067 hic
1847 3059 1857 3074 ‚
1881 3044 1930 3068 ne-

1072 3075 1155 3106 mine
1181 3074 1305 3106 laudato
1325 3099 1333 3113 ‚
1359 3083 1467 3107 notam
1491 3075 1572 3107 suam
1598 3075 1723 3107 transcri
1749 3075 1796 3108 fit.
1840 3075 1930 3111 Nihil

1070 3115 1263 3147 authoritatis
1284 3116 1368 3148 addit
1389 3117 1526 3158 Scaliger
1544 3140 1553 3156 ‚
1579 3117 1656 3148 nihil
1677 3116 1735 3148 Vic
1750 3117 1858 3156 orius,
1882 3126 1929 3149 uta

1069 3165 1128 3196 que
1145 3156 1221 3187 adeo
1236 3165 1276 3187 ex
1294 3157 1330 3188 iis
1347 3167 1455 3198 parum
1474 3157 1684 3198 proficiamus.
1719 3156 1780 3189 Pro
1803 3160 1930 3198 epitonia

1071 3197 1228 3229 Victorius
1245 3198 1371 3229 adducit
1391 3198 1474 3230 hunc
1488 3197 1632 3230 nostrum
1655 3198 1723 3239 §.ft
1749 3207 1840 3239 quem
1859 3208 1928 3235 curn

1843 3242 1928 3274 exhi·
