2008 3436
164 109 445 159 QUAEST.
498 108 727 157 JURIS
782 106 1152 153 PRIVATI,
1205 92 1681 156 LIB.1V.¹C.er.xX11.
1734 120 1805 165 46?

33 207 99 231 tem
125 197 288 240 depreffit,
314 198 344 228 &
369 197 430 238 ipsa
449 206 575 239 quoque
592 197 739 229 damnum
757 196 901 237 accepit,

33 251 94 283 ego
111 241 154 272 tui
166 241 268 271 damni
286 239 448 270 dimidium
465 239 585 278 feram,
606 238 635 270 δε
652 245 685 268 tu
701 237 773 269 mei.
818 238 901 270 Con-

34 292 80 314 tra
97 292 192 319 vcro,
215 281 236 313 fi
256 289 323 311 nica
340 289 446 318 tuam,
470 282 500 313 in
523 280 658 312 anchora
680 278 828 319 stantem,
849 279 901 311 vel

33 325 161 366 ligatam
183 324 315 359 obruat,
337 331 404 354 mea
428 331 553 363 quoque
570 321 719 352 damnum
738 320 898 361 patiatur,

34 376 95 398 eno
118 365 244 402 damni,
268 363 325 395 tibi
350 364 412 395 dati
427 385 437 401 ,
459 362 621 394 dimidium
645 361 764 400 feram,
788 371 823 393 tu
838 364 899 395 mei

33 399 97 439 nEn
119 407 224 438 ctiam.
269 405 366 446 idque
385 405 537 436 rationem
566 403 659 434 habet
681 403 874 435 manifestam
888 426 897 442 ,

34 449 55 481 fi
81 449 164 480 enim
189 457 303 479 contra
331 446 530 486 navigantem
556 444 728 485 deprimam
748 467 759 484 ‚
780 446 811 478 δε
838 455 899 486 ego

34 490 91 523 tibi
108 489 254 521 damnum
270 488 360 526 dedi,
377 488 406 520 ὅ(
423 494 457 517 tu
476 486 551 518 mihi
566 485 697 524 dedisti,
722 488 774 528 qui
794 496 899 519 autem

32 532 181 563 damnum
205 530 292 562 dedit
313 555 318 560 ,
361 538 402 559 cx
427 527 560 570 Legibus
587 527 739 569 lidsbuyc.
776 529 899 566 Caroli,

33 574 169 614 Philippi
186 572 222 607 ἐπ’)
240 569 394 609 Frisiorum
418 569 484 609 ejus
505 569 669 602 dimidium
690 570 779 608 fert,
802 570 830 601 ὅ(
848 569 901 601 hic

33 623 166 655 uterque
193 613 346 644 dedimus.
392 612 494 643 Aliter
518 620 614 653 atque
637 611 656 643 ii
674 612 830 652 jacentem
849 620 900 643 na-

33 666 105 688 vem
122 655 272 692 obruam,
295 662 371 684 tunc
387 653 490 692 enim,
515 653 599 694 quod
620 655 724 693 patior
740 652 899 691 damnum,

34 698 111 730 mihi
131 696 194 736 ipse
205 695 286 727 dedi.
309 696 339 727 Si
353 695 466 727 bovem
485 703 572 726 tuum
589 694 796 736 aggrefforem
815 703 902 726 meus

32 740 91 772 bos
108 738 280 776 occiderit,
304 737 425 770 constat
446 737 601 768 actionem
620 746 682 768 non
701 735 761 768 esse
775 737 795 767 l.
819 746 850 776 4.
870 734 899 777 §.

35 790 83 813 11.
104 780 146 822 ff.
172 780 205 811 Si
221 781 322 821 qzcczsz'r.
343 786 434 820 paup.
453 778 516 818 fec.
542 779 601 810 dic.
622 788 693 810 nam
709 777 729 810 fi
749 787 798 808 me
817 786 901 810 tene-

31 823 57 854 ri
73 830 179 863 putcS,
204 831 265 853 non
286 822 388 853 minus
404 820 539 858 falleris,
563 829 654 860 quarn
672 819 712 857 fi,
737 828 810 850 cum
828 829 902 851 con-

32 873 79 896 tra
95 863 197 895 saxum
213 872 316 894 mcum
331 861 523 900 incurriffet,
536 870 588 893 aut
608 863 638 893 in
655 861 767 893 fossam
784 871 902 898 meam,

32 915 122 946 quam
138 906 206 945 jure
233 905 344 942 habui,
370 905 426 936 bos
449 912 521 935 tuus
541 903 714 942 incidiffet‚
738 910 770 934 tu
787 912 837 935 me
851 912 902 934 ac-

34 946 176 985 cusares,
203 945 307 977 saxum
324 956 428 978 meum
445 944 506 977 esse
522 944 633 977 durum
645 969 654 984 ,
679 953 774 987 atque
789 945 834 976 ita
846 944 901 975 bo-

32 988 64 1019 vi
83 997 140 1020 tuo
155 997 220 1019 non
245 987 380 1026 cciiiffe,
405 995 459 1018 aut
479 996 587 1027 aquarn
613 995 734 1026 meam,
760 986 792 1018 in
811 995 901 1028 quam

31 1029 63 1062 se
90 1029 300 1070 praecipitavit
317 1053 325 1066 ,
346 1038 418 1060 eum
445 1026 608 1060 suffocasse
626 1052 634 1066 ‚
661 1036 696 1059 ut
719 1028 804 1059 enim
828 1027 902 1059 saxo

31 1071 182 1109 durities,
205 1080 292 1111 aqua:
312 1071 434 1111 liquor,
458 1070 502 1100 ita
521 1069 597 1100 bovi
614 1069 754 1101 naturale
768 1068 814 1101 est
832 1078 901 1100 cor-

33 1122 75 1145 nu
100 1121 259 1153 petentem
287 1121 446 1151 repetere,
471 1110 511 1141 de
537 1111 680 1152 pauperie
706 1118 809 1142 autem
836 1120 901 1142 non

32 1154 79 1185 est
97 1154 179 1185 attio
191 1177 199 1189 ,
225 1152 279 1184 nisi
296 1160 405 1184 contra
422 1161 559 1183 naturam
577 1151 614 1184 fit
629 1153 702 1183 data
720 1152 741 1183 l.
767 1161 793 1184 1.
817 1151 846 1193 §.
871 1161 901 1193 7.

28 1195 70 1237 ff.
95 1195 169 1227 Emi.
193 1194 245 1225 hic
260 1204 337 1225 vcro
362 1203 447 1225 meus
467 1194 542 1230 bos,
565 1194 650 1234 quod
666 1192 900 1232 fecit,'secun-

32 1239 106 1268 dum
135 1244 275 1267 naturam
304 1235 394 1267 fecit.
439 1235 493 1266 Sic
521 1234 688 1276 Ulpianum
716 1235 905 1277 interpretor

32 1279 66 1311 in
83 1279 112 1311 ci.
136 1278 158 1310 l.
184 1286 211 1309 1.
233 1276 262 1319 §.
291 1287 338 1309 11.
385 1278 460 1310 Scio
481 1274 560 1316 effe,
582 1277 636 1319 qui
662 1276 786 1319 Ulpiani
813 1277 904 1318 juris-

605 1375 966 1414 CAPUT

945 195 1139 237 prudentiam
1162 197 1407 238 reprehendant,
1432 201 1497 233 scio
1520 204 1598 243 effe,
1623 205 1676 245 qui
1699 206 1808 238 defen-

944 238 1036 275 dant,
1060 236 1110 268 sed
1125 247 1193 278 quae
1216 239 1343 280 utrique
1368 239 1575 282 scripserunt,
1601 249 1676 278 mihi
1698 248 1807 279 viden-

946 287 996 310 tur
1017 278 1162 319 indigna,
1185 280 1224 325 de
1237 281 1347 322 quibus
1365 281 1483 322 aliquid
1499 285 1630 319 dicatur.

987 319 1048 351 Sed
1069 321 1166 352 nolim
1185 322 1248 354 iola
1272 323 1394 354 ratione
1415 324 1542 356 vincere
1555 349 1565 362 ‚
1588 330 1738 361 accedant
1758 340 1810 361 au—

942 361 1113 394 sturitates.
1158 361 1234 394 Huc
1248 363 1352 395 refero
1370 363 1398 405 §.
1423 373 1475 404 47.
1502 366 1574 398 LL.
1600 369 1724 402 Nautic.
1752 371 1807 402 Cw

942 403 996 434 roli
1016 402 1056 434 V.
1080 402 1107 444 §.
1135 412 1164 434 2.
1192 404 1252 437 Tit.
1276 405 1315 438 V.
1341 405 1414 437 LL.
1437 406 1572 447 Philippi
1599 408 1636 440 ll.
1662 411 1696 444 ὅ*
1720 411 1748 451 §.
1772 422 1803 443 2.

943 445 983 476 L.
1010 443 1033 476 Ι.
1069 444 1128 476 iit.
1154 444 1265 478 XXV.
1291 446 1364 479 LL.
1391 445 1494 486 Frific.
1524 449 1635 490 quihus
1657 452 1809 483 constitu·

945 494 1010 519 tum
1037 485 1101 525 est,
1125 485 1157 532 ii,
1174 488 1264 520 navis
1285 489 1375 530 ligata
1401 488 1463 521 {inc
1480 490 1573 532 culpa
1590 489 1714 522 fluitare
1731 494 1810 524 inci-

944 528 1027 568 piat,
1051 527 1080 559 δι
1105 527 1180 567 alii,
1206 529 1315 561 itidem
1344 530 1470 571 ligatae.
1495 531 1640 563 damnum
1669 532 1811 572 dederit,

942 570 1108 615 damnum,
1133 571 1218 615 quod
1232 571 1337 609 dedit,
1359 581 1528 604 commune
1543 572 1705 611 futurum,
1728 574 1815 614 quod

943 609 1025 651 palla
1053 609 1117 649 est,
1145 612 1240 644 lolam
1264 613 1406 645 laturam.
1454 613 1508 646 Ait
1524 615 1554 646 cl.
1575 613 1602 656 §.
1625 625 1677 656 47.
1700 616 1731 645 in
1749 615 1807 654 sin.

946 651 997 683 En
1014 650 1048 692 of
1061 652 1117 682 den
1130 662 1226 694 genem
1238 676 1248 692 ,
1270 655 1316 686 die
1332 655 1479 695 dryvemle
1497 658 1543 694 is,
1568 659 1629 687 hem
1637 657 1748 698 schade
1764 657 1812 688 de-

944 694 978 724 de
993 702 1052 724 aan
1069 703 1121 724 een
1143 696 1234 726 ander
1247 696 1335 737 schip
1356 698 1370 736 (
1384 696 1525 739 leggemle
1542 708 1601 730 czcm
1618 700 1639 729 ἰ
1659 700 1766 729 (inciter
1780 696 1816 737 of

944 734 1004 766 wel
1018 736 1173 777 gemeert)
1193 738 1241 768 zai
1257 739 1291 769 de
1298 738 1408 779 sthatle
1426 739 1507 771 κείω
1523 740 1626 781 lyden,
1642 739 1815 781 anderden

944 786 1075 818 geenen,
1099 777 1145 807 die
1172 788 1230 809 acm
1238 779 1300 820 syn
1314 781 1423 811 ancker
1445 781 1504 812 wel
1520 789 1646 824 geniem
1662 790 1730 812 was
1749 781 1813 823 leg-

944 819 1056 891 ἱεηιῖε,
1081 819 1138 850 iets
1161 820 1235 851 daur
1256 831 1317 852 van
1343 827 1370 852 te
1398 831 1500 864 magen
1529 822 1669 865 eyffchen.
1694 823 1725 855 in
1745 824 1815 855 aliis

956 859 1024 905 jdd.
1050 868 1108 899 pro
1125 862 1305 902 hernscheide
1327 865 1396 894 dede
1421 863 1536 905 legitur
1558 865 1709 906 enschade
1725 865 1816 902 dede,

947 901 999 932 led
1014 901 1078 932 hem
1096 911 1152 942 pro
1175 906 1226 945 zz‘g
1251 904 1364 937 clarius
1378 905 1423 938 est
1435 928 1444 942 ,
1466 905 1519 938 mii
1537 906 1636 947 legas,
1657 915 1693 937 etz
1702 906 1814 948 schasle

945 943 1026 980 bede,
1050 944 1135 984 quod
1152 954 1262 977 verum
1286 946 1384 978 videri
1427 946 1523 981 otest.
1550 948 1621 990 quia
1644 948 1726 980 idem
1745 957 1817 979 ver-

946 985 1044 1022 bum,
1067 985 1148 1024 Lede,
1174 995 1210 1017 ea
1231 987 1270 1018 de
1294 997 1327 1018 re
1350 956 1452 1021 exffiat
1473 990 1503 1021 in
1522 991 1551 1021 d.
1577 989 1605 1031 §.
1630 989 1658 1030 §.
1684 999 1712 1021 2.
1738 989 1813 1021 LL.

947 1026 1078 1067 Philipp.
1104 1026 1140 1062 δέ)
1164 1027 1265 1067 Frific.
1289 1030 1342 1071 qui
1368 1029 1418 1072 ἓξ).
1439 1040 1477 1062 ex
1495 1041 1523 1061 eo
1545 1030 1574 1072 ᾗ.
1597 1039 1650 1071 47.
1673 1031 1819 1064 confecti

944 1067 1026 1100 sunt.
1072 1067 1129 1100 Illa
1155 1077 1258 1102 tamen
1286 1071 1403 1109 lectio,
1425 1072 1580 1112 eizschatl'e
1607 1073 1697 1111 dede,
1721 1073 1819 1105 etiam

944 1109 1070 1141 defendi
1087 1110 1207 1150 potest,
1232 1120 1301 1143 nam
1325 1120 1358 1144 ut
1374 1114 1453 1154 apud
1469 1114 1600 1146 Latinos
1615 1115 1752 1145 damnum
1762 1114 1819 1154 fa·

945 1160 1007 1182 cere
1036 1152 1148 1183 eodem
1176 1151 1263 1184 sensu
1281 1176 1290 1191 ,
1317 1163 1380 1193 quo
1399 1155 1487 1195 pati,
1510 1156 1665 1195 :recipitur
1684 1179 1693 1193 ‚
1718 1165 1761 1188 ita
1783 1156 1815 1188 ὅς

945 1192 1027 1266 {qiud
1044 1192 1154 1234 Belgas
1162 1192 1272 1234 schade
1285 1195 1368 1228 doen.
1399 1195 1453 1229 De
1467 1205 1501 1228 re
1521 1195 1585 1237 ipsa
1600 1197 1728 1230 interim
1744 1206 1820 1230 con·

1064 1374 1254 1416 XXII.

84 1468 143 1504 De
169 1467 281 1503 damno
308 1467 461 1511 navium,
488 1456 584 1502 anius
610 1467 667 1502 vel
688 1469 853 1514 utriusque
877 1465 970 1515 culpci
995 1469 1068 1504 dato
1077 1480 1092 1511 ;
1118 1465 1160 1508 ὅ)
1185 1469 1262 1515 quid
1279 1469 1390 1504 damni
1406 1460 1617 1516 appellation'e
1632 1470 1773 1506 veniat?

125 1567 205 1608 ulpae
234 1566 394 1598 vocabulo
418 1566 512 1598 ctiam
538 1566 648 1599 dolum
666 1564 906 1610 comprehendi-

141 1618 230 1647 mus,
261 1618 332 1640 nam
363 1608 460 1649 magis
487 1615 613 1641 tenetur
632 1631 643 1647 ,
674 1610 727 1650 qui
745 1610 824 1642 ,dolo
853 1610 905 1642 da-

32 1661 145 1685 mnum
163 1649 250 1682 dedit
266 1673 276 1690 ,
298 1659 390 1691 quam
407 1649 460 1690 qui
477 1650 578 1691 culpa.
623 1649 785 1685 Hactenus
803 1658 908 1683 autem

31 1692 259 1734 disputavimus
287 1692 326 1723 de
350 1691 464 1723 damno
478 1692 594 1733 absque
623 1693 716 1733 culpa
733 1693 827 1733 dato,
852 1693 911 1726 ubi=

31 1744 111 1767 vero
131 1734 311 1765 alterutrius
329 1732 421 1774 culpa
437 1733 582 1767 damnum
605 1733 712 1766 datum
732 1734 798 1773 est,
823 1736 853 1768 &
870 1745 906 1767 ea

31 1776 126 1818 culpa
145 1774 270 1817 probari
296 1775 417 1816 potest,
443 1775 480 1807 ad
499 1775 552 1815 Jus
570 1775 747 1808 Romanum
769 1777 902 1809 reverti-

31 1827 122 1856 mur,
145 1817 210 1857 ejus
227 1825 339 1858 nempe
356 1815 451 1848 solius
468 1817 530 1849 esse
546 1817 713 1864 damnum,
735 1818 824 1860 cujus
841 1819 906 1851 cul-·

30 1868 70 1901 pa
89 1859 194 1891 datum
210 1857 265 1890 est.
310 1858 344 1890 Si
370 1868 447 1898 ergo
464 1859 553 1891 navis
568 1869 717 1901 nav1gans
740 1862 902 1903 naviganti

32 1901 63 1942 ᾗ.
90 1910 118 1932 1.
143 1900 206 1932 Tit.
231 1899 270 1932 V.
296 1899 371 1932 LL.
394 1899 531 1941 Philippi
553 1900 594 1934 11.
616 1900 646 1942 §.
674 1910 700 1933 1.
728 1902 814 1937 l..,1.
836 1902 902 1936 Tit.

30 1943 144 1978 XXV.
166 1941 241 1975 LL.
267 1940 369 1980 Frific.
392 1942 424 1973 in
441 1943 578 1974 anchora
593 1943 684 1976 stanti
705 1953 763 1986 aut¹
775 1947 913 1985 portum

31 1985 151 2019 tenenti
185 1983 215 2024 §.
240 1992 290 2023 27.
313 1988 366 2024 48.
390 1982 426 2019 {5⁹
448 1992 499 2025 71.
523 1984 596 2017 LL.
624 1983 776 2026 Wishuyc.
799 1986 828 2027 §.
848 1991 901 2027 48.

31 2027 108 2060 LL.
136 2026 234 2057 Caroli
258 2025 297 2056 V.
329 2023 358 2066 §.
380 2036 410 2068 3.
441 2025 500 2057 Tit.
526 2025 567 2057 V.
592 2025 665 2057 LL.
695 2026 838 2068 Philippi·
860 2028 900 2060 ΙΙ.

32 2069 61 2111 §.
86 2078 116 2110 3.
142 2067 181 2099 L.
206 2068 231 2099 1.
259 2066 318 2098 Tit.
342 2066 454 2099 XXV.
477 2066 549 2098 LL.
574 2066 651 2109 Fris}
673 2067 820 2100 damnum
837 2069 909 2102 cul-1

31 2120 72 2152 pa
87 2109 225 2146 dederit,
251 2116 352 2140 totum
370 2109 515 2140 damnum
533 2107 599 2140 fert
616 2112 644 2141 d.
669 2108 717 2150 §§.
753 2109 901 2153 Idemque

31 2151 110 2193 Juris
122 2149 184 2189 est,
202 2150 222 2182 fi
240 2150 328 2182 navis
349 2151 442 2190 culpa
461 2148 560 2181 fuerit
577 2150 697 2189 soluta,
733 2152 763 2184 ὅτ.
786 2152 828 2184 fic
850 2153 911 2187 das:

30 2202 141 2224 mnum
152 2191 274 2223 dederit
284 2214 294 2229 ,
303 2200 376 2223 tunc
385 2192 469 2224 enim
481 2192 633 2224 duntaxat
648 2192 796 2225 damnum
813 2203 910 2228 Com-2

32 2242 129 2266 mune
154 2232 198 2264 est
217 2255 227 2271 ‚
256 2232 276 2264 fi
308 2233 421 2274 absque
447 2233 538 2272 culpa
564 2233 662 2266 fuerit
685 2233 786 2266 soluta
816 2234 844 2276 §.
870 2246 900 2268 2.

31 2276 98 2352 Ξῐῑε,
117 2273 161 2347 X}
178 2274 252 2355 ξφ.
268 2273 403 2314 Philippi
422 2273 461 2305 II.
481 2274 517 2309 &⁹
531 2274 558 2316 §.
574 2286 603 2308 2.
626 2276 667 2308 L.
688 2274 712 2306 I.
736 2274 771 2307 T.
789 2275 900 2310 XXV.

100 2342 106 2350 .
157 2327 181 2347 ri
197 2326 233 2348 ze.
907 2334 910 2337 Δ

75 2358 164 2404 Quid
181 2358 283 2397 culpae
305 2357 432 2391 nomine
453 2358 583 2398 veniat,
605 2358 736 2392 difficile
761 2358 806 2392 est
826 2359 902 2395 defi-

32 2400 121 2438 nire,
147 2400 306 2439 praecipue
325 2408 361 2430 ea
379 2400 409 2431 in
430 2409 462 2431 re
478 2400 563 2431 valet
580 2401 700 2441 judicis
724 2402 899 2433 arbitrium.

33 2441 134 2483 Culpa
160 2450 262 2472 tamen
287 2440 433 2472 damnum
462 2441 576 2473 dedisse
598 2442 744 2481 videtur,
767 2443 841 2483 qui,
862 2452 902 2474 ne

30 2482 235 2524 impediretur
251 2505 259 2520 ‚
297 2481 446 2513 obstitit:
480 2490 592 2524 utputa
616 2484 704 2514 navis
730 2491 783 2515 tua
811 2484 900 2523 iuxta

32 2533 155 2562 meam,
176 2533 243 2564 quae
258 2522 357 2554 fundo
378 2522 507 2562 insistit,
527 2522 649 2562 fluitat,
675 2525 822 2557 &metus
842 2523 899 2563 est,

31 2565 393 2639 ssiv‘ffiaemssffipifflfissgg
417 2565 897 2639 ‘ieiulff-ssl‘asssssgiltffiffkififf

405 2629 415 2644 2
556 2629 560 2637 ¹
885 2631 894 2644 s

31 2648 99 2690 pati
118 2647 266 2686 tenearis,
291 2648 396 2679 navim
417 2655 500 2680 tuam
520 2657 536 2679 a
553 2657 603 2679 me
619 2648 751 2687 abduci3
775 2648 904 2689 quod'fi>

29 2691 62 2722 id
92 2698 155 2721 non
179 2689 323 2729 patiaris,
344 2689 383 2720 de
399 2689 534 2727 damno,
557 2690 641 2727 quod
663 2697 714 2722 tua
735 2689 824 2721 navis
846 2690 897 2722 da-

31 2732 82 2762 bit
98 2752 109 2769 ,
141 2729 295 2762 teneberis
320 2729 350 2770 §.
374 2740 425 2767 29.
450 2730 523 2762 LL.
552 2730 699 2772 Wisbuyc.
726 2731 754 2772 ἓ.
776 2741 806 2772 5.
836 2731 897 2764 Tit.

33 2772 74 2804 V.
99 2771 171 2803 LL.
195 2771 328 2812 Philippi
345 2770 384 2802 11.
408 2771 444 2806 δ’
465 2771 494 2812 §.
517 2782 549 2812 5.
574 2771 615 2804 L.
640 2773 665 2804 l.
695 2772 758 2805 Tit.
783 2773 896 2805 XXV.

33 2814 107 2846 LL.
128 2811 230 2851 frisie.
279 2811 339 2844 Sed
363 2821 400 2844 an
424 2813 456 2845 in
477 2812 609 2845 solidum
635 2814 790 2846 aaronem
810 2814 895 2846 dabi-

33 2865 104 2888 mus
116 2878 124 2892 ‚
149 2864 185 2886 ut
208 2863 310 2895 neque
327 2853 453 2892 navim,
478 2864 548 2894 quae
570 2855 613 2886 ita
629 2855 775 2888 damnum
791 2855 877 2887 dedit
890 2879 900 2893 ,

32 2897 146 2928 cedere
162 2897 192 2928 δε
216 2897 392 2936 relinquere
410 2895 530 2927 liceat?
550 2896 593 2928 Et
611 2897 736 2938 quidem
753 2896 900 2938 fimplici-

33 2946 82 2968 ter
100 2938 272 2978 loquuntur
287 2938 315 2967 d.
339 2934 387 2976 ὃς.
409 2944 441 2967 at
457 2937 550 2968 etiam
570 2937 636 2976 illi,
657 2939 709 2980 qui
728 2939 902 2979 loquuntur

32 2980 73 3010 de
89 2978 221 3011 dimidio
232 3002 240 3016 ,
256 2978 306 3009 ubi
322 2986 403 3008 eitra
419 2978 541 3017 culpam
556 2978 704 3012 damnum
721 2979 827 3011 datum
844 2978 902 3018 est,

32 3021 66 3052 in
83 3029 142 3059 qua
164 3019 265 3060 specie
291 3027 393 3051 tamen
419 3019 530 3049 cedere
557 3020 587 3052 ἀ
606 3021 782 3062 relinquere
798 3020 898 3058 licet,

34 3070 71 3092 ut
87 3061 177 3100 supra
195 3061 264 3102 Cap.
292 3070 341 3092 2ο.
366 3058 601 3100 disputavimus.
645 3062 705 3096 Sed
722 3070 822 3103 puto,
845 3061 898 3094 hie

33 3103 72 3149 iq
82 3102 214 3135 solidum
228 3102 384 3134 actionem
404 3101 534 3133 dandam
548 3101 624 3139 esse,
639 3112 726 3142 aeque
742 3113 779 3134 ac
792 3103 900 3135 damus

35 3153 84 3183 ei,
107 3153 200 3184 quem
225 3143 329 3175 damni
354 3141 484 3181 infecti,
507 3152 570 3174 non
602 3145 711 3182 cauti,
732 3145 860 3179 nornine
882 3153 900 3178 a

71 3225 131 3264 (1)
151 3226 249 3257 Exstat
264 3226 400 3257 sententia
422 3228 490 3256 inter
506 3207 577 3257 Aft‘d
588 3226 708 3257 Senatus.

950 1567 1090 1600 Praetore
1105 1567 1136 1601 in
1153 1567 1368 1611 poil‘efiionern
1384 1568 1525 1608 missum,
1545 1568 1657 1601 aedium
1674 1568 1823 1602 domiuus

949 1609 1118 1643 admittere
1134 1610 1238 1645 noluit
1257 1611 1277 1643 l.
1302 1619 1332 1653 7.
1351 1617 1400 1652 pr.
1426 1610 1463 1646 &⁹
1478 1610 1503 1643 b.
1529 1619 1577 1651 15.
1602 1609 1630 1652 §.
1654 1614 1707 1654 36.
1724 1610 1766 1652 ff.
1787 1611 1824 1644 de

951 1649 1070 1682 Damno
1087 1650 1200 1692 infe&.2
1251 1663 1256 1668 ·

960 1716 964 1720 .
991 1693 1022 1725 Si
1046 1694 1251 1735 navisligata
1269 1694 1394 1727 fluitare
1421 1695 1574 1737 coeperit,
1604 1695 1759 1734 &alteri‚
1789 1694 1824 1728 in

947 1733 1090 1768 anchoris
1113 1733 1204 1768 stanti
1221 1760 1231 1775 ‚
1260 1737 1393 1779 impulsa
1410 1737 1558 1770 damnum
1573 1737 1753 1779 acceperit,
1770 1735 1824 1768 da-

947 1786 1052 1813 mnum
1071 1776 1159 1824 suum
1178 1778 1243 1819 ipsa
1257 1778 1343 1819 fert,
1364 1780 1483 1812 etiarnsi
1501 1779 1764 1821 proclamaverit,
1785 1784 1824 1811 ut:

946 1819 1033 1852 navis
1049 1842 1059 1858 ,
1083 1828 1115 1851 in
1135 1820 1282 1852 anchoris
1300 1820 1402 1861 stans,
1423 1820 1515 1854 funes
1533 1821 1739 1853 anchorarum
1759 1819 1825 1852 vel-

946 1862 992 1897 let
1010 1860 1104 1898 latius
1121 1862 1292 1894 extendere
1306 1886 1314 1900 ‚
1339 1864 1369 1896 ἄ
1390 1864 1479 1896 navis
1503 1863 1598 1904 ligata
1614 1861 1645 1894 id
1663 1861 1826 1897 noluerit,

948 1903 978 1935 &
993 1902 1056 1941 fic,
1081 1911 1228 1945 tanquam
1247 1913 1289 1936 ex
1305 1903 1331 1945 §.
1357 1914 1409 1947 47.
1434 1904 1506 1937 LL.
1535 1903 1634 1937 Natat.
1656 1903 1754 1935 Caroli
1777 1902 1823 1934 V.

948 1943 1126 1986 responsum
1161 1944 1265 1984 Consti.
1303 1945 1350 1978 H.
1383 1947 1462 1980 Toni.
1494 1945 1518 1978 I.
1555 1943 1658 1984 Confil.
1694 1949 1764 1981 198.
1791 1944 1825 1976 &

950 1980 1056 2025 Consti.
1080 1986 1126 2018 H.
1150 1985 1300 2027 Amsterd.
1327 1987 1361 2020 T.
1387 1989 1452 2023 111„
1468 1986 1570 2028 Consti.
1610 1991 1657 2019 16.
1683 1986 1735 2018 De
1750 1995 1824 2027 proa

946 2027 1134 2060 clamatione
1163 2028 1242 2060 nihil
1270 2029 1314 2061 ait
1329 2031 1362 2061 d.
1398 2029 1425 2071 ἕ.
1450 2039 1502 2071 47.
1531 2029 1583 2063 sed
1613 2036 1719 2060 tamen
1734 2036 1826 2068 ‚puto

945 2069 1029 2100 recle
1051 2068 1230 2109 responsum
1249 2070 1310 2102 ess'e
1327 2093 1337 2109 ,
1360 2080 1461 2112 neque
1486 2071 1570 2103 enim
1592 2071 1756 2110 quisquam
1777 2077 1825 2100 te-

945 2118 1038 2145 netur
1057 2111 1122 2151 ipse
1148 2111 1253 2142 navim
1274 2111 1360 2144 suam
1381 2113 1536 2144 abducere
1551 2135 1561 2152 ‚
1593 2111 1644 2144 sed
1670 2111 1827 2143 duntaxat:

945 2152 1039 2193 pati,
1063 2160 1099 2184 ut
1127 2152 1206 2184 alius
1235 2152 1371 2185 abducat
1395 2153 1563 2185 secundum
1588 2154 1616 2185 d.
1642 2152 1692 2194 §§.
1716 2161 1767 2189 29.
1791 2151 1825 2183 <Sc

943 2203 975 2233 5.
998 2203 1031 2233 5.
1053 2203 1131 2234 quos
1155 2194 1251 2225 modo
1278 2195 1450 2227 laudabam.
1494 2194 1608 2236 Neque
1632 2194 1725 2234 culpa
1748 2192 1793 2225 est
1809 2215 1823 2231 ,

944 2234 1038 2267 funes
1056 2234 1264 2268 anchorarum
1286 2246 1345 2268 nos
1364 2237 1458 2269 latius
1478 2236 1646 2268 extendere
1665 2257 1676 2273 ,
1699 2243 1772 2265 cum
1790 2233 1824 2266 id

947 2277 1002 2308 vix
1023 2276 1078 2308 fiat
1096 2277 1159 2309 fine
1174 2277 1340 2317 periculo,
1362 2277 1415 2308 ubi
1441 2278 1554 2308 iratum
1577 2285 1660 2307 mare
1682 2273 1736 2308 est.

989 2317 1123 2358 Culpam
1173 2327 1277 2359 uoque
1307 2318 1561 2350 considerandum
1586 2316 1631 2349 est
1653 2317 1744 2357 ejus,
1769 2316 1826 2358 qui

946 2359 1093 2391 damnum
1117 2361 1166 2401 pai
1183 2368 1217 2390 us
1241 2358 1286 2390 est
1301 2381 1314 2398 ,
1333 2369 1406 2392 nam
1427 2359 1450 2392 fi
1475 2358 1572 2391 nostu
1595 2358 1638 2393 ,iit
1663 2358 1796 2390 obrutus
1812 2378 1827 2396 ‚

947 2410 1019 2433 cum
1037 2409 1138 2441 neque
1156 2401 1260 2442 ignem
1279 2399 1426 2439 haberet,
1451 2409 1553 2442 neque
1571 2399 1743 2436 clamaret,
1757 2398 1824 2439 ipse

943 2442 999 2474 sibi
1022 2441 1168 2473 damnum
1189 2441 1301 2473 feciss'e
1323 2442 1450 2474 videtur
1470 2463 1482 2480 ,
1512 2441 1554 2472 fic
1574 2441 1619 2472 ait
1636 2441 1656 2472 l.
1678 2444 1729 2483 36.
1755 2441 1824 2480 ejus

943 2482 968 2514 F
970 2483 1117 2524 arraginis
1129 2505 1140 2521 ,
1163 2490 1232 2524 quae
1250 2482 1369 2514 Titulo
1386 2482 1475 2523 Juris
1494 2481 1624 2513 Nauticz'
1641 2481 1823 2514 Ruodz'orum

941 2523 1175 2556 circumfertur.
1217 2522 1373 2563 Quamvis
1389 2530 1492 2555 autem
1509 2523 1727 2555 auctoritatem
1747 2523 1823 2564 J'uris

942 2574 1006 2597 non
1032 2565 1144 2596 habeat
1163 2564 1216 2596 illa
1230 2565 1377 2607 farrago,
1389 2574 1433 2597 ‚nt
1454 2564 1526 2596 satis
1544 2564 1655 2596 videor
1676 2564 1827 2606 probasse

942 2607 1033 2638 Libro
1044 2605 1196 2648 fingulari
1208 2608 1246 2638 ad
1262 2606 1286 2639 l.
1301 2616 1330 2644 9.
1349 2606 1391 2647 ff.
1416 2607 1449 2638 de
1472 2606 1556 2648 Lege
1573 2605 1671 2638 Rhod.
1695 2607 1728 2637 de
1741 2605 1817 2648 jaff.

943 2649 975 2680 C.
1001 2647 1090 2680 VllI.
1113 2648 1144 2680 ἅ
1166 2647 1307 2688 quamvis
1319 2648 1392 2689 Jure
1405 2647 1550 2680 Nautico
1565 2671 1576 2687 ,
1594 2656 1659 2689 quo
1680 2647 1820 2686 utimur,

941 2689 1020 2721 nihil
1038 2687 1166 2730 praecise
1185 2698 1221 2721 ea
1236 2689 1275 2721 de
1293 2699 1326 2721 re
1334 2697 1462 2722 cautum
1472 2690 1507 2722 iit
1520 2713 1530 2728 ‚
1550 2698 1692 2730 magnam
1715 2697 1820 2720 tamen

941 2732 1097 2765 rationem
1111 2730 1205 2762 habet
1225 2740 1261 2762 ea
1281 2731 1431 2763 sententia
1444 2754 1452 2767 ,
1482 2729 1691 2762 &secundum
1716 2729 1820 2767 hanc,

941 2782 992 2805 me
1009 2773 1178 2811 senatore,
1203 2772 1333 2804 Senatus
1356 2772 1524 2813 Supremus
1540 2780 1590 2811 23.
1611 2768 1698 2814 Nov,
1726 2779 1818 2810 1720.

941 2813 1021 2856 (1)
1044 2813 1180 2846 absolvit
1197 2823 1250 2845 eos
1264 2835 1275 2851 ‚
1299 2813 1350 2854 qui
1378 2812 1560 2853 navigantes
1587 2811 1678 2842 aliam
1705 2820 1820 2844 navem

945 2857 1145 2896 navigantem
1166 2854 1374 2895 depr-efferant
1388 2876 1398 2892 ,
1422 2854 1494 2894 quia
1509 2851 1598 2884 navis
1616 2851 1752 2892 depressa
1768 2861 1819 2884 ac-

945 2897 1040 2933 censo
1058 2896 1176 2928 lumine
1199 2896 1409 2936 navigaverat.
1457 2892 1579 2926 Contra
1597 2915 1607 2932 ,
1638 2892 1659 2925 fi
1684 2894 1737 2934 qui
1766 2893 1818 2925 da-

945 2947 1053 2970 mnum
1071 2937 1178 2975 dedit,
1203 2945 1303 2976 neque
1320 2937 1423 2977 ignem
1440 2934 1605 2972 habuerit,
1634 2943 1737 2974 neque
1755 2935 1819 2966 cla-

945 2979 1102 3016 maverit,
1124 2978 1155 3009 in
1183 2976 1316 3009 solidum
1343 2976 1470 3008 videtur
1504 2975 1601 3007 teneri
1619 2997 1628 3013 ,
1659 2983 1752 3017 atque
1772 2976 1817 3007 ita

942 3021 1084 3061 ineptum
1101 3018 1163 3050 effe
1182 3016 1349 3050 Parifiense
1368 3016 1527 3049 Arrestum
1540 3040 1549 3054 ,
1565 3015 1650 3055 quod
1663 3024 1821 3049 memorat*

943 3060 1128 3094 Mornaeius
1154 3060 1192 3091 ad
1231 3059 1251 3090 l.
1291 3069 1342 3096 29·
1375 3058 1402 3100 ἓ.
1441 3058 1475 3090 Sz‘
1503 3058 1602 3089 navis.
1632 3056 1674 3099 ff.
1704 3059 1742 3090 ad
1770 3058 1815 3091 L.

943 3102 1050 3143 Aqua.
1635 3107 1639 3112 ·

985 3142 1041 3176 Est
1057 3142 1088 3174 &
1107 3141 1208 3183 culpae
1222 3140 1343 3183 species
1354 3141 1522 3174 anchoram
1533 3163 1545 3182 ,
1563 3140 1654 3173 nullo
1673 3139 1814 3183 superna-

1105 3191 1108 3194 ’
1734 3188 1840 3213 tante.

1045 3249 1204 3296 Nnnz'
