2008 3436
347 111 704 153 AMch

33 202 223 244 ‘rum'digne
244 195 376 231 erudito·
398 195 535 229 nomine.
573 192 647 234 quid
671 190 755 236 enim
790 187 893 234 conti-

36 255 132 283 nent,
163 250 275 285 prater
301 239 394 270 verba
424 234 584 273 sonantia,
615 241 646 264 at
670 230 751 277 nihil
780 229 893 271 fignifi-

36 285 164 318 cantia?
187 283 243 316 Nil
257 282 329 313 dico
349 285 555 316 temere‚nec
575 275 637 307 sinc
653 280 893 316 rationesquae-

38 326 73 359 so
93 328 196 363 enim,
226 333 304 365 quos
327 321 357 353 in
384 317 546 361 proposito
566 315 718 355 intelligit
735 312 892 352 juriscon-

37 368 139 400 sultos
166 367 294 397 Veteres
313 387 323 401 ,
348 361 510 394 foedillima
533 357 587 390 ista
603 356 723 388 macula
742 363 801 394 qua
826 362 894 398 mea

36 408 250 451 disputatione
277 404 470 439 afficiantur,
503 398 676 431 liberandos
696 405 750 438 per
773 396 895 425 caulam

37 449 239 483 humanitatis
255 444 514 486 benignitatisque
538 438 679 484 eorum?-
706 445 813 482 utrunr
839 444 895 481 cos

37 492 92 532 qui
117 499 189 522 ante
217 488 386 527 'fruianum
407 483 512 516 fuere:
548 490 584 512 an
604 489 654 520 qui
672 478 744 524 inde
762 479 894 523 inleeuti

38 532 136 565 sunt?
159 530 242 572 atqui
274 528 333 559 iilis
359 525 543 557 florentibus
567 522 634 562 jure
649 518 824 567 per-millam
842 527 896 548 im-

38 573 241 616 punitamque
266 568 357 602 fuiu'e
389 566 545 599 infantum
582 566 811 606 expolitionem
844 567 895 590 ne·

38 623 190 655 eemque,
212 611 276 653 ipse
292 611 390 651 palam
413 608 584 639 confitetur·
599 605 656 636 Vir
674 600 892 648 Anrpliffi'mus.

39 657 72 689 hi
99 664 175 686 vero
198 653 218 686 si
243 653 284 684 ita
302 651 516 691 disputarunt,
543 656 576 678 ut
593 641 828 685 cos·clilputasse
845 651 896 672 an-

39 707 72 730 te
92 696 182 735 dixi,
205 695 235 726 &
257 703 331 724 «nox
353 694 465 723 iteruin
483 691 602 723 dicam:
635 696 705 728 quae
720 694 774 731 eos
791 681 895 730 defor3

39 745 103 771 mat
122 736 267 769 macula?
298 735 361 765 iuro
390 743 458 773 qua:
477 741 541 763 non
557 737 649 761 ornat
668 728 768 768 gloria
784 723 897 770 seruati

39 779 138 812 officii
154 778 184 810 δι
201 775 351 818 pictatis?
376 775 471 813 igitur
489 773 615 809 demus,
647 768 790 810 pessimos
806 764 898 812 fuisse

40 820 155 862 Populi
182 817 312 851 Romani
337 825 439 847 mores
458 826 465 847 :
499 822 533 845 ut
551 813 680 844 fuerunt
701 807 897 852 detestabiles

42 863 100 894 hat:
132 862 163 893 in
188 868 275 901 parte
292 870 299 889 :
331 857 405 898 quid
424 857 484 887 hoc
499 855 534 886 ad
550 849 819 894 jurisconsultos?
842 856 896 888 qui

42 913 98 935 eos
116 911 180 935 non
211 901 386 936 finxerunt,
421 908 482 929 non
516 896 696 929 laudarunt,
721 899 752 922 at
769 899 827 921 nee
847 889 897 934 ha-

43 945 177 976 buerunt
196 942 261 980 juS,
286 950 340 972 eos
357 949 413 980 pro
431 936 562 969 arbitrio
587 942 710 970 vetare,
735 939 789 962 aut
806 939 895 972 puni-

42 995 97 1025 re,
124 984 155 1016 id
171 982 236 1022 cst,
259 989 379 1015 mutare
394 989 474 1011 nova
492 978 592 1017 Lege:
617 973 669 1016 (¹)
691 973 806 1016 quippe
822 980 895 1004 eum

43 1118 120 1141 mus-⁴.
141 1108 185 1138 sed
200 1108 261 1141 hic,
285 1108 401 1145 opinor,
423 1106 560 1136 irritatus,
590 1101 706 1136 Parum,
728 1101 837 1140 inquit,
858 1100 898 1129 di·

39 1157 93 1186 gne
107 1147 205 1176 erudito
219 1149 333 1180 nomine,
355 1145 417 1181 quid
432 1148 500 1173 enim
517 1145 645 1171 continent
665 1144 743 1177 (haze
763 1143 899 1182 Veterum

42 1187 174 1224 JCtorum
201 1185 316 1221 elogia)
342 1193 416 1220 qnam
437 1185 515 1211 verim
527 1182 657 1216 sonantia,
677 1188 704 1208 at
719 1178 899 1216 nibilfignifi-

39 1225 135 1255 cantia.
173 1224 310 1252 Tantaenc
325 1224 422 1251 animis
438 1220 594 1250 coeleltibus
614 1219 682 1246 irae?
703 1226 767 1246 mox
786 1218 901 1246 interro-

41 1271 103 1300 gat.
126 1270 197 1299 quos
213 1263 298 1300 JCtos
316 1262 484 1295 intelligam.
506 1265 586 1289 ante.
602 1266 635 1284 nn
656 1256 714 1292 post
730 1255 901 1289 Traianum?

41 1302 77 1330 de
99 1301 152 1330 illis
172 1308 216 1328 me
239 1300 309 1328 nihil
328 1299 424 1327 sinistri
450 1297 559 1335 opinari
583 1296 673 1333 posse,
703 1303 765 1323 cum
779 1295 822 1329 jus
840 1294 903 1321 vitae

41 1349 74 1368 ac
88 1341 181 1372 necis,
200 1339 244 1367 vel
257 1347 302 1367 me
318 1337 488 1369 confitente,
509 1345 544 1364 eo
557 1343 618 1362 aero
638 1334 742 1361 steterit
764 1334 901 1367 integrum

40 1378 252 1413 illibatumque,
274 1377 308 1405 de
324 1377 365 1404 his
381 1384 495 1413 quoque
512 1374 580 1402 nihil
604 1372 699 1400 sinistri
716 1371 768 1400 esse
786 1373 902 1407 opinan-

42 1417 126 1449 dum,
146 1423 177 1446 ut
195 1422 226 1445 ut
241 1414 424 1444 retulerint&
437 1413 615 1451 exposuerint
630 1411 676 1447 Jus
694 1410 902 1439 necandi&ex-

41 1455 189 1493 ponendi,
217 1462 280 1483 cum
295 1475 302 1485 .
325 1460 352 1482 te
373 1454 503 1485 auctore,
525 1451 631 1487 sequuti
646 1448 697 1477 sint
711 1448 902 1487 Jurisprude‘n-

42 1495 110 1524 tiam
127 1494 166 1523 sui
181 1495 329 1531 temporis,
346 1492 502 1521 utdecebat
517 1491 623 1526 Legum
639 1491 820 1526 interpretes,
845 1496 903 1516 non

40 1535 158 1562 latores.
199 1534 244 1562 De
257 1533 349 1570 jeus,
371 1532 418 1567 qui
434 1538 498 1559 ante
514 1531 669 1563 'trajanum
685 1529 798 1559 vixere,
821 1532 903 1563 appa-

42 1579 106 1607 ret,
132 1579 178 1600 me
202 1580 258 1600 non
285 1570 337 1599 effe
361 1570 523 1604 loquutum.
553 1577 614 1596 cum
635 1576 668 1596 ex
684 1568 726 1595 his
742 1566 812 1595 nihil
828 1565 903 1593 adfe-

39 1619 118 1644 ram,
138 1619 191 1639 nec
219 1610 327 1639 adferre
350 1608 465 1647 poffim,
494 1607 571 1644 quod
598 1608 650 1642 juri
667 1608 787 1642 antiquo
802 1603 902 1632 obstet.
922 1621 924 1623 -

40 1649 90 1678 De
104 1650 163 1682 his.
190 1650 243 1685 'qui
262 1648 357 1686 postea
378 1648 472 1675 vixere
488 1669 495 1679 ,
523 1645 548 1673 &
571 1654 692 1682 quorum
708 1644 853 1678 catalogus
875 1643 903 1681 in

40 1687 188 1717 Pandeetis
215 1687 298 1724 longe
313 1687 402 1720 major
421 1685 475 1718 est,
499 1685 654 1713 sermonem
671 1691 761 1711 meum
777 1681 903 1710 exaudiri

43 1726 139 1755 velim.
180 1727 273 1763 Atque
287 1727 315 1755 hi
331 1732 388 1754 non
405 1724 453 1752 nisi
469 1724 672 1752 humanitatem
689 1723 791 1759 spirant
807 1722 902 1757 acpie-

42 1767 148 1798 tatem‚
166 1765 316 1794 liberorum
336 1771 400 1799 erga
422 1769 567 1799 parentes.
596 1764 741 1798 parentum
756 1768 820 1796 erga
837 1759 903 1787 libe-

43 1811 107 1836 ros.
128 1803 154 1832 Gt
176 1803 266 1835 unde,
293 1803 342 1831 nisi
358 1803 480 1835 exime,
501 1800 577 1837 quod
601 1807 667 1829 tnnc
683 1798 853 1827 obtinebat?
874 1797 903 1826 hi
944 1801 947 1806 '

43 1841 202 1870 iri-confluo
217 1843 377 1879 Principum
395 1841 513 1868 adhihiti
525 1862 532 1869 .
555 1840 659 1873 Legum
677 1838 702 1866 ὅ(
718 1837 903 1866 Constituti-o-

44 1887 113 1909 num
126 1886 205 1909 erant
222 1880 360 1911 suasores.
383 1885 412 1907 ut
426 1888 459 1906 ex
482 1877 609 1905 Historiae
637 1876 765 1912 Augullae
781 1876 904 1911 Scripto-

43 1918 122 1947 ribus
144 1919 238 1956 parlim
258 1924 373 1956 apparet
391 1939 398 1949 ,
426 1918 453 1945 hi
478 1918 561 1944 etium
584 1917 658 1952 leges
674 1915 699 1943 ἃ
715 1923 805 1943 mores
820 1915 904 1942 inter-

44 1957 226 1993 pretabantur
239 1979 246 1990 ‚
274 1957 300 1985 ἃ.
323 1965 419 1984 eorum
445 1956 593 1983 auctoritas
609 1976 616 1986 .
646 1956 672 1982 in
690 1953 752 1981 foro
766 1959 879 1988 recepta
895 1972 904 1986 ‚

45 1995 114 2030 legis
140 1995 224 2024 instar
245 2003 313 2023 erat.
358 1994 388 2023 Id
412 1996 451 2027 jus
468 2016 474 2026 ,
502 1993 579 2030 quod
603 1993 702 2020 insola
723 1991 904 2020 Prudentium

45 2034 277 2069 interpretatione
294 2033 475 2065 consistebat,
498 2033 610 2067 proprie
627 2032 782 2059 vocabatur
796 2028 895 2068 JusCz'

45 2071 121 2106 vile,
141 2071 247 2106 &juris
261 2081 318 2101 non
334 2073 425 2107 scripti
442 2071 575 2107 particula
591 2076 650 2098 erat
669 2071 686 2097 l.
703 2077 729 2097 2.
749 2068 772 2104 gi.
791 2076 814 2103 ς.
832 2066 906 2101 a&

49 2117 94 2137 12.
108 2108 148 2147 ff.
168 2110 197 2138 de
216 2111 252 2139 O.
271 2110 307 2149 J.
346 2111 436 2139 Etiam
459 2116 566 2137 veteres
586 2110 648 2147 JCti
670 2108 739 2133 κατὰ
760 2109 843 2132 πεῖν-ι’
862 2105 907 2132 καὶ

45 2146 173 2183 &xi-pm·
198 2149 336 2180 ἐνομοθέτει
351 2170 358 2179 ,
385 2153 429 2183 per
448 2146 654 2185 covifitltotionem
679 2144 715 2181 ὅ)
729 2144 906 2182 responsionem

40 2185 90 2221 jur
103 2183 302 2221 constituebant.
323 2193 354 2214 ut
371 2185 548 2223 Theophilus
564 2187 684 2222 explicat
703 2183 738 2212 ad
757 2184 817 2220 §.8.
838 2181 904 2219 Inst.

49 2224 81 2250 de
91 2221 166 2261 Jure
180 2224 219 2251 N.
235 2224 270 2253 G.
291 2224 326 2258 ὅ)
341 2224 372 2251 C.
394 2233 452 2260 quo
468 2225 543 2252 sensu
559 2224 585 2252 ἃ.
605 2225 710 2252 Seneca
733 2223 767 2250 de
783 2222 828 2249 sua
842 2228 905 2250 zeta-

46 2267 76 2289 te
93 2261 162 2290 dixit
183 2261 263 2298 Epist.
281 2271 326 2295 94.
347 2261 478 2300 JCrorum
504 2262 615 2300 responsa
632 2264 734 2294 valere,
755 2260 852 2298 etiamst
866 2270 907 2288 ra-

45 2301 84 2327 tio
96 2309 146 2327 non
162 2302 288 2329 redditur.
328 2301 364 2329 Et
380 2302 421 2328 his
436 2302 566 2328 omuibus
587 2302 622 2328 de
645 2300 730 2328 caulis
742 2306 841 2327 veteres
851 2297 909 2338 Ju-

44 2339 85 2366 rt's
106 2338 253 2367 Conditores
278 2339 395 2367 audiunt
417 2341 444 2366 in
472 2340 488 2366 l.
507 2347 550 2373 23.
581 2340 610 2368 C.
627 2339 656 2366 de
675 2338 839 2366 Procizrotor.
860 2338 909 2364 diu

47 2382 112 2409 ante
132 2378 150 2404 Ι.
171 2386 216 2405 un.
237 2377 266 2406 C.
291 2376 408 2413 TheodosI
427 2377 456 2404 de
480 2377 596 2415 Reffons.
621 2377 747 2405 Proderit.
772 2380 830 2412 quo
851 2375 909 2412 ple-

45 2418 90 2443 na'
105 2414 171 2451 legis
191 2417 340 2444 auetoritas
369 2416 498 2444 omnibus
526 2416 584 2444 sere
610 2418 745 2444 Veterum
774 2414 908 2452 JCtorum

48 2453 154 2490 seriptis
179 2455 283 2483 tributa
308 2454 356 2483 est.
398 2455 529 2482 Ceterum
555 2463 640 2490 quum
664 2453 689 2482 δι
714 2453 782 2481 olim
805 2453 832 2481 in
848 2454 908 2486 jure

50 2491 246 2522 constituendo
267 2492 293 2522 &
321 2493 532 2528 interpretando
552 2502 613 2525 ens,
637 2501 704 2528 quas
722 2492 793 2525 dixi,
815 2496 907 2528 partes

48 2530 211 2565 habuerint,
240 2532 308 2569 quid
336 2539 430 2563 vetat,
459 2534 610 2568 quominus
630 2531 821 2566 Principibus,
844 2538 908 2557 cum

47 2577 93 2598 res
119 2570 268 2602 inciderit.
298 2570 421 2598 austores
449 2571 551 2598 fuerint
581 2570 728 2607 puniendae
756 2569 908 2597 liberorum

48 2607 147 2640 caedis,
167 2614 198 2636 ut
209 2609 320 2645 punivit
335 2608 474 2637 Adrianus
496 2611 522 2637 ln
544 2610 560 2636 l.
585 2618 609 2644 5.
624 2608 664 2647 ff
684 2609 713 2635 de
734 2607 768 2635 L.
792 2607 907 2643 Pompej.

48 2646 80 2674 de
96 2645 229 2674 Parricid.
255 2647 323 2683 quid
344 2654 420 2676 vetat
436 2669 443 2680 ‚
474 2649 625 2682 quominus
648 2646 772 2675 moribus
793 2653 908 2682 quoque

46 2684 264 2720 interpretandis
284 2686 436 2721 occupati.
463 2686 671 2721 responderint.
704 2684 853 2713 exolevisse
871 2684 908 2712 se-

48 2724 143 2752 verius
167 2722 234 2750 illud
260 2724 302 2756 ius
320 2724 414 2759 patriae
435 2724 612 2760 potestatis?
630 2726 675 2753 Ab
689 2730 788 2752 eorum
803 2724 909 2759 pietate

49 2760 77 2789 ἃ
90 2760 303 2790 mansuetudine
317 2762 385 2790 nihil
402 2762 476 2790 aliud
497 2764 645 2800 exspectari
663 2770 790 2800 poterat,
812 2761 837 2790 &
853 2762 909 2789 hoc

49 2799 90 2827 est
103 2819 113 2832 ‚
133 2798 210 2836 quod
233 2799 289 2827 dixi
309 2808 344 2827 eo
366 2808 546 2834 argumento,
579 2802 658 2837 quod
679 2801 718 2830 est
731 2811 747 2829 a
760 2801 907 2835 probabili,

48 2837 75 2866 ἃ
89 2838 134 2866 cui
148 2839 266 2866 omnino
280 2837 374 2867 locum
391 2839 444 2867 effe
461 2840 486 2867 in
503 2839 700 2881 quaestjonibus
722 2839 803 2871 faeti,
830 2838 909 2875 supra

50 2875 160 2904 ostendi
177 2876 212 2903 ad
234 2877 258 2907 ‘l'-
279 2876 312 2904 11.
331 2880 397 2904 n.·‘2·.
418 2878 484 2913 quid
501 2879 618 2911 saevum,
638 2878 706 2914 quid
719 2878 908 2906 truculentum
953 2874 969 2902 g

49 2913 171 2950 superest
198 2914 225 2942 in
247 2922 342 2942 eorum
368 2915 609 2944 Commentariis?
644 2917 714 2945 nihil
745 2917 907 2953 quicquam.

47 2954 151 2988 Neque
172 2958 264 2980 tamen
287 2952 395 2980 inficior
409 2973 417 2984 ‚
446 2952 465 2980 ss
486 2954 543 2982 Lex
558 2955 648 2991 Regia
664 2955 689 2984 δι
704 2955 907 2984 Decemviralis

49 2991 112 3028 post
133 2989 286 3019 Adrianum
307 2990 500 3026 perdurasset.
532 2992 558 3020 ἀ
580 2993 615 3022 de
629 3002 666 3021 eo
681 2994 838 3026 constaret,
859 3001 908 3021 eos

50 3037 110 3058 non
131 3029 209 3057 fuisse
222 3028 281 3056 ullo
295 3030 409 3057 nomine
423 3028 608 3064 accusandos,
628 3030 647 3058 fi
668 3031 703 3059 de
725 3033 786 3067 jure
801 3031 909 3059 consul-

49 3069 89 3098 ti,
112 3066 261 3095 secundum
283 3067 354 3095 hanc
378 3067 600 3104 respondiffene,
627 3077 680 3098 nec
694 3076 754 3098 erat
770 3079 854 3106 opus,
879 3075 910 3098 ut

50 3106 78 3134 id
95 3112 152 3134 tam
169 3104 276 3142 prolixe
293 3105 418 3133 doceres'.
460 3106 524 3133 Una
546 3106 660 3142 quaestl'o
682 3108 738 3142 est,
757 3109 823 3144 quid
845 3108 907 3136 scri-

48 3144 170 3180 pserint,
201 3144 270 3180 quid
292 3144 506 3180 responderint,
536 3152 598 3173 curn
619 3146 653 3174 de
672 3147 734 3181 jure
747 3147 867 3174 necandi
883 3146 908 3174 δε

50 3180 208 3218 exponendi
229 3181 317 3209 sermo
332 3181 380 3210 est.
419 3182 480 3217 Ego
496 3182 609 3211 excuffis
624 3191 721 3212 eorum
736 3183 862 3220 reliquiis
881 3193 908 3211 a·

52 3219 167 3287 hagor
184 3219 317 3287 slententia
327 3241 335 3255 ,
355 3225 444 3258 quam·
455 3226 485 3250 tu
500 3222 601 3259 uteris,
620 3220 646 3251 &
664 3223 712 3259 qui
727 3222 757 3252 ln
771 3230 829 3251 rem
842 3229 923 3258 prat·⁴

119 3267 166 3287 om.
205 3280 211 3288 .

823 100 1496 146 RE'SPON‘SIO.

916 1445 919 1447 Α
946 1413 992 1441 lim
1007 1412 1157 1449 plurimum
1173 1412 1287 1441 valuisse
1306 1418 1414 1441 veteres
1431 1412 1526 1449 JCtos.

1731 104 1800 148 40¹1

935 196 1000 220 non
1016 185 1115 218 essent
1130 185 1372 226 Legumlatores
1390 209 1399 225 ,
1433 185 1484 216 sed
1513 185 1632 227 Legum
1651 183 1806 224 interpr-e:

937 237 1009 266 tes,
1034 227 1064 259 &
1081 227 1196 268 privati
1218 237 1227 265 ;
1257 226 1312 258 etfi
1340 235 1451 257 eorum
1479 226 1593 267 scripta
1609 225 1714 267 postea
1730 225 1808 265 juris

937 270 967 302 ὁ(
984 269 1062 309 legis
1082 267 1305 300 auctoritatem
1320 267 1501 308 acceperint
1530 277 1547 298 a
1577 267 1761 298 'l'lreodoiio
1784 266 1805 297 l.

935 312 1014 342 unic.
1027 310 1094 340 Cod.
1107 309 1209 340 Treod.
1221 310 1255 340 de
1276 308 1395 349 respons]
1408 308 1550 340 Prudent.
1569 308 1597 339 ἃ
1610 317 1625 338 a
1636 307 1809 347 justiniano

937 353 959 384 l.
979 361 1004 383 1.
1030 350 1078 382 De
1096 352 1277 391 conceptione
1295 347 1484 392 Digestorum
1524 348 1561 383 ὅ)
1583 349 1604 379 l.
1623 358 1650 379 2.
1678 347 1724 379 De
1743 358 1808 378 cou-

932 393 1101 434 firmatz'one
1129 389 1327 434 Digestorum.
1359 400 1431 422 nam
1457 399 1529 421 ante
1562 399 1626 421 non
1652 388 1715 420 fuit
1743 390 1808 428 ita3

938 434 1022 466 &cle
1033 432 1088 465 suo
1107 442 1251 474 tempore
1281 431 1335 473 (2)
1365 430 1596 464 Constantinus
1618 431 1637 461 l.
1665 439 1692 462 1.
1720 431 1752 461 C.
1773 432 1807 461 cle

938 477 1070 517 legibus,
1095 474 1178 506 Inter
1194 476 1358 515 aequitatem
1371 474 1476 516 jusque
1496 471 1697 513 interpositam
1716 473 1807 502 inter-

934 518 1148 557 pretatmnem„
1175 516 1300 557 inquit,
1322 517 1404 546 nobis
1413 515 1487 557 solis
1505 514 1541 549 ὅ)
1560 519 1669 554 oportet
1686 511 1722 547 ἐξ
1740 513 1810 543 lscet

940 558 1089 599 inspicere.
1135 555 1213 589 Non
1232 558 1353 598 patitur
1379 557 1445 588 hoc
1468 555 1712 591 refutationeim
1737 563 1812 585 curn

938 600 1077 641 incurrat
1104 598 1136 629 in
1163 600 1275 630 oculos
1291 599 1433 630 omnium
1450 609 1458 629 :
1483 597 1514 629 &
1534 597 1618 638 quod
1637 604 1748 627 contra
1766 595 1813 626 di-

938 642 1023 685 etum
1043 639 1294 685 abUArnpliffimo
1317 639 1416 679 Viro,
1450 639 1504 681 C)
1527 639 1589 671 line
1609 637 1706 669 duhio
1727 637 1814 668 aliud

938 688 1092 722 cogitanti
1119 681 1253 712 excidit.
1287 688 1396 712 utcum
1423 690 1461 712 ue
1479 680 1562 720 erit,
1587 690 1604 711 a
1626 681 1747 711 nucero
1764 680 1815 718 ju-

939 722 1159 762 risprudentiae
1187 730 1250 753 tam
1277 723 1371 762 longe
1396 732 1411 753 a
1435 721 1502 760 est,
1525 731 1618 762 quum
1638 720 1726 762 quod
1748 721 1815 751 lon-

940 763 1068 805 giffime.
1101 762 1154 804 (4)
1185 763 1299 795 Verius
1326 773 1387 803 ego
1407 763 1526 804 duplex
1543 763 1606 794 feei
1625 771 1739 794 munus
1757 761 1817 794 Ve-

943 813 1045 836 terum
1072 804 1375 844 Jurisconsultorum
1395 828 1404 843 ,
1438 805 1540 836 bonos
1567 806 1595 836 ὃς
1626 804 1814 835 innocentes

940 847 1028 878 viros
1059 846 1174 886 ubique
1197 846 1428 887 profitentium.
1463 856 1559 877 unum
1583 845 1648 876 fuit
1666 845 1784 876 docere
1802 868 1813 882 ‚

940 888 1016 929 quid
1033 887 1145 918 liceret
1163 885 1288 929 legibus
1304 887 1508 927 moribusque
1527 887 1639 928 Populi
1659 886 1813 918 Romani:

939 930 1096 966 alterum,
1119 929 1193 969 quid
1211 928 1288 960 esset
1304 929 1392 969 pium
1410 937 1504 968 atque
1525 927 1700 960 honestum.
1727 928 1816 968 prius

938 971 1016 1012 juris
1038 970 1177 1012 regulam
1199 970 1374 1011 appellari,
1406 969 1562 1011 posterius
1591 971 1668 1009 juris
1697 978 1814 1010 praeeo

1702 1019 1791 1052 ptum
1801 1032 1814 1049 ,

943 1098 1047 1128 sentem
1074 1099 1205 1129 venient.
1236 1095 1366 1133 suffragia
1387 1096 1504 1124 dabunt.
1546 1095 1658 1123 interea
1676 1095 1762 1123 nolim
1786 1101 1813 1123 te

943 1144 1052 1166 veteres
1067 1137 1153 1175 JCtos
1170 1136 1272 1165 habere
1291 1145 1342 1172 pro
1366 1135 1429 1163 solis
1451 1135 1670 1169 lnterpretilms,
1693 1142 1816 1169 quorum

943 1175 1018 1204 nulla
1034 1175 1124 1204 fuisset
1140 1176 1304 1208 austoritas,
1334 1174 1360 1203 ἃ
1384 1175 1412 1202 in
1436 1173 1508 1201 hanc
1523 1181 1582 1200 rem
1599 1173 1678 1201 abuti
1694 1173 1719 1200 cl.
1735 1174 1754 1200 t.
1769 1182 1814 1202 un.

944 1214 973 1244 C.
997 1213 1090 1242 Theod.
1111 1214 1141 1241 de
1162 1212 1279 1251 Respons.
1300 1212 1430 1241 Prudent-

985 1267 1009 1287 1.
1033 1259 1083 1287 His
1098 1259 1154 1294 jam
1173 1258 1315 1292 satisfeci,
1337 1257 1377 1291 ἃ,
1402 1257 1420 1285 fi
1452 1257 1543 1285 minus
1561 1256 1612 1284 tibi
1628 1255 1818 1289 satisfaciant,

945 1297 990 1326 adi
1008 1297 1144 1334 Jacobum
1162 1296 1371 1326 Gothosredum
1399 1295 1434 1324 ad
1462 1295 1487 1324 d.
1509 1296 1527 1322 l.
1550 1303 1595 1323 un.
1616 1294 1646 1322 C.
1672 1294 1765 1323 Theocl.
1790 1294 1818 1322 δε

944 1337 1093 1372 plerosque
1111 1337 1279 1372 Interpretes
1296 1335 1330 1363 ad
1360 1335 1385 1363 d.
1406 1335 1430 1372 §-
1455 1336 1480 1364 8.
1502 1331 1567 1369 ῙηΙὶ.
1589 1333 1620 1361 de
1632 1332 1706 1371 erre
1720 1333 1761 1361 N.
1779 1333 1816 1361 G.

945 1372 982 1408 59⁹
999 1374 1029 1402 C.
1057 1373 1082 1402 ἃ
1105 1383 1139 1402 ex
1165 1375 1197 1402 iis
1225 1374 1327 1406 disces,
1350 1375 1434 1402 etiarn
1452 1373 1554 1406 injure
1569 1372 1770 1400 constituendo
1786 1378 1820 1399 οὲ

1177 1444 1180 1448 ¹
1568 1410 1700 1445 Novam,
1716 1410 1821 1444 fateor,

945 1452 1139 1480 austoritatem
1168 1451 1201 1480 iis
1226 1450 1337 1480 addidit
1357 1449 1536 1480 Theodosius
1559 1449 1588 1477 in
1617 1448 1643 1477 d.
1666 1450 1684 1477 l.
1700 1458 1745 1478 un.
1768 1448 1817 1478 se'd

945 1490 1002 1518 hoc
1015 1497 1140 1519 veterem
1157 1497 1214 1518 non
1235 1490 1345 1519 minuit.

981 1545 1008 1565 2.
1030 1536 1102 1566 Satis
1116 1535 1235 1568 novisti,
1263 1537 1282 1565 1.
1301 1545 1324 1566 r.
1354 1532 1384 1566 C.
1407 1536 1437 1565 de
1454 1536 1517 1565 LL.
1540 1535 1750 1573 intelligendam
1765 1536 1821 1567 esso

946 1576 981 1604 de
995 1577 1057 1611 jure
1074 1581 1153 1603 certo
1165 1596 1173 1608 ,
1195 1574 1273 1612 quod
1290 1575 1428 1613 aequitatis
1443 1581 1581 1612 praetextu
1603 1583 1688 1604 nemo
1712 1576 1788 1605 tollit
1809 1598 1819 1609 ‚

946 1614 996 1643 nifi
1014 1613 1086 1642 solus
1101 1614 1243 1650 Princeps.
1263 1614 1327 1643 Nos
1343 1615 1594 1651 autemquaerimus
1603 1614 1724 1649 dejure,
1739 1615 1821 1651 quod

945 1653 1102 1681 obtinuerit
1127 1651 1173 1680 vel
1197 1652 1305 1688 legibus
1322 1653 1367 1681 vel
1389 1653 1526 1681 moribus.
1568 1653 1716 1689 Perperam
1734 1654 1821 1689 igitur

944 1692 1000 1720 huc
1022 1691 1145 1719 advocas
1176 1689 1202 1718 d.
1231 1692 1249 1718 l.
1283 1699 1308 1719 1.
1336 1691 1404 1728 quia
1421 1690 1552 1727 supponis
1569 1712 1578 1725 ‚
1600 1692 1678 1728 quod
1699 1692 1729 1720 in
1746 1700 1822 1729 quae-

946 1729 1036 1758 stione
1051 1728 1090 1758 est
1101 1750 1109 1763 ‚
1130 1734 1161 1758 ut
1177 1728 1245 1766 saepe
1261 1729 1340 1759 alias,

981 1786 1009 1813 3.
1029 1777 1159 1814 Ignoscat
1177 1775 1245 1805 mibi
1262 1775 1393 1804 Gravitas
1409 1780 1473 1809 tua,
1497 1783 1555 1812 non
1572 1774 1649 1803 aliud
1668 1776 1823 1812 cogitanti,

947 1816 993 1845 sed
1012 1817 1097 1852 pleno
1112 1814 1229 1844 confilio
1243 1815 1311 1842 mihi
1326 1812 1451 1847 excidit,
1474 1814 1553 1850 quod
1574 1813 1631 1842 dixi
1658 1813 1693 1841 de
1710 1816 1817 1851 pietate

947 1856 972 1884 &
989 1855 1153 1883 austeritate
1180 1859 1306 1881 veterum
1329 1852 1478 1890 JCtorum.
1529 1852 1640 1881 Videris
1665 1853 1754 1886 velle,
1777 1862 1823 1881 me

947 1896 1141 1922 immemorem
1169 1890 1247 1919 fuiss‘e
1273 1891 1298 1919 d.
1326 1893 1344 1918 l.
1373 1899 1417 1918 un.
1453 1889 1484 1918 C.
1515 1889 1610 1919 Theod.
1639 1891 1669 1918 de
1698 1891 1820 1929 Responj‘.

947 1932 1077 1960 Prudent.
1117 1931 1203 1965 Atqui
1226 1929 1283 1966 ipse
1305 1928 1442 1958 nonnulla
1471 1927 1506 1956 ad
1523 1930 1582 1964 ejus
1612 1930 1833 1963 interpretatiov

948 1979 1012 1999 nem
1029 1969 1109 1998 attuli
1129 1969 1210 1996 Libro
1232 1968 1371 2004 Singulari
1392 1967 1426 1995 ad
1445 1967 1481 1995 L.
1498 1975 1543 2002 40.
1557 1966 1597 2005 ff.
1620 1968 1650 1995 de
1665 1968 1730 1996 Reiz.
1748 1969 1819 1997 cred.
1841 1974 1843 1976 ·

948 2009 1009 2045 Cap.
1027 2009 1061 2037 ll.
1088 2015 1140 2035 nec
1164 2007 1311 2042 quisquam
1343 2005 1382 2033 est
1406 2005 1492 2042 JCtus
1511 2026 1520 2038 ,
1550 2007 1597 2042 qui
1618 2014 1678 2033 eam
1696 2008 1819 2043 ignoret.

948 2049 1033 2076 Nunc
1049 2055 1093 2073 me
1108 2045 1194 2073 habes
1210 2053 1262 2082 pro
1279 2045 1396 2072 homine
1411 2044 1541 2078 erudito,
1563 2053 1639 2072 nunc
1652 2045 1753 2073 iterum
1766 2054 1821 2083 pro

947 2086 1035 2122 fungo
1051 2084 1077 2113 δι.
1096 2083 1196 2121 stipite.
1226 2120 1229 2121 .

983 2142 1012 2169 4.
1034 2132 1116 2161 Viam
1147 2131 1193 2158 hic
1215 2129 1312 2158 sternis
1327 2128 1360 2156 ad
1377 2129 1640 2165 interpretationem
1658 2130 1722 2164 Iulii
1741 2129 1823 2159 Pauli.

949 2174 976 2201 in
1003 2173 1021 2200 ι.
1043 2179 1071 2206 4.
1097 2167 1137 2207 ff.
1158 2169 1188 2196 de
1216 2166 1332 2205 Agnosc.
1353 2166 1390 2201 ὅ)
1409 2168 1494 2196 atemt.
1516 2170 1562 2197 lib.
1586 2169 1611 2197 ἃ
1628 2163 1732 2205 duplex
1749 2169 1822 2197 sacis

948 2217 1076 2239 veterum
1093 2208 1229 2246 JCtorum
1246 2205 1386 2239 officium,
1408 2207 1529 2242 quorum
1550 2207 1668 2235 alterum
1686 2207 1717 2237 fit
1736 2208 1822 2236 doce-

949 2259 998 2282 re,
1021 2247 1088 2285 quid
1104 2247 1227 2279 licitum,
1249 2245 1382 2278 alterum,
1397 2245 1465 2279 quid
1478 2247 1555 2282 pium
1571 2252 1656 2282 atque
1675 2247 1826 2275 honestum.

950 2289 990 2317 fit.
1029 2285 1103 2315 Illud
1118 2284 1203 2312 refers
1217 2283 1252 2312 ad
1270 2286 1376 2321 regulas
1385 2284 1475 2320 juris,
1511 2285 1566 2311 hoc
1583 2285 1618 2312 ad
1639 2285 1822 2320 praeceptaju-

951 2329 1005 2361 ris‚·
1025 2333 1102 2353 nova
1121 2323 1318 2355 distinfflone5
1340 2324 1418 2356 cujus
1434 2328 1461 2349 te
1487 2323 1606 2358 primum
1623 2324 1763 2351 auctorem
1781 2331 1825 2351 es-

952 2366 978 2394 se
995 2363 1132 2392 veriffime
1147 2362 1193 2390 hic
1210 2359 1339 2389 affirmas.
1382 2359 1437 2388 Sed
1461 2361 1566 2393 nolim,
1598 2362 1747 2397 quisquam
1770 2362 1824 2390 tihi

952 2403 1078 2432 invideat
1095 2401 1175 2435 hujus
1192 2399 1410 2427 inventiunculae
1425 2397 1545 2434 gloriam
1562 2420 1569 2431 ,
1592 2408 1656 2427 nam
1673 2406 1737 2428 toto
1757 2399 1822 2436 Cap.·

949 2445 986 2473 X.
1015 2440 1094 2481 Julii
1123 2439 1206 2467 Pauli
1219 2458 1228 2472 ,
1258 2437 1328 2465 nihil
1349 2436 1482 2470 attulisti,
1503 2444 1561 2473 quo
1576 2443 1702 2474 proe'cepta
1712 2439 1786 2475 juris
1806 2447 1824 2466 a

951 2482 1051 2517 regulis
1060 2478 1150 2516 juris,
1177 2477 1221 2504 vel
1246 2484 1293 2509 re,
1326 2475 1370 2502 vel
1393 2476 1509 2503 nomine
1531 2476 1656 2507 distincta
1676 2478 1822 2513 probares.

950 2521 1017 2550 Scio
1034 2522 1170 2554 praecepta
1185 2522 1294 2543 morum
1312 2514 1366 2541 alia
1383 2513 1451 2549 saepe
1468 2513 1538 2548 effe,
1562 2513 1587 2542 &
1604 2515 1685 2543 latius
1703 2522 1799 2552 patere
1815 2536 1825 2550 ‚

951 2565 1036 2595 quam
1056 2559 1195 2592 praecepta
1218 2553 1331 2588 legu1n;
1359 2551 1386 2579 &
1409 2553 1463 2580 hoc
1482 2568 1490 2585 ‚=
1527 2561 1581 2581 nec
1600 2553 1693 2586 aliud,
1714 2554 1825 2583 Seneca

953 2596 1052 2625 docuit
1068 2594 1100 2622 iis
1118 2592 1206 2624 locis,
1231 2599 1302 2627 quos
1323 2591 1361 2618 ibi
1378 2591 1520 2625 indicasti,
1545 2591 1590 2620 sed
1603 2598 1713 2621 tantuin
1735 2593 1824 2624 abest.

952 2642 984 2664 ut
995 2638 1120 2672 praecepta
1129 2630 1203 2667 juris
1219 2630 1370 2666 quicquam
1389 2629 1546 2658 differanta
1561 2631 1663 2667 regulis
1679 2630 1722 2658 vel
1738 2630 1824 2659 decre-

951 2675 986 2701 tis
1000 2673 1090 2710 juris,
1110 2677 1140 2697 ut
1154 2669 1232 2696 varia
1256 2668 1419 2704 promiscuae
1443 2667 1653 2704 significationis
1677 2670 1826 2705 exempla,

951 2713 1026 2748 apud
1048 2708 1184 2738 Auctores
1212 2707 1338 2740 nostros,
1361 2707 1413 2734 tibi
1430 2707 1533 2735 veritas
1561 2709 1716 2735 extorserit.
1764 2705 1822 2736 Sed

952 2751 1018 2786 quid
1036 2748 1070 2776 de
1091 2746 1185 2774 verbis
1203 2744 1374 2782 disputamus
1389 2744 1402 2772 ?
1432 2753 1475 2774 res
1503 2745 1560 2781 ipsa
1577 2753 1634 2773 non
1651 2746 1736 2781 magis
1754 2754 1824 2773 vera

953 2789 1007 2821 est,
1028 2787 1115 2825 JCtos
1131 2792 1233 2820 nempe
1250 2783 1354 2820 duplici
1379 2791 1494 2810 munere
1514 2782 1592 2810 fuisse
1607 2783 1731 2816 functos.
1753 2791 1826 2820 quo-

954 2835 1014 2856 rum
1030 2825 1148 2853 alterurn
1164 2822 1236 2850 liciti
1252 2822 1278 2850 δι
1294 2821 1401 2853 illiciti,
1424 2821 1540 2848 alterum
1558 2822 1597 2856 pii
1615 2821 1640 2849 ἃ
1657 2821 1765 2849 honesti
1781 2831 1824 2849 re-

973 2865 1030 2894 ulas
1047 2861 1214 2892 traftaverit.
1256 2861 1321 2895 Hoc
1343 2859 1577 2894 Philosophorum
1594 2859 1649 2891 est.
1672 2859 1697 2887 ὅ(
1713 2860 1822 2896 semper

951 2904 1023 2938 fuit,
1046 2901 1113 2930 illud
1133 2905 1226 2926 autern
1241 2898 1376 2934 JCtorunr
1389 2917 1397 2928 ,
1429 2897 1466 2924 ita
1485 2903 1594 2929 tamen,
1615 2904 1645 2925 ut
1663 2897 1730 2933 saepe
1747 2898 1824 2935 apud.

952 2951 1001 2971 eos
1017 2942 1056 2978 pii
1070 2940 1096 2969 δι
1108 2936 1219 2966 honesti
1240 2936 1347 2963 mentio
1364 2934 1485 2966 incidat,
1508 2934 1534 2963 ἃ
1547 2943 1581 2962 ex
1593 2943 1629 2963 eo
1647 2936 1736 2971 Leges
1745 2946 1826 2965 com-

951 2980 1104 3012 mendent,
1134 2975 1179 3004 vel
1195 2995 1203 3008 ‚
1229 2973 1305 3009 quod
1328 2973 1358 3000 fit
1376 2972 1508 3002 rariffime
1521 2994 1528 3006 ,
1551 2974 1635 3001 eriam
1654 2974 1732 3010 supra
1749 2976 1825 3011 leges

953 3019 1069 3048 laudent
1091 3013 1289 3051 prudentiam,
1318 3009 1344 3038 &
1371 3009 1425 3038 alia
1447 3011 1508 3038 Viri
1525 3012 1592 3039 boni
1609 3011 1712 3041 officia.
1752 3016 1826 3042 Inde

953 3058 1038 3095 JCtos
1053 3061 1110 3082 non
1124 3051 1211 3086 magis
1228 3049 1293 3077 licet
1309 3048 1402 3076 dicere
1417 3047 1605 3085 Philosophos
1615 3067 1621 3083 ‚=
1633 3059 1717 3087 quani
1725 3053 1824 3082 Gram-

955 3095 1090 3124 maticos,
1113 3090 1179 3125 quia
1194 3088 1229 3115 de
1245 3087 1396 3115 verborum
1417 3086 1635 3123 fignifiealtionffi
1663 3090 1827 3126 quamMe.

954 3130 1127 3166 d‚icos‚quia
1143 3127 1177 3154 de
1194 3127 1277 3163 rebus
1295 3125 1411 3153 medicis
1426 3133 1631 3162 nonnunquam
1651 3135 1747 3164 agunt.
1771 3130 1827 3158 Eo·

953 3179 1012 3200 rum
1031 3175 1130 3197 munus
1151 3166 1179 3194 in
1195 3164 1255 3197 hiS,
1274 3163 1301 3193 &
1316 3163 1468 3199 similibus,
1500 3165 1601 3195 versari
1621 3174 1706 3196 nenio
1720 3188 1730 3203 ,
1750 3168 1827 3203 quod
1844 3180 1849 3182 -

955 3211 1036 3240 sciam
1052 3230 1060 3242 ‚
1084 3205 1155 3234 dixit
1174 3210 1310 3239 unquam.
1486 3213 1489 3217 ·
