2008 3436
450 131 851 170 CORNELII
925 137 1033 167 VAN

198 145 266 179 148

837 244 1188 284 CAPUT

1108 123 1712 165 RYNKERSHOEK

1254 268 1256 272 ψ
1287 245 1335 280 V.

766 337 819 371 Ad
844 337 884 369 L.
916 347 944 369 1.
973 332 1011 367 ff.
1040 332 1084 366 de
1110 330 1242 366 lnoffic.
1269 330 1404 367 testam.

310 436 373 468 iror
393 435 475 473 effe,
501 445 579 476 quos
604 432 775 465 irritaverit
797 431 951 476 Ulpianus
979 429 1010 459 in
1034 430 1062 459 cl.

332 479 351 509 l.
379 487 404 508 1.
451 476 554 507 Verba
579 476 644 515 ejus
661 499 670 513 ,
706 483 740 504 ut
763 472 934 503 Florentiae
959 470 1064 515 legun-

198 529 267 558 tur,
294 523 361 551 haec
376 518 463 549 sunt:
490 518 648 548 Sciendum
663 514 703 555 est
719 538 728 552 ‚
743 516 924 554 frequentes
945 511 997 552 eſje
1018 515 1063 542 in-

198 559 312 601 officioft
332 561 470 600 querelas
488 570 496 589 ;
532 559 663 589 omnious
685 558 762 587 enim
784 561 846 585 tam
865 555 1063 594 parentibus,

199 612 290 643 qnam
319 603 421 633 liberis
439 624 448 636 ,
484 602 518 631 de
541 598 693 639 inofficiose
715 599 785 628 licet
806 597 969 636 disputare.
1016 595 1065 626 Co-

196 647 288 685 gnati
307 645 383 674 enim
401 643 540 682 proprii,
562 640 702 680 quisunt
723 640 808 670 ultra
822 638 960 677 fratrem
977 658 988 673 ,
1010 647 1065 667 me-

200 686 262 716 lius
277 687 440 725 facerem,
457 682 529 723 sisic
541 683 713 722 sumptibus
733 681 873 711 inanibus
895 689 952 709 non
974 688 1064 724 <vegea-

196 734 265 758 rent
285 750 294 763 ‚
321 736 387 757 cum
408 726 540 756 obtinere
555 723 640 764 spem
660 733 717 754 non
738 723 889 754 haberem.
934 719 985 752 De
1007 720 1064 751 1111-

199 768 282 809 gulis
300 768 467 798 videamus.

243 808 299 840 Ait
317 831 326 846 ,
359 809 540 848 frequentes
568 805 620 847 effe
646 804 796 846 inoffirz'ofi
823 803 972 845 querelas.
1017 800 1065 832 Ad

199 860 270 888 quae
288 849 452 881 Accursius
470 856 578 888 notat,
604 850 654 878 hoc
668 848 709 888 eJt
730 849 928 879 mendacium.
973 842 1064 884 Igno-

201 890 288 924 scant
306 890 432 930 Ulpiani
451 899 555 921 manes
571 890 690 921 homini
712 889 792 920 male
807 887 942 924 feriato,
963 885 1064 916 &ma-

197 932 244 973 gis
262 931 443 972 ignoscant,
460 941 532 962 cum
548 940 622 961 vere
639 930 811 967 addiderit,
835 929 884 961 vel
900 930 948 959 dic
960 949 968 963 ‚
991 926 1065 966 quod

199 976 336 1014 loquitur
351 974 510 1010 secundnm
529 974 584 1010 lita
606 978 755 1013 tempora3
776 971 817 1002 fic
831 970 914 1002 enim
931 967 1066 1000 solemus

198 1015 305 1055 loqui,
331 1015 360 1046 ὅ(
378 1015 420 1046 ita
440 1013 470 1045 se
483 1023 531 1045 res
551 1013 654 1044 hahet.
700 1012 811 1053 Magni
837 1010 958 1042 seilicet
972 1006 1065 1054 *apud

197 1056 358 1087 Romanos
377 1055 471 1087 tiebat
491 1053 665 1086 testamenti
681 1053 797 1092 sufflo,
814 1061 912 1093 neque
930 1059 1012 1081 enim
1027 1049 1063 1094 113

197 1097 308 1127 beuter
328 1095 463 1127 intestati
489 1096 681 1127 decedebant
698 1119 707 1134 ‚
741 1093 791 1126 sed
808 1094 890 1124 bon-„i
907 1092 957 1124 sua
974 1114 983 1129 ,
1005 1089 1064 1136 ‘fibi

197 1138 331 1179 amplius
347 1147 411 1170 non
427 1136 594 1178 profutura
612 1161 620 1175 ,
646 1135 856 1177 largiebantur
876 1134 913 1165 iis
925 1157 934 1172 ‚
959 1141 1011 1172 qui
1030 1140 1065 1161 ea

197 1177 389 1212 meruiss'ent.
435 1178 477 1209 Et
495 1187 604 1218 magna
622 1186 749 1218 quoque
764 1175 832 1217 spes
847 1183 913 1206 erat
925 1199 933 1213 ‚
958 1181 1063 1218 neces-

198 1220 285 1252 sariis
303 1219 445 1260 quamvis
461 1218 674 1256 exheredatis,
688 1217 906 1249 testamentum
923 1225 986 1260 non
997 1213 1063 1244 iub-

197 1260 323 1292 verl'um
341 1261 397 1299 iri,
408 1270 503 1301 quum
520 1260 632 1291 Romae
651 1259 749 1299 major
767 1257 959 1302 testamenti,
972 1263 1065 1295 quam

197 1303 347 1334 heredum
364 1302 400 1332 ab
420 1301 588 1339 intestato,
614 1299 779 1331 haberetur
794 1299 907 1343 ratioa
919 1298 1005 1328 lecus
1020 1303 1064 1326 at-

197 1353 258 1386 que
281 1343 319 1374 de
343 1341 464 1374 Graecis
486 1341 649 1373 nonnullis
674 1348 827 1373 memorat
854 1336 1039 1371 Aristoteles
1053 1357 1064 1374 ,

198 1386 251 1416 vel
268 1384 408 1425 quisquis
426 1384 504 1414 alius
520 1383 741 1414 Probtemmum
759 1381 805 1414 est
820 1380 958 1418 Auum,
984 1378 1062 1409 δρᾶ.

197 1425 328 1461 XXIX.
356 1424 393 1456 O.
422 1435 452 1466 3.
506 1424 541 1456 In
567 1424 664 1455 dubio
687 1423 768 1465 apud
792 1423 952 1454 Romanos
977 1419 1064 1451 testa-

198 1476 340 1500 mentum
354 1457 510 1505 ‚Neontra
535 1473 690 1507 cognatos
713 1464 878 1496 conditum
894 1485 904 1501 ,
929 1460 1064 1508 subsiste-

198 1509 270 1547 bat,
295 1516 389 1548 atque
407 1507 476 1537 ideo
491 1506 744 1538 dissentientibus
764 1505 803 1536 de
820 1502 999 1536 inofficioso
1013 1503 1064 1543 Ju-

196 1550 340 1586 dicibus,
365 1557 475 1579 eorum
491 1546 645 1580 sententia
662 1546 829 1588 praevaluit
845 1567 856 1584 ,
881 1545 934 1586 qui
957 1543 1064 1576 secun-

195 1591 270 1623 dum
290 1588 507 1621 testamentum
521 1587 778 1630 pronunciafl'ent
801 1588 822 1619 l.
838 1596 886 1619 10.
902 1586 943 1628 ff.
959 1587 989 1617 h.
1001 1585 1063 1617 Tit.

194 1631 282 1674 quod
300 1640 336 1662 ut
359 1631 456 1672 magis
476 1630 671 1671 provocabat
695 1630 732 1661 ad
746 1627 997 1660 exheredandum
1008 1627 1064 1658 rni-

197 1683 256 1708 nus
271 1672 402 1703 meritos
414 1694 425 1710 ,
449 1681 488 1703 eo
504 1672 603 1713 magis
618 1680 745 1712 quoque
759 1670 894 1712 querelis
909 1669 947 1700 de
963 1668 1064 1700 inoffi-

195 1713 285 1746 cioso
304 1713 396 1745 dabat
412 1713 528 1750 locum.
578 1712 667 1746 Unde
683 1720 733 1744 tot
749 1711 865 1752 judicia
883 1721 899 1743 a
924 1710 963 1741 ud
982 1709 1062 1742 Cen-

196 1755 355 1786 tumviros
377 1754 416 1785 de
442 1753 625 1786 inofficiofis
648 1753 840 1785 testamentis
864 1762 881 1783 a
914 1761 931 1782 a
946 1775 956 1791 ‚
987 1760 1062 1792 quo-

196 1806 267 1829 rum
290 1795 434 1837 exempla
458 1795 580 1836 aliquot
599 1794 741 1836 suggeffit
757 1793 901 1826 Valerius
924 1793 964 1824 L.
990 1791 1061 1838 Vll.

195 1838 230 1870 C.
255 1847 285 1877 7.
316 1837 376 1868 alia
392 1836 511 1868 Plinius
525 1836 556 1868 in
576 1836 741 1877 Epistolis,
765 1835 861 1867 variis
882 1834 981 1872 locis,
1004 1833 1063 1865 alia

195 1879 260 1911 alii.
308 1877 414 1910 Hodie
431 1886 509 1908 vero
534 1877 699 1910 inofficiosi
720 1876 854 1918 querelae
881 1875 1062 1917 frequentes

196 1929 261 1952 non
277 1919 364 1958 sunt,
375 1919 447 1960 quia
465 1918 545 1958 apud
561 1919 724 1960 plerasque
740 1917 860 1949 Gentes
877 1927 941 1948 non
958 1926 992 1947 ea
1004 1915 1060 1954 est,

195 1971 267 2002 quae
293 1961 370 1993 olim
392 1983 401 1999 ,
438 1959 696 1992 testamentorum
720 1969 803 1991 cura.
849 1958 940 1989 Tota
962 1956 1063 1989 Dacia

196 2011 262 2033 non
278 2002 379 2032 utitur
397 2000 607 2040 testamentis,
634 2010 669 2032 ut
685 2000 730 2033 est
746 2001 778 2032 in
801 2001 1003 2031 additionibus
1025 1998 1063 2030 ad

196 2044 224 2075 C
252 2052 282 2089 3.
304 2042 350 2074 X.
372 2044 405 2073 de
422 2043 658 2083 Confitetudiize,
684 2043 714 2074 ὅ(
731 2042 783 2083 qui
801 2051 885 2073 nunc
902 2041 1062 2081 Europam

196 2084 340 2116 habitant
359 2083 490 2125 Populi,
502 2093 542 2114 ex
559 2084 725 2115 occidente
739 2082 806 2114 fere
821 2083 851 2114 ὅς
869 2081 1063 2123 septemtrio-

196 2135 237 2159 ne
255 2124 395 2163 oriundi,
419 2134 483 2156 non
506 2125 583 2157 adeo
603 2124 778 2156 testamenti
801 2122 990 2155 faetionibus
1013 2122 1063 2154 de-

199 2166 258 2198 diti
277 2166 468 2207 ereduntur,
492 2175 583 2206 quani
601 2166 679 2197 olim
697 2165 848 2202 Romani,
874 2164 904 2196 ἅ
919 2164 1018 2196 adhuc
1036 2163 1061 2194 I-

198 2207 253 2238 tali
273 2230 282 2245 ,
308 2215 343 2237 ut
368 2207 405 2237 de
422 2206 508 2238 Italis
525 2206 640 2238 alieubi
663 2206 792 2237 testatur
807 2205 945 2237 Andreas
961 2205 1062 2236 Aleia-

200 2256 267 2286 ως,
293 2247 358 2288 ipse
375 2247 480 2286 Italus.

239 2289 373 2320 Accedit
397 2288 426 2320 ὅ(
448 2289 507 2320 alia
532 2288 612 2319 ratio
626 2312 635 2328 ‚
661 2298 741 2330 quur
764 2288 866 2320 minus
883 2287 1063 2329 frequentes

199 2330 293 2361 hodie
312 2353 322 2368 ,
353 2339 388 2361 ac
416 2330 494 2361 olim
519 2330 660 2371 plerique
684 2338 796 2370 putent
814 2329 875 2360 esse
899 2329 1064 2362 inofficiosi

198 2371 358 2412 querelas,
376 2371 461 2413 quod
477 2380 588 2411 nempe
602 2370 789 2411 Justiniantis
813 2371 934 2402 Noveii.
959 2370 1062 2404 CXV.

200 2413 270 2452 Cap.
294 2423 323 2453 3.
350 2420 449 2443 certas
467 2412 719 2444 exheredationis
742 2411 846 2444 causas
863 2412 1063 2453 expresserit,

197 2455 328 2486 remotis
346 2453 431 2491 aliis,
457 2463 526 2493 quae
542 2453 619 2485 olim
638 2453 768 2485 arbitrio
790 2453 996 2494 judicantium
1017 2462 1063 2484 re-

197 2494 429 2535 linquebantur.
475 2495 554 2531 Sed,
579 2494 599 2526 fi
618 2504 728 2526 verum
748 2504 902 2534 amamus,
927 2495 982 2526 illa
1000 2495 1062 2526 No-

197 2537 279 2568 vella
297 2534 401 2567 caustis
415 2534 621 2567 exheredandi
638 2537 693 2567 vix
710 2536 807 2577 magis
825 2543 926 2568 certas
941 2535 1062 2576 effecit,

222 2587 292 2609 uam
307 2576 437 2608 fuerunt
455 2576 531 2607 olim
544 2600 552 2615 ,
577 2585 612 2608 ut
628 2585 662 2608 ut
680 2576 916 2617 quatuordecim
932 2586 1063 2608 numero

197 2620 207 2651 i
233 2619 313 2650 idem
331 2617 478 2658 expressae
495 2618 570 2656 lint,
596 2618 625 2649 ὅ(
642 2618 716 2650 alias
740 2618 844 2649 valere
867 2618 1064 2659 prohibuerit

198 2659 394 2702 Justinianus.
442 2659 486 2690 Ut
505 2658 567 2690 hoc
585 2659 707 2690 credam
721 2682 730 2697 ‚
755 2658 830 2690 mihi
847 2658 1010 2700 persuadet
1034 2658 1062 2704 §.

201 2711 230 2733 ρ.
263 2704 292 2733 d.
317 2702 348 2732 C.
372 2699 426 2731 ΙΙΙ.
457 2699 510 2732 ubi
535 2699 667 2731 secunda
697 2698 786 2731 causa
811 2700 1064 2733 exheredationis

199 2743 244 2773 ita
254 2742 397 2773 effertur:
411 2743 548 2780 Eieagaav
566 2742 607 2776 &52⁴
625 2744 730 2781 οιπξεπῆ
741 2741 807 2781 ὓβριν
822 2746 906 2773 αᾶπῖς
923 2741 1062 2780 implam,

201 2784 302 2816 Vetus
320 2783 475 2825 Interpres
493 2794 500 2814 :
519 2781 548 2821 fi
567 2792 694 2820 gravem
719 2781 755 2818 θ’
777 2782 960 2821 inhonestam
981 2785 1063 2825 inju-

200 2826 278 2856 rium
296 2827 337 2857 eis
355 2824 516 2865 iizgqfferit.
561 2824 756 2856 Haloander:
782 2831 834 2855 aut
858 2824 961 2866 (legit
980 2825 1063 2856 enim

198 2866 240 2905 ἢ,
265 2875 329 2898 non
354 2867 402 2908 ei)
425 2875 555 2897 atrocem
587 2865 622 2901 ὅ)
648 2867 828 2896 indecentem
857 2867 1064 2897 contumeliam

198 2907 364 2945 iwgqfferit.
411 2907 521 2949 Nuper
543 2906 626 2939 Clar.
654 2906 862 2948 Hombergk:
889 2906 920 2947 fi
937 2917 1064 2948 gravem

202 2947 238 2981 ὃ)
256 2951 410 2989 indignam
425 2950 630 2980 contumeliam
644 2950 707 2980 illis
721 2950 871 2980 intulerit.
906 2949 965 2981 Sed
987 2958 1062 2989 quo-

200 2989 420 3029 modocunque
438 2998 559 3028 vertas,
584 2990 657 3031 quia
672 2990 741 3030 ὕβρις
758 2999 824 3021 vox
840 2988 884 3021 est
899 2989 1061 3031 generalis,

203 3029 233 3072 dt
254 3038 336 3059 nune
360 3040 574 3071 quamcunque
604 3031 745 3071 injuriam
762 3053 772 3069 ,
796 3040 879 3062 nunc
900 3038 1062 3062 contume-

202 3068 276 3099 liam
300 3069 450 3109 signifieat
467 3094 476 3109 ,
502 3072 605 3113 negari
628 3072 758 3112 nequit,
790 3072 866 3112 quin
891 3071 926 3103 ad
955 3081 1063 3102 omnes

203 3109 306 3153 causus
327 3111 442 3151 porrigi
465 3112 578 3152 potiit,
603 3113 714 3150 quibus
736 3113 848 3152 injuria
875 3113 926 3143 vel
951 3119 1062 3143 contu-

200 3149 293 3219 ¹J¹Cl¹¹>l¹
308 3148 344 3178 fit
359 3152 554 3190 parennem,
581 3161 615 3183 ut
634 3155 663 3184 ot
683 3153 739 3184 usu
756 3153 929 3194 porrigitur
942 3175 952 3190 ‚
977 3153 997 3185 fi
1017 3162 1065 3184 res

203 3195 331 3220 incitat.

378 3190 482 3234 Quare
507 3193 605 3224 imnis
633 3194 709 3225 mihi
733 3193 850 3234 semper
873 3193 936 3226 visa
952 3193 997 3225 est
1016 3193 1063 3225 ln·
1096 3193 1173 3235 sum
1205 3194 1288 3225 ultra
1309 3193 1459 3232 fratrem.
1487 3192 1546 3223 ἃς.

1109 434 1281 467 terpretum
1296 427 1463 465 velitati0‚
1488 436 1526 458 an
1549 436 1635 468 aeque
1651 435 1761 468 graves
1777 425 1827 457 vel
1845 427 1961 467 gravio·
1989 449 1993 468 ,

1108 478 1157 499 res
1175 467 1291 506 eausae,
1315 478 1406 509 quam
1424 477 1584 499 enumerat
1608 472 1637 500 d.
1660 469 1692 499 C.
1711 477 1729 508 3
1764 465 1835 508 post
1848 477 1914 500 eam
1926 469 1965 502 le-
1991 506 1993 511 A

1109 518 1178 550 gem
1205 508 1328 540 admitti
1356 508 1470 550 posfint
1486 510 1503 540 ἰ)
1527 510 1556 541 &
1574 519 1610 541 an
1629 533 1638 549 ‚
1664 516 1700 540 ut
1715 508 1817 548 filius,
1841 509 1894 550 qui
1911 519 1963 543 no-
1991 521 1993 531 ³

1109 558 1234 580 vescam
1250 550 1346 590 patris
1374 550 1427 581 vel
1450 550 1658 582 concubinam
1674 549 1826 591 stupravit
1842 573 1851 588 ,
1876 550 1964 584 exhe-
1991 545 1994 559 '

1109 590 1207 622 retiari
1223 590 1327 630 potest
1349 592 1378 622 d.
1405 591 1437 622 C.
1459 602 1490 633 3.
1513 592 1541 632 §.
1560 596 1592 623 6.
1615 592 1710 623 etiam
1733 591 1758 622 is
1776 591 1892 631 poffit,
1915 592 1964 634 qui

1109 631 1273 663 matrem?
1296 631 1379 673 quafi
1402 642 1514 674 nempe
1538 634 1567 665 ἅ
1591 633 1657 664 haec
1683 642 1748 664 non
1771 631 1847 664 esset
1868 633 1966 674 gravis

1109 672 1228 713 injuria.
1274 672 1363 712 lmo,
1387 673 1490 713 dices,
1514 674 1687 714 graviffima
1701 673 1747 705 est
1763 694 1774 710 ,
1798 674 1829 705 ὃς
1844 682 1966 715 gravem

1107 714 1259 745 duntaxat
1277 713 1426 745 defiderat
1448 716 1478 746 d.
1506 714 1534 756 §.
1560 724 1588 746 2.
1614 714 1664 746 sed
1681 715 1762 746 rides
1779 737 1790 753 ,
1813 713 1836 746 fi
1861 722 1965 756 putav,

1107 754 1292 796 gravisfimae
1308 755 1429 795 injuriae
1450 765 1514 787 non
1536 755 1630 787 ineffe
1645 765 1781 798 gravem.
1827 755 1902 787 Hoc
1925 763 1968 792 ια·

1108 805 1178 827 men
1203 798 1232 826 d.
1256 795 1388 828 Novella
1403 795 1550 828 effeetum
1565 796 1626 836 est,
1651 805 1704 836 ut,
1729 807 1796 838 quae
1815 797 1967 838 gravisim-

1107 837 1187 878 juria
1204 837 1370 876 habeatur,
1395 839 1477 870 inter
1489 839 1549 869 alia
1567 837 1723 870 constaret
1744 848 1784 870 ex
1800 837 1967 879 exemplis,

1108 878 1224 909 ibidem
1244 880 1450 918 enumerati8‚
1471 878 1521 910 sed
1536 889 1606 920 quae
1624 889 1688 911 non
1703 879 1875 911 excludunt
1891 878 1966 920 alia,

1109 929 1178 960 quae
1196 928 1301 960 parem
1321 921 1372 952 vel
1396 921 1546 960 majorem
1571 920 1636 960 ἕῖςιι
1659 922 1837 952 continent.
1882 918 1965 952 Grae-

1108 970 1219 991 corum
1242 963 1413 1001 ἁπιιῆςυξις,
1439 964 1603 1002 abdicatio,
1628 972 1692 994 non
1711 961 1806 994 fiebat
1828 959 1883 993 nifi
1906 970 1969 994 ce!-

1107 1002 1148 1033 tis
1162 1001 1200 1032 de
1219 1001 1334 1042 cauus,
1360 1011 1395 1034 ut
1410 1002 1558 1035 discimus
1583 1014 1624 1035 ex
1644 1003 1776 1035 Luciani
1797 1001 1967 1043 Ἀποιὴςνῆ.

1105 1050 1135 1081 p.
1159 1053 1196 1074 m.
1231 1053 1305 1088 425.
1330 1044 1365 1079 '65⁹
1385 1055 1459 1083 492·
1478 1045 1514 1079 δ’
1533 1046 1615 1087 seqq.
1646 1045 1696 1077 sed
1722 1054 1787 1077 non
1809 1052 1897 1086 aeque
1912 1053 1968 1079 ,ex-

1108 1085 1268 1115 heredatio
1284 1086 1365 1126 apud
1383 1086 1542 1118 Romanos
1558 1110 1568 1126 ‚
1593 1087 1644 1119 vel
1662 1087 1729 1126 jure
1744 1085 1845 1117 veteri
1865 1109 1875 1124 ,
1899 1085 1968 1126 vel,

1107 1126 1129 1157 fi
1148 1135 1197 1157 me
1212 1125 1334 1166 audias,
1345 1128 1413 1167 jure
1428 1137 1515 1159 novo
1526 1152 1534 1167 ,
1546 1127 1601 1160 nisi
1619 1137 1673 1169 per
1688 1134 1786 1160 certas
1803 1128 1906 1167 causas
1925 1126 1968 1160 iu—

1109 1167 1286 1207 telligamus
1313 1169 1473 1209 graviores
1497 1179 1718 1210 quascunque,
1754 1178 1810 1201 nee
1835 1178 1886 1200 eas
1905 1176 1968 1205 tan·

1110 1215 1176 1239 tum
1188 1231 1197 1245 ,
1223 1217 1290 1247 quae
1307 1210 1376 1249 lege
1389 1210 1574 1241 nominatim
1593 1210 1731 1243 definitae
1747 1209 1827 1242 sunt.

1109 1289 1115 1295 ἢ
1150 1248 1299 1294 Ceterum
1317 1259 1410 1290 quare
1424 1252 1453 1282 ἃ
1471 1250 1526 1282 suo
1546 1258 1687 1293 tempore
1711 1251 1827 1283 crebrae
1851 1250 1970 1284 fuerint

1107 1289 1274 1321 molhcloss
1290 1291 1444 1331 aulones,
1468 1291 1533 1333 ipse
1547 1300 1700 1324 memorat
1719 1292 1872 1333 Ulpianus
1891 1293 1922 1324 in
1940 1292 1969 1324 h.

1107 1332 1129 1362 l.
1158 1340 1184 1362 1.
1207 1331 1282 1362 dum
1299 1331 1420 1373 inquit,
1445 1334 1578 1365 omnibus
1600 1335 1678 1365 enim
1696 1339 1757 1365 tam
1770 1335 1970 1377 parentibus,

1107 1382 1195 1413 quam
1212 1373 1315 1404 liberis
1336 1377 1370 1405 de
1388 1374 1540 1416 inofficioso
1557 1377 1626 1408 licet
1643 1377 1674 1406 di
1686 1383 1807 1416 putare.
1852 1374 1971 1411 Contra

1109 1415 1178 1446 liaec
1197 1414 1343 1455 Ulpiani,
1368 1415 1398 1447 &
1415 1417 1550 1457 reliqua,
1575 1427 1644 1459 quae
1673 1424 1852 1459 equuntur,
1877 1417 1972 1450 verba

1107 1456 1203 1496 longa
1220 1455 1265 1487 est
1282 1456 1394 1496 injuria
1410 1479 1420 1495 ‚
1455 1459 1508 1490 lon
1532 1469 1557 1490 ae
1575 1459 1717 1500 ambages
1732 1457 1865 1490 Antonii
1881 1457 1972 1491 Fabi-i

1108 1497 1234 1529 Ration.
1260 1497 1297 1529 ad
1320 1499 1348 1529 h.
1372 1499 1399 1537 l„
1418 1499 1462 1530 ait
1483 1510 1500 1531 e
1526 1509 1544 1531 e
1559 1500 1682 1542 inepta,
1705 1495 1800 1540 falfii‘,
1824 1499 1905 1532 male
1919 1507 1971 1531 eo-

1107 1538 1258 1571 haerentia
1275 1562 1285 1578 ,
1310 1539 1450 1581 adeoque
1471 1540 1610 1582 Ulpiano
1629 1551 1693 1573 non
1709 1540 1809 1572 videri
1837 1540 1976 1574 tribuen-

1107 1580 1145 1612 da
1159 1603 1169 1619 ‚
1203 1578 1254 1611 sed
1280 1579 1480 1614 Triboniano
1497 1605 1508 1622 ,
1547 1582 1599 1614 vel
1621 1582 1770 1624 imperito
1794 1580 1970 1623 Inter-preti,

1106 1622 1254 1654 Parentes
1275 1621 1306 1653 δι
1322 1622 1427 1655 liberos
1451 1623 1504 1654 hic
1520 1623 1668 1655 delendos
1683 1621 1808 1663 censet,
1822 1623 1894 1664 quia
1922 1630 1971 1655 ue*

1107 1664 1172 1695 rela
1193 1661 1239 1694 est
1262 1663 1345 1705 quali
1369 1662 1527 1696 accusatio
1553 1665 1702 1706 publica,
1734 1674 1804 1705 quae
1827 1674 1914 1697 omni
1936 1669 1971 1698 un

1108 1704 1274 1747 competit.
1319 1704 1371 1737 Sic
1390 1706 1445 1738 ille
1460 1715 1501 1737 ex
1517 1706 1597 1738 male
1613 1706 1773 1738 intelleEta
1796 1707 1816 1737 l.
1834 1709 1865 1738 6.
1888 1705 1918 1748 δ.
1942 1714 1975 1739 1.-

1107 1749 1136 1778 b.
1161 1746 1223 1778 Tit.
1247 1744 1298 1778 sed
1322 1746 1384 1778 hoc
1409 1746 1531 1779 transeo
1550 1771 1560 1787 ,
1585 1747 1658 1786 quia
1679 1748 1749 1780 aliis
1770 1746 1970 1780 observatum

1106 1787 1160 1819 est.
1207 1786 1332 1819 Deinde
1348 1789 1410 1827 ait,
1434 1798 1498 1820 non
1514 1791 1646 1821 omnibus
1666 1788 1846 1830 promiscue
1863 1797 1969 1830 parem·

1108 1830 1191 1861 tibus
1218 1829 1247 1860 <St
1272 1829 1378 1861 liberis
1401 1830 1557 1871 querelam
1576 1830 1641 1863 dari
1656 1853 1666 1869 ,
1692 1829 1768 1862 &id
1787 1839 1897 1862 verum
1913 1827 1967 1864 est.

1105 1870 1149 1902 At
1169 1879 1241 1901 cum
1259 1879 1401 1911 parentes
1417 1871 1593 1913 liberosque
1609 1871 1762 1909 dicimus,
1774 1879 1838 1903 non
1861 1874 1969 1908 omnes

1106 1910 1332 1952 intelligimus,
1357 1913 1411 1953 qui
1431 1920 1540 1944 natura
1556 1912 1626 1944 sunt
1642 1936 1651 1951 ,
1677 1912 1728 1944 sed
1744 1911 1796 1953 qui
1816 1921 1855 1943 eo
1878 1912 1945 1954 jure
1953 1935 1967 1960 2

1106 1962 1169 1993 quo
1194 1953 1232 1983 de
1252 1954 1371 1993 agimus
1387 1977 1395 1992 ‚
1433 1963 1491 1995 pro
1512 1954 1693 2000 parentibus
1719 1953 1888 1995 liberisque
1917 1953 1965 1985 ha-

1106 1994 1228 2025 bentur.
1273 1993 1350 2025 Non
1372 1995 1462 2026 datur
1476 1995 1572 2036 igitur
1589 1994 1721 2036 spuriis,
1756 1993 1968 2067 respectqua-

1107 2041 1190 2066 trum
1201 2059 1210 2074 ,
1229 2035 1301 2076 quia
1309 2043 1428 2076 patrem
1444 2036 1555 2068 habere
1572 2046 1636 2067 non
1653 2035 1883 2076 intelliguntur.
1929 2035 1966 2070 ri-

1107 2085 1195 2108 catur
1210 2077 1304 2107 etiam
1316 2101 1325 2116 ‚
1351 2077 1522 2109 liberorum
1538 2077 1730 2109 mentionem
1746 2076 1884 2109 debuisse
1892 2085 1966 2119 prae-

1106 2119 1216 2150 cedere
1233 2142 1243 2157 ‚
1273 2127 1345 2148 cum
1360 2127 1470 2149 eorum
1487 2117 1576 2150 causa
1590 2119 1699 2159 potior
1716 2117 1754 2149 fit
1769 2141 1779 2156 ,
1805 2126 1896 2158 quam
1918 2127 1967 2161 pa-

1106 2168 1230 2192 rentum
1247 2181 1257 2197 ,
1282 2159 1314 2189 in
1335 2159 1403 2199 jure
1425 2160 1637 2201 proponenda:
1663 2158 1797 2201 querelae
1814 2182 1824 2198 ‚
1849 2168 1913 2192 non
1939 2167 1968 2194 a·
1997 2189 2003 2200 ,

1106 2201 1357 2239 nimadvertens,
1382 2201 1566 2241 dignitatem
1582 2209 1746 2242 parentum
1763 2199 1916 2240 effecisse,
1930 2201 1965 2232 ut

1106 2244 1209 2284 primo
1226 2243 1300 2274 loco
1321 2243 1565 2274 nominarentur.
1611 2242 1671 2273 Sed
1714 2241 1767 2272 uid
1793 2241 1967 2274 laboramus

1106 2285 1232 2326 singulis
1258 2282 1431 2315 refutandis
1447 2307 1456 2322 ,
1480 2292 1552 2314 cum
1570 2292 1656 2315 mens
1710 2283 1803 2323 lpiani
1825 2282 1862 2315 fit
1884 2283 1916 2316 in
1939 2291 1967 2314 a·

1106 2326 1223 2368 pei-to?
1246 2325 1408 2366 Significat
1423 2333 1526 2355 autem
1539 2348 1549 2364 ‚
1574 2325 1603 2356 δε
1620 2324 1690 2355 ideo
1711 2324 1890 2365 frequentes
1907 2322 1968 2355 ess'e

1107 2368 1247 2409 querelas
1263 2391 1273 2405 ,
1298 2367 1369 2407 quia
1385 2365 1528 2406 pluribus
1546 2371 1732 2406 competunt
1747 2386 1758 2402 ,
1782 2364 1812 2396 δε
1854 2364 1968 2397 timum

1107 2417 1288 2450 competere
1305 2410 1436 2439 omnibus
1448 2408 1623 2447 parentibus
1640 2405 1675 2440 &²
1693 2406 1812 2441 liberis.
1855 2414 1895 2436 oc
1911 2404 1966 2445 est,

1107 2451 1271 2490 omnibus,
1297 2450 1350 2491 qui
1373 2449 1404 2480 in
1422 2448 1485 2479 hoc
1500 2454 1683 2489 argumento
1698 2453 1862 2488 parentum
1885 2446 1915 2479 ὅ(
1932 2447 1966 2479 Ιί-

1106 2492 1253 2523 berorum
1279 2490 1406 2522 nomine
1433 2487 1741 2531 comprehenduntur
1758 2511 1767 2526 ‚
1810 2494 1904 2529 atque
1925 2487 1968 2522 ioe

1106 2543 1170 2565 non
1184 2532 1278 2564 modo
1294 2532 1376 2564 filius
1391 2530 1503 2572 patris,
1528 2528 1579 2560 sed
1597 2529 1626 2560 &
1643 2531 1693 2560 avi
1711 2538 1750 2560 ne
1774 2538 1809 2561 os
1823 2552 1834 2568 ,
1857 2527 1967 2570 proavi

1106 2583 1262 2621 pronepos
1280 2598 1290 2614 ,
1315 2571 1532 2604 testamentum
1553 2570 1662 2602 dicunt
1685 2570 1749 2601 ino»
1774 2568 1914 2610 ciosum,
1937 2569 1969 2606 ᾱ

1107 2616 1147 2650 fic
1175 2625 1247 2647 vice
1270 2613 1366 2646 versa.
1412 2612 1549 2654 Ideoque
1572 2612 1616 2643 ait
1639 2613 1770 2642 omnibus
1785 2634 1795 2651 ,
1820 2611 1966 2651 quoniam

1107 2659 1138 2689 ἃ
1156 2657 1224 2696 illi,
1248 2666 1327 2698 quos
1347 2655 1483 2686 diximus
1500 2678 1509 2694 ,
1534 2661 1676 2695 parentes
1704 2651 1774 2684 sunt
1798 2652 1966 2695 liberique,

1106 2699 1201 2730 etiam
1219 2698 1301 2730 ultra
1321 2697 1512 2737 trinepotes,
1537 2701 1572 2726 ut
1590 2693 1636 2725 est
1654 2694 1685 2726 in
1706 2693 1836 2726 Scholio
1855 2693 1893 2740 ad
1910 2693 1967 2726 Ba-

1100 2739 1151 2779 fil.
1176 2739 1214 2772 L.
1240 2739 1344 2772 XLV.
1374 2737 1409 2769 T.
1434 2747 1463 2778 3.
1490 2738 1521 2768 C.
1555 2746 1571 2776 7
1615 2736 1642 2776 §.
1664 2735 1720 2766 ult.
1745 2743 1888 2776 quamvis
1903 2741 1967 2771 non

1107 2791 1216 2813 omnes
1239 2781 1342 2822 primo
1366 2779 1462 2821 gradu
1494 2778 1514 2808 l.
1539 2786 1612 2810 201.
1627 2776 1668 2818 ff.
1688 2777 1722 2808 de
1741 2775 1783 2807 V.
1807 2775 1839 2808 S.
1860 2774 1967 2814 Festus

1107 2823 1137 2854 in
1149 2831 1280 2863 parens:
1300 2821 1417 2853 Parens
1432 2819 1524 2862 vulgo
1545 2825 1633 2860 pater
1650 2825 1703 2850 aut
1718 2823 1813 2850 mater
1836 2818 1965 2859 appella-

1108 2870 1179 2903 tur,
1190 2864 1245 2904 sed
1257 2864 1499 2905 jurispr-ndentes
1517 2871 1589 2892 avos
1604 2859 1640 2894 ὅ)
1655 2866 1802 2901 proavos,
1823 2861 1911 2892 avias
1928 2856 1965 2897 Β

1102 2908 1249 2946 proavias
1282 2911 1422 2935 eremum
1438 2903 1552 2934 nomine
1568 2902 1712 2942 appellari
1727 2902 1844 2932 dicunt.
1886 2900 1966 2949 Quae

1106 2912 1352 2987 Jurispruffientia
1369 2945 1466 2986 vulgo
1482 2952 1558 2975 nota
1574 2942 1618 2975 est
1631 2952 1670 2975 ex
1692 2943 1711 2974 l.
1727 2951 1779 2984 5¹·
1802 2940 1839 2977 ἐξ
1858 2942 1878 2974 1.
1893 2951 1963 2977 220.

1099 2988 1139 3029 ff.
1168 2990 1201 3019 de
1232 2987 1273 3019 V.
1297 2988 1327 3018 S.
1373 2986 1477 3017 Etiam
1499 2985 1530 3016 in
1556 2984 1658 3016 Libris
1680 2983 1773 3029 sacris
1792 2985 1895 3024 patris
1915 2991 1964 3024 ap·

1105 3029 1236 3070 pellatio
1259 3029 1294 3060 ad
1319 3037 1395 3058 avos
1419 3027 1449 3058 δι
1475 3035 1612 3067 proavos
1638 3025 1833 3066 porrigitur,
1858 3032 1893 3056 ut
1908 3032 1963 3057 no-

1107 3077 1153 3101 tat
1177 3069 1218 3101 D.
1237 3069 1453 3108 Hieronymus
1471 3068 1507 3099 ad
1525 3067 1682 3098 Danielem
1698 3066 1729 3097 in
1754 3065 1786 3097 C.
1812 3076 1841 3098 2.
1863 3065 1907 3100 X.
1929 3065 1964 3098 de

1149 3152 1247 3183 Porro
1262 3151 1305 3182 ait
1321 3150 1492 3191 Ulpianus:
1518 3150 1646 3192 Cognati
1662 3150 1739 3180 evim
1755 3149 1891 3189 proprii,
1912 3147 1964 3189 qui

1592 3190 1660 3223 Puri
1686 3190 1874 3223 liberalitate
1897 3189 1963 3234 haec

1870 3237 1963 3260 etiam
