2008 3436
181 123 249 157 174
431 107 833 145 CORNELII

180 190 227 221 dit
243 190 336 222 Anno
356 192 445 229 1675.
470 198 541 219 cum
560 188 657 229 Hagae
674 189 863 220 Batavorum
881 186 957 217 esset
971 185 1038 217 Du-

179 232 225 261 cis
243 230 489 270 Luneburgensis
509 230 644 271 legatus,
669 230 699 260 ὃ(
715 228 803 260 11111111
820 229 851 259 111
870 227 930 259 fide
947 227 1039 258 Ordi-

179 281 254 303 num
271 271 492 310 Gener-alium,
516 273 547 301 in
565 273 620 301 (len
638 272 686 300 eed
709 280 770 300 van
778 268 924 310 secretiffe
938 292 946 306 ‚
971 277 1041 299 nain

180 322 252 343 cum
270 322 326 353 pro
342 313 473 353 pecunia
490 311 751 351 consiliapublica
768 320 837 341 cum
849 310 976 346 amicis,
988 316 1041 339 aut

181 362 271 384 certe
292 354 430 385 nondum
459 352 598 383 hostibus
625 351 883 382 communicasset
903 374 912 389 ‚
948 350 1041 381 Curia

182 394 362 426 Hollandiae
377 404 449 424 eum
468 393 646 430 damnavit,
673 401 706 422 ut
728 392 815 431 supra
832 392 899 422 dixi
925 392 955 422 C.
983 390 1040 422 XI.

182 435 251 473 sed,
262 446 295 467 ut
312 436 353 466 ibi
366 435 566 466 observabam
580 442 671 470 ,ante
688 433 876 472 legationem
889 432 940 462 1110
958 431 1041 461 habi-

183 483 322 515 taverat,
349 486 410 516 qua
426 475 588 512 subditus,
613 483 669 505 nec
691 473 806 504 subditi
825 473 1042 504 conditionem

182 525 368 549 mutaverat.

223 560 275 591 Sic
294 558 403 599 punita
417 557 503 588 vides
522 557 651 587 crimina
667 557 840 598 legatorum
856 556 885 587 ὃ(
900 564 1041 586 0011111111-

181 601 253 638 nia,
289 602 318 631 ὁ(
338 600 468 630 tui-batte
495 598 711 637 Reipublicae,
738 600 767 629 ὅ(
792 597 934 638 quamvis
958 595 1043 627 forte

182 641 332 682 disputari
355 639 455 680 posset
467 661 477 677 ,
502 638 562 669 esse
580 639 610 669 in
630 639 676 669 his
695 639 847 678 exemplis
862 637 942 668 facta
960 647 1041 677 quae-

183 682 252 713 dam
277 681 387 717 dubia,
414 690 483 720 quae
510 679 547 709 ad
579 679 658 710 hanc
679 679 718 710 de
742 678 815 710 foro
840 677 1043 719 quaestionem

182 733 247 755 non
259 723 438 763 pertinent,
462 720 627 760 largiamur
647 728 768 758 tamen,
788 721 892 751 omnia
908 720 1043 760 pertine-

184 775 238 801 re,
262 763 335 804 quin
354 762 383 793 8(
401 762 490 802 plura
512 760 597 792 forte
623 761 690 792 addi
713 760 818 802 posse,
841 760 891 792 sed
917 769 955 792 ne
974 760 1045 792 inde

184 805 355 836 efficiamus
372 825 383 841 ,
419 803 465 833 his
492 802 644 842 exemplis
669 803 721 842 jus
752 801 903 833 Gentium
927 801 1043 832 induci.

185 846 305 886 Utique
330 853 422 875 nemo
444 852 555 884 negat,
577 851 689 874 contra
707 842 759 883 Jus
785 842 936 874 Gentium
960 851 1045 873 com—

184 887 330 924 mittere,
355 885 407 926 qui
430 884 549 926 legatos
571 884 760 923 violaverit,
786 884 815 915 &
840 884 1046 915 nihilominus

187 927 331 966 constat,
364 926 512 967 plurimas
536 924 657 956 Gentes
682 925 802 956 levatos
822 924 971 962 violasse,
997 923 1046 955 sed

186 970 218 1002 id
243 969 311 1010 ipsis
335 967 399 999 fuit
426 966 616 1008 opprobrio,
651 975 686 997 ut
721 974 776 997 unt
802 967 854 1006 qui
873 965 1046 1007 opprobrio

186 1011 345 1042 duxerunt
372 1008 425 1040 illa
463 1007 528 1049 ipsa
546 1031 555 1046 ,
589 1018 660 1048 quae
683 1006 822 1039 recensu1
840 1030 850 1045 ,
886 1015 1046 1048 poenarum

188 1052 343 1092 exempla.
389 1048 464 1081 Hoc
481 1049 573 1080 ausim
591 1049 770 1088 adfirmare,
796 1049 960 1090 exempla,
981 1057 1049 1088 quae

189 1094 221 1126 in
242 1090 401 1124 adversam
424 1098 542 1132 partem
568 1089 790 1131 proferuntur,
822 1089 885 1122 sive
909 1098 1048 1120 numere-

191 1145 280 1171 mus,
304 1133 367 1165 sive
383 1132 609 1172 ponderemus,
629 1130 747 1171 semper
765 1131 794 1162 ὅ(
816 1130 931 1171 ubique
944 1131 1049 1161 vince-

191 1186 243 1214 1·e,
269 1175 299 1206 &
314 1173 421 1205 vicisse
434 1173 529 1204 etiam
546 1172 626 1213 apud
642 1172 709 1203 illas
725 1170 864 1210 Gentes,
889 1181 956 1212 quae
975 1171 1051 1202 alias

193 1218 313 1258 impetu
347 1215 484 1255 abreptae
523 1214 711 1254 puniverant
737 1213 867 1253 legatos.
912 1212 1051 1253 Populus

193 1260 372 1295 Romanus,
398 1255 461 1296 ipsa
475 1254 605 1286 infantia
622 1253 802 1293 sua,nobili
820 1253 1053 1293 exemploprae-

192 1300 273 1337 ivit,
297 1307 367 1329 nam
384 1306 455 1327 cum
477 1295 567 1336 legati
586 1295 771 1334 Tarquinii,
794 1294 854 1334 jam
868 1293 956 1334 ejeffl
968 1317 977 1332 ‚
995 1293 1055 1324 Ro-

194 1351 253 1373 mae
268 1338 354 1370 aliud
369 1344 515 1377 agerent,
540 1335 623 1366 aliud
645 1335 844 1373 simularent,
869 1336 898 1367 ὃ(
918 1344 979 1365 11011
994 1341 1056 1364 tam

195 1383 233 1414 de
251 1377 467 1420 recuperandis
485 1377 577 1407 bonis
589 1376 778 1416 Tarquinii,
795 1385 885 1416 quam
900 1375 968 1416 ipso
979 1374 1057 1406 Tar-

196 1422 305 1465 quinio
323 1418 502 1451 reducendo
519 1417 646 1449 consilia
663 1417 843 1456 inivissent,
867 1418 896 1449 ὅ(
912 1418 1057 1457 juventu-

198 1473 260 1496 tem
277 1462 449 1493 Romanam
474 1458 704 1498 concitassent,
726 1459 936 1499 proditoribus,
959 1457 1058 1498 inquit

196 1504 309 1537 Livius
332 1502 400 1533 Lib.
425 1500 469 1532 II.
496 1501 526 1532 C.
548 1510 577 1540 4.
601 1501 742 1540 extemplo
762 1502 793 1531 in
815 1501 937 1531 vincula
962 1499 1056 1541 conje-

197 1546 267 1584 ciis,
284 1546 316 1575 (le
334 1543 440 1585 legatis
452 1542 604 1583 paululum
621 1543 823 1574 aclclubicatmn
837 1540 877 1582 eft
888 1564 897 1579 ,
909 1541 944 1575 ὅ)
960 1550 1057 1582 quam-

199 1597 284 1629 quam
308 1584 364 1624 rzn‘fi
379 1584 454 1624 siim
472 1581 654 1624 coriziriisiffe,
679 1589 711 1614 ut
732 1581 853 1623 hostium.
878 1583 935 1613 loco
954 1581 1058 1623 effent,

195 1631 244 1672 jus
261 1635 357 1658 minen
377 1626 517 1657 Gentium
533 1625 642 1656 valuit.
687 1623 793 1656 Nemo
806 1647 816 1662 ‚
839 1625 870 1655 in
888 1624 949 1655 hoc
974 1632 1061 1664 argu-

196 1678 304 1703 mento
325 1666 554 1704 versatus‚hoc
572 1665 752 1707 exemplum
772 1665 989 1706 praetermisit,
1003 1673 1060 1697 nee

198 1709 398 1753 praetermitti
416 1708 524 1739 debuit
545 1708 587 1739 ob
604 1709 805 1741 atrocitatem
829 1708 946 1740 01011611.
992 1707 1059 1739 Ma-

198 1754 281 1794 jores
301 1750 395 1788 suos,
418 1751 459 1781 ita
483 1752 659 1791 prae'euntcs
673 1773 683 1788 ,
705 1749 819 1791 posteri
841 1749 971 1782 Romani
998 1757 1062 1780 tan-

200 1803 267 1825 tum
286 1803 349 1824 non
371 1791 489 1832 semper
509 1790 631 1831 sequuti
650 1790 729 1822 sunt.
776 1790 910 1823 Grotius
926 1791 965 1822 de
984 1790 1061 1831 Jure

200 1836 236 1867 B.
261 1834 296 1869 ἐξ
312 1834 348 1865 P.
376 1833 444 1864 Lib.
466 1831 502 1863 11.
531 1834 562 1864 C.
586 1838 631 1867 18.
657 1832 686 1873 §.
705 1843 735 1872 4.
761 1843 790 1864 n..
809 1843 838 1873 5.
864 1842 904 1864 ex
925 1832 1061 1873 Polybio

199 1877 312 1908 recitat
328 1874 506 1914 exemplum
521 1874 634 1914 legati,
659 1874 758 1906 Roma
774 1874 858 1905 abire
874 1874 959 1914 julii,
980 1872 1062 1913 quod

200 1916 357 1949 obsidibus
378 1914 518 1956 fugiendi
545 1913 665 1945 causam
684 1915 879 1955 praebuissem
903 1915 988 1956 quod
1004 1914 1061 1945 cri-

201 1968 273 1991 men
290 1957 363 1989 alias
383 1955 595 1996 imprudenter
612 1955 744 2000 Romani
769 1957 801 1988 in
821 1957 925 1998 legato
943 1956 1065 1987 Taren-

203 2000 272 2033 tino
288 2005 388 2030 morte
407 1997 627 2028 multaverunt.
659 1995 851 2029 Rirchnerus
867 1998 969 2029 minus
983 1997 1065 2028 reite

203 2040 280 2071 duas
295 2040 349 2070 has
367 2038 484 2079 species
503 2037 659 2070 confudit.
704 2038 738 2070 In
760 2038 850 2070 Notis
875 2039 968 2070 habet
986 2037 1066 2068 Gro-

203 2081 267 2112 tius
285 2079 368 2111 aliud
386 2079 567 2118 exemplum
581 2079 620 2109 de
631 2079 920 2120 Carthaginensium
938 2079 1048 2120 legatis
1059 2100 1068 2116 ,

204 2121 257 2162 qui
284 2121 395 2152 Romae
423 2119 654 2150 contumeliose
682 2129 809 2161 egerant
827 2143 838 2159 ,
870 2120 978 2151 Romae
1005 2129 1068 2152 non

203 2162 324 2204 punitis
349 2169 381 2192 at
405 2160 625 2201 Carthaginem
652 2161 789 2193 remissis.
842 2160 892 2192 De
921 2161 1069 2201 Scipione

205 2202 358 2243 Africano
379 2203 431 2243 qui
457 2202 612 2242 legatum,
638 2211 674 2233 111
695 2210 728 2233 111
755 2202 880 2243 pessime
902 2202 1066 2240 meritum,

205 2243 322 2276 dimisit
349 2244 378 2275 δ(
403 2242 586 2283 simpliciter
614 2242 699 2274 abire
724 2243 827 2283 juffit,
861 2253 901 2274 ex
925 2243 1068 2284 Appiano

206 2284 421 2318 Alexandrino
438 2283 618 2324 exemplum
645 2283 820 2324 suppeditat
846 2284 1004 2316 Antonius
1031 2283 1069 2314 de

206 2327 290 2358 Vera
308 2336 343 2357 en
354 2325 409 2366 siin
423 2325 543 2366 paifait
561 2324 787 2366 Ambaffizcleur,
814 2326 885 2357 Lib.
911 2325 932 2356 I.
959 2324 997 2356 C.
1014 2334 1065 2364 41.

208 2368 314 2400 Etiam
336 2367 410 2398 alias
429 2366 578 2397 Romanis
604 2364 743 2398 solemne
761 2365 871 2406 fuisse,
896 2367 1003 2406 jubere
1025 2366 1067 2396 le-

201 2416 298 2450 gatos
315 2408 402 2440 Urbe
420 2408 449 2439 ὅ(
465 2407 554 2438 Italia
577 2407 751 2446 excedere,
776 2407 867 2438 disco
882 2417 921 2438 ex
943 2406 1069 2446 Polybii

209 2450 353 2489 Excerpt.
378 2449 517 2491 legation.
541 2458 570 2479 n.
596 2451 648 2483 68.
693 2447 766 2479 Nec
783 2449 874 2480 aliter
896 2448 966 2480 aliae
988 2448 1071 2479 Gen-

211 2500 259 2522 tes
286 2490 460 2530 sapucrunt.
514 2488 715 2530 Lampsaceni
741 2490 872 2521 Verrem
888 2514 898 2530 ,
930 2490 1072 2530 quamvis

211 2531 325 2572 virgini
346 2532 411 2562 vim
431 2530 602 2567 intulisset,
627 2530 830 2570 dimiserunt,
856 2531 928 2572 quia
952 2531 1072 2572 legatus

211 2580 298 2610 erat,
323 2571 413 2611 idque
438 2580 478 2602 cx
504 2570 636 2602 consilio
660 2571 893 2611 Romanorum,
916 2572 968 2612 qui
993 2570 1073 2612 apud

211 2622 266 2644 eos
284 2620 468 2645 mercaturae
485 2610 575 2642 causa
590 2611 767 2649 haercbant,
778 2613 894 2653 quique
903 2613 1072 2652 putabant,

210 2653 313 2685 levius
333 2659 496 2693 peccatum
523 2650 618 2688 fore,
651 2651 672 2682 si
701 2651 820 2683 homini
849 2651 997 2684 scelerato
1021 2662 1071 2693 pe-

211 2693 398 2736 percissent,
423 2702 515 2733 quam
537 2691 558 2723 si
577 2691 681 2733 legato
701 2701 764 2723 non
789 2693 1020 2733 pepercissent,
1039 2701 1073 2724 ut

213 2735 329 2767 Cicero
348 2734 458 2765 retulit
482 2733 571 2764 Orat.
595 2742 624 2774 3.
650 2734 682 2763 in
703 2732 793 2764 Vei-r.
839 2733 1075 2772 Demochares,

214 2774 450 2807 Atheniensium
468 2775 610 2815 legatus,
636 2773 714 2814 Regi
734 2773 901 2814 Philippo,
925 2774 961 2805 ad
981 2784 1073 2814 quem

213 2816 319 2848 missus
339 2824 422 2854 erat,
448 2814 675 2855 interroganti,
699 2823 798 2854 ecqua
823 2823 856 2845 re
883 2814 1073 2847 Atheniensi-

213 2858 271 2889 bus
288 2856 430 2898 prodesse
447 2856 571 2896 posset?
594 2863 703 2896 potes,
718 2854 896 2896 respondit,
921 2855 941 2887 si
961 2863 990 2887 10
1014 2855 1075 2887 sus-

215 2899 368 2940 penderis.
408 2896 544 2938 Dignam
561 2897 680 2928 diceres
697 2897 810 2937 laqueo
826 2894 1053 2936 responsionem
1065 2920 1075 2936 ,

214 2940 267 2972 sed
284 2939 465 2979 Philippus,
490 2938 570 2978 Juris
591 2936 742 2969 Gentium
759 2946 899 2976 memor,
917 2937 1074 2969 hominem

214 2980 404 3021 impunitum
432 2978 566 3017 dimisit,
599 2986 635 3009 ut
661 2978 728 3009 haec
754 2978 783 3010 δε
811 2978 870 3009 alia
902 2978 1075 3019 legatorum

217 3018 446 3052 contumeliose
463 3020 561 3058 dieta,
587 3020 757 3060 &impune
776 3018 965 3055 transmissa,
990 3028 1074 3051 com-

217 3069 367 3092 memorat
389 3060 557 3092 Kirchcrus
585 3061 615 3092 in
639 3060 753 3102 Legata
780 3059 848 3091 Lib.
875 3059 913 3091 Il.
941 3060 974 3092 C.
998 3060 1019 3092 I.
1045 3071 1075 3092 n.

223 3106 290 3137 198-
317 3101 414 3142 &seq
435 3126 441 3133 .
488 3102 547 3133 Sed
568 3102 597 3133 ὅ(
623 3101 793 3133 Tesmarus
816 3101 852 3132 ad
876 3099 983 3132 Grotii
1005 3101 1073 3133 Lib.

220 3141 261 3172 II.
288 3142 318 3172 C.
341 3147 396 3186 ¹18.
416 3111 446 3183 ξ.
471 3153 500 3183 4.
534 3153 563 3174 n.
587 3152 619 3182 5.
657 3152 696 3174 ex
722 3142 821 3173 veteri
850 3143 879 3174 ὅ(
905 3142 1073 3174 recentiori

217 3191 367 3214 memoria
387 3183 491 3222 plures
520 3184 641 3225 legatos
670 3182 838 3223 recenset,
870 3183 951 3216 haud
984 3183 1074 3216 aliter

902 116 1011 143 VAN

1084 102 1683 142 BYNKERSHOEK

1082 186 1251 257 1001113103,
1276 194 1368 226 quarn
1386 192 1421 216 ut
1438 184 1553 216 finibus
1573 184 1702 226 Imperii
1724 185 1790 225 juffi
1813 185 1871 219 sint
1888 197 1937 222 ex-

1083 235 1132 257 cet
1142 236 1202 257 ere.

1111 266 1214 298 *Novi
1233 267 1292 298 aevi
1312 267 1456 307 exempla
1474 267 1514 298 de
1532 268 1643 309 legatis
1655 289 1666 306 ,
1688 267 1739 308 qui
1760 268 1844 299 varie
1867 269 1939 302 deli·

1085 315 1239 348 querant,
1262 317 1324 339 non
1345 308 1485 348 punitis,
1509 316 1557 339 tot
1586 309 1698 348 ubique
1722 309 1752 339 in
1774 308 1941 343 Annalibus

1084 356 1270 387 occurrunt,
1296 356 1330 379 ut
1346 348 1416 395 'ipsa
1435 350 1525 389 copia
1542 349 1727 381 laboremus.
1758 349 1847 391 Saepe
1865 351 1941 384 diffi-

1085 390 1203 421 mulata
1220 388 1290 420 sunt
1307 398 1459 428 crimina3
1478 389 1562 431 saepe
1589 389 1752 422 transmissi
1772 391 1807 422 ad
1828 391 1944 424 Princi-
1993 390 1995 399 ⁴

1085 440 1157 472 pem
1175 430 1262 462 suum
1289 431 1403 471 legati,
1435 438 1471 462 ut
1487 432 1690 471 punirentur3
1723 430 1773 462 sed
1798 440 1831 463 ut
1851 433 1943 473 pluri-

1084 482 1171 503 mum
1190 471 1371 512 simpliciter
1388 472 1471 503 abire
1486 472 1562 512 jussi.
1609 472 1661 504 Fit
1677 472 1731 503 illa
1747 472 1943 514 interdictio,

1085 514 1178 544 etiam
1196 522 1259 544 non
1275 511 1422 544 consulto
1434 537 1442 553 ,
1467 522 1526 545 nec
1543 513 1760 545 consentiente
1782 513 1943 555 Principe,

1086 555 1138 594 qui
1159 554 1262 592 misit,
1291 555 1433 593 quamvis
1454 555 1535 586 ratio
1561 554 1789 587 interdiCtionis
1809 555 1944 594 aliquan-

1085 596 1127 627 do
1145 605 1198 636 per
1217 595 1323 626 literas
1347 595 1510 634 reddatur,
1537 596 1567 628 &
1590 597 1651 627 hoc
1679 596 1831 637 expedit,
1853 595 1874 628 fi
1895 605 1944 637 pa·-

1087 646 1156 668 cem
1172 635 1298 667 illaesam
1322 637 1480 668 volumus.
1525 636 1659 669 Grotius
1675 638 1705 668 in
1725 637 1797 668 Not.
1823 637 1861 668 ad
1874 637 1900 668 d.
1913 632 1944 670 πὶ

1086 689 1119 719 5.
1141 687 1181 709 ex
1197 677 1335 708 Thuano
1356 677 1452 708 refert
1477 678 1657 718 exemplum
1681 677 1833 717 eiusmodi
1855 679 1945 710 inter-

1087 718 1233 751 diffionis
1258 718 1287 749 in
1311 718 1491 759 Stephano,
1513 719 1654 750 Poloniae
1677 719 1782 760 Rege,
1804 719 1888 758 quod
1910 719 1947 752 ad

1088 761 1208 801 legatos
1228 758 1379 790 Moschos
1392 783 1401 798 ,
1426 761 1455 791 &
1473 761 1536 791 duo
1552 760 1611 791 alia
1626 760 1657 791 in
1672 760 1868 799 Elisabetha,
1888 754 1947 794 Anss

1088 803 1159 843 gliae
1186 800 1304 841 Regina
1323 824 1333 840 ,
1365 801 1498 832 alterum
1522 801 1606 841 quod
1637 801 1673 832 ad
1708 802 1846 843 legatum
1875 801 1947 833 Sco-

1091 852 1176 881 tum,
1199 842 1332 872 alterum
1350 843 1433 882 quod
1457 842 1495 873 ad
1516 841 1711 882 Hispanum,
1738 842 1791 883 qui
1817 841 1896 883 apud
1916 841 1946 874 se

1088 883 1241 915 faCtiones
1256 881 1489 914 suscitaverant.
1523 885 1635 915 Scotus
1650 893 1716 915 erat
1732 884 1864 924 Joannes
1874 882 1946 916 Les-

1089 926 1165 957 laeus
1176 949 1185 962 ,
1210 923 1386 964 Episcopus
1401 924 1555 956 Ross'enlis
1567 949 1576 963 ‚
1600 925 1718 965 legatus
1734 923 1948 964 Mariae,sco‚

1091 967 1145 997 tiae
1168 966 1312 1005 Reginae,
1342 965 1381 996 de
1408 966 1497 1005 cujus
1519 966 1639 1006 judicio
1659 966 1687 998 ὅ(
1709 975 1802 1006 poena
1825 965 1947 1006 prolixe

1091 1007 1280 1048 disputatum
1293 1005 1348 1044 est,
1360 1005 1410 1037 sed
1425 1006 1549 1038 demum
1563 1006 1634 1048 post
1650 1016 1804 1038 carcerem
1821 1006 1948 1046 biennii,-

1094 1048 1278 1089 simpliciter
1295 1057 1335 1078 ex
1352 1047 1465 1088 Anglia
1484 1049 1638 1080 excedere
1654 1047 1770 1087 juffus,
1786 1047 1848 1079 vid.
1861 1046 1949 1080 Cam·

1093 1089 1207 1120 denum
1246 1088 1361 1120 Annei.
1396 1087 1493 1130 Angl.
1517 1091 1555 1121 acl
1580 1089 1705 1120 Annum
1734 1099 1825 1130 1571.
1853 1094 1887 1129 p.
1909 1099 1948 1121 m.

1094 1140 1240 1171 201-203.
1267 1130 1297 1161 ὅ(
1320 1131 1357 1160 ad
1381 1130 1504 1161 Anniam
1530 1139 1618 1172 1573.
1647 1138 1680 1170 p.
1703 1140 1740 1161 m.
1768 1139 1839 1171 241.
1890 1129 1949 1162 Hi-

1094 1171 1204 1211 spanus
1222 1179 1287 1202 erat
1304 1171 1508 1203 Bernardinus
1518 1171 1695 1210 Mendoza,
1718 1171 1806 1211 cujus
1822 1171 1952 1203 interdi-

1096 1213 1231 1243 ctionem
1262 1220 1363 1243 tamen
1386 1212 1456 1242 Rex
1490 1211 1646 1252 Hispaniae
1676 1213 1836 1253 aegerrime
1859 1212 1952 1251 tulit,

1096 1252 1170 1284 vide
1196 1252 1286 1283 11111111
1305 1251 1403 1293 ipsum
1421 1252 1616 1284 Camdenum
1642 1254 1679 1283 ad
1709 1253 1831 1284 Annum
1860 1258 1954 1293 1584.

1094 1302 1124 1335 p.
1149 1304 1186 1324 m.
1213 1303 1284 1334 355.
1311 1295 1338 1324 dr
1357 1297 1428 1334 356.
1462 1292 1549 1335 Quin
1567 1293 1597 1325 &
1612 1302 1684 1324 cum
1700 1292 1813 1325 Gallia:
1835 1294 1956 1334 legatus

1098 1335 1174 1366 vita:
1202 1333 1390 1365 Elisabethae
1415 1334 1537 1375 Angliae
1558 1334 1707 1374 Reginae,
1737 1333 1813 1366 esset
1837 1333 1954 1366 insidia-

1101 1384 1172 1414 tus,
1195 1374 1231 1409 55⁹
1246 1375 1375 1416 noluiffet
1397 1376 1429 1406 in
1441 1375 1582 1415 fraudem
1606 1375 1701 1417 Regis
1715 1374 1765 1416 sui
1791 1375 1827 1410 {9⁹
1849 1375 1957 1417 legato·

1100 1428 1164 1449 rum
1176 1417 1377 1459 praejudicium
1394 1416 1604 1457 accusationem
1623 1426 1817 1458 quamcunque
1836 1417 1956 1456 audire,

1101 1458 1215 1491 leniter
1238 1457 1384 1490 nonnihil
1409 1458 1602 1498 increpitus,
1623 1465 1736 1489 caetera
1761 1458 1888 1499 impune
1907 1465 1956 1489 tu-

1103 1500 1159 1538 lit,
1183 1506 1217 1530 111
1236 1499 1307 1540 lego
1322 1499 1402 1540 apud
1419 1499 1550 1531 eundem
1569 1499 1762 1531 Camdenum
1780 1500 1818 1531 ad
1835 1498 1957 1534 Annum

1106 1546 1236 1582 1587.p.
1245 1550 1364 1580 ⁷12-449·
1373 1541 1403 1572 &
1412 1550 1484 1580 450.
1508 1540 1550 1572 Et
1559 1550 1630 1572 011111
1640 1540 1743 1572 Maria
1752 1563 1761 1579 ,
1773 1540 1889 1573 Scotiae
1901 1539 1958 1571 Re·

1103 1583 1174 1624 gina
1185 1604 1196 1620 ,
1220 1582 1257 1613 ad
1273 1590 1406 1613 mortem
1423 1581 1499 1613 esset
1514 1582 1674 1620 damnata,
1692 1589 1781 1613 erant
1790 1604 1802 1620 ,
1818 1581 1870 1621 qui
1886 1589 1959 1612 cum

1103 1633 1138 1655 ea
1151 1624 1258 1655 durius
1284 1622 1384 1655 aetum
1404 1622 1639 1662 existimabant3
1662 1624 1734 1665 quod
1757 1624 1790 1654 in
1815 1620 1960 1665 Majesta-

1104 1673 1160 1698 tem
1173 1673 1292 1708 peccare
1311 1676 1368 1697 non
1380 1665 1512 1707 potniffiet
1524 1688 1535 1704 ,
1546 1667 1614 1707 quia
1626 1664 1747 1706 sithdita
1764 1674 1820 1696 non
1830 1664 1960 1705 fuerat,

1105 1708 1140 1744 &³
1159 1710 1230 1750 quod
1244 1708 1358 1750 legati,
1384 1707 1558 1748 Principum
1585 1703 1770 1746 administri,
1788 1704 1817 1745 fi
1842 1706 1875 1736 in
1900 1703 1962 1736 Re-

1103 1760 1172 1792 ges,
1194 1761 1211 1781 a
1232 1752 1269 1781 nd
1285 1759 1351 1791 qnos
1365 1749 1509 1791 legatione
1519 1746 1960 1790 funguntur,conjuraverint,

1106 1791 1194 1834 llsInje
1222 1792 1278 1822 atis
1301 1791 1422 1821 crimine
1454 1800 1510 1821 non
1541 1795 1693 1821 teneantur
1712 1812 1723 1828 ,
1753 1789 1841 1819 multo
1866 1788 1963 1818 minus

1105 1832 1158 1874 ipfi
1174 1833 1336 1873 Principes.
1382 1831 1604 1863 Defendebant
1631 1830 1727 1872 igitur
1754 1829 1905 1870 Reginam
1923 1827 1962 1859 ad

1105 1874 1283 1915 exemplum
1307 1874 1481 1914 legatorum
1502 1895 1513 1911 ,
1543 1881 1634 1913 quain
1657 1870 1760 1909 10810,
1793 1879 1875 1902 nunc
1898 1877 1964 1901 non

1105 1914 1244 1956 disputo.
1287 1915 1382 1955 Angli
1401 1914 1495 1945 etiam
1519 1912 1599 1944 haud
1626 1913 1670 1944 ita
1696 1911 1814 1952 pridem
1843 1910 1964 1943 Sueciae

1107 1958 1266 1997 legatum,
1291 1956 1344 1996 qui
1364 1956 1395 1987 in
1411 1955 1581 1996 perniciem
1608 1953 1692 1985 suam
1714 1951 1900 1994 conspirasse
1919 1951 1964 1983 di-

1108 1989 1254 2036 cebatur,
1281 1997 1351 2028 navi
1370 1995 1545 2037 impositum
1559 2018 1568 2034 ,
1582 1995 1618 2026 ad
1638 1994 1753 2035 Regem
1769 1992 1856 2025 suum
1874 1993 1965 2038 remi3

1110 2038 1225 2071 serunt.
1279 2037 1350 2069 Alia
1380 2037 1475 2068 solius
1501 2035 1728 2067 interdictionis
1749 2034 1893 2075 exempla
1913 2033 1968 2065 alu

1111 2080 1297 2112 retulerunt.
1345 2077 1396 2110 De
1419 2077 1443 2109 F
1446 2077 1579 2108 riderico
1602 2076 1626 2108 I.
1650 2076 1859 2117 Imperatore,
1882 2073 1968 2116 quod

1110 2122 1148 2153 ad
1175 2119 1362 2152 pontificios
1391 2119 1529 2159 legatos,
1561 2117 1752 2149 Kirchnerus
1778 2118 1805 2148 d.
1829 2116 1901 2148 Lib.
1925 2114 1964 2148 11.

1112 2163 1141 2194 C.
1163 2161 1185 2193 Ι.
1210 2171 1240 2192 n.
1263 2170 1273 2192 1
1302 2165 1331 2194 8.
1363 2159 1413 2191 De
1427 2159 1574 2197 Venetis,
1588 2158 1671 2199 quod
1689 2158 1863 2202 arf-legatos
1878 2155 1970 2189 Fran-

1112 2204 1215 2235 cicum
1234 2203 1262 2234 &
1315 2200 1472 2242 ispanum,
1496 2198 1559 2241 ipse
1580 2200 1634 2230 ille
1652 2197 1966 2239 Kirchnerusn.175.

1113 2245 1142 2277 ὅ(
1163 2247 1228 2284 176.
1260 2242 1319 2275 Sed
1339 2242 1413 2282 quid
1429 2250 1535 2273 moror
1553 2241 1583 2272 in
1623 2249 1703 2272 artes
1715 2241 1868 2272 advocare
1883 2247 1967 2271 com-

1112 2294 1206 2317 mune
1227 2284 1400 2325 legatorum
1420 2282 1560 2325 asylum,
1618 2281 1797 2313 brahamum
1820 2281 1970 2321 wicque-

1110 2326 1265 2363 fortium,
1290 2325 1342 2366 qui
1361 2333 1399 2355 ex
1418 2322 1555 2364 professo
1580 2322 1611 2354 id
1636 2322 1700 2363 egit
1722 2323 1839 2365 majoris
1864 2321 1893 2352 O
1913 2321 1970 2352 eris

1113 2367 1183 2399 Lib.
1202 2366 1225 2398 Ι.
1253 2367 1284 2397 C.
1304 2375 1353 2406 27.
1380 2370 1429 2400 28.
1456 2365 1486 2397 ὅ(
1507 2374 1556 2401 29.
1582 2371 1617 2395 ut
1637 2364 1777 2404 legatos,
1802 2362 1864 2394 five
1905 2370 1969 2392 em·

1113 2408 1272 2450 publicam
1293 2406 1513 2444 turbaverint,
1543 2405 1607 2437 sive
1629 2404 1711 2436 aliud
1736 2411 1906 2448 commune
1919 2401 1971 2432 de-

1116 2449 1223 2481 listum
1258 2446 1471 2479 commiserint
1485 2470 1495 2486 ,
1531 2444 1672 2478 absolvat
1705 2454 1722 2475 a
1757 2443 1971 2484 Jurisdietione

1115 2491 1181 2530 ejus
1194 2513 1203 2529 ,
1227 2489 1308 2530 apud
1324 2498 1415 2529 quem
1431 2488 1524 2530 legati
1540 2486 1617 2518 sunt.
1660 2484 1751 2517 Hanc
1766 2483 1972 2522 sententiam,

1116 2540 1151 2562 ut
1170 2540 1224 2572 par
1240 2529 1466 2570 est,exemplis
1483 2527 1643 2572 defend-it,
1654 2527 1683 2558 ὅ(
1700 2524 1765 2556 fere
1775 2525 1972 2571 ‘solisexem-

1116 2572 1194 2613 plis,
1207 2581 1246 2603 ex
1264 2570 1432 2602 recentiori
1450 2578 1520 2600 aevo
1537 2574 1664 2608 petitiS,
1683 2574 1799 2598 veteris
1814 2575 1898 2598 enim
1908 2575 1973 2598 non

1113 2622 1215 2653 >usque
1230 2612 1307 2644 adeo
1327 2619 1438 2652 gnarus
1453 2615 1528 2640 erat.
1553 2607 1583 2639 Si
1601 2616 1708 2638 omncs
1724 2607 1860 2639 rationes
1874 2630 1884 2645 ,
1905 2615 1973 2649 quae

1116 2663 1156 2685 eo
1170 2653 1347 2694 pertinent,
1369 2648 1540 2687 attulisset,
1562 2657 1622 2689 ego
1641 2647 1807 2689 potuiss'em
1825 2649 1882 2680 hac
1899 2657 1972 2690 ope-

1117 2705 1149 2726 ra
1171 2692 1382 2734 supersedere;
1403 2690 1542 2736 egregias
1562 2698 1684 2728 tamen,
1710 2690 1739 2721 in
1761 2689 1975 2722 enumerandis

1100 2734 1289 2775 -exemplis,
1311 2731 1466 2772 suppetias
1487 2731 1582 2769 tulit,
1607 2730 1722 2761 vellem
1739 2731 1835 2762 modo
1860 2731 1975 2763 laudas-

1118 2775 1164 2807 set
1181 2774 1339 2812 auctores,
1362 2781 1495 2813 quorum
1512 2771 1572 2803 fide
1588 2779 1711 2809 narrat,
1734 2781 1801 2813 quae
1819 2771 1973 2811 narravit,

1118 2826 1157 2848 ne
1170 2815 1256 2847 forte
1276 2814 1329 2852 fit,
1353 2813 1407 2854 qui
1430 2813 1457 2843 ei
1478 2812 1570 2844 fidem
1584 2814 1732 2853 abroget,
1755 2820 1789 2844 ut
1807 2812 1870 2854 ipse
1886 2812 1974 2844 abro-

1139 2856 1204 2888 avit
1222 2855 1363 2886 Antonio
1381 2854 1419 2885 de
1435 2853 1536 2892 Vera,
1558 2853 1701 2895 scriptori
1721 2852 1785 2886 His
1801 2863 1861 2886 ano
1885 2854 1916 2886 in
1940 2861 1975 2886 re

1117 2867 1310 2937 {IispanicQ
1333 2906 1368 2927 en
1378 2895 1434 2935 an
1455 2894 1662 2936 Anzlmffizdeur
1686 2894 1758 2926 Lib.
1795 2919 1802 2926 .
1831 2894 1905 2927 Seet.
1924 2904 1973 2933 29.

1113 2939 1212 2979 princ.
1256 2936 1316 2968 Sed
1333 2934 1490 2968 auctorem
1508 2935 1595 2968 suum
1614 2935 1756 2974 laudare,

1119 2980 1150 3011 in
1168 2977 1236 3009 aliis
1254 2977 1283 3008 id
1303 2977 1355 3018 Jus
1380 2977 1486 3009 Civile
1501 2977 1670 3016 desideret,
1702 2975 1769 3007 scre
1815 2977 1886 3008 odie
1905 2977 1974 3010 c'en·

1119 3019 1202 3051 setur
1219 3017 1401 3059 supervacui
1422 3018 1545 3050 laboris.
1572 3019 1621 3050 Ex
1637 3017 1764 3049 Francia
1779 3018 1833 3050 ille
1848 3027 1916 3050 mos
1930 3019 1974 3051 in-

1118 3059 1236 3098 valuit,
1263 3059 1292 3090 &
1309 3059 1389 3101 apud
1404 3069 1480 3098 eos,
1504 3059 1557 3101 qui
1577 3058 1700 3091 Gallice
1719 3057 1878 3098 scribunt,
1899 3058 1976 3091 altas

1118 3101 1236 3132 radices
1256 3100 1341 3141 egit,
1364 3101 1438 3141 quin
1459 3101 1489 3132 ὅ(
1513 3101 1592 3132 alios
1606 3099 1755 3139 contagio
1776 3099 1908 3141 quodam
1931 3101 1975 3133 in-

1117 3141 1207 3173 fecit.
1263 3142 1321 3173 Sed
1347 3151 1406 3183 ego
1431 3142 1530 3173 nolim
1559 3139 1832 3181 Wicquefortium
1867 3139 1974 3174 testem

1117 3182 1275 3221 refutare,
1301 3192 1373 3215 cuin
1392 3183 1558 3224 repererim
1573 3182 1706 3223 plurima
1722 3181 1883 3223 exempla,
1907 3191 1977 3257 qul?

1909 3231 1942 3263 ap
1955 3235 1974 3256 e

1802 2935 1922 2968 uamvis
1944 2936 1975 2968 &
