2008 3436
416 111 815 148 CORNELII

183 189 378 229 Alexandro,
411 191 441 223 ἃ
467 191 571 233 imago
595 192 680 232 ejus,
705 190 877 230 dummodo
893 200 985 230 vera,
1011 190 1042 221 in

184 230 442 272 foi-ibus‘palatii
468 232 612 264 Patavini
645 233 796 273 (Patavio
813 232 928 273 quippe
949 232 1043 272 origi-

181 281 252 305 nem
275 272 404 312 debuit,
438 284 511 306 nam
529 275 687 311 rationes,
717 274 830 314 quibus
858 273 1046 304 Bertrandus

182 312 217 347 in
235 313 330 346 Paulo
355 324 427 347 eum
454 315 487 347 T
508 316 592 347 'rium
617 315 710 347 fuisse
732 315 844 356 fingit,
867 312 938 349 sunt
955 314 1048 355 plane

181 352 313 396 nullae.)
342 355 453 388 illustri
497 357 612 398 uperba
634 356 751 394 titulo,
784 364 897 395 praeter
914 355 1045 396 dignita-

185 402 232 427 tes
255 396 431 431 honorifice
445 397 562 439 gestas,
585 397 744 429 docebunt
770 395 912 434 anatim,
934 396 1048 428 Mode-

181 434 298 468 stinum
315 438 347 470 in
372 439 392 470 l.
414 448 461 480 13.
486 438 515 480 ᾗ.
534 449 563 470 2.
581 438 621 480 ff.
646 440 679 470 de
703 439 829 480 exciyat.
863 437 986 478 optimo
1002 437 1046 476 iu-

180 487 216 509 re
233 487 305 511 eum
323 480 463 512 retuliss'e
478 481 560 512 inter
576 482 623 511 τῶν
648 484 752 515 „aalma
774 484 924 514 κιρυφκίες.
955 479 1045 516 Sane,

185 120 228 145 10
890 121 999 148 VAN

181 518 205 557 fi
223 520 293 560 quis
311 530 407 562 opera
425 521 535 560 Pauli,
557 521 582 559 si
596 521 665 562 quis
682 529 813 551 acumen
833 519 969 560 ingenii,
983 528 1047 559 quo
1064 520 1066 523 '

181 560 214 591 in
235 562 380 594 omnibus
405 562 442 594 ad
465 572 571 594 veram
594 563 672 602 juris
687 560 919 602 philosophiam
937 559 1046 600 grassa-

133 618 140 620 -
182 610 251 640 tur,
275 601 373 635 fuerit
390 612 515 635 contem
528 604 622 635 ilatus
638 627 647 639 ,
681 603 771 634 illum
786 612 849 633 non
869 602 965 633 modo
985 610 1046 632 rna-

180 642 284 682 jorum
311 643 464 676 Gentium
489 644 503 684 J
539 645 578 676 tis
597 642 771 682 adscribet,
796 642 847 674 sed
870 643 897 674 ὅ(
916 642 1045 674 facilem

181 683 309 716 habebit
325 685 485 717 Politiano
504 686 595 717 fidem
606 709 615 723 ‚
640 685 691 726 qui
713 685 860 716 omnibus
877 693 949 716 eum
966 693 1047 713 πω.

182 729 350 763 'remeia-¹291
364 726 466 763 dixit,
493 725 562 758 Lib.
583 727 621 758 V.
649 724 744 767 Epist.
769 726 824 757 ult.

226 766 310 798 Inter
329 767 388 798 alia
404 766 502 799 exstat
524 768 610 799 Pauli
629 766 825 812 Qiroefiioninn
840 776 940 807 opus,
958 776 976 798 e
991 775 1045 798 cu·

179 807 229 848 jus
258 808 329 839 libro
348 807 403 839 Ill.
437 809 569 849 petitam
596 809 657 840 ess'e
684 809 800 849 Legem
821 807 978 846 nostram,
1001 817 1046 838 ar-

183 857 336 888 gumento
362 848 407 881 est
431 851 566 888 ἐπιγεριφῆ
591 849 645 882 fibi
667 849 782 890 ubique
800 848 944 883 constans
962 849 993 880 in
1011 848 1045 880 li-

181 889 266 928 bris,
291 899 370 930 quos
392 891 477 931 vidi,
501 892 657 923 omnibus.
705 891 857 932 Alioquin
876 890 897 922 fi
914 890 990 921 effer
1006 899 1047 921 ex

183 931 255 963 Lib.
283 930 338 964 ΙΙΙ,
370 931 561 964 Decreroram
578 956 588 971 ,
617 933 756 974 placeret
784 932 889 973 magis.
935 931 1049 963 Paulus

182 981 317 1014 namque
347 973 379 1005 in
405 973 617 1006 Decretorum
641 974 729 1005 libris
753 982 906 1004 executus
922 971 968 1004 est
984 971 1049 1003 sen-

183 1014 297 1045 tentias
319 1013 501 1056 Imperiales
525 1025 585 1047 una
612 1025 684 1047 cum
709 1014 784 1047 faeti
814 1013 943 1046 historia
959 1014 989 1045 ὃς
1004 1013 1049 1044 di-

183 1054 381 1096 sceptatione
399 1079 409 1095 ‚
444 1057 705 1098 quemadmodum
730 1056 762 1088 in
787 1055 844 1087 hac
863 1054 927 1096 ipsa
949 1054 968 1086 l.
993 1064 1046 1094 40.

183 1095 277 1128 Unde
293 1097 322 1129 ἂ
341 1097 498 1129 Sententiae
517 1098 685 1139 [imperiales
704 1099 736 1129 in
754 1098 965 1140 cognitionibus
980 1102 1046 1136 pro-

184 1137 252 1169 latoe
276 1147 434 1210 {iocantur
460 1139 491 1171 in
521 1139 644 1181 Inscrip.
680 1139 700 1170 l.
721 1139 776 1170 ult.
795 1138 836 1180 ff.
860 1139 973 1180 dejure
990 1143 1045 1177 pa-

184 1184 261 1210 tron.
299 1203 305 1210 .
326 1190 344 1210 u
359 1185 378 1211 t.

184 1220 296 1252 SClnm
319 1220 442 1253 Trebell.
490 1222 710 1254 Memorantur
735 1228 839 1252 autem
865 1219 980 1251 ibidem
997 1218 1048 1250 Li-

180 1261 230 1292 bri
247 1261 301 1293 sex
320 1261 497 1303 hujusmodi
516 1263 766 1301 Sententiarum,
792 1261 868 1302 qui,
893 1260 956 1292 five
973 1261 1048 1305 titu-

160 1332 162 1341 ,
181 1302 267 1342 lum,
299 1302 362 1335 five
386 1304 539 1335 librorum
570 1313 733 1335 numerum
754 1303 783 1334 δι
799 1310 940 1333 naturam
957 1302 1049 1346 relpi-

183 1342 268 1383 ciaS,
293 1344 388 1376 iidem
405 1344 476 1376 sunt
495 1354 567 1376 cum
586 1345 668 1374 libris
677 1343 735 1385 sex
756 1343 975 1374 Sententiarum
986 1341 1050 1380 sive

182 1384 353 1425 Paetorum,
378 1395 512 1427 quorum
539 1385 683 1417 meminit
700 1384 797 1416 Index
821 1384 1047 1422 Florentiiius,

184 1427 215 1458 δε
233 1427 426 1467 caeteroquin
452 1425 591 1467 nuspiam
617 1425 751 1458 exstant.
796 1426 843 1458 lta
866 1425 1021 1457 malumus
1036 1447 1047 1463 ,

184 1478 276 1509 quam
297 1468 456 1506 haefltare,
478 1468 580 1508 neque
607 1467 706 1499 hilum
731 1467 876 1502 decidere
893 1475 965 1512 cum
986 1465 1048 1498 Cu-

184 1510 266 1550 jacio
292 1509 323 1541 in
349 1508 474 1547 Proefat.
500 1509 632 1540 sentent.
659 1509 748 1541 Paul.
771 1509 844 1547 vel,
867 1515 982 1538 Vitium
1001 1507 1047 1538 ln-

183 1551 262 1582 dicis
279 1551 459 1592 arguendo,
483 1560 554 1582 cum
574 1550 782 1582 Rittersliufio
798 1551 830 1582 in
848 1549 973 1589 Praefat.
996 1558 1047 1580 an-

184 1601 216 1624 te
237 1591 320 1623 suam
343 1591 524 1624 Editionem
549 1591 794 1634 Noribergen‘sem
815 1614 825 1630 ,
856 1591 959 1622 minus
977 1599 1048 1631 pru-

182 1634 294 1665 denter
312 1632 508 1665 confundere
534 1633 632 1665 libros
656 1633 711 1665 sex
731 1632 964 1678 Sententiarum
984 1631 1049 1663 five

182 1675 208 1708 F
210 1675 350 1707 aetorum
365 1684 436 1706 cum
456 1675 561 1707 Libris
586 1675 796 1716 Receptarum
813 1674 1047 1719 Sententiarum

185 1717 343 1758 quinque,
376 1716 488 1757 quibus
508 1716 546 1748 ad
569 1715 683 1748 Filium
711 1724 852 1758 receptas
878 1715 954 1755 iuris
969 1714 1047 1756 pofi-

184 1759 289 1790 tiones
321 1758 351 1790 &
382 1757 586 1790 fundamenta
620 1758 807 1800 complexus
839 1755 886 1788 est
922 1755 1046 1788 Paulus.

183 1799 284 1845 Quod
307 1807 412 1831 autem
434 1809 474 1831 ex
505 1800 524 1831 l.
544 1799 599 1831 ult.
617 1799 658 1840 ff.
685 1801 718 1831 de
739 1801 806 1842 jure
824 1803 943 1839 patron.
967 1797 1046 1843 diiii-

184 1851 271 1880 nius,
295 1841 424 1873 decreta
442 1850 506 1872 non
526 1839 654 1872 differre
680 1851 697 1873 a
715 1839 879 1873 sententiis
902 1839 1048 1880 Imperia-

184 1882 288 1924 iibus‚
310 1882 375 1914 five
390 1881 555 1914 sententiis
574 1882 603 1913 &
618 1881 725 1922 fac‘tis,
757 1880 975 1914 difficultatem
995 1880 1047 1912 ha-

186 1924 263 1962 bet3
287 1922 387 1955 refert
401 1924 484 1955 enim
504 1923 535 1955 in
556 1922 663 1955 Indice
677 1923 866 1964 Jullinianus
879 1931 916 1954 ea
925 1931 951 1955 o
974 1931 1047 1960 era,

185 1974 245 1997 ceu
260 1964 419 1996 dissinCta:
444 1972 507 1996 tres
524 1964 674 1996 videlicet
692 1964 904 1997 Decretorum
914 1963 951 1995 Li
978 1973 1049 2002 ros,

185 2016 224 2038 ex
240 2006 353 2047 quibus
371 2006 515 2046 plurimae
533 2006 565 2037 in

186 2057 255 2080 rum
281 2047 344 2079 ssve
369 2047 554 2085 Factorum,
587 2056 627 2078 ex
653 2048 786 2088 quibus,
822 2046 908 2088 quod
925 2045 1019 2077 sciam
1037 2068 1049 2084 ‚

186 2097 249 2120 tres
276 2095 397 2120 tantum
415 2111 424 2126 ‚
456 2097 530 2128 quas
559 2087 706 2120 diximus.
752 2089 907 2121 Praeterea
923 2087 1050 2119 turbant:

185 2129 280 2162 valde
309 2131 337 2161 d.
374 2129 495 2169 Inscrip.
528 2129 548 2160 l.
580 2130 634 2161 ult.
662 2130 704 2171 ff.
734 2132 767 2162 de
790 2131 857 2161 haer.
880 2127 948 2169 inst.
975 2129 1004 2160 &
1027 2128 1048 2160 l.

186 2171 241 2203 ult.
255 2170 303 2212 ff..
320 2171 359 2202 ad
380 2169 489 2202 SCtam
519 2170 601 2203 Treb.
626 2171 737 2203 Paulus
757 2171 957 2212 [inperialium
978 2170 1047 2201 Sen-

187 2215 346 2244 tentiarum
376 2221 413 2243 ex
437 2211 542 2243 Libris
548 2211 606 2284 (ex
627 2213 697 2244 libro
714 2215 829 2254 primo,
841 2212 897 2253 sea
912 2210 1050 2243 Decreta-

186 2264 251 2286 rum
276 2251 492 2295 librosecundo.
564 2261 594 2284 ta
614 2254 802 2295 utrobique,
826 2254 968 2294 quamvis
983 2252 1049 2285 fim-

185 2295 315 2337 pliciter
343 2295 375 2326 in
405 2295 433 2326 d.
465 2294 487 2326 l.
517 2294 587 2327 ult..
596 2294 637 2335 ff.
668 2297 701 2327 a'e
719 2297 787 2339 jure
802 2301 883 2336 patr.
905 2294 1054 2335 Cujacius

189 2336 261 2369 Lib.
283 2335 323 2369 ΙΙ.
357 2335 482 2376 Observ.
515 2336 547 2368 C.
567 2339 616 2367 26.
650 2346 709 2378 pro
725 2337 851 2378 secimdo
864 2359 876 2376 ,
898 2337 983 2377 quod
1006 2337 1052 2368 in-

186 2377 340 2419 scriptum
359 2376 404 2409 est
426 2378 454 2408 d.
470 2377 524 2415 ll.‚
547 2386 678 2418 reponat
689 2381 804 2419 prinzo,
830 2386 865 2410 ut
882 2379 1053 2410 conveniat

186 2419 277 2451 locus
293 2418 525 2452 Sententiarum
550 2418 580 2450 &
607 2418 839 2460 Decietorum,
866 2420 896 2451 ἀ
913 2421 956 2451 ita
972 2420 1050 2462 legit

188 2469 316 2501 quoque
339 2459 507 2491 Russardus
523 2459 555 2492 in
577 2460 605 2492 d.
622 2461 651 2492 .l.
667 2462 721 2493 ult.
739 2462 780 2503 ff.
799 2464 837 2493 acl
857 2462 964 2493 Sciam
980 2463 1050 2494 Tre-

188 2501 255 2533 bell.
299 2500 386 2546 Quid
405 2500 426 2532 fi
445 2500 609 2540 dicamus,
627 2501 757 2535 Paulum
775 2504 878 2544 primo
895 2501 1051 2536 Deci-eto—

186 2551 256 2574 rum
274 2541 373 2574 libros
390 2540 539 2581 scripfiffe
556 2551 638 2582 tres,
663 2544 702 2575 de
730 2545 843 2585 quibus
873 2545 905 2576 iri
925 2545 1050 2578 Indice:

186 2583 280 2621 dein,
304 2591 377 2614 cum
396 2582 496 2615 indies
513 2584 543 2615 ὅ(
561 2584 621 2615 alia
635 2584 879 2617 decernerentur
903 2586 971 2628 ipso
987 2587 1051 2618 assi-

186 2625 297 2664 dente,
311 2622 461 2664 scripsisse
478 2624 619 2670 tandein,
640 2626 735 2658 titulo
752 2636 769 2658 a
788 2627 883 2668 priori
905 2628 1052 2668 quodam-

188 2664 286 2699 modo
304 2662 450 2703 diverse,
473 2664 704 2697 Sententiarum
728 2667 772 2699 Im
797 2669 937 2700 erialium
956 2669 1054 2701 liin-os

188 2706 269 2745 sex,
287 2707 388 2747 iisque
399 2728 408 2744 ,
431 2712 467 2737 ut
480 2714 535 2746 pai·
549 2713 632 2745 erat,
649 2706 762 2739 inserui
787 2708 808 2740 'e
826 2716 888 2741 tres
905 2709 977 2741 illos
990 2709 1052 2741 De-

189 2755 351 2780 cretorum
371 2745 488 2785 libros,
499 2747 529 2778 &
545 2747 693 2788 digeffissc
707 2758 765 2789 pro
783 2749 927 2781 instituto
945 2760 1052 2782 recens

189 2788 363 2831 argumenti
390 2787 508 2820 ordine.
553 2788 606 2820 Sic
628 2789 734 2821 eadem
758 2790 843 2822 reste
855 2791 1000 2823 dicentur
1019 2802 1051 2822 o-

191 2840 284 2872 pera,
310 2830 339 2862 δε
367 2829 458 2861 locus
468 2850 480 2867 ,
512 2829 563 2869 qui
580 2837 669 2861 antea
686 2829 899 2863 Deci-crorum
915 2831 1050 2864 secundo

189 2872 312 2910 fuerat,
345 2878 430 2902 nunc
453 2870 684 2903 Sententiarum
710 2873 811 2913 primo
839 2872 900 2904 effe
921 2874 1050 2914 poterit.

190 2912 281 2946 Nihil
300 2910 345 2943 est
384 2911 505 2949 lanius,
527 2911 719 2951 dummodo,
740 2915 824 2955 quod
840 2913 884 2945 est
903 2914 1051 2946 verisimi-

189 2955 220 2987 le
231 2977 240 2992 ,
266 2954 311 2984 ita
327 2951 358 2984 se
372 2962 390 2984 e
405 2961 453 2983 res
469 2952 624 2985 habuerit.
667 2954 727 2986 Sed
745 2955 784 2986 de
800 2955 847 2987 his
864 2954 946 2987 stitis.

234 2994 384 3026 Diximus
401 2993 527 3034 itaque,
549 2994 642 3035 legem
662 2995 755 3027 Leela
765 3018 780 3034 ,ι
799 2997 829 3028 δι
847 3005 971 3028 omnem
985 2996 1052 3037 ejus

190 3039 340 3072 mamm,
364 3034 506 3066 redolere
525 3034 677 3067 librorum
694 3046 834 3069 naturam
848 3059 858 3075 ‚
881 3047 961 3078 quos
979 3038 1051 3070 Sen-

192 3077 306 3109 tentias
321 3075 501 3116 Imperiales
517 3074 548 3107 in
568 3075 815 3118 Cognitionibus
838 3079 993 3119 prolatas,
1015 3078 1050 3111 fi-

188 3127 229 3148 ve
245 3114 383 3148 Decreta
395 3140 404 3154 ,
425 3115 488 3148 sive
505 3116 680 3149 Sententias
696 3119 725 3150 ἃ
742 3119 831 3151 flaua
846 3120 991 3160 appellari
1004 3120 1050 3151 vi·

187 3160 298 3190 dimus.
322 3156 449 3188 Factum
467 3166 625 3197 narratur,
650 3159 843 3199 inteertos
862 3160 1048 3201 disputatur,

187 3197 328 3241 quinimo
351 3197 414 3230 lata
434 3197 480 3230 est
505 3197 660 3232 sententia
682 3199 857 3242 Iniperialis
876 3226 887 3241 ,
921 3202 941 3234 i.
961 3211 988 3234 e.
1014 3203 1047 3235 iii

399 1180 441 1221 ff.
465 1182 498 1212 de
522 1181 616 1212 hei-ecl.
639 1178 736 1221 instit.
767 1180 798 1212 δε
831 1180 852 1211 l.
870 1179 923 1210 ult.
943 1177 984 1219 ff.
1008 1179 1046 1208 ad
1092 1180 1106 1212 1

576 2005 617 2046 ff·
636 2007 741 2048 leges,
758 2007 788 2039 &
805 2005 861 2038 seit
874 2005 1057 2037 Sententia...

1075 111 1675 151 BYNKERSHOEK

1084 191 1243 229 auditorio
1258 191 1404 232 Praefeeti
1421 195 1592 235 praetorio,
1617 195 1669 236 qui
1686 196 1759 227 vice
1777 196 1858 230 sacra
1874 195 1952 238 iudi:
2004 207 2007 216 ·

1087 233 1187 266 cabat.
1218 231 1414 275 Neque'hoc
1433 243 1554 267 tantum
1566 260 1575 276 ,
1602 236 1653 269 sed
1669 238 1699 268 ἃ
1717 237 1735 269 fi
1754 238 1953 276 conferamus
2000 248 2004 261 f

1088 275 1192 317 leges,
1224 284 1266 307 ex
1295 275 1394 307 Libro
1418 277 1572 309 duntaxat
1589 277 1643 309 Ill.
1669 277 1882 311 Decretorum
1899 281 1950 314 de-

1088 324 1268 357 promptas,
1292 317 1446 356 clarebit,
1463 318 1586 350 easdem
1603 317 1704 350 ferme
1721 319 1895 361 disputandi
1908 322 1953 356 10.

1089 357 1268 398 quendique
1286 356 1439 390 formulas
1456 368 1473 389 a
1494 358 1592 391 Paulo
1609 358 1702 391 fuisse
1724 357 1893 403 usurpatas.
1919 364 1954 399 In

1089 399 1110 429 l.
1126 401 1177 432 68.
1202 398 1229 440 §.
1254 408 1280 431 1.
1297 398 1336 440 ff.
1357 400 1391 430 de
1400 398 1556 442 fidejnffiir.
1581 401 1641 432 ait:
1667 401 1953 444 Lestajalffcriptio-

1088 449 1124 470 ne
1146 438 1334 482 ficlejicffionis
1350 463 1360 478 ,
1392 441 1422 473 in
1438 441 1598 473 auditorio
1623 441 1697 474 scil:
1723 443 1844 476 AEmilii
1865 444 1963 488 Papi-2

1090 480 1199 519 niani,
1232 482 1283 512 ubi
1309 480 1485 514 Decretum
1514 491 1599 522 erat,
1631 484 1730 516 veluti
1752 485 1782 517 in
1807 486 1835 518 h.
1859 486 1878 517 l.
1899 498 1950 528 40.

1089 521 1185 554 Lecta
1203 524 1308 556 caurio.
1355 522 1389 555 In
1413 524 1434 556 l.
1453 534 1504 565 97.
1522 524 1562 566 ff.
1581 526 1614 556 de
1631 535 1693 567 aeq.
1713 527 1761 558 vel
1780 529 1874 560 omitt.
1899 529 1966 563 ha..

1089 564 1149 594 red.
1172 563 1360 609 Papinianus
1379 567 1522 604 putabat,
1557 567 1587 598 in
1612 566 1708 609 nostra
1723 568 1744 599 l.
1774 568 1817 600 Ut
1836 569 1886 601 ille
1899 576 1953 611 pu-

1092 606 1184 635 tabat.
1231 605 1365 636 Rurium
1392 605 1451 637 ibi:
1486 606 1627 639 Dicebam
1651 619 1708 640 non
1723 612 1875 650 repudiare
1892 613 1952 644 ἃς.

1092 644 1196 683 Heic,
1223 645 1388 684 Dicebam,
1421 649 1489 688 quia
1508 648 1598 688 petia
1621 651 1680 682 dte.
1726 650 1804 682 Fere
1830 650 1894 692 est,
1919 660 1955 685 ut

1092 686 1160 717 haec
1175 687 1281 718 omnia
1302 686 1504 727 persuadeant
1519 711 1530 727 ,
1562 699 1620 730 pro
1644 692 1715 724 Lib.
1732 691 1786 724 Ill.
1814 693 1954 739 Qgcoestio-

1090 737 1179 767 num,
1206 728 1370 773 legendum
1390 727 1468 768 effe,
1494 729 1564 762 Lib.
1579 731 1633 763 ΙΙΙ.
1658 733 1866 774 Decretorum,
1886 735 1954 775 nisi,

1091 776 1125 799 ut
1140 769 1201 808 jam
1221 778 1420 808 monuimus,
1445 771 1586 802 omnium
1616 772 1770 806 Codicum
1788 776 1957 808 auctoritas

1090 809 1152 840 iret
1178 809 1209 841 in
1235 811 1440 842 contrarium.
1485 811 1602 844 Praeter
1629 815 1712 855 quod
1737 818 1926 857 reperiamus
1942 840 1955 856 ,

1089 849 1219 882 Paulum
1244 851 1275 882 in
1307 851 1420 883 eodem
1448 852 1671 896 Quaestionum
1697 866 1792 897 opere
1826 859 1957 891 eandem

1092 892 1280 932 quandoque
1296 892 1461 925 differendi
1480 896 1510 926 ot
1525 898 1726 929 concertandi
1744 907 1886 930 normam
1899 899 1956 931 ser-

1092 932 1185 964 vaffe.
1212 933 1262 964 Ex
1282 932 1350 974 ipso
1368 933 1438 966 Lib.
1450 934 1504 967 Ill.
1523 937 1705 978 exemplum
1723 938 1856 971 sufficiet
1872 940 1892 972 l.
1908 944 1956 974 16.

1087 973 1128 1019 ff.
1151 976 1201 1015 qai
1218 975 1322 1015 potior.
1348 976 1380 1021 in
1397 978 1486 1017 pign.
1507 985 1546 1009 ex
1564 977 1664 1010 Libro
1680 979 1734 1012 lV.
1761 980 1782 1012 l.
1800 990 1852 1022 71.
1869 981 1910 1022 ff.
1920 983 1954 1014 de

1087 1015 1244 1062 flaejuffor.
1270 1025 1311 1046 ex
1332 1015 1404 1049 Lib.
1425 1017 1461 1048 V.
1485 1019 1504 1049 l.
1524 1029 1574 1061 43.
1629 1044 1636 1052 .
1662 1022 1695 1052 de
1713 1021 1819 1054 aetion.
1837 1028 1904 1054 emt.
1922 1033 1955 1054 u-

1093 1056 1142 1088 bi:
1176 1055 1299 1088 Lee‘iiun
1324 1056 1365 1097 est
1393 1058 1553 1099 responsam
1614 1063 1708 1094 omitii
1734 1063 1883 1103 Ulpiani,
1903 1065 1956 1097 vel

1089 1098 1219 1139 propius
1237 1097 1355 1137 adhuc,
1373 1099 1394 1131 fi
1408 1109 1468 1142 qua
1485 1102 1647 1134 nonnullis
1667 1103 1756 1136 libris
1773 1105 1866 1144 fides,
1896 1105 1954 1137 Le-

1090 1139 1165 1185 &am
1187 1137 1228 1179 est
1251 1140 1412 1180 responfiim
1435 1142 1467 1172 in
1494 1143 1637 1174 auditorio
1663 1144 1792 1177 Domitii
1819 1147 1956 1188 Ulpiani.

1108 1189 1193 1221 gltur
1213 1180 1239 1207 nx
1258 1183 1369 1211 ἀκίνητον
1389 1187 1493 1216 chutun,

1136 1220 1357 1265 Quaestionum
1385 1222 1472 1254 Libri
1497 1233 1514 1253 a
1536 1223 1766 1265 Responsorum
1784 1249 1794 1267 ‚
1825 1227 1958 1270 aliisque

1092 1261 1264 1299 differunt,
1287 1262 1373 1302 quod
1389 1263 1421 1294 in
1441 1264 1487 1294 his
1504 1263 1635 1305 simplici
1664 1267 1834 1300 verborum
1853 1268 1958 1303 forma

1093 1312 1143 1334 res
1165 1300 1349 1335 succinctim
1371 1312 1568 1345 proponatur
1584 1329 1593 1344 ‚
1627 1307 1657 1339 in
1687 1308 1750 1340 illis
1767 1308 1892 1342 uberior
1910 1312 1956 1344 di-

1094 1343 1231 1390 sputatio
1249 1344 1392 1385 placeat,
1411 1353 1446 1377 ut
1461 1345 1557 1378 docet
1575 1348 1637 1388 jac.
1657 1348 1843 1389 Cujaciusin
1857 1350 1956 1385 Τναὲἶ.

1091 1387 1129 1416 ad
1147 1385 1292 1425 African.
1310 1384 1333 1417 Ι.
1358 1387 1391 1417 in
1405 1389 1502 1426 princ.
1543 1388 1587 1420 Et
1604 1388 1691 1430 sane,
1715 1391 1793 1422 licet
1812 1390 1874 1433 ipsa
1889 1403 1957 1426 vox

1091 1434 1277 1467 argumento
1304 1436 1368 1459 non
1394 1427 1492 1468 effer,
1525 1428 1598 1462 satis
1616 1437 1719 1463 tamen
1737 1432 1766 1464 &
1785 1431 1874 1474 super
1898 1434 1957 1467 dif-

1091 1467 1208 1507 fulior,
1229 1466 1281 1499 sed
1300 1468 1330 1500 δε
1347 1469 1488 1510 argutior
1506 1472 1614 1512 agendi
1632 1473 1661 1505 &
1684 1473 1869 1514 plerumque
1884 1485 1958 1509 con-

1093 1509 1288 1541 trovertendi
1317 1510 1399 1541 ratio
1422 1511 1643 1558 Quaestionum
1668 1513 1766 1547 libros
1797 1516 1956 1556 proderet.

1092 1549 1218 1582 Nullibi
1232 1550 1331 1591 JCtos
1348 1552 1454 1598 videas
1472 1554 1569 1596 magis
1584 1565 1690 1595 acres,
1712 1556 1742 1588 δι
1763 1555 1792 1588 se
1811 1557 1891 1598 quafi
1911 1557 1956 1590 su-

1092 1600 1252 1638 perantes:
1277 1593 1391 1625 nullibi
1409 1594 1547 1627 rationes
1566 1596 1643 1636 juris
1658 1598 1756 1639 magis
1773 1598 1956 1639 profundae:

1090 1633 1204 1665 ‘nullibi
1226 1634 1315 1674 peior
1332 1633 1543 1675 Interpretum
1561 1638 1651 1670 causa
1663 1661 1674 1678 ‚
1698 1640 1855 1681 praecipue
1872 1641 1956 1681 equi-

1091 1674 1160 1722 dem
1174 1698 1184 1714 ,
1209 1675 1229 1708 fi
1251 1684 1321 1707 cum
1340 1675 1439 1708 Paulo
1454 1687 1502 1710 res
1518 1678 1565 1711 iit.
1597 1679 1674 1721 Ejus
1690 1681 1836 1713 subtilem
1853 1682 1957 1715 dicen-

1090 1715 1121 1748 di
1139 1725 1278 1756 morem,
1303 1717 1392 1749 velut
1408 1718 1592 1761 obscurum,
1619 1724 1649 1754 ὥς
1668 1731 1788 1755 tantum
1807 1732 1870 1756 non
1888 1737 1955 1754 am-

1092 1771 1129 1795 gqv
1155 1759 1284 1790 miratus
1306 1758 1405 1800 Rapli.
1432 1759 1595 1803 Fulgofius
1619 1763 1655 1795 ad
1679 1765 1699 1796 l.
1722 1773 1768 1805 17.
1786 1764 1827 1805 ff.
1852 1767 1886 1797 de
1909 1767 1956 1798 in-

1090 1798 1161 1841 offic.
1187 1799 1299 1841 tesiam.
1332 1800 1430 1847 (quae
1453 1802 1497 1835 est
1514 1813 1555 1835 ex
1583 1804 1671 1838 Libr.
1691 1805 1811 1853 Quaest.
1831 1806 1899 1849 ΙΙ.)
1921 1807 1962 1841 ΞΠ

1091 1841 1159 1872 haec
1191 1841 1285 1873 verba
1307 1851 1459 1884 erumpit:
1487 1845 1656 1886 Aziclivstis
1678 1851 1765 1890 isram
1790 1853 1902 1880 textum
1919 1849 1963 1880 in:

1085 1884 1187 1923 princ.
1216 1883 1251 1917 ἐπ”
1266 1882 1295 1922 fi
1316 1885 1383 1915 bene
1401 1895 1458 1916 non
1483 1886 1689 1929 intellexistis,
1710 1900 1773 1922 eum
1788 1890 1892 1932 legetis
1909 1896 1961 1922 τεν

1093 1923 1129 1959 &³
1143 1930 1264 1965 quater,
1288 1924 1451 1967 &sanabit
1468 1929 1564 1961 vobis.-
1583 1928 1626 1968 fic
1640 1933 1718 1963 enim
1735 1929 1775 1972 est
1784 1941 1842 1962 mos
1850 1931 1951 1964 Pauli.

1093 1965 1136 1997 Ec
1155 1964 1184 2004 fi
1208 1967 1340 1998 haberem
1367 1977 1431 1999 eam
1457 1970 1490 2000 in
1506 1973 1638 2002 manibus
1654 1994 1665 2010 ,
1687 1983 1750 2005 eum
1763 1978 1817 2013 per
1833 1972 1953 2013 capillos

1091 2008 1311 2051 interrogarem.
1335 2007 1379 2040 Et
1397 2010 1491 2049 paulo
1507 2010 1594 2052 post:
1620 2012 1677 2054 Iste
1695 2013 1861 2046 maledieius
1872 2013 1952 2045 Pau·

1092 2049 1259 2094 lassemper
1276 2050 1319 2095 ita
1342 2050 1454 2090 obscure
1472 2052 1598 2093 loquitar
1608 2075 1619 2091 ‚
1650 2061 1683 2086 ut
1699 2057 1755 2087 vix
1767 2053 1849 2096 poffit
1866 2055 1953 2087 intel-

1092 2091 1160 2131 ligi.
1185 2090 1285 2121 Miler
1300 2090 1354 2122 ille
1360 2091 1464 2123 nihilo
1474 2093 1661 2127 clementius
1676 2097 1805 2137 vapulat
1815 2106 1832 2128 a
1842 2095 1865 2127 F
1867 2105 1953 2130 rane.

1092 2130 1242 2169 Duareno
1261 2131 1293 2164 in
1313 2131 1492 2165 Coinment.
1511 2135 1547 2165 ad
1565 2137 1630 2169 ρ’κότι
1647 2137 1806 2170 Paulinam
1823 2147 1863 2169 ex
1880 2137 1951 2170 Lib.

1093 2172 1168 2204 XV.
1193 2171 1314 2216 Quaest.
1337 2173 1373 2219 in
1393 2173 1413 2205 l.
1436 2183 1504 2215 132.
1523 2175 1565 2216 ff.
1588 2178 1622 2208 de
1647 2179 1688 2210 V.
1715 2180 1755 2211 O.
1799 2178 1865 2210 Hoc
1875 2179 1952 2221 scri-

1092 2214 1176 2259 bendi
1200 2224 1311 2255 genas,
1343 2215 1466 2256 inquit,
1494 2226 1560 2248 vere
1577 2218 1757 2259 Paulinum,
1779 2222 1810 2252 id
1825 2218 1887 2261 est,
1909 2221 1952 2252 ob-

1086 2258 1229 2296 scuram,
1251 2256 1453 2295 implicatum,
1474 2267 1509 2288 ac
1526 2261 1700 2301 tortziqsimm
1730 2268 1763 2294 iit
1781 2261 1954 2294 Heraclitus

1095 2297 1212 2338 quidam
1233 2296 1280 2327 hic
1303 2296 1354 2337 effe
1384 2297 1494 2329 Paulas
1519 2302 1679 2340 videatur,
1711 2305 1760 2345 qui
1778 2304 1954 2335 aveterlbus

1095 2338 1220 2368 Σκοπι-ὶς
1239 2339 1401 2378 appellatus
1417 2337 1467 2380 est.
1513 2341 1561 2372 Ac
1579 2348 1684 2383 praeter
1700 2345 1750 2376 hoc
1763 2345 1865 2385 Caput.
1887 2368 1895 2376 .
1915 2368 1922 2375 .
1943 2367 1952 2376 .

1094 2379 1156 2410 alia
1180 2377 1296 2420 exstant
1320 2381 1445 2422 ejusdem
1473 2382 1629 2423 Auctoris,
1652 2395 1711 2426 qztae
1721 2385 1751 2425 fi
1764 2385 1876 2417 nullam
1895 2386 1951 2413 im—

1093 2421 1195 2466 weyvrly
1217 2421 1375 2459 sumerent,
1406 2423 1437 2453 id
1464 2423 1664 2466 zamenstyliis
1675 2427 1773 2466 faaile
1796 2426 1952 2460 indicaret.

1092 2461 1233 2500 Nescio,
1267 2473 1304 2494 an
1331 2472 1394 2494 non
1420 2462 1507 2495 foret
1531 2468 1641 2498 melius
1666 2467 1840 2507 hujusmodi
1857 2476 1954 2498 enco-

1093 2504 1164 2535 miis
1188 2513 1314 2544 parcere
1327 2528 1336 2543 ‚
1370 2504 1423 2535 illa
1442 2506 1558 2537 etenim
1576 2508 1626 2538 cui
1645 2507 1750 2546 bono,
1771 2508 1856 2540 dicat
1877 2507 1952 2540 Cas-

1094 2544 1179 2577 sius?
1202 2545 1409 2577 Memincrint
1426 2545 1587 2586 Fuigofius
1604 2549 1634 2579 ὅ(
1651 2547 1834 2589 Duareiius,
1849 2558 1887 2581 ex
1899 2549 1951 2583 Li-

1094 2587 1158 2618 bris
1193 2586 1412 2629 Quaestionum
1436 2587 1497 2618 esse
1525 2589 1552 2619 d.
1578 2588 1651 2621 LL.
1685 2591 1712 2621 ἃ
1734 2591 1955 2630 peremtoriam

1096 2627 1315 2670 Quaestionuni
1332 2636 1471 2659 naturam
1493 2628 1571 2667 ess‘e,
1597 2638 1653 2668 ut,
1677 2632 1845 2664 vei-borum
1864 2633 1959 2673 pai-fi·-

1096 2669 1201 2701 monia
1218 2678 1320 2700 rerum
1335 2670 1457 2709 copiam
1474 2670 1620 2709 pensante
1631 2695 1639 2709 ‚
1656 2681 1952 2714 proponanturcon-

1095 2710 1191 2741 tracta
1209 2710 1354 2741 oratione
1370 2710 1526 2749 concii'ae,
1551 2713 1580 2743 &t
1596 2713 1809 2747 diffidentibus
1826 2715 1907 2747 inter
1923 2715 1954 2748 se

1093 2751 1181 2792 JCtis
1205 2751 1418 2783 controversa:
1437 2762 1444 2782 :
1475 2753 1558 2793 quod
1577 2762 1762 2796 utrumque,
1784 2756 1858 2797 quin
1877 2755 1954 2790 diffi-

1094 2793 1220 2824 cultatis
1234 2792 1376 2823 nebulam
1393 2793 1510 2832 pariat,
1533 2794 1598 2825 fieri
1618 2805 1679 2827 non
1698 2797 1809 2837 potest.
1836 2797 1952 2830 Verum

1095 2834 1125 2864 &
1147 2833 1225 2865 illud
1252 2833 1364 2864 Paulus
1391 2832 1495 2865 noster
1510 2844 1678 2868 commune
1697 2837 1789 2870 habet
1804 2848 1875 2869 curn
1899 2839 1950 2871 Pa-

1094 2874 1220 2914 piniano
1233 2898 1241 2913 ,
1266 2873 1415 2919 Africano
1427 2898 1436 2912 ‚
1455 2875 1600 2908 Scaevola
1611 2899 1622 2915 ‚
1638 2879 1783 2919 aliisque,
1795 2880 1846 2920 qui
1856 2878 1950 2926 Quae-

1096 2915 1231 2947 stionum
1256 2914 1368 2946 Libros
1397 2916 1614 2956 elaborarunt,
1648 2928 1768 2959 ecquur
1785 2920 1880 2962 igitur
1897 2919 1952 2962 ipsi

1095 2965 1158 2996 pra:
1186 2956 1309 2988 caeteris
1332 2957 1494 2998 negotium
1520 2957 1707 2992 facessunt?
1740 2961 1781 2993 Et
1799 2970 1899 2993 tamen
1916 2971 1949 2992 o·

1093 2998 1217 3029 mnibus
1240 2997 1371 3038 palmam
1397 2998 1418 3030 fi
1444 3008 1506 3031 non
1536 3001 1676 3041 praeripit
1693 3025 1703 3041 ,
1728 3012 1815 3034 certe
1827 3002 1951 3034 dubiam

1092 3037 1171 3069 facit
1190 3039 1219 3070 in
1237 3038 1323 3070 omni
1341 3038 1559 3082 Quaestionum
1583 3041 1760 3075 eruditione
1777 3044 1806 3075 ὅ(
1827 3053 1949 3084 appara·

1094 3087 1138 3111 tu.
1163 3079 1320 3120 Exemplo
1337 3081 1397 3112 erit
1420 3081 1441 3112 l.
1464 3081 1558 3113 Lena
1574 3082 1646 3115 XL.
1664 3083 1704 3124 ff.
1723 3085 1757 3116 de
1774 3084 1848 3117 Reb.
1867 3085 1950 3117 Greci.

1093 3119 1176 3166 Quae
1202 3121 1337 3153 maxime
1361 3120 1392 3153 sc
1416 3120 1572 3161 ostendit,
1602 3132 1637 3156 ut
1659 3133 1693 3155 ut
1718 3125 1777 3157 alia
1797 3135 1838 3158 ex
1865 3125 1953 3158 Pauli-

1092 3160 1312 3206 Quaestionum
1340 3162 1443 3195 Libris
1469 3173 1532 3196 non
1564 3173 1675 3204 egeant
1705 3167 1951 3200 commendatio-¹

1090 3212 1138 3235 ue.

1870 3247 1950 3280 Nol.
