2008 3436
155 110 226 143 412
394 99 797 136 contraisti

153 185 295 227 perstes?
318 185 397 218 Cum
416 187 508 219 ambo
528 187 731 225 testarentur,
756 188 931 227 incertum,
951 189 1019 229 quis

153 228 289 268 primum
307 237 502 266 moreretur,
533 229 687 260 incertum
712 229 817 267 forte,
839 231 900 261 utri
922 231 1019 269 major

152 268 348 301 succeffionis
375 269 441 311 spes
464 269 644 312 affulgeret,
678 270 707 301 δε
725 279 854 310 propter
872 272 956 302 illam
976 272 1019 302 in-

153 311 376 342 certitudinem
406 313 523 353 zequius
548 312 659 343 melius
677 311 778 342 visum
796 311 842 343 est
855 336 863 350 ,
888 312 954 350 jure
971 321 1018 342 rc-

155 351 407 392 ciprocationis,
437 354 475 384 ad
501 362 597 393 usquc
621 359 756 383 mortem
787 352 955 393 superstitis
985 362 1018 383 o-

153 393 238 424 mnia
263 393 400 425 invicem
427 394 693 425 communicatum
719 393 766 424 iri.
819 394 851 425 Si
872 393 1019 434 superstes

153 443 323 467 commune
350 435 573 475 patrimonium
599 443 709 475 augere
732 434 841 474 posfit,
865 444 957 475 atquc
976 435 1019 465 ita

150 475 294 515 prodelse
320 476 482 507 heredibus
506 476 639 516 primum
669 474 827 514 desunt‘ti,
860 475 963 515 potest
988 477 1018 506 ὅ(

150 517 342 554 diminuere,
367 525 461 556 atque
483 517 525 547 ita
543 516 649 547 iisdem
668 526 792 548 nocere.
836 516 898 547 Fac
917 516 1016 557 supcr-

152 556 258 589 stitem
273 558 465 597 fidejussissc,
489 558 519 588 ἃ
535 567 574 588 ex
587 567 622 588 ea
640 557 831 596 fidejussione
848 558 1016 598 plurimum

152 598 284 636 debere,
316 599 347 629 id
370 599 516 630 damnum
542 599 652 638 utique
675 608 842 630 commune
860 600 940 638 erit,
964 598 1015 630 fac

151 639 347 680 superstitem
367 649 514 679 pauperes
533 647 684 680 cognatos
706 639 837 678 habere,
863 641 974 681 quibus
988 650 1016 670 a·

149 680 280 712 limenta
298 679 441 721 praestare
458 680 580 712 necesse
600 679 663 718 est,
687 680 753 711 haec
770 681 878 721 utique
894 680 1015 722 praesta-

151 721 270 752 buntur
295 731 333 752 ex
357 722 516 753 communi
536 722 738 762 patrimo-nio.
784 721 904 768 Quidni
922 723 1017 763 igitur

152 763 182 794 ἅ
201 762 231 793 ia
249 763 470 802 patrimonium
491 763 635 803 augebit,
657 763 742 804 quod
755 762 909 803 superstiti
928 773 944 794 a
962 772 1015 794 co-

150 803 252 844 gnatis
263 804 359 835 beatis
369 803 551 836 obvenerit?
561 813 608 836 res
618 804 738 836 {iciatis
748 805 874 835 videtur
890 804 1015 845 liquida.

194 843 245 875 Dc
271 845 509 876 auetoritatibus
536 846 565 877 ὃς
596 845 687 877 rebus
708 845 853 885 judicatis
870 846 1015 877 nonnihil

151 885 323 916 addendum
343 885 398 917 cst.
423 886 464 917 Et
480 886 605 926 quidem
625 887 754 918 Senatus
771 887 939 926 Supremus
957 887 1012 918 ult.

150 926 231 966 Mai.
253 930 341 963 1629.
366 926 424 968 (1)
447 927 621 967 judicavit,
644 928 858 959 continuatam
878 927 940 958 effe
960 929 1014 959 bo-

150 977 262 999 norum
289 969 545 1000 communionem
568 970 650 1000 inter
669 968 863 1009 superstitem
884 969 913 1000 ἀ
929 969 1014 1000 here-

149 1009 202 1040 des
230 1009 364 1049 primum
387 1009 525 1041 defuncti
547 1033 558 1047 ,
581 1010 632 1041 ubi
657 1010 720 1041 duo
740 1009 895 1050 Coniuges
919 1009 948 1041 se
969 1011 1014 1041 in-

150 1050 254 1081 vicem
274 1048 458 1091 scripserant
472 1051 618 1088 heredes,
635 1050 686 1082 sed
705 1059 740 1081 ea
759 1051 848 1091 lege,
870 1050 1015 1091 ut,quod

147 1090 299 1131 superstes
313 1091 518 1132 relinqueret,
551 1091 620 1132 post
647 1093 710 1131 ejus
728 1100 861 1123 mortem
882 1092 963 1123 inter
981 1101 1014 1122 u-

151 1132 292 1173 triusque
314 1132 476 1173 Cognatos
498 1134 687 1164 divideretur
713 1142 771 1173 pro
800 1132 918 1164 senriss‘e
936 1156 945 1170 ‚
969 1134 1013 1164 id-

149 1182 210 1213 que
231 1182 339 1204 verum
357 1173 438 1211 esse,
476 1174 593 1206 etiamsi
614 1173 761 1213 superstes
779 1182 945 1205 commune
963 1183 1012 1213 pa-

148 1213 332 1245 trimonium
363 1215 530 1247 admodum
553 1216 685 1246 auxerit.
729 1213 800 1245 Nec
817 1214 876 1245 alia
893 1213 1013 1245 senten-

149 1255 193 1286 tia
219 1253 289 1286 usus
312 1255 358 1287 est
377 1256 506 1287 Senatus
521 1277 531 1293 ,
562 1265 654 1292 cum,
684 1255 813 1296 probata
831 1254 936 1285 Curiae
952 1254 1015 1286 sen-

150 1295 272 1334 tentia,
296 1307 325 1337 3.
345 1297 413 1336 Jun.
435 1300 525 1337 1623.
550 1295 609 1336 (2)
632 1296 796 1327 heredibus
816 1295 949 1336 primum
962 1296 1013 1326 de-

147 1336 248 1368 funCti
272 1336 422 1368 duntaxat
447 1337 672 1376 adjudicaverit
696 1336 847 1368 semiss'em
871 1346 1011 1368 commu-

147 1378 195 1409 nis
213 1378 417 1417 patrimonii,
440 1379 672 1419 quemadmodum
687 1380 718 1409 id
733 1383 796 1409 erat
815 1384 937 1418 tempore
952 1379 1014 1418 pri—

146 1428 223 1449 mum
239 1419 406 1458 morientis,
431 1429 502 1450 nam
526 1419 651 1457 Coren,
674 1420 724 1460 qui
743 1429 809 1450 eam
830 1418 1013 1452 sententiam

145 1459 283 1497 retulit,
313 1461 411 1500 palam
437 1469 545 1492 monet
564 1485 572 1499 ‚
604 1461 665 1492 illis
684 1461 848 1492 heredibus
866 1469 928 1491 non
943 1460 1013 1499 plus

146 1499 239 1531 fuisse
253 1500 422 1539 judicatum
434 1524 443 1540 ,
469 1503 541 1542 quia
556 1512 620 1534 non
636 1503 706 1542 plus
725 1502 890 1543 petierant.
925 1501 1011 1533 ldem

148 1540 276 1579 Coi-cn,
305 1542 356 1573 ubi
382 1542 451 1574 fere
479 1542 577 1576 limile
601 1542 821 1575 testamentum
839 1550 925 1581 erat,
948 1542 1012 1574 alio

144 1582 220 1614 loco
249 1582 308 1623 (3)
339 1584 503 1616 contendit
522 1608 531 1624 ‚
567 1586 824 1616 communionem
846 1584 1009 1615 continua-

146 1632 210 1654 tam
231 1633 295 1655 non
314 1624 431 1657 censeri
447 1647 459 1663 ,
483 1626 513 1659 ἃ
532 1627 645 1658 multas
666 1626 771 1657 inanes
786 1625 879 1656 tricas
891 1625 1012 1656 inhanc

145 1664 334 1697 sententiam
359 1666 488 1705 adfert,
520 1677 589 1708 quae
615 1665 722 1699 nescio
747 1676 784 1698 an
811 1675 881 1697 eum
902 1675 1010 1698 move-

143 1706 229 1744 rint,
253 1715 304 1738 ine
319 1715 406 1739 certe
422 1717 486 1740 non
501 1715 644 1740 movent.
688 1708 722 1739 ld
746 1717 824 1739 vero
841 1717 930 1748 quam
949 1717 1010 1739 ma-

146 1747 232 1779 xime
255 1756 362 1788 urget,
393 1749 478 1790 quod
501 1750 533 1781 in
558 1759 596 1781 eo
612 1748 696 1781 fatto
714 1747 868 1789 superstiti
886 1749 1012 1781 relictus

145 1788 298 1820 duntaxat
317 1788 416 1821 fuerit
441 1789 619 1831 ufirffrutzus
640 1792 764 1822 omnium
789 1792 923 1822 honorum
942 1812 953 1829 ,
981 1791 1011 1822 ἂ

145 1829 188 1862 fic
205 1829 267 1869 est,
294 1829 344 1861 sed
360 1840 432 1863 cum
447 1831 603 1872 potestate
618 1831 793 1872 alienandi,
816 1841 888 1863 cum
905 1832 1010 1864 remis—

145 1870 232 1902 fiOne
259 1871 451 1911 inventarii,
482 1874 513 1906 ὃς
536 1883 609 1905 cum
631 1872 828 1904 institutione
850 1874 1011 1914 utriusque

144 1911 293 1944 heredum
318 1912 387 1954 post
413 1922 550 1946 mortem
579 1913 770 1955 superstitis,
792 1923 855 1955 quo
872 1914 942 1946 casu
960 1923 1010 1955 ap-

144 1953 277 1993 pellatio
301 1953 478 1994 ususfruc'ius
503 1965 553 1986 me
581 1965 644 1987 non
667 1955 854 1994 offenderit,
890 1964 927 1986 ut
949 1956 1011 1995 jam

145 1993 236 2033 supra
253 1995 330 2026 dixi.
376 1996 481 2037 Magis
496 1996 614 2038 probo,
636 1997 719 2038 quod
745 1997 808 2038 ipse
830 1996 883 2028 ille
906 1996 1010 2029 Coren

144 2035 206 2066 alio
231 2035 334 2067 rursus
361 2037 436 2068 Ioco
462 2037 567 2070 scribit
596 2038 674 2079 (4),
710 2038 762 2070 ubi
781 2038 946 2078 reciproca
965 2037 1011 2069 est

146 2075 329 2117 ConJ'ugunr
342 2076 523 2117 institutio,
544 2079 659 2110 iterum
674 2089 747 2110 curn
766 2079 919 2120 potestate
936 2079 1009 2111 alie-

142 2117 255 2152 nandi,
281 2117 311 2149 ὅ(
328 2118 429 2149 vetita
448 2119 613 2151 inventarii
634 2120 815 2158 confectio,
838 2120 882 2151 ita
895 2128 1011 2157 tamen,

143 2165 182 2188 ut
199 2157 363 2199 utriusque
385 2158 515 2191 heredes
537 2170 595 2201 pro
619 2159 738 2193 semiss‘e
755 2160 957 2192 succederent
978 2162 1011 2194 in

143 2208 180 2230 ea
196 2198 304 2238 bona,
329 2209 398 2240 quae
415 2199 562 2241 superstes
585 2200 661 2232 effet
677 2201 841 2234 reliCturus
854 2225 863 2241 ,
887 2212 947 2234 nce
964 2203 1009 2235 in-

144 2241 324 2272 ventarium
337 2250 396 2273 nee
421 2242 600 2274 cautionem
621 2252 637 2274 a
655 2241 818 2283 superstite
833 2244 917 2285 exigi
939 2253 1009 2284 pos-

872 112 980 138 VAN

144 2280 195 2319 se,
218 2281 335 2321 magis,
357 2282 501 2329 inquam,
534 2283 597 2315 hoc
619 2284 740 2324 p1·ob0‚
764 2284 814 2315 sed
836 2285 897 2317 fine
911 2286 1023 2317 conti-'

145 2329 242 2353 nuata
256 2331 480 2355 communione
497 2324 624 2356 defendi
640 2334 704 2356 non
721 2324 831 2366 potest.
857 2325 931 2357 Non
945 2327 1011 2366 qui-

147 2363 219 2394 dem
243 2372 311 2394 eam
340 2365 495 2397 rationem
522 2365 623 2406 palam
642 2366 792 2405 advocat,
816 2367 887 2398 alia:
908 2375 1013 2400 autem

146 2404 309 2443 rationes,
331 2414 406 2445 quas
419 2405 571 2446 advocat,
589 2416 653 2439 non
671 2406 741 2442 sunt
759 2408 848 2440 unius
865 2408 940 2439 assis.

191 2444 293 2486 Pergo
314 2446 353 2476 ad
380 2455 415 2477 ea
431 2469 442 2484 ‚
474 2456 542 2487 quae
566 2457 634 2480 mea
656 2449 807 2480 memoria
822 2449 1011 2483 inciderunt.

147 2485 242 2526 Cajus
270 2487 300 2518 ὅ(
321 2485 396 2527 Caja
423 2488 453 2518 sc
481 2489 617 2521 invicem
635 2488 822 2528 instituunt,
844 2489 895 2522 scd
913 2500 948 2522 ea
967 2493 1010 2524 le-

147 2536 208 2567 ge,
237 2527 289 2558 dat
311 2528 344 2558 de
359 2530 518 2570 goederen,
543 2531 589 2561 die
614 2532 647 2562 sle
663 2529 896 2572 lngfllevende
913 2539 1011 2575 agter-

146 2569 228 2599 laten
247 2568 317 2606 zai,
344 2571 365 2598 ’t
386 2579 422 2609 zy
449 2572 642 2602 vermeerdert
668 2571 701 2611 of
728 2574 926 2612 vermindert,
951 2575 1011 2605 zul-

148 2610 197 2640 len
222 2614 331 2640 moeten
355 2610 454 2641 Romen
477 2621 536 2642 amn
561 2613 595 2642 de
623 2612 776 2643 Vrienden
799 2619 847 2644 ten
863 2616 1014 2656 wedcrzy-

146 2652 203 2681 (len
213 2671 224 2688 ,
248 2659 307 2681 acm
322 2650 401 2681 ieder
409 2660 477 2682 voor
492 2653 525 2682 de
544 2652 629 2692 helft.
655 2652 796 2694 Utroque
811 2655 945 2696 conjuge
961 2657 1012 2687 de-

146 2691 258 2724 funffito
274 2691 357 2723 inter
372 2692 534 2732 utriusque
549 2693 675 2724 heredes
689 2694 727 2724 de
751 2695 844 2726 variis
866 2696 958 2729 rebus
976 2697 1012 2728 li-

147 2734 282 2773 tigatum
309 2731 374 2770 est,
404 2733 434 2764 dt
462 2732 529 2774 Caji
556 2734 645 2766 heres
667 2734 746 2765 inter
769 2735 830 2766 alia
851 2736 1012 2775 defendit',

149 2773 249 2813 Caj0,
273 2772 342 2814 post
358 2782 493 2806 mortem
509 2774 596 2815 Cajae
613 2774 774 2807 obvenisse
800 2776 874 2808 duas
896 2777 1012 2810 heredi-

148 2821 249 2853 tates,
275 2815 305 2846 &
326 2814 379 2846 has
399 2819 560 2848 communi
580 2816 770 2857 patrimonio
794 2816 855 2848 effe
874 2819 1012 2851 eximen-

146 2856 210 2887 das.
256 2855 316 2887 Sed
335 2857 610 2897 contr-ajudicavit
632 2858 763 2890 Senatus
778 2861 807 2889 6.
818 2856 900 2890 Dee.
919 2865 1009 2899 1718.

146 2896 206 2936 (5)
227 2904 328 2935 ratus,
353 2898 610 2930 communionem
627 2897 745 2930 durasse
764 2899 800 2930 ad
817 2908 950 2932 mortem
963 2900 1009 2932 su-

144 2935 302 2977 perstitis,
326 2946 418 2978 atque
436 2939 512 2970 adeo
533 2939 608 2971 duas
629 2940 698 2971 illas
715 2938 900 2973 hereditates
915 2942 1009 2982 perti-

147 2987 222 3009 nere
238 2977 277 3010 ad
290 2988 326 3009 ea
341 2978 442 3018 bona,
463 2989 531 3021 quae
551 2981 702 3022 superstes
726 2980 906 3023 reliquerat.

187 3063 250 3102 (1)
269 3067 353 3104 Apud
375 3069 469 3098 Coren
490 3068 627 3108 observat.
648 3072 714 3101 XII.

187 3102 249 3140 (2)
272 3106 355 3141 Apud
377 3108 499 3140 eundem
519 3108 657 3149 Observat.
678 3111 730 3141 XI.

186 3141 251 3177 (3)
273 3142 363 3178 Consti.
387 3153 432 3179 15.

187 3178 249 3217 (4)
269 3179 361 3218 Corfil.
383 3190 430 3217 23.

1058 99 1658 137 BYNKERSHOEK

1103 186 1159 218 Vir
1176 187 1205 218 ἃ
1221 196 1302 218 uxor
1314 187 1345 218 in
1365 187 1491 218 eandem
1508 186 1689 220 stutentiam
1709 189 1922 224 testamentum

1061 229 1203 259 condunt
1223 232 1251 262 8.
1277 228 1357 267 Mai.
1378 232 1467 264 1698.
1491 228 1535 259 ita
1553 237 1656 260 tamen
1669 251 1680 268 ,
1702 239 1737 261 ut
1754 230 1823 272 post
1839 241 1922 264 inor-

1063 277 1125 299 tcm
1144 267 1316 308 superstitis
1338 272 1391 300 bes
1404 270 1502 299 totius
1520 270 1696 309 patrimonii
1713 273 1838 303 cederet
1853 282 1922 312 pro·

1062 310 1187 350 pinquis
1213 310 1343 349 mariti,
1377 311 1406 342 δε
1438 311 1534 341 triens
1560 310 1712 344 duntaxat
1739 314 1921 354 propinquis

1063 350 1180 382 uxoris.
1230 350 1371 391 Utroque
1389 351 1532 392 Coniuge
1550 350 1717 393 defuneto,
1752 355 1856 387 uxoris
1873 356 1923 387 lie-

1063 391 1151 422 redes
1167 399 1279 432 petunt
1304 393 1450 424 trientem
1465 393 1644 432 patrimonii
1666 396 1861 434 communis,
1886 406 1921 429 ut
1944 408 1948 410 ’

1062 432 1204 464 relietum
1221 440 1285 463 erat
1301 441 1317 462 a
1333 434 1447 464 marito
1459 457 1467 471 ‚
1493 443 1562 465 nam
1579 435 1747 473 plurimum
1769 436 1798 468 id
1815 446 1923 470 creve-
1974 453 1981 462 ·

1063 482 1109 505 rat
1134 471 1204 513 post
1228 481 1360 504 mortem
1389 475 1505 507 uxoris.
1562 475 1704 507 Heredes
1722 478 1822 509 mariti
1843 479 1921 512 inter

1059 514 1137 552 alia,
1162 513 1305 558 indigna,
1331 523 1401 555 quae
1428 525 1616 555 memorem,
1641 518 1747 557 ajunt,
1771 519 1851 551 vires
1869 529 1918 560 pa-

1061 555 1198 586 trimonii
1217 556 1278 585 eiic
1296 556 1463 594 ineundas,
1490 567 1524 588 ut
1547 557 1672 589 fuerant
1692 561 1846 591 moriente
1860 561 1919 602 pri-

1058 605 1143 628 mum
1164 605 1262 626 uxore
1274 619 1283 633 ,
1307 597 1426 637 reliqua
1439 600 1625 637 commoda,
1655 609 1724 640 quae
1743 600 1811 642 post
1826 601 1918 634 obve-

1061 644 1202 675 nerunt,
1243 637 1296 668 fibi
1323 636 1397 669 solis
1422 639 1542 670 cedere.
1587 639 1621 671 Id
1644 642 1782 674 etiamin
1800 643 1919 683 judicio

1060 677 1255 715 defendunt,
1286 687 1357 709 cum
1383 679 1414 710 in
1432 679 1480 718 jus
1500 682 1608 712 vocati
1628 681 1728 714 essent
1743 684 1821 725 apud
1837 684 1920 725 Judi·

1061 730 1112 751 ces
1130 720 1159 750 in
1178 718 1487 760 Nicuvven-Amstu,
1522 720 1575 753 sed
1598 722 1640 755 ibi
1657 722 1821 758 secundum
1838 727 1919 759 ac'lo-

1060 770 1108 792 res
1132 761 1305 800 judicatum
1329 760 1373 792 est
1404 765 1453 792 16.
1474 763 1550 803 Maj.
1573 772 1661 805 1720.
1688 773 1723 796 ut
1740 766 1788 805 ἀ,
1812 776 1850 800 ex
1866 778 1916 809 ap-

1058 802 1228 842 pellatione
1244 825 1252 840 ‚
1285 802 1365 842 apud
1389 801 1540 842 Curiam,
1580 814 1609 842 9.
1636 803 1721 838 Nov.
1748 816 1838 848 1725.
1859 818 1918 842 nec

1058 844 1218 884 quisquam
1243 843 1426 874 Senatorum
1459 846 1539 885 apud
1564 848 1641 884 nos,
1667 856 1739 879 cum
1758 849 1858 883 rursus
1871 860 1919 891 ap-

1058 885 1209 925 peliatum
1226 882 1322 922 esi'et,
1346 885 1383 916 ab
1405 893 1532 927 utraque
1550 886 1701 919 sententia
1720 888 1852 923 diss'cnfit
1869 895 1918 924 26.

1058 926 1116 965 jul.
1146 935 1235 966 1727-
1271 925 1329 966 (6)
1360 926 1583 967 Rationesjam
1605 929 1775 969 expedivi,
1794 941 1852 963 nee
1867 932 1919 965 hic

1057 976 1177 1007 repeto.
1211 966 1274 1012 *De
1300 967 1409 1006 lucro,
1442 971 1529 1009 quod
1553 970 1632 1002 solus
1648 969 1799 1012 superstes
1813 972 1891 1006 fecit
1908 997 1920 1014 ,

1058 1008 1319 1039 communicando
1346 1008 1367 1039 fi
1395 1009 1485 1041 aliam
1513 1012 1731 1044 auctoritatem
1745 1013 1918 1054 defideres,

1058 1058 1111 1089 per
1136 1058 1184 1079 mc
1207 1050 1282 1081 licet
1307 1049 1397 1081 addas
1425 1049 1576 1084 Voetium
1612 1054 1716 1085 Comm.
1740 1057 1778 1086 ad
1804 1055 1864 1087 Tit.
1876 1056 1918 1098 ff.

1058 1091 1095 1121 ud
1120 1090 1176 1120 SC.
1204 1089 1325 1121 'si-elien.
1352 1100 1382 1121 n.
1409 1095 1460 1130 56.

1100 1130 1231 1162 Lectum
1255 1129 1300 1162 cst
1328 1131 1360 1162 in
1386 1133 1543 1165 auditorio
1560 1135 1690 1168 Senatus
1713 1137 1853 1177 Supremi
1874 1146 1919 1170 te-

1058 1171 1262 1209 stamentum,
1296 1181 1358 1211 quo
1382 1172 1445 1202 duo
1464 1174 1621 1217 Coniuges
1644 1188 1693 1218 23.
1720 1179 1812 1218 Aug.
1829 1183 1920 1217 1696.

1057 1212 1111 1243 fibi
1129 1212 1267 1243 invicem
1284 1212 1475 1252 reliquerant
1489 1216 1536 1245 het
1555 1218 1630 1248 valle
1645 1213 1716 1256 vire
1731 1211 1798 1258 bejit
1814 1222 1863 1252 des
1872 1231 1921 1263 ge-

1057 1253 1155 1284 beelerz
1182 1252 1308 1290 boeclels,
1327 1253 1357 1283 ζέε
1377 1255 1460 1294 quod
1481 1265 1576 1296 porro
1595 1254 1731 1298 ejusdem
1750 1262 1841 1301 plane
1856 1269 1924 1294 erat

1057 1293 1221 1325 sententiae
1237 1317 1246 1331 ‚
1278 1293 1366 1332 cujus
1389 1293 1464 1339 sunt
1493 1297 1610 1337 reliqua
1628 1299 1826 1341 testamenta,
1850 1312 1919 1343 quae

1057 1335 1110 1366 hic
1125 1336 1324 1375 interpretor.
1370 1334 1520 1369 vafrities
1539 1339 1776 1374 Advocatorum
1793 1343 1919 1375 Senato-

1056 1376 1142 1408 ribus
1170 1376 1351 1416 persuadere
1378 1385 1489 1408 conata
1516 1378 1587 1417 cst,
1619 1380 1680 1412 esse
1705 1383 1737 1414 in
1756 1382 1818 1415 hoc
1831 1384 1920 1418 testa-

1057 1426 1165 1449 mento
1190 1418 1287 1462 multa
1314 1416 1496 1457 singularia,
1524 1430 1592 1461 qua:
1616 1422 1647 1454 in
1667 1433 1732 1455 rem
1755 1422 1836 1457 suam
1854 1435 1921 1458 ver-

1058 1459 1184 1497 tebant,
1210 1459 1261 1489 led
1279 1458 1300 1490 si
1320 1459 1396 1489 milii
1416 1459 1589 1493 adfirmanti
1608 1464 1921 1508 credas,nihilquic-

1055 1510 1147 1540 quam
1172 1498 1384 1537 occurrebat,
1419 1502 1502 1540 quod
1530 1502 1651 1536 causam
1667 1515 1788 1538 mutare
1809 1507 1917 1548 poss'et.

1056 1541 1321 1572 Cavillationibus
1355 1539 1525 1574 refutandis
1553 1543 1746 1585 supersedeo.
1800 1549 1919 1590 Accipe

1054 1582 1178 1623 igitur,
1210 1582 1285 1627 quid
1308 1582 1469 1614 acciderit.
1522 1585 1659 1620 Maritus
1683 1589 1816 1628 primum
1850 1589 1920 1624 fato

1054 1624 1111 1655 suo
1128 1623 1290 1665 fungitur,
1312 1622 1402 1655 Uxor
1417 1633 1585 1658 commune
1602 1629 1822 1669 patrimonium
1843 1641 1920 1666 mox

1055 1665 1165 1706 arripit
1189 1668 1219 1697 ὺζ
1244 1663 1376 1709 poffidet
1393 1688 1402 1701 ‚
1435 1666 1548 1698 deinde
1572 1668 1672 1702 Uxori
1688 1670 1840 1712 superstiti
1861 1674 1918 1706 ob—

1055 1708 1143 1738 venit
1161 1705 1202 1738 fic
1222 1704 1292 1738 satis
1315 1706 1477 1738 luculenta
1503 1709 1676 1751 hereditas,
1708 1713 1737 1745 &
1758 1714 1880 1747 tandem
1896 1715 1920 1748 i-

1054 1747 1106 1789 psa
1122 1747 1382 1793 quoqtie·,.ausso
1399 1748 1429 1794 d}
1447 1749 1521 1781 alias
1537 1754 1693 1785 communi
1717 1755 1918 1795 patrimonio,

1054 1789 1190 1829 decedit.
1215 1788 1283 1820 Viri
1301 1788 1504 1828 praedcruntti
1524 1791 1650 1826 heredes
1664 1794 1702 1826 ab
1719 1795 1832 1828 herede
1852 1806 1917 1829 mu—

1055 1829 1141 1862 lieris
1168 1830 1248 1870 apud
1279 1829 1431 1862 Scabinos
1464 1831 1778 1874 Amsterdammenses
1808 1846 1918 1878 petunt

1054 1870 1206 1904 semiffcm
1231 1870 1386 1916 bonorum
1404 1895 1414 1910 ,
1450 1881 1520 1912 quae
1553 1876 1664 1908 mulier
1690 1878 1826 1911 moriens
1848 1880 1918 1912 reii-

1054 1921 1184 1954 querat,
1206 1920 1300 1953 atque
1327 1919 1371 1942 ita
1398 1914 1428 1944 <St
1444 1913 1593 1948 semissem
1613 1918 1698 1956 ejus,
1720 1927 1812 1959 quam
1829 1920 1916 1962 dixi,

1053 1953 1246 1989 hereditatis.
1291 1951 1394 1984 Heres
1423 1956 1562 1989 mulieris
1585 1957 1678 1991 offert
1694 1958 1844 1994 semissem
1859 1962 1914 1994 bo·

1055 2004 1166 2027 norum
1191 1994 1253 2026 five
1269 1996 1455 2039 *communis
1481 1999 1679 2038 patrimonii,
1713 2008 1747 2033 ut
1765 2001 1795 2034 id
1809 2001 1916 2036 fuerat

1054 2037 1210 2069 moriente
1236 2035 1313 2066 viro
1331 2057 1342 2072 ‚
1379 2036 1409 2067 ἃ
1443 2038 1509 2077 ejus
1538 2039 1723 2073 sententiam
1745 2043 1916 2082 probarunt

1054 2075 1509 2111 ScabiniAmsterdammenses
1537 2091 1584 2121 14.
1611 2081 1692 2114 Dec.
1717 2092 1804 2125 1735.
1830 2086 1915 2118 &ex
1941 2107 1944 2109 -

1054 2118 1261 2159 appellatione
1289 2116 1385 2148 Curia
1409 2118 1590 2154 Hollandiae
1622 2133 1672 2164 25.
1702 2123 1792 2157 Febr.
1826 2135 1915 2169 1739.

1055 2161 1135 2192 Cum
1153 2160 1266 2191 iterum
1284 2159 1471 2199 appellatum
1492 2163 1569 2195 ess'et
1583 2186 1594 2202 ,
1625 2174 1733 2199 omnes
1752 2166 1917 2200 Senatores

1053 2200 1281 2246 respondebant
1301 2223 1311 2238 ‚
1345 2199 1464 2248 frut'tus
1487 2204 1517 2235 dt
1541 2213 1734 2245 proventus,
1768 2209 1820 2248 qui
1846 2207 1918 2249 post

1053 2250 1186 2274 mortem
1204 2251 1337 2282 primum
1350 2246 1515 2277 morientis
1532 2256 1571 2279 cx
1590 2248 1748 2280 communi
1771 2250 1917 2289 patrimo·

1055 2284 1110 2315 nio
1126 2283 1340 2320 obvenerant,
1362 2284 1456 2315 etiam
1482 2286 1543 2317 effe
1572 2297 1772 2326 communes,
1805 2291 1834 2321 ἃ
1852 2299 1918 2331 per-

1055 2334 1161 2366 peram
1184 2323 1331 2365 judicaffe
1358 2325 1674 2361 Amsterdammenses
1703 2330 1733 2361 ὅ(
1762 2329 1889 2364 Curiam
1905 2353 1916 2370 ‚

1055 2366 1139 2407 quod
1155 2365 1213 2397 hos
1226 2364 1382 2398 atim-ibus
1403 2367 1581 2408 negassent,
1610 2370 1663 2402 sed
1676 2371 1765 2411 pauci
1781 2372 1863 2404 inter
1877 2371 1915 2404 il-

1056 2409 1104 2440 los
1120 2415 1232 2444 erant,
1262 2407 1316 2447 qui
1345 2415 1448 2440 tamen
1475 2410 1655 2451 exciperent
1686 2411 1915 2450 hereditatem,

1056 2449 1132 2481 victi
1152 2458 1168 2479 a
1191 2448 1333 2489 plurimis
1352 2449 1439 2488 aliis,
1476 2451 1527 2492 qui
1552 2461 1608 2492 pro
1633 2453 1812 2484 omnimoda
1827 2462 1914 2485 com-

1056 2491 1206 2522 munione
1236 2490 1419 2522 sentcntiam
1445 2490 1600 2524 dicebant.
1655 2492 1806 2526 Rationes
1825 2495 1855 2526 in
1881 2504 1915 2526 u-

1056 2540 1195 2573 tramque
1223 2539 1339 2573 partem
1371 2531 1524 2563 audivisti.
1584 2532 1684 2574 Igitur
1708 2543 1748 2565 ex
1781 2535 1915 2576 plurium

1055 2573 1206 2614 suffragiis
1221 2582 1271 2610 29·
1287 2572 1370 2614 Sept.
1384 2581 1470 2618 1739.
1481 2572 1548 2613 (7).
1572 2573 1694 2605 resciss'a
1709 2574 1754 2607 cst
1772 2585 1916 2618 utraque,

1055 2624 1145 2657 quam
1172 2613 1256 2652 dixi,
1294 2612 1465 2651 sententia,
1489 2616 1519 2645 ἁ
1536 2614 1699 2647 heredibus
1714 2616 1782 2649 Viri
1799 2617 1916 2659 adJudi·

1056 2664 1145 2688 catus
1161 2654 1251 2687 semis
1269 2655 1409 2686 oninium
1430 2655 1601 2694 bonorum,
1632 2666 1702 2698 quae
1717 2659 1829 2692 mulier
1844 2659 1915 2692 reli·

1056 2704 1175 2739 querat.
1222 2695 1330 2741 Quum
1357 2696 1393 2727 ab
1422 2695 1480 2726 hac
1496 2694 1649 2729 sententia
1667 2699 1767 2738 petita
1783 2699 1858 2733 esset
1871 2709 1918 2732 re—

1056 2738 1156 2776 visio,
1179 2737 1209 2768 ὃ(
1228 2737 1391 2775 injudicio
1409 2734 1561 2768 revisorio
1577 2738 1654 2771 recta
1674 2739 1772 2773 effen:
1785 2741 1852 2774 litis
1869 2743 1917 2775 in·

1055 2779 1241 2815 strumenta,
1265 2777 1363 2817 pridie
1379 2786 1543 2818 antequam
1559 2779 1726 2813 Senatores
1746 2779 1848 2823 iisque
1863 2783 1915 2815 ad-

1053 2819 1150 2860 juncti
1170 2818 1333 2851 Revii'ores
1350 2817 1514 2850 sententias
1526 2819 1682 2860 dicerent,
1701 2831 1836 2862 tentata,
1858 2833 1916 2865 pro

1053 2870 1142 2893 more
1161 2883 1183 2941 ,ζ
1197 2858 1242 2941 e)st
1265 2860 1428 2891 transactio
1444 2883 1454 2898 ‚
1484 2869 1579 2901 eaque
1593 2860 1732 2895 succeffit
1754 2873 1804 2901 29.
1827 2864 1914 2906 Sept.

1056 2911 1068 2934 1
1115 2912 1146 2933 0.
1186 2905 1203 2934 8
1228 2924 1235 2931 .

1075 2912 1259 2975 &acharias
1281 2940 1392 2974 Iluber
1419 2942 1540 2984 Ohstrv.
1565 2953 1660 2976 rerum
1669 2945 1797 2987 judicat.
1821 2947 1914 2979 Partae

1051 2983 1092 3017 11.
1120 2984 1153 3014 C.
1170 2992 1202 3023 4.
1226 2984 1257 3014 in
1280 2983 1385 3014 eadem
1401 3006 1413 3023 ,
1444 2993 1536 3026 quam
1556 2985 1608 3017 hic
1625 2986 1745 3026 trado,
1768 2987 1913 3030 quaestio,

1873 3035 1914 3060 ne

1095 3072 1153 3108 (5)
1174 3071 1284 3110 Observ.
1309 3071 1425 3103 Tumulc.
1449 3072 1480 3103 T.
1501 3074 1551 3103 VI.
1571 3083 1599 3103 n.
1621 3075 1704 3109 1498.

1092 3112 1152 3148 (6)
1171 3110 1280 3140 ibidem
1303 3111 1335 3139 T.
1356 3112 1392 3140 X.
1413 3121 1438 3141 n.
1462 3116 1545 3147 2363.

1091 3152 1152 3185 (7)
1174 3150 1282 3178 Ibidem
1306 3149 1339 3179 T.
1359 3150 1438 3179 XIV.
1459 3160 1485 3179 n.
1508 3158 1592 3187 3154.

1094 3187 1153 3226 (Β)
1173 3188 1284 3219 Ibidem
1303 3188 1330 3218 d.
1350 3197 1377 3218 n.
1400 3196 1482 3225 3154.
1503 3190 1538 3218 ad
1555 3189 1712 3228 mrginem.
