2008 3436
258 115 707 156 OBSERVATIONUM
756 115 897 163 JURrs
950 115 1177 153 ROMANI
1203 119 1290 156 LlB.
1320 122 1384 158 111.

60 212 112 243 get
129 226 138 242 ‚
164 210 199 234 ut
221 197 455 231 est‘instruftus
478 197 686 230 instrumento
706 195 850 244 rustico,
875 206 928 238 pc-

60 235 158 283 ‘core‚
185 241 302 274 villicis
328 242 386 272 &c
414 240 518 282 legato
538 249 602 272 non
622 239 754 278 cedent,
780 240 837 285 mii
859 248 929 279 quae

60 293 236 317 enumerata
256 282 343 322 sunt,
367 291 437 313 narn
454 285 483 313 τὶ
505 281 691 321 instructus,
715 281 800 321 quod
819 290 927 312 incon-

1434 123 1473 159 C.
1501 125 1546 160 ll.
1574 124 1637 161 111.
1803 137 1847 173 73

971 196 1103 238 simplex
1119 196 1156 229 fit
1172 197 1327 240 legatum,
1354 202 1477 242 qualem
1496 203 1733 238 instruffioneni
1757 205 1850 238 intel-

972 237 1087 270 lexerit
1112 239 1244 272 testator
1260 265 1270 280 ,
1295 250 1402 283 aperte
1422 244 1568 277 declarat.
1615 247 1722 289 Atque
1743 256 1779 279 ea
1805 245 1851 278 est

972 279 1127 313 sententia
1150 283 1171 313 l.
1197 292 1246 314 20.
1273 290 1325 324 pr.
1349 283 1385 318 δ’
1415 286 1435 315 l.
1465 290 1513 320 18.
1540 288 1567 327 §.
1599 298 1645 330 ¹3-
1671 291 1719 330 ff.
1742 291 1777 321 de
1796 288 1850 320 In-

60 327 171 358 tinenti
189 325 355 366 apponitur
370 322 575 354 instrumento
592 323 729 368 rustico,
754 322 880 363 pecori,
899 322 929 353 &
967 321 1079 362 sinici.
1102 324 1151 355 vel
1170 324 1260 372 infir.
1282 327 1339 366 leg.
1367 326 1418 358 scd
1433 327 1527 369 digna
1544 327 1588 361 cst
1615 339 1745 373 utraque
1760 330 1847 370 Lex,

62 368 196 407 villicis,
221 376 260 398 tx
278 364 361 397 hisce
374 364 620 406 explicationem
633 364 764 405 recipit,
783 365 813 395 dc
832 372 929 405 quum
971 364 1011 395 de
1028 374 1088 406 qua
1104 375 1202 407 porro
1216 367 1386 400 videamus.

659 455 926 492 CAPU

976 455 1012 491 T
1110 457 1202 493 111.

193 543 319 590 Rursus
341 543 378 579 de
395 543 507 592 specle
529 545 642 592 generi
666 544 809 591 αιζᾷεὲῐα,
835 543 1020 630 31(1].ῆ20.1
1039 557 1090 592 pr.
1120 542 1158 581 ἃ
1184 545 1206 581 l.v
1237 550 1293 586 18.
1318 545 1349 596 §.
1381 559 1436 596 13.
1465 548 1504 585 ff.
1533 550 1577 588 de
1602 551 1701 589 Inar,

806 605 850 630 ve
891 605 925 630 in
960 606 985 630 r.
1024 607 1079 642 eg.

91 703 111 725 n
132 691 151 724 1.
177 701 226 725 ¹20.
249 699 298 733 pr.
317 692 359 734 ff.
385 694 418 724 de
440 691 531 733 inslr.
557 693 606 725 vel
639 689 728 731 infir.
754 691 811 734 leg.
841 692 922 740 Scze-

53 692 90 777 I
114 735 188 766 vola
204 735 271 766 liaec
289 735 405 766 refert:
431 735 525 777 Sejae,
547 745 584 766 ex
600 741 687 776 parte
708 736 816 782 haeredi
838 733 924 775 insti-

55 786 147 812 lalae.
165 775 194 814 fi
209 787 299 807 iaeres
316 780 375 808 erit
395 799 404 814 ‚
418 777 535 817 fundos
558 784 611 818 per
630 783 851 817 praeceplionem
875 778 922 808 cie-

54 821 139 851 derut
157 818 320 859 insti-1:305
341 829 407 849 cum
421 818 491 859 suis
513 819 629 850 villicis
650 818 687 853 δ’
704 819 831 859 reliquis
851 820 921 848 colo·

55 870 171 892 norum.
220 860 260 891 Ec
282 861 426 892 codicillis
455 862 500 892 ita
515 859 637 901 scripsit
654 872 664 891 .·
686 869 812 891 pos‘ri-:A
838 869 921 890 MIHI

56 911 166 933 vnNJT
190 910 228 933 m
253 911 426 940 MENTEM,
451 902 546 943 SEJAE
570 910 724 939 FeNnos,
751 910 838 945 qnos
863 910 920 931 RE-

56 952 155 984 mQui
173 966 182 982 ,
221 952 280 974 ΠΛ
306 953 351 974 UT
374 952 464 974 SUNT
487 951 673 974 INSTRUCTI
698 951 843 973 RUSTICO
868 950 920 972 IN-

54 993 267 1017 STRUMENTO
282 1008 291 1023 ‚
316 992 569 1015 SUPELLECTILE
587 1007 596 1022 ‚
624 992 755 1014 PECORE
780 992 824 1014 ET
848 992 919 1014 vri,-

54 1034 140 1058 Llcls
156 1048 166 1063 ‚
201 1034 273 1056 cum
298 1033 458 1064 izi-inquis
483 1033 726 1063 conouonum,
768 1033 818 1056 E'D
836 1032 916 1071 Aro-

54 1074 167 1099 ‘runca
192 1074 329 1097 HABERE
352 1074 452 1097 vom.
499 1065 664 1110 Quaefitum
682 1066 742 1106 est,
764 1075 803 1096 au
824 1074 917 1114 etiarn

51 1117 84 1140 ea
101 1130 110 1145 ‚
133 1116 195 1147 quae
212 1107 452 1147 putrisfmnilias
480 1114 551 1150 usus
580 1109 740 1139 cottidiani
764 1107 854 1154 etrusci
883 1117 917 1138 m

43 1149 156 1190 fundis
178 1149 311 1189 fuerunt
333 1172 343 1187 ‚
378 1149 474 1189 legato
499 1152 738 1182 continerentur.
784 1149 914 1197 Respon-

49 1192 95 1223 dit
114 1214 122 1226 ,
154 1190 327 1231 testamento
347 1193 464 1232 quidem
482 1215 492 1231 ,
517 1199 551 1224 ut
575 1197 792 1233 proponeretur
807 1215 816 1230 ‚
841 1191 916 1232 SeJae

49 1233 168 1273 insuper
178 1233 314 1273 sunctum
329 1233 481 1274 legatum,
507 1244 614 1266 verum
633 1244 690 1265 non
712 1234 841 1274 amplius
868 1236 915 1265 de·

48 1276 112 1306 beri
128 1298 137 1312 ,
159 1284 247 1316 quum
269 1276 301 1305 in
321 1276 464 1307 codicillis
483 1299 494 1314 ,
525 1286 596 1318 quos
610 1279 688 1317 sarie
705 1276 768 1316 posi
793 1276 914 1308 oblivio-

47 1327 115 1348 nem
132 1315 364 1357 testamentariae
376 1319 543 1359 scripturae
560 1318 679 1359 feciffet
696 1342 705 1355 ,
729 1325 916 1365 ΙΝεΤιωοᾘ

49 1358 244 1399 appellatione
259 1360 406 1390 contineri
426 1361 548 1400 vellese
568 1383 577 1399 ,
601 1359 756 1401 manifeste
775 1357 916 1400 ostendis-

38 1401 101 1442 set.
145 1399 299 1441 Proponit
313 1401 474 1441 Scaevola,
498 1402 576 1442 Sejae
597 1401 783 1434 testamento
797 1400 914 1447 fundos

46 1441 108 1474 esse
128 1440 247 1483 legatos
271 1441 437 1474 instructos
455 1453 526 1475 cum
547 1442 608 1475 suis
623 1444 742 1476 villicis
756 1467 766 1483 ‚
792 1442 822 1474 δ(
841 1442 912 1488 reli-

46 1483 117 1526 quis
132 1483 336 1523 colonorum,
362 1483 424 1515 hoc
441 1483 502 1524 eil,
521 1485 674 1517 duntaxat
688 1485 805 1517 fundos
821 1483 914 1515 fuiss'e

48 1525 191 1566 legatos,
217 1524 246 1556 ἃ
263 1525 410 1565 villicos,
444 1535 517 1558 cum
540 1526 670 1568 reliquis
695 1526 911 1573 colonorumj

47 1566 210 1608 quoniam,
237 1567 359 1607 qualem
378 1567 617 1600 instructionem
640 1567 771 1600 testator
795 1566 910 1614 intelli-

46 1614 152 1649 geret,
175 1616 209 1638 ea
225 1607 397 1648 adjectione
412 1609 513 1650 palam
537 1609 725 1651 significavit
741 1632 752 1648 ,
775 1609 857 1641 dunt
881 1617 910 1639 e-

46 1649 114 1680 nim
128 1658 191 1680 non
208 1647 389 1690 separatim,
413 1649 464 1682 scd
480 1660 544 1682 uno
563 1652 687 1693 legato,
712 1660 772 1682 una
787 1651 817 1682 &
834 1659 910 1682 con-

46 1690 161 1722 tinenti
179 1690 322 1722 oratione
337 1714 348 1730 ,
372 1690 536 1733 iri-[truilos
551 1703 617 1724 cum
632 1693 697 1730 suis
710 1693 826 1724 villicis
850 1691 909 1723 &e

44 1730 150 1772 Atque
163 1732 207 1764 ita
220 1730 398 1773 specialiter
415 1734 581 1776 expressit,
605 1744 675 1777 quae
698 1734 804 1781 legato
823 1732 910 1765 cede-

43 1781 134 1811 rent,
151 1780 186 1804 ut
201 1783 242 1805 ex
258 1774 402 1806 Scaevola
418 1785 542 1817 quoque
560 1776 673 1808 Paulus
688 1783 778 1808 notat
795 1786 827 1809 in
845 1774 910 1824 spe-

43 1813 112 1852 cie,
136 1813 210 1846 huic
227 1814 407 1856 simillima,
431 1818 463 1849 in
488 1820 509 1849 l.
536 1823 572 1853 18
608 1817 636 1860 ᾗ.
666 1824 713 1859 13.
732 1818 771 1859 ff.
794 1819 823 1850 h.
835 1816 907 1864 jn.

43 1854 84 1886 de
100 1864 160 1897 qua
174 1865 251 1888 mox
268 1856 391 1898 plenius
406 1858 519 1891 dicam.
565 1858 688 1891 Deinde
704 1869 763 1899 pro
787 1866 908 1896 onitur,

44 1895 144 1928 eidem
167 1897 245 1937 SeJae
269 1898 394 1930 eosdem
417 1899 534 1932 fundos
557 1900 736 1933 condicillis
776 1900 851 1933 uiffe
866 1900 908 1932 le-

82 1944 152 1977 tos,
175 1937 225 1970 sed
242 1939 349 1971 addito
368 1941 494 1981 majoris
512 1941 724 1974 instructionis
747 1949 905 1987 apparatu.

75 1988 96 2010 x
118 1989 177 2021 qua
202 1981 438 2014 enumeratione
455 2006 466 2022 ,
491 1983 660 2016 Codicillis
678 1982 760 2016 fafta
775 2007 787 2023 ,
810 1982 907 2016 nascl-

46 2027 96 2051 tur
111 2020 261 2062 quaestio,
286 2031 391 2054 utrum
413 2024 443 2056 δε
459 2034 494 2056 ea
511 2025 616 2057 omnia
633 2025 739 2066 legato
764 2025 906 2058 contine-

45 2068 134 2093 antur
150 2083 161 2099 ,
183 2071 252 2103 quae
278 2063 500 2104 paterfamilias
526 2066 597 2099 usus
619 2066 793 2107 quotidiani
816 2065 907 2099 causa

45 2101 78 2133 in
94 2100 197 2134 fundis
214 2102 389 2138 habuiffet?
407 2107 553 2139 Scaevola
569 2107 633 2139 duo
649 2109 752 2149 capita
768 2109 822 2141 fibi
833 2118 905 2150 pro-

43 2142 156 2188 ponit,
177 2143 310 2176 alterum
325 2146 363 2180 de
378 2146 479 2179 fundo
495 2148 542 2181 bis
559 2149 664 2190 legato
681 2172 691 2188 ,
715 2150 849 2182 alterum
866 2149 905 2181 de

43 2184 300 2225 interpretatione
322 2187 417 2228 legati
440 2189 650 2231 posterioris3
683 2192 712 2223 ἃ
736 2192 774 2223 de
797 2191 903 2223 ambo-

41 2223 100 2256 bus
117 2224 295 2265 respondit,
317 2227 355 2259 de
370 2229 472 2269 primo
490 2241 554 2263 non
570 2232 730 2273 praecipue
742 2257 751 2272 ‚
776 2233 849 2274 quia
864 2232 904 2264 de

42 2275 82 2296 eo
105 2264 237 2307 quaestio
260 2277 323 2300 non
347 2278 413 2301 erat
429 2293 441 2309 ,
471 2281 583 2314 nempe
600 2273 677 2313 Sejae
694 2274 827 2306 fundum
842 2273 904 2305 esse

40 2306 178 2348 legatum
203 2308 362 2341 codicillis
378 2333 390 2349 ,
422 2313 452 2344 ὃ(
469 2312 595 2354 insuper
614 2313 800 2346 testamento
817 2338 828 2354 ,
851 2314 903 2347 sed

38 2346 236 2420 ξὲαίέευηᾱο
254 2373 264 2388 ,
294 2350 369 2391 quid
394 2361 505 2395 nempe
528 2355 606 2396 Sejae
623 2364 663 2387 ex
680 2354 837 2388 codicillis
853 2357 903 2388 de-

78 2397 155 2421 etur.

80 2429 155 2469 Ait,
179 2431 351 2473 testamento
372 2437 490 2476 quidem
505 2459 515 2476 ‚
537 2444 572 2469 ut
585 2444 802 2479 proponeretur
819 2462 830 2477 ‚
851 2440 900 2472 Se-

33 2472 74 2513 joe
92 2473 211 2513 insuper
229 2476 359 2510 fundum
373 2479 515 2517 legatum.
551 2480 676 2521 Insuper
699 2482 750 2513 hic
764 2481 809 2514 est
825 2489 899 2522 prae-

37 2521 137 2552 terea,
158 2514 246 2547 sensu
263 2517 405 2558 vulgari3
430 2529 466 2551 uc
483 2520 817 2561 dixe1·1·t‚test;unento
825 2533 900 2564 quo-

36 2558 95 2596 que
110 2578 122 2594 ,
145 2565 180 2588 ut
196 2557 227 2588 in
245 2558 401 2591 codicillis
417 2561 535 2594 facium
553 2562 598 2594 est
614 2586 625 2601 ,
648 2563 782 2596 fundum
806 2564 902 2596 fuiffe

35 2596 191 2638 legatum,
215 2598 245 2630 δί
261 2598 302 2631 fic
318 2599 364 2632 cst
381 2602 413 2634 in
430 2601 533 2644 specie
549 2605 718 2646 proposita.
764 2605 901 2646 jacobus

33 2635 182 2677 Cujacius
200 2639 241 2670 L.
259 2639 283 2672 1.
310 2642 436 2679 Observ.
455 2645 487 2676 C.
500 2655 548 2685 27.
569 2654 628 2686 pro
650 2647 770 2687 insuper
792 2647 899 2679 voluit

33 2677 96 2720 legi
115 2679 312 2721 instruam,
337 2683 368 2716 &
386 2684 430 2716 ita
444 2696 570 2728 quoque
584 2686 659 2719 Ant.
678 2688 777 2720 Faber
801 2689 841 2719 L.
871 2688 896 2720 1.

34 2721 162 2761 Conjest.
194 2723 226 2754 C.
257 2733 284 2762 7.
319 2726 403 2765 quod
432 2726 622 2769 sequendum
645 2739 710 2761 non
733 2730 896 2768 arbitror3

33 2761 129 2794 etiam
145 2763 235 2802 ideo,
257 2764 329 2806 quia
345 2776 455 2800 verum
470 2778 536 2800 non
552 2769 698 2808 videtur,
710 2770 897 2803 testamento

32 2802 212 2843 infirmium
227 2806 362 2845 fundum
378 2808 439 2840 esse
460 2810 620 2851 legatum,
645 2820 716 2843 nam
733 2811 910 2844 manifeste-

33 2844 66 2876 in
85 2847 182 2885 princ.
207 2847 299 2886 Legis
320 2848 526 2892 perscriptum
543 2850 608 2889 est,
631 2851 747 2885 fundos
772 2854 833 2886 esse
856 2854 897 2885 le-

33 2893 123 2926 gatos
143 2886 302 2928 insti-uetus
318 2900 384 2921 cum
394 2892 457 2930 suis
471 2893 588 2924 villicis
610 2892 646 2929 {9⁹
666 2896 793 2936 reliquis
823 2897 882 2926 colo

32 2937 157 2965 norum,
179 2938 243 2960 non
253 2929 431 2972 simpliciter
449 2933 613 2975 instructos
626 2958 635 2971 ,
657 2946 726 2977 quae
737 2937 828 2969 valde
836 2937 896 2970 dif-

31 2966 156 3001 ferunt:
183 2970 244 3001 hoc
259 2971 343 3003 enirn
359 2973 431 3005 casu
447 2976 551 3008 omnis
570 2976 734 3009 instructio
750 2979 895 3017 debetur,

33 3009 105 3050 quia
119 3011 306 3051 generaliter
321 3013 351 3044 le
371 3022 440 3047 atus
457 3016 503 3048 est
522 3017 711 3057 infirmius,
735 3019 895 3058 illo,dun-

32 3058 121 3083 taxat
143 3052 227 3092 quod
249 3061 344 3094 expre
372 3065 423 3087 um
445 3057 510 3096 est,
534 3067 569 3090 ut
593 3058 682 3101 supra
703 3061 841 3099 monui,
864 3062 896 3093 ὃς

31 3090 98 3163 {pse
115 3092 259 3124 Scaevola
275 3094 305 3125 in
321 3095 473 3128 codicillo
490 3098 722 3141 interpretando
748 3112 825 3133 mox
849 3113 894 3134 re-

46 3132 173 3176 pondet.
219 3133 312 3165 Plane
331 3135 506 3170 testamenti
523 3139 678 3181 legatum,
703 3150 738 3174 ut
763 3143 815 3175 hic
841 3153 894 3174 oc-

30 3173 150 3212 currit,
170 3174 328 3215 angustius
343 3176 409 3215 est,
424 3188 514 3220 quam
531 3182 693 3220 codicilli,
720 3184 749 3215 δε
770 3192 893 3222 tamen,

30 3212 54 3246 fi
67 3214 153 3287 ῑῗξᾱίε
170 3214 333 3288 (IZuJacium
341 3240 353 3257 ‚
374 3218 520 3253 Scaevola
535 3221 756 3265 respondiss'ec,
771 3226 894 3268 atquefi

101 3265 159 3287 om.
195 3280 203 3288 .

967 701 1006 724 cx
1038 690 1225 726 testamento
1260 694 1384 736 quidem
1416 699 1521 731 omnis
1552 701 1718 734 instructio
1750 702 1843 735 debc-

966 742 1072 772 retur,
1102 742 1134 765 at
1157 745 1197 767 ex
1221 736 1401 779 codicillis,
1426 740 1535 786 postea
1560 742 1671 781 factis,
1698 753 1762 776 non
1787 744 1844 777 rii-sl

967 782 1157 808 enumeratae
1182 776 1396 811 instructionis
1423 782 1560 823 ipecies3
1586 785 1670 825 quod
1696 785 1734 816 de
1752 784 1845 817 testa-

966 824 1076 848 mento
1105 826 1215 849 verum
1240 828 1303 850 non
1332 819 1387 852 est.
1442 822 1508 854 Cui·
1532 834 1639 858 autem
1668 826 1868 868 testcmienti'

966 857 1144 888 meminerit
1167 859 1314 892 Scaevola
1330 883 1341 898 ,
1373 871 1446 896 cum
1462 864 1501 896 de
1519 864 1673 900 sententia
1698 869 1845 901 codicilli

966 906 1124 938 quaeratur
1141 922 1151 937 ,
1176 899 1247 931 haec
1271 903 1354 933 ratio
1378 905 1442 945 cst,
1468 907 1553 948 quod
1573 910 1600 937 τὸ
1620 909 1758 948 ,ιςιιέμειον
1774 934 1783 948 ,
1807 918 1845 942 ut

966 938 1073 970 Graeci
1096 939 1244 987 Magistri
1268 944 1449 985 appellant,
1472 951 1510 980 de
1537 949 1575 981 iis
1602 950 1843 990 constituatur,

964 979 1126 1026 quaeusus
1144 983 1319 1022 quotidiani
1339 987 1429 1019 causa
1452 990 1617 1030 patei-sam.
1643 992 1789 1024 habuerit
1810 993 1844 1025 in

959 1021 1084 1061 fundis,
1110 1031 1147 1053 an
1163 1022 1335 1055 debeantur
1352 1026 1494 1069 scilicet,
1521 1041 1650 1073 necne,
1670 1032 1842 1067 secundum

961 1072 1015 1100 ea,
1040 1072 1109 1103 quae
1129 1065 1417 1111 proponebantur?
1441 1073 1677 1112 proponebatur
1695 1076 1842 1108 autem&

961 1103 1180 1136 testamentum
1192 1129 1210 1151 ,ἱ
1227 1107 1257 1138 ὃς
1277 1107 1455 1143 codicillus.
1482 1113 1590 1154 thue
1604 1116 1744 1148 efficeret
1756 1118 1841 1149 Scae-

960 1146 1034 1177 vola
1047 1169 1056 1184 ,
1082 1155 1151 1186 quae
1169 1152 1241 1179 ulus
1261 1150 1438 1189 quotidiani
1460 1154 1551 1185 causa
1570 1155 1601 1187 in
1618 1155 1720 1188 fundo
1738 1166 1839 1198 erant,

958 1196 1023 1218 non
1044 1187 1169 1227 deberi,
1195 1190 1336 1230 explicat
1352 1215 1362 1231 ‚
1388 1203 1457 1234 quae
1481 1194 1547 1227 sola
1570 1197 1768 1230 debeantur:
1793 1200 1839 1231 id-

959 1237 1020 1269 que
1045 1238 1085 1259 ex
1107 1230 1266 1263 codicillis
1290 1231 1398 1265 statuit
1415 1259 1425 1274 ,
1460 1238 1726 1278 quemadmodum
1750 1240 1838 1272 dein-

960 1279 1034 1310 ceps
1061 1271 1209 1303 declarat.
1255 1272 1383 1316 lnsuper
1403 1278 1530 1318 quidem
1556 1279 1619 1311 ess'e
1648 1280 1836 1314 testamento

961 1311 1118 1352 legatum,
1144 1311 1195 1343 sed
1214 1313 1252 1344 de
1267 1324 1307 1345 eo
1324 1316 1439 1350 frustra
1459 1321 1556 1361 quaeri
1569 1345 1579 1361 ,
1604 1331 1678 1354 cum
1703 1324 1837 1356 codicil-

960 1352 1006 1398 lis·
1019 1352 1056 1384 fit
1075 1352 1251 1401 angustius,
1265 1364 1359 1398 atque
1380 1360 1418 1392 iis
1437 1364 1534 1394 etiam
1552 1362 1836 1404 posteanmtatum.

960 1393 1062 1435 Igitur
1089 1405 1130 1427 ex
1152 1394 1228 1428 solis
1249 1399 1410 1433 codicillis
1434 1412 1500 1435 rem
1523 1405 1585 1436 eise
1602 1404 1837 1446 aestimandam,

958 1436 987 1468 ἂι
1002 1445 1043 1467 ex
1058 1436 1106 1468 his
1130 1447 1194 1483 non
1216 1440 1349 1480 amplius
1370 1442 1494 1484 deberi,
1519 1456 1613 1487 quam
1638 1446 1769 1480 testator
1789 1450 1838 1480 in-

949 1477 1067 1519 flrutlz'
1092 1488 1221 1510 nomme
1237 1480 1410 1526 significare
1429 1487 1544 1519 voluit.
1566 1487 1594 1519 Is
1610 1489 1690 1520 ordo
1708 1488 1753 1521 est
1766 1500 1837 1522 ver-

956 1520 1096 1593 boffum,
1137 1529 1224 1553 certe
1253 1524 1441 1566 iententiae‚
1482 1539 1543 1570 qua
1568 1529 1640 1562 usus
1666 1530 1712 1563 est
1752 1531 1835 1564 Scae-

953 1571 998 1592 vo
1013 1571 1040 1593 a.

996 1602 1073 1642 Ait,
1097 1613 1205 1637 verum
1225 1616 1284 1638 non
1298 1609 1429 1651 amplius
1444 1614 1566 1654 deberi,
1588 1625 1680 1657 quam
1701 1617 1734 1648 in
1756 1617 1837 1648 codi-

954 1645 1035 1691 cillis
1053 1667 1065 1683 ,
1094 1655 1166 1687 quos
1185 1648 1263 1687 sane
1288 1651 1355 1692 post
1389 1655 1565 1688 oblivionem
1600 1656 1834 1699 testamentario

943 1688 1110 1728 scriptume
1117 1689 1259 1734 feozffet,
1288 1702 1479 1730 iNsTRUCTI
1506 1700 1705 1739 appellatione
1737 1703 1836 1732 conti-

952 1731 1021 1761 neri
1045 1730 1123 1761 velle
1135 1732 1200 1778 sel,
1230 1734 1390 1777 manifeste
1411 1737 1589 1781 ostendzffet.
1637 1742 1832 1783 Scriptorum

951 1771 1053 1810 dicit,
1079 1778 1115 1803 ut
1135 1772 1165 1803 &
1184 1783 1216 1806 m
1240 1775 1260 1806 l.
1286 1785 1334 1816 97.
1351 1778 1392 1820 ff.
1414 1783 1449 1812 de
1471 1781 1547 1824 Leg.
1562 1782 1615 1817 III.
1641 1785 1671 1817 ὃς
1693 1784 1832 1826 l.26.ff.

951 1814 987 1845 de
1011 1814 1129 1845 Condit.
1152 1813 1189 1849 ἐξ
1210 1817 1368 1859 demonstr.
1410 1822 1471 1854 Sed
1491 1825 1566 1865 quid
1589 1825 1645 1866 fit,
1666 1825 1733 1867 post
1759 1828 1833 1858 obli-

951 1857 1068 1887 vionem
1087 1855 1317 1896 testamentariae
1332 1862 1513 1904 scriptume,
1547 1876 1611 1899 non
1630 1877 1719 1909 aeque
1736 1878 1831 1910 expe-

951 1897 1054 1929 ditum
1075 1896 1129 1929 est.
1177 1899 1325 1941 Cujacius
1346 1904 1418 1937 Lib.
1442 1906 1467 1938 Ι.
1500 1908 1629 1946 Observ.
1660 1912 1690 1940 d.
1715 1910 1749 1941 Cr
1774 1920 1828 1951 27.

951 1939 995 1970 ita
1013 1939 1044 1970 id
1062 1939 1223 1980 explicare
1239 1943 1384 1985 videtur,
1409 1957 1445 1979 ac
1462 1947 1483 1980 fi
1500 1949 1645 1982 Scaevola
1664 1951 1829 1991 voluisset,

952 1979 1132 2012 testatorem
1164 1983 1197 2014 in
1224 1983 1412 2019 testamento
1437 1999 1494 2030 per
1527 1990 1725 2024 oblivionem
1751 2002 1830 2034 prae-

951 2021 1068 2053 teriiffe
1086 2032 1153 2055 eam
1174 2023 1432 2069 instructionem,
1458 2041 1551 2073 quam
1566 2032 1679 2064 deinde
1695 2035 1827 2066 codicil-

950 2063 989 2095 lis
1014 2063 1190 2105 apposuit.¹
1217 2066 1261 2098 At
1286 2068 1369 2108 illud
1389 2080 1454 2104 non
1474 2072 1583 2105 ferunt
1611 2075 1729 2115 verba,
1754 2086 1830 2109 nam*

948 2105 993 2136 ait
1009 2106 1093 2147 ipsos
1110 2107 1278 2140 codicillos
1297 2110 1359 2141 ess'e
1374 2111 1476 2146 factos
1491 2114 1558 2155 posi
1578 2116 1756 2149 oblivionem
1781 2124 1828 2149 te-

947 2145 1113 2186 stamenti,
1138 2150 1242 2189 quod,
1266 2148 1299 2181 ni
1318 2150 1434 2194 fallor,
1458 2157 1589 2198 perinde
1605 2157 1670 2198 est,
1695 2166 1790 2201 atque
1805 2159 1829 2192 fi

948 2187 1101 2230 scriptum
1117 2191 1213 2231 esset,
1240 2194 1272 2222 in
1288 2194 1435 2236 oblivione
1452 2221 1462 2235 ‚
1484 2197 1557 2238 seu,
1578 2201 1736 2241 postquam
1757 2201 1829 2232 obli-

948 2237 998 2261 tus
1016 2238 1082 2262 erut
1112 2232 1292 2274 testamenti.
1324 2236 1385 2268 Sed
1404 2239 1507 2279 quid?
1531 2242 1673 2273 codicilli
1693 2242 1725 2274 in
1745 2243 1826 2274 obli-

947 2272 1044 2303 vione
1062 2272 1238 2307 testamenti
1266 2275 1341 2308 fasti
1360 2279 1377 2310 ἶ)
1409 2281 1475 2312 imo
1494 2282 1539 2313 ita
1563 2283 1687 2314 orditur
1704 2307 1713 2322 ,
1747 2284 1783 2316 Se
1795 2285 1826 2316 ἰε

940 2314 1078 2355 fundos,
1102 2325 1174 2356 quos
1195 2326 1354 2358 RELIQUI.
1401 2321 1463 2353 Ubi
1484 2333 1562 2355 vero
1579 2348 1588 2363 ‚
1613 2324 1668 2356 nifi
1686 2325 1764 2357 inte
1794 2336 1824 2357 a·

946 2356 1083 2388 mento?
1107 2368 1166 2390 nec
1182 2359 1346 2400 proderit,
1371 2361 1392 2393 s1
1419 2372 1492 2395 cum
1515 2364 1701 2397 Haloandro
1721 2366 1825 2409 legas,

946 2398 1190 2439 Sejamfundos,
1212 2411 1283 2442 quos
1299 2405 1421 2444 reliqui.
1443 2429 1449 2435 .
1475 2429 1482 2436 .
1506 2407 1612 2438 habere
1631 2408 1719 2445 valo,
1750 2419 1823 2441 nam

945 2444 974 2470 τὸ
997 2441 1109 2481 reliqui
1128 2452 1193 2474 non
1213 2443 1318 2484 potest
1356 2446 1494 2478 ertinere
1518 2448 1574 2480 nisi
1594 2448 1632 2480 ad
1658 2448 1822 2482 testamen-

946 2490 1024 2513 tum.
1069 2483 1165 2515 Ratio
1190 2483 1294 2516 Latini
1334 2488 1473 2520 ermonis
1496 2490 1577 2530 apud
1600 2489 1820 2523 Haloandrum

944 2523 1071 2554 videtur
1087 2526 1191 2566 aptior
1203 2549 1213 2564 ‚
1238 2534 1272 2557 ut
1290 2528 1466 2569 exprimat,
1491 2540 1585 2572 quem
1607 2541 1743 2573 quamve
1762 2542 1819 2564 vo-

943 2564 1039 2596 luerit
1068 2565 1182 2598 habere
1207 2566 1323 2601 fundos
1338 2591 1350 2607 ,
1375 2568 1426 2600 sed
1443 2579 1546 2604 tamen
1568 2573 1598 2604 &
1616 2574 1698 2606 recte
1725 2574 1756 2605 id
1774 2574 1819 2605 in-

944 2606 1120 2648 telligitur,
1144 2608 1166 2640 fi
1188 2609 1262 2650 Sejae
1287 2609 1407 2650 serves,
1433 2621 1470 2644 ut
1485 2612 1531 2644 est
1550 2613 1734 2646 Florentiae.
1767 2615 1821 2646 El-

942 2647 1025 2688 lipsis
1048 2648 1119 2680 haec
1145 2649 1292 2692 frequens
1315 2651 1367 2683 est.
1414 2653 1498 2686 Puto
1522 2655 1644 2696 igitur,
1681 2655 1820 2687 oblivio-

941 2698 1034 2727 nem,
1056 2699 1117 2730 qua
1135 2691 1174 2721 de
1187 2694 1271 2733 egit,
1296 2693 1358 2725 esse
1372 2693 1568 2727 referendam
1587 2697 1623 2727 ad
1641 2695 1820 2728 instructio-

941 2739 1012 2762 nem
1025 2754 1035 2770 ‚
1060 2740 1152 2772 quam
1168 2733 1357 2766 testamento
1371 2734 1478 2768 fundis
1496 2736 1698 2777 adscripscrat
1717 2760 1728 2776 ,
1752 2738 1817 2779 pla-

940 2780 980 2803 ne
1000 2773 1158 2804 contraria
1171 2798 1180 2814 ‚
1205 2784 1296 2816 quam
1317 2776 1465 2816 Cujacius
1484 2776 1643 2808 existimat
1660 2801 1669 2817 ,
1696 2777 1818 2812 senten·
1846 2783 1858 2795 ⁵

941 2813 995 2845 tia.
1041 2813 1086 2844 Ut
1111 2814 1154 2846 fic
1180 2816 1305 2848 oblivio
1334 2819 1372 2848 ad
1397 2817 1497 2858 ipsum
1516 2816 1736 2851 testamentum
1750 2830 1818 2853 non

939 2855 1096 2895 pertineat
1112 2879 1121 2894 ,
1147 2855 1198 2887 sed
1212 2858 1249 2888 ad
1266 2867 1301 2889 ea
1316 2881 1325 2895 ‚
1350 2867 1418 2898 quae
1440 2857 1629 2891 testamento
1650 2859 1689 2891 de
1704 2860 1820 2893 instru-

940 2896 1045 2927 ctione
1071 2905 1224 2936 caverat3
1262 2897 1420 2938 implicita
1442 2899 1589 2931 nonnihil
1623 2901 1789 2935 locutione
1805 2927 1817 2943 ,

939 2936 1027 2968 sensu
1049 2946 1152 2970 tamen
1165 2939 1262 2970 claro.
1294 2938 1470 2979 Legaverat
1489 2941 1520 2971 in
1540 2940 1729 2975 testamento
1745 2943 1820 2976 fun-

938 2979 996 3010 dos
1013 2977 1180 3011 insti-ustos
1198 2989 1270 3010 cum
1286 2978 1348 3010 suis
1364 2979 1503 3019 villicis,
1530 2982 1560 3014 ὃς
1579 2983 1707 3025 reliquis
1725 2986 1816 3017 colo-

938 3029 1061 3051 norum.
1108 3019 1264 3051 Meminit
1290 3020 1403 3051 deinde
1426 3022 1552 3062 quidem
1575 3023 1666 3057 fundi
1693 3025 1810 3068 legati,

938 3069 974 3091 ut
993 3060 1086 3091 initio
1098 3061 1323 3093 codicillorum
1338 3061 1494 3101 declarat,
1517 3063 1569 3096 sed
1589 3075 1654 3099 non
1670 3068 1818 3100 meminit.

937 3101 1065 3140 adjectae
1081 3100 1294 3134 instructionis
1313 3112 1322 3140 3
1347 3112 1440 3143 quare
1459 3103 1539 3136 hanc
1554 3129 1564 3145 ‚
1590 3114 1626 3138 ut
1643 3117 1727 3140 nunc
1771 3109 1812 3140 la-

937 3149 1029 3172 ccoat
1046 3164 1055 3179 ‚
1092 3142 1251 3175 codicillis
1279 3142 1429 3176 describit
1448 3167 1459 3183 ,
1500 3147 1530 3178 &
1556 3147 1644 3187 jubet
1669 3154 1745 3182 coni
1779 3159 1815 3181 re
1856 3170 1861 3173 -

937 3183 1048 3223 rustico
1071 3183 1268 3224 instrumento
1284 3209 1293 3222 ,
1308 3186 1520 3226 ]ὶιρείἰεὲὶὶἰε,
1543 3196 1668 3229 pecore,
1693 3190 1729 3226 ὅ)
1751 3192 1814 3223 vil-

937 3225 1004 3257 licis
1023 3235 1091 3257 cum
1107 3227 1238 3267 reliquis·
1250 3228 1417 3261 colonorum
1431 3228 1504 3303 ,Kfiaf’
1524 3232 1676 3272 apotheca.
1722 3231 1815 3279 Duas

1744 3282 1810 3306 tan-
