2008 3436
353 100 708 140 AMICA

35 187 133 219 tentia
152 184 332 227 Ampliffimi
359 179 608 224 Byiikerslioekii
637 177 779 218 opusculi
800 188 826 209 c.
849 178 894 210 X.

34 229 175 260 omnium
194 228 282 261 fidem
299 225 544 266 Christianorum
568 229 626 261 pro
644 228 722 269 vana
738 227 791 250 aut
810 228 894 250 men-

34 270 111 301 dace
135 279 193 302 una
216 270 308 301 litura
337 270 556 309 expungentis.
581 260 648 302 (Ι)
669 260 728 305 bed
747 269 798 291 mc
815 259 892 292 sola-

35 320 104 350 tur,
129 311 212 352 quod
239 320 300 342 non
319 307 439 340 constat
461 304 526 337 sibi.
551 310 624 348 nain
641 300 845 347 meditantem
863 310 894 332 a·

33 353 148 385 liorum
171 351 282 393 scripta
300 359 442 391 arguere,
463 354 534 378 ante
555 343 692 376 sollicite
718 351 892 388 monuere,

35 394 65 426 ἀ
80 404 138 436 pro
155 402 244 426 certo
262 391 347 425 noire
362 395 511 432 oportet3
534 395 572 418 an
588 384 618 417 &
633 392 694 425 qua
707 385 797 414 causa
821 384 897 424 quid

36 530 112 558 ’ΜΜ
130 509 895 595 ³³³¹⁶³³ff-&f.21.³³.{52s.³i2„{3⁹fii¹355sarrs

35 564 454 639 {73:132ssfugleedrer’iegiiequiiu'fisiioom
468 602 514 625 aut
529 594 660 633 obscurum
673 589 721 628 est,
748 598 798 618 tion
806 587 894 627 fuiffe

37 645 94 673 ilios
107 646 138 672 ab
153 645 266 672 omnibus
279 639 414 679 affatiibus
433 646 463 664 tic
471 634 571 678 studiis
581 635 714 677 immunes.
736 629 896 682 Visrexem-

336 678 379 705 vel
406 673 574 704 densissimos
592 679 619 700 in
638 670 719 698 rebus
736 667 798 696 sacti
815 688 822 700 ,
845 674 894 702 per

35 682 97 720 pla.
119 683 158 711 vis
175 689 281 709 errores
298 700 307 711 ‚
651 705 686 742 ἃ
708 716 734 743 4.
757 706 827 734 Cum
845 704 895 741 igi.

49 731 54 737 ⁴
234 720 268 736 Μ·
346 710 628 744 laesL.ll.C.3.

37 721 156 796 {iltryizlstlr
169 718 343 793 cgixiitffitqu
356 716 457 790 ippum
487 747 670 792 responsionis
685 744 802 789 pars'est
818 765 824 776 ,
847 751 893 787 me

35 805 94 826 non
110 798 247 826 continuo
271 795 405 829 assurgere
427 790 531 820 Sanctis
545 787 671 817 Patribus
688 807 696 819 ‚
730 783 894 848 dffp'ummld

37 837 88 864 bus
115 836 244 864 adversus
265 833 417 896 Gentiles÷
443 829 513 861 dixi,
539 824 616 864 quod
640 831 682 851 res
697 822 753 856 est,
776 824 801 849 ot
816 828 874 858 quo

39 875 45 880 ⁴
59 873 131 902 »sime
158 875 251 903 Patres
268 871 386 900 rotunde
419 873 536 896 utentur.

36 884 57 912 η
76 881 214 942 Sucia-dat
231 912 316 939 altera
333 906 513 946 responsionis
527 910 605 940 pars,
626 908 669 928 me
679 907 781 943 nempe
797 905 830 926 ex
847 905 891 925 ve-

39 952 144 980 teribus
160 950 337 981 Chrii'tianis.
358 945 555 1009 expositiospem
574 939 599 967 ἃ
621 937 891 1005 ῡξςίςὲιὲὲῗῐιῐὲῑὲξι

212 991 216 995 ·
263 998 268 1003 -
403 983 494 1012 didici.
508 990 543 1011 e,
572 986 620 1005 eos
658 986 663 1004 1
681 986 686 1005 i
763 996 780 1011 ξ,
819 1014 823 1019 ι
883 991 892 995 -

39 991 431 1063 ξῐῗῐξαῐῖἒηηίὲἶῐυέοῑίἒξῗιῐῑῑα
457 1026 564 1048 morum
591 1015 616 1043 ἃ.
634 1015 731 1059 saeculi.
768 1013 892 1052 Quidam

38 1050 196 1103 simpliciter
216 1066 272 1094 hsce
293 1062 404 1091 crimina
428 1057 565 1093 objiciunt
588 1053 747 1099 Gentilibus
763 1073 772 1087 ,
801 1060 893 1088 neque

39 1106 183 1142 quicquam
200 1103 304 1131 addunt
320 1122 327 1134 ,
349 1108 380 1128 ex
397 1105 454 1134 quo
468 1094 595 1125 constare
615 1093 716 1136 POffise
736 1099 802 1135 ‘qua
817 1098 892 1118 men-

39 1151 67 1172 te
81 1142 248 1177 obiecerint,
281 1147 315 1167 an
336 1145 365 1166 ut
391 1136 483 1168 licita,
515 1143 548 1162 an
573 1140 640 1160 vcro
657 1138 688 1160 ut
703 1130 811 1159 illicita.
851 1129 893 1173 Ex

37 1182 81 1210 bis
94 1180 159 1210 nihil
176 1186 203 1207 tii
219 1180 245 1206 in
260 1185 317 1206 rem
335 1182 410 1205 tuam
437 1173 545 1202 efficere
567 1177 647 1207 potes
662 1191 669 1204 ‚
692 1177 784 1206 neque
799 1176 854 1213 ego
865 1176 895 1197 in

36 1226 132 1249 meam.
169 1216 223 1246 Alii
240 1223 351 1249 autem,
372 1213 497 1250 utsupra
518 1210 668 1242 notabam,
698 1209 756 1252 liaec
777 1214 894 1235 erumna

36 1257 208 1292 conjungunt
222 1263 285 1283 curn
307 1255 384 1287 aliis,
406 1252 467 1287 lege
483 1249 598 1286 quidem
620 1252 725 1290 notatis
743 1245 769 1274 ἃ
782 1245 895 1274 damna-

33 1296 83 1330 tis,
105 1293 150 1323 sed
164 1303 225 1330 qiiae
239 1299 330 1322 tamen
348 1289 591 1320 usuinvaluerant.
632 1285 679 1313 Sic
689 1283 810 1322 Justinus
819 1284 895 1312 Mar-

31 1339 92 1370 tyr,
114 1333 241 1369 utsupra
256 1332 382 1360 dicebam
410 1329 434 1366 §.
457 1327 506 1355 VI.
539 1335 566 1354 η.
587 1333 614 1360 4.
638 1323 663 1353 ὅ(
682 1323 717 1352 fic
733 1328 828 1360 aperte
843 1322 895 1351 La-

29 1372 148 1401 stantius
165 1379 201 1399 eo
218 1371 298 1403 loco,
320 1377 403 1405 quem
424 1366 589 1396 exhibebam
611 1362 636 1390 d.
657 1362 680 1399 5,
697 1365 724 1405 6.
743 1363 810 1405 ⁹²·.8·.
829 1361 896 1404 H3aec

30 1411 151 1439 omnino
176 1410 244 1438 mihi
263 1408 376 1442 favent,
408 1405 433 1434 ἃ
446 1404 582 1441 probant,
604 1401 700 1445 Patres
718 1408 745 1428 m
760 1406 830 1428 Vitia
854 1402 895 1444 ¹³³?

32 1449 89 1477 culi
103 1448 252 1485 insurgere.
291 1445 370 1475 Cedo
396 1451 470 1472 nunc
493 1442 602 1473 locum,
623 1449 671 1477 qui
687 1439 777 1483 Leges
794 1437 894 1476 Populi

29 1487 154 1516 Romani
175 1486 300 1520 accuset,
331 1483 408 1520 quod
433 1482 490 1509 haec
513 1479 613 1508 scelera
629 1477 821 1515 periiiisermt;
841 1476 895 1506 sru-

29 1525 84 1555 stra
99 1533 154 1562 ego
169 1533 282 1563 quatro,
303 1531 356 1552 nec
372 1529 401 1550 tu
423 1518 560 1549 indicasti.
601 1517 668 1561 Quo
686 1522 779 1544 autem
795 1516 894 1552 proba-

30 1573 108 1598 rem,
137 1572 194 1592 non
219 1563 252 1591 de
268 1563 389 1598 Legibus
404 1581 411 1593 ,
443 1558 487 1587 sed
509 1557 544 1586 de
559 1556 685 1585 moribus
701 1555 895 1599 Romanorum

29 1603 208 1639 accipiendas
223 1602 275 1631 esse
291 1601 401 1629 Patrum
411 1596 657 1629 Declaiiiationes,
689 1593 784 1622 addidi
800 1591 894 1637 Opusq.

29 1642 60 1670 C.
80 1643 107 1672 X
139 1641 173 1670 de
187 1639 358 1678 expositione
374 1638 399 1666 δι
419 1644 488 1665 nece
510 1635 663 1664 liberorum
681 1639 805 1669 veterum
817 1631 894 1676 Cliri-

28 1680 182 1710 ssianorum
198 1679 340 1717 querelam
360 1675 430 1710 effe,
452 1674 535 1702 etiarn
557 1672 618 1710 post
642 1673 730 1716 htv-ri.
747 1670 777 1699 C.
794 1669 824 1698 de
840 1669 894 1699 His

46 1721 74 1747 iii
90 1726 147 1758 par.
163 1720 205 1747 vel
220 1719 293 1746 liber.
313 1715 421 1746 occider.
443 1722 505 1750 quae
529 1710 708 1755 Constantini
725 1708 764 1738 cst
777 1729 786 1743 ‚
807 1707 833 1737 ἀ
847 1714 892 1746 pa-

41 1765 85 1786 am
97 1759 154 1793 Jam
169 1757 319 1785 liberorum
338 1752 494 1792 parricidiis
516 1750 708 1780 interdixerat.
724 1787 729 1792 .
746 1748 839 1792 innuo
854 1746 892 1791 lo-

26 1804 92 1824 cum
116 1795 253 1825 Ambrosii
270 1817 277 1827 ,
305 1794 354 1831 qui
375 1790 436 1830 post
460 1788 677 1820 Constantinum
704 1785 816 1815 Vixit&
832 1785 892 1814 scri—

18 1834 95 1872 psit.
117 1834 264 1863 Hexoemer.
288 1833 322 1862 L.
346 1833 382 1861 V.
404 1830 434 1858 C.
469 1831 512 1858 18.
552 1826 646 1864 Lipsio
660 1833 783 1903 s‘}¹¹.‘³que
799 1824 880 1869 lauda

29 1879 86 1902 tum
107 1872 134 1901 d.
161 1870 243 1909 Epist.
259 1875 304 1906 85.
334 1870 467 1902 Foeminae‚
498 1867 608 1904 inquit,
636 1874 666 1894 izo
691 1868 892 1909 rigoiieristcito

17 1911 153 1940 ‘oblafflarit
174 1913 253 1939 etiam
268 1903 340 1942 illos,
361 1917 421 1946 quos
433 1905 565 1943 diligunt,
587 1911 633 1934 auc
647 1926 654 1938 ,
671 1903 891 1949 ficliczoresjuiit,

28 1950 122 1979 lauare
138 1948 308 1988 fastidiuiit3
336 1948 498 1984 pauperiores
524 1953 584 1972 vero
606 1944 735 1980 abjiciunt
755 1941 888 1985 parvulos,

28 1986 67 2023 δ’
83 1994 209 2024 exponunt
222 2009 229 2020 ,
250 1986 286 2022 &²
302 1984 462 2023 deprehensos
475 1984 614 2020 abnegarit.
635 1982 712 2020 Quin
729 1981 786 2008 litec
806 1985 891 2008 etiam

27 2025 131 2063 scripsit
156 2026 316 2055 Ambrosius
338 2024 400 2060 post
421 2022 584 2052 valentiani
607 2022 690 2057 legem
708 2027 733 2047 2.
756 2018 785 2047 C.
801 2017 831 2045 de
847 2017 880 2045 In

21 2064 97 2104 sant.
110 2064 191 2102 expos.
226 2066 286 2101 qu'ae
308 2063 373 2092 data
396 2061 433 2091 est
456 2068 532 2088 anno
552 2068 618 2094 374.
641 2058 666 2086 ἃ
681 2057 773 2101 palam
787 2055 892 2100 exposi-

29 2103 152 2132 tionibus
169 2102 306 2132 infantum
326 2100 486 2130 interdixit:
515 2097 677 2127 Ambrosius
692 2103 797 2140 quippe
824 2100 894 2122 Vixit

29 2141 65 2170 ad
86 2149 187 2170 aunum
216 2150 279 2177 397.
313 2140 338 2169 ἃ
366 2141 537 2169 Hexaemeron
559 2135 661 2173 scripsit
691 2142 765 2162 circa
788 2141 892 2161 annum

30 2182 93 2213 289.
117 2186 148 2207 ut
163 2179 321 2208 observavit
341 2179 384 2207 Ei.
402 2178 440 2206 du
452 2176 503 2204 Pin
522 2174 645 2204 Biblioth.
661 2170 807 2217 Ecclesiast.
820 2170 891 2200 Tam.

27 2208 52 2248 i.
70 2224 97 2254 p.
113 2223 182 2252 2533-
214 2217 293 2246 Nihil
308 2218 457 2254 quicquam
473 2214 507 2242 ad
524 2214 581 2243 brec
596 2220 734 2255 reponm,¹
745 2219 798 2254 nec
812 2218 892 2253 repo-

27 2265 96 2285 nere
113 2263 212 2293 potcs.
240 2265 322 2292 quam
344 2254 417 2283 forte
439 2252 654 2283 Constantinum
668 2251 703 2278 de
718 2249 812 2278 liberis
834 2256 892 2284 jani

26 2293 172 2332 susceptis,
194 2295 308 2328 agnitis,
342 2294 433 2329 alique
452 2290 525 2327 jussis
543 2291 640 2327 egisse,
668 2296 726 2318 tion
744 2288 778 2316 de
795 2295 891 2332 recens

27 2334 116 2365 natis,
141 2340 170 2361 ut
187 2335 244 2362 liaec
258 2333 378 2367 explicas
393 2331 457 2370 Jul.
481 2330 560 2357 Paul.
580 2329 609 2358 C.
628 2329 676 2357 lX.
696 2335 779 2362 quam
797 2325 891 2354 distin-

28 2373 147 2402 ettonem
162 2373 218 2406 jam
235 2371 339 2408 explosi
360 2368 455 2406 Opicsc.
477 2368 506 2396 C.
521 2368 584 2396 VII.
611 2366 637 2395 &
654 2366 732 2401 supra
747 2365 772 2401 §.
782 2365 803 2393 1.
820 2374 846 2393 n.
865 2371 891 2408 t.

29 2411 55 2440 ἂ
71 2410 201 2446 deinceps
226 2409 377 2445 explodam
403 2408 428 2443 5.
449 2408 526 2436 XilI.
548 2406 573 2434 ἃ
595 2404 714 2434 xxvii.
730 2443 736 2448 .
752 2403 807 2447 Sed
824 2402 891 2447 quid

27 2448 176 2479 Ambrosio
194 2448 344 2485 respondes
355 2448 417 2483 ,qui
435 2445 639 2482 expositionum
654 2448 891 2486 meminit,etiam

28 2486 89 2525 post
105 2487 223 2520 Legem,
247 2496 307 2523 qtiae
322 2487 353 2514 iis
369 2486 460 2520 palam
476 2482 642 2512 interdixit?
658 2480 793 2524 nihileis,
812 2479 890 2524 quod

26 2524 210 2563 respondeas,
232 2534 315 2561 quam
335 2532 399 2552 euin
421 2523 477 2551 ess‘e
496 2523 642 2558 loquutum
659 2519 694 2547 de
711 2518 790 2547 malis
806 2526 889 2563 mori-

26 2566 94 2596 bus.
114 2566 215 2600 quibus
234 2565 306 2592 int'er
325 2563 430 2591 medias
445 2562 518 2597 leges
535 2562 719 2597 peccabatur,
741 2557 776 2585 de
789 2565 829 2601 ¹eo
843 2557 890 2585 sci-

26 2604 107 2634 licet,
129 2603 205 2638 quod
219 2602 449 2639 frequentabatur
461 2622 467 2632 ‚
487 2608 543 2628 non
561 2599 595 2626 de
609 2607 661 2630 eo,
684 2596 761 2633 quod
777 2596 888 2623 licebat.

25 2642 63 2671 Et
78 2639 112 2668 sic
130 2640 185 2676 ipse
206 2639 360 2676 respondeo
383 2641 436 2668 tuis
460 2639 588 2667 Patribus
601 2658 608 2669 ,
630 2644 694 2665 nani
712 2633 888 2679 Ambrosium

27 2677 159 2708 consulto
182 2677 370 2715 praeterrnisisti
384 2699 392 2711 ‚
419 2687 456 2706 ne
477 2677 529 2706 tibi
551 2675 656 2705 obesset
671 2682 759 2710 tnagis
774 2694 784 2708 ‚
806 2680 888 2717 quani

25 2715 173 2755 prodesset.
213 2717 304 2745 Etiam
314 2717 368 2744 hoc
383 2716 524 2744 observari
539 2715 622 2744 velim
632 2736 639 2747 ,
661 2713 686 2741 δε
699 2713 888 2747 Ambrosium,

25 2756 52 2785 ἃ
69 2754 216 2787 Βείῑίἰιωϊ,
245 2753 270 2782 &
294 2755 514 2791 Hieronymum,
543 2756 591 2791 qni
613 2752 730 2789 aequales
749 2751 865 2795 suerunt
879 2772 886 2784 ‚

26 2802 89 2822 cum
112 2793 146 2821 de
171 2792 336 2822 venditione
362 2793 511 2822 liberorum
536 2798 623 2828 agunt
645 2793 677 2820 iis
698 2791 785 2825 locis,
815 2798 886 2835 quos

26 2832 132 2861 indicat
149 2828 267 2864 iacobus
284 2831 477 2860 Gothofredus
492 2831 527 2860 ad
555 2834 573 2860 l.
595 2840 619 2860 1.
640 2830 669 2859 C.
690 2829 738 2859 Th.
756 2829 785 2857 de
796 2828 887 2856 Patri-

23 2873 70 2900 biis
85 2863 210 2906 quifilios
224 2867 332 2905 disti-ox.
354 2869 380 2898 &
395 2869 429 2898 ad
449 2871 466 2900 1.
485 2879 509 2899 1.
529 2870 559 2899 C.
586 2869 634 2898 Tb.
658 2869 688 2897 de
703 2869 758 2897 His
773 2865 884 2910 quisun-

21 2909 101 2947 gui'n.
125 2913 199 2942 empc.
217 2908 260 2934 vel
280 2913 350 2935 matr.
371 2914 452 2944 accep.
473 2907 499 2936 ἃ
523 2917 594 2946 quos
612 2902 702 2944 ipsos,
726 2914 756 2936 ut
771 2908 796 2935 ἃ
813 2905 883 2933 alios

25 2947 163 2975 indicavit
177 2946 289 2973 Dattius
305 2944 429 2974 Diatriba
450 2947 480 2974 de
496 2946 643 2975 venditione
661 2947 818 2980 liberorum,
836 2953 882 2988 va-

23 2986 73 3014 riis
89 2983 159 3011 1οΕῑὲ
170 3004 177 3015 .
204 2988 267 3011 Cum
280 3004 287 3016 ,
315 2983 429 3019 inquam
440 3005 447 3016 ,
467 2984 557 3013 Sansti
571 2984 610 3013 illi
628 2984 723 3018 Patres
737 2985 772 3012 de
786 2982 892 3012 vendi-⁴

23 3024 103 3051 tione
119 3021 269 3049 liberorum
287 3028 388 3056 agunt,
411 3020 504 3058 pamm
521 3022 671 3056 affirmare,
692 3022 862 3059 &conqueri
873 3043 880 3056 ‚

23 3060 128 3090 liberos
143 3057 183 3087 ob
203 3066 239 3087 aes
259 3059 379 3087 alienum
395 3079 404 3094 ‚
432 3060 508 3095 quod
527 3061 571 3089 vel
585 3062 700 3100 privatis
713 3080 725 3095 ,v
741 3061 787 3089 vel
801 3060 881 3089 risco

23 3099 199 3130 debebatur,
216 3096 293 3126 fuisse
313 3096 455 3125 distractos
467 3118 480 3131 ,v
496 3097 523 3126 δι’
543 3098 640 3128 dubias
654 3099 721 3136 saepe
740 3099 818 3128 fuiss'e
833 3104 881 3135 pa*-

22 3143 97 3166 trum
111 3133 343 3169 deliberationes,
361 3141 443 3171 quem
468 3143 503 3164 ex
516 3134 594 3171 filiis,
611 3138 750 3172 iuniorem
760 3156 774 3172 ,«
789 3144 824 3165 an
841 3137 879 3166 sc-

21 3177 131 3204 niorem
146 3173 232 3203 essent
247 3173 407 3203 distrasturi.
427 3173 463 3203 Et
473 3179 566 3203 tamen
581 3184 614 3204 ex
627 3175 804 3205 Constantini
824 3177 842 3204 ι.
852 3184 886 3203 2.Δ

23 3213 54 3244 C.
69 3213 99 3242 de
116 3212 219 3244 Patrio.
233 3210 423 3253 qaifili'ossuor
440 3210 550 3250 afim-x.
565 3213 659 3253 palam
678 3213 737 3250 est,
752 3221 814 3245 non
828 3213 882 3247 nisi

828 98 1506 141 RESPONsio,

1741 116 1810 154 379

938 177 1069 217 rejicere
1087 178 1118 210 δι
1135 179 1217 210 velit
1237 180 1400 214 &debean
1425 181 1567 217 secui-um
1582 194 1662 218 vero
1680 185 1751 218 talis
1768 184 1813 218 di-

938 218 1078 260 rigentia:
1106 216 1201 252 fuiffe
1227 219 1340 253 Virum
1375 223 1605 265 Ainpliffimuin
1623 250 1635 266 ,
1666 227 1742 259 milii
1766 226 1811 259 iu-

939 260 1025 291 dicio
1056 258 1127 292 sunt
1164 261 1230 302 ejus
1261 262 1381 302 verba,
1423 268 1451 296 α.
1486 276 1512 298 c.
1543 268 1585 299 X.
1625 269 1727 309 palam
1754 266 1812 299 flu-

938 300 1076 332 ctuantia
1097 307 1173 344 pag.
1205 306 1278 344 366.
1309 303 1384 346 (ι)
1413 306 1548 346 primum
1580 310 1664 340 enim
1686 308 1812 341 accusat

939 340 1136 375 Christianos
1158 344 1337 385 Scriptores
1357 347 1491 385 eri-oris,
1516 349 1611 380 etiam
1636 351 1810 382 mendacii:

939 383 1026 426 quod
1044 384 1172 423 dicant,
1196 385 1354 418 infantum
1387 388 1619 430 expositionem
1644 390 1694 422 sua
1718 399 1813 464 aetatg

1728 442 1789 474 apu

929 516 1147 555 fiinguiriolentos
1171 522 1239 548 tunc
1263 521 1399 557 temporis
1420 516 1525 550 licuiffe
1543 521 1689 556 vendere,
1711 529 1764 550 nec
1783 529 1813 549 a-

938 554 993 589 lia,
1014 564 1099 592 quam
1117 557 1202 586 vissus
1224 559 1313 588 causa.
1337 559 1407 589 Sunt
1423 561 1507 597 igitur
1523 561 1548 589 &
1565 562 1606 590 hae
1620 561 1730 590 Patrum
1744 567 1811 596 que-

938 593 1000 622 rclae
1018 594 1053 622 de
1072 595 1158 623 saeculi
1177 599 1317 631 moribus,
1338 601 1388 635 qui
1412 599 1503 636 Leges
1527 600 1597 637 ipsas
1616 600 1795 637 subegerant.

976 632 1063 660 Aliud
1080 633 1177 663 addidi
1199 636 1224 664 d.
1245 637 1274 664 C.
1292 637 1328 666 X.
1349 636 1426 673 quod
1444 645 1470 666 tc
1484 647 1568 675 quam
1582 640 1703 668 maxime
1720 642 1811 674 urget,

939 675 1024 706 atque
1049 671 1121 700 adeo
1152 674 1282 703 intac‘tum
1309 677 1433 712 praeteris
1448 699 1455 711 ,
1478 683 1508 706 ut
1523 676 1581 706 fere
1602 674 1671 706 soles
1691 677 1786 706 omnia
1801 697 1811 710 ‚

937 715 998 744 quae
1020 708 1055 736 ad
1079 711 1107 736 τὸ
1131 711 1258 748 *padio-m
1285 715 1443 751 pertinent,
1471 715 1569 745 arrosis
1586 715 1662 750 aliis,
1683 724 1759 752 quae‚
1781 720 1814 744 ut

938 746 1062 775 Accursii
1079 750 1168 778 verbo
1183 757 1260 785 utar,
1271 754 1362 781 minus
1379 754 1522 790 pertinent
1536 755 1570 784 ad
1584 754 1736 784 Rhombum.
1759 754 1815 783 Di-

937 785 982 819 xi,
1010 785 1123 815 Parrum
1146 789 1311 820 sententiam
1343 800 1400 820 non
1430 791 1544 822 aliunde
1570 795 1658 830 magis
1682 792 1811 822 constare

937 823 1029 861 posse,
1059 834 1142 862 quani
1165 836 1201 855 ex
1225 828 1287 864 ipsis
1308 830 1454 864 Patribus,
1484 833 1511 860 in
1525 831 1626 860 eodem
1643 837 1811 868 argumento

938 865 1091 900 occupatis.
1133 866 1174 894 Ut
1190 868 1273 902 igitur
1288 868 1495 899 Tertullianum
1511 878 1545 899 ex
1560 871 1741 901 Tertulliano
1762 878 1812 899 ex-

936 901 1089 937 plicemus,
1122 905 1219 942 accipe
1241 906 1299 940 ejus
1325 907 1417 936 locum
1441 917 1474 937 ex
1498 908 1577 937 Libro
1590 910 1613 938 1.
1632 910 1666 939 ad
1680 910 1813 939 Nationes

936 939 966 968 C.
986 947 1027 974 15¹.
1057 940 1082 969 ἃ
1109 941 1200 976 hunc,
1233 945 1298 980 quia
1321 946 1414 974 brevis
1433 947 1488 981 est,
1511 948 1610 976 iterum
1629 948 1784 977 describam
1802 956 1813 978 :

935 977 998 1006 Nori
1013 980 1091 1007 aliter
1104 988 1149 1008 vos
1168 990 1261 1018 quoque
1277 982 1441 1020 infanticida
1490 987 1617 1015 Gentiles
1633 986 1811 1024 alloquitur)

936 1018 980 1053 qui
999 1016 1115 1055 infantes
1137 1027 1268 1049 enecantes
1294 1022 1420 1051 Lamnus
1447 1032 1567 1060 QUIDEM
1589 1033 1811 1060 vaomar-:Minu

929 1055 978 1093 jod
993 1057 1068 1084 nullae
1091 1059 1178 1095 magis
1194 1059 1280 1096 Leges
1303 1068 1356 1090 tam
1379 1063 1481 1099 impune
1494 1084 1500 1095 ,
1521 1069 1576 1091 tam
1585 1064 1677 1102 secure
1691 1086 1700 1098 ‚
1716 1066 1768 1103 jub
1787 1073 1814 1093 o-

936 1096 1036 1122 mnium
1050 1093 1205 1132 conscientia
1216 1100 1341 1128 uniusne.
1365 1120 1370 1127 .
1391 1119 1398 1128 ,
1423 1121 1430 1128 .
1451 1102 1553 1129 tabellis
1570 1103 1720 1132 eluduntur.
1744 1103 1815 1132 Ver·

937 1132 1004 1160 bum
1026 1133 1155 1161 mutilum
1170 1144 1204 1165 ex
1228 1137 1387 1172 conjectura
1409 1137 1536 1176 siibplevi
1561 1145 1586 1176 ρ,
1607 1145 1670 1175 366.
1694 1141 1719 1170 δι
1734 1141 1814 1170 casti-

938 1171 1003 1206 gavi
1019 1171 1174 1208 infelicem,
1196 1182 1279 1210 quain
1297 1181 1327 1204 tu
1341 1178 1487 1210 tentabas,
1513 1179 1654 1207 Criticam.
1687 1179 1742 1207 Sed
1757 1180 1814 1208 hoc

936 1210 994 1244 jam
1019 1217 1077 1237 non
1101 1218 1164 1246 ago,
1207 1213 1328 1250 Jacolius
1352 1215 1548 1245 Gothofredus
1566 1239 1573 1251 ,
1602 1222 1633 1246 ut
1650 1217 1688 1246 ibi
1706 1218 1816 1246 indica·

939 1247 1019 1281 barn,
1051 1247 1086 1275 ad
1113 1250 1131 1277 l.
1152 1258 1179 1285 4.
1207 1250 1236 1279 C.
1265 1251 1314 1281 Tb.
1341 1253 1375 1282 ad
1401 1253 1436 1283 L.
1458 1255 1557 1284 Cornel.
1579 1256 1610 1284 (le
1631 1255 1715 1285 Sicar.
1736 1256 1814 1286 hunc

939 1286 1033 1315 locum
1051 1287 1168 1322 extulit,
1191 1296 1221 1318 iit
1238 1290 1434 1328 infanticidia,
1463 1294 1548 1323 etiam
1581 1292 1751 1324 Tertulliani
1780 1304 1815 1324 ω-

939 1333 993 1358 νο,
1018 1325 1139 1361 Legibus
1162 1329 1286 1358 coercita
1308 1329 1388 1359 fuiss'e
1408 1332 1550 1369 probaret.
1604 1333 1722 1371 Legibus
1755 1335 1814 1372 qui—

939 1363 995 1392 dem
1006 1384 1021 1403 ,ξ
1037 1365 1148 1400 inquit,
1167 1367 1352 1403 prohibemini,
1367 1369 1417 1408 sed
1429 1372 1507 1400 izulloe
1520 1374 1607 1409 magis
1626 1379 1679 1401 tam
1697 1374 1815 1410 impune,

938 1408 991 1431 tam
998 1403 1090 1440 secure
1106 1404 1256 1435 eluduntur.
1299 1407 1400 1437 Omnis
1424 1416 1517 1438 autem
1539 1410 1632 1440 nostra
1658 1411 1814 1449 disputatio

939 1439 977 1468 est
994 1441 1028 1469 de
1049 1442 1171 1477 Legibus
1188 1444 1346 1480 duntaxat,
1377 1447 1403 1476 δι
1417 1448 1447 1476 de
1470 1449 1525 1482 bis,
1549 1450 1640 1486 inquit
1658 1450 1816 1480 Gothofre-

940 1478 1006 1512 dus,
1029 1478 1159 1516 conflabat
1174 1503 1181 1515 ,
1208 1482 1257 1520 mfi
1282 1484 1347 1520 quod
1366 1488 1480 1515 moribus
1489 1487 1548 1524 jam
1562 1491 1704 1524 corruptis.
1725 1490 1756 1518 de
1764 1489 1819 1528 fa-

938 1518 975 1546 ebo
995 1518 1046 1559 hoc
1063 1519 1143 1547 caedes
1166 1520 1384 1559 dzffimularetur,
1413 1523 1450 1560 ὅ)
1469 1527 1497 1554 in
1515 1528 1721 1564 consuetudinem
1736 1536 1815 1558 vene·

937 1563 995 1590 rat,
1008 1555 1058 1593 Jed
1073 1557 1103 1585 cle
1122 1559 1166 1586 illo
1185 1561 1349 1597 dubitatum,
1376 1572 1487 1599 quanam
1506 1570 1579 1601 pona
1599 1564 1760 1602 infanticida
1778 1572 1817 1597 te-

938 1601 1052 1623 neretur.
1094 1596 1130 1625 Et
1154 1603 1247 1627 tamen
1269 1600 1343 1629 hunc
1368 1601 1464 1631 locum
1480 1604 1532 1631 Vir
1548 1602 1621 1632 Clar.
1646 1603 1768 1634 securum
1786 1614 1816 1634 a-

937 1642 1005 1670 gens
1025 1642 1133 1668 aevuin,
1165 1635 1230 1676 Jtil.
1253 1637 1333 1667 Paul.
1363 1639 1392 1668 C.
1409 1641 1444 1669 11.
1474 1641 1531 1679 ipse
1550 1642 1684 1673 adducit.
1707 1644 1752 1673 sed
1774 1644 1815 1674 ita

937 1671 1069 1706 exaudit,
1098 1679 1182 1709 atque
1215 1674 1234 1704 fi
1257 1677 1450 1707 Tertullianus
1473 1680 1630 1717 respexisset
1654 1682 1689 1710 ad
1706 1683 1816 1719 Legem

935 1710 1051 1739 Romuli
1062 1732 1069 1744 ,
1080 1718 1134 1747 qua
1149 1712 1223 1747 juffit
1236 1715 1344 1751 prolem
1358 1717 1507 1747 masculam
1522 1719 1600 1753 tolli,
1611 1719 1636 1748 δι
1654 1729 1687 1749 ex
1703 1721 1816 1752 filiabus

935 1750 1152 1787 primogenitam
1162 1773 1170 1784 ,
1186 1752 1232 1781 vel
1243 1754 1278 1781 ad
1287 1754 1377 1790 Leges
1390 1756 1560 1786 X11.Tabb.
1582 1757 1682 1794 quibus
1692 1759 1739 1788 illa
1753 1760 1816 1790 Ro-

937 1788 1005 1816 muli
1021 1788 1082 1816 Lex
1097 1788 1199 1819 inserta
1213 1790 1322 1827 fuisset,
1346 1799 1377 1821 ut
1393 1793 1498 1824 scilicet
1517 1796 1558 1824 hae
1576 1797 1681 1833 Leges.
1703 1798 1738 1827 ad
1754 1807 1815 1828 cer-

938 1832 997 1855 tum
1025 1826 1143 1856 modum
1157 1851 1164 1863 ,
1193 1829 1371 1860 infanticidia
1394 1833 1506 1868 quidem
1523 1835 1744 1872 prohibuissent,
1766 1836 1816 1866 sed

937 1870 1030 1893 tamen
1047 1865 1160 1903 impune
1177 1866 1202 1896 ὅ(
1218 1868 1311 1898 secure
1333 1869 1445 1900 fuissent
1461 1873 1552 1901 elusae.
1589 1875 1631 1902 Ita
1654 1874 1746 1904 scribit
1760 1877 1816 1906 Vir

937 1903 1011 1932 Clar.
1036 1910 1188 1941 antequam
1204 1907 1230 1935 ei
1248 1907 1409 1939 suboluisset
1431 1910 1570 1948 posterior
1592 1913 1651 1941 Lex
1659 1913 1785 1943 fRomuli
1800 1937 1813 1950 ,

936 1950 992 1978 qua
1014 1942 1136 1978 priorem
1159 1944 1330 1982 abrogavit,
1358 1947 1384 1976 δι,
1405 1949 1530 1985 patribus
1550 1950 1595 1984 jus
1615 1952 1677 1979 vitae
1694 1952 1719 1981 ὅ(
1735 1954 1815 1983 necis

933 1981 962 2008 iri
987 1982 1124 2015 integrum
1149 1982 1287 2019 restituit,
1320 1985 1345 2013 ἃ
1366 1995 1428 2023 quoe
1445 1986 1586 2023 posterior
1605 1990 1668 2019 ΧΗ.
1691 1991 1813 2021 Tabulis

934 2018 1034 2047 inserta
1047 2018 1116 2053 fuit,
1140 2027 1169 2050 ut
1183 2022 1296 2052 abunde
1318 2025 1438 2061 probavi
1460 2025 1555 2063 Opusc.
1586 2027 1616 2056 C.
1639 2028 1674 2056 ll.
1699 2028 1736 2064 ὅ)
1756 2031 1812 2060 ΙΧ.

935 2056 960 2086 &
979 2057 1056 2094 supra
1077 2058 1101 2094 Β.
1122 2059 1142 2086 1.
1165 2069 1192 2088 n.
1217 2069 1242 2090 1.
1267 2061 1311 2090 sed
1329 2061 1476 2099 postquam
1498 2066 1569 2093 Viro
1586 2066 1660 2095 Clar.
1678 2067 1814 2098 Commen-

933 2097 1001 2124 tario
1021 2096 1057 2124 ad
1081 2095 1136 2125 Tic.
1186 2119 1192 2126 .
1216 2098 1246 2127 de
1268 2100 1324 2128 His
1338 2101 1509 2140 quisuntsuz'
1523 2104 1567 2131 vel
1580 2105 1659 2133 alien.
1671 2106 1730 2143 jur.
1751 2109 1812 2143 jam

937 2134 1097 2163 suboluisset
1111 2139 1159 2172 pol
1176 2137 1249 2166 erior
1265 2138 1308 2166 lex
1322 2139 1455 2174 Romuli,
1479 2140 1505 2169 δι
1526 2141 1674 2180 postquam
1690 2145 1747 2181 ipse
1770 2146 1811 2175 0-

931 2173 1003 2211 piisc.
1026 2172 1055 2201 C.
1073 2174 1109 2202 X.
1131 2174 1197 2213 veis
1213 2174 1373 2213 Clariffimus
1387 2178 1536 2214 Nomium,
1559 2180 1671 2218 liquido
1686 2183 1808 2220 ostendi.

935 2211 1143 2241 Tertullianum
1159 2221 1216 2242 non
1241 2216 1385 2253 respexisse
1409 2217 1444 2246 ad
1465 2218 1558 2255 Leges
1571 2222 1735 2258 abrogatas,
1761 2223 1810 2253 sed

936 2259 952 2278 a
986 2251 1076 2287 Leges
1092 2248 1131 2279 sui
1151 2254 1299 2289 temporis,
1321 2264 1384 2292 quae
1405 2262 1462 2284 non
1484 2265 1561 2286 cert·
1578 2259 1683 2292 modo,
1707 2270 1808 2292 rerum

933 2288 1094 2326 simpliciter
1111 2290 1137 2318 δι
1151 2292 1318 2327 generaliter
1334 2293 1512 2324 infanticidia
1527 2297 1735 2333 prohibebant,
1748 2308 1809 2330 non

935 2327 998 2356 satis
1021 2328 1216 2358 animadverto
1231 2353 1238 2364 ‚
1267 2333 1508 2368 quemadmodum
1530 2336 1582 2363 Vir
1605 2336 1680 2365 Clar.
1708 2338 1733 2374 §-
1755 2339 1808 2368 VI.

933 2367 1035 2395 iterum
1056 2369 1182 2404 potuerit
1201 2378 1360 2406 provocare
1375 2373 1409 2399 ad
1432 2373 1506 2400 bunc
1515 2373 1685 2403 Tertulliani
1698 2376 1809 2412 iocum,

935 2406 983 2441 qui
999 2405 1042 2433 vel
1060 2405 1131 2434 solus
1148 2408 1174 2435 ei
1196 2408 1346 2438 refutando
1366 2409 1484 2445 sufficit,
1505 2419 1540 2439 ne
1555 2412 1674 2441 verbulo
1689 2414 1807 2451 quidem

934 2444 968 2471 iis
986 2443 1125 2480 reposito,
1148 2454 1209 2482 quae
1229 2448 1338 2483 prolixe
1359 2448 1525 2484 exsequutus
1549 2449 1606 2479 sum
1623 2451 1681 2488 ὡς
1709 2452 1809 2482 Claris-

925 2481 1010 2520 fimus
1037 2481 1166 2511 Noodtius
1182 2506 1190 2518 ,
1217 2486 1243 2514 &
1263 2493 1323 2522 quae
1339 2486 1385 2515 hic
1410 2495 1466 2515 non
1483 2494 1593 2525 repeto,
1631 2490 1693 2526 Ego
1709 2493 1807 2522 malim

934 2521 1126 2550 vadimonium
1143 2521 1285 2557 deserere,
1307 2533 1390 2561 quam
1406 2526 1446 2554 ita
1461 2524 1611 2562 disputare.
1652 2530 1742 2565 Igitur
1756 2531 1806 2560 ad-

933 2559 989 2587 huc
1011 2559 1078 2587 mibi
1102 2560 1190 2594 sedet,
1229 2562 1343 2592 Sanaos
1364 2564 1475 2597 Patres,
1488 2573 1560 2598 ,cum
1579 2568 1742 2597 adversariis
1763 2570 1804 2599 di·

934 2597 1092 2634 sputanteS,
1120 2600 1224 2628 bonam
1247 2600 1330 2630 sidem
1350 2610 1411 2630 non
1425 2603 1530 2640 semper
1548 2604 1679 2640 servasse,
1701 2606 1727 2635 ὅς
1746 2608 1810 2638 ὴοσ

933 2642 996 2664 tuto
1012 2636 1066 2664 dici
1076 2637 1167 2674 posse,
1186 2639 1270 2667 etiam
1287 2641 1315 2668 in
1332 2641 1388 2669 boc
1401 2649 1583 2678 argumente,
1605 2642 1623 2671 si
1639 2645 1709 2673 nihil
1724 2646 1802 2676 aliud

932 2674 1097 2711 superesset,
1119 2675 1162 2704 sed
1180 2677 1313 2714 superesse
1330 2679 1406 2707 aliud
1417 2701 1427 2713 ,
1445 2687 1538 2717 neque
1558 2683 1632 2710 enim
1648 2691 1696 2711 eos
1713 2684 1803 2714 incre-

930 2722 1014 2750 pare,
1042 2719 1073 2742 ut
1094 2715 1163 2742 milri
1185 2716 1301 2752 quidem
1330 2717 1461 2751 videtur,
1501 2719 1590 2756 Leges
1615 2721 1732 2757 impias,
1753 2722 1802 2752 sed

930 2760 1022 2781 mores
1046 2753 1163 2790 impios,
1184 2754 1210 2783 ἃ
1224 2755 1279 2784 hoc
1295 2755 1366 2790 effe,
1388 2756 1467 2793 quod
1488 2758 1556 2786 dixit
1580 2759 1772 2789 Tertullianus
1788 2782 1800 2795 ,

930 2790 1008 2826 cuius
1025 2791 1187 2821 testimonio
1196 2794 1283 2823 utitur
1297 2794 1511 2830 Gothofredus,
1525 2795 1551 2824 δι
1565 2797 1689 2824 abutitur
1698 2797 1800 2829 Nood-

931 2836 995 2859 tius.

967 2877 992 2897 1.
1013 2869 1058 2898 Ad
1083 2869 1141 2897 ᾔτεε
1161 2869 1188 2897 ἃ,
1209 2868 1317 2906 reliqua
1343 2871 1425 2906 huius
1447 2872 1470 2905 Ἴ.
1487 2872 1613 2910 νίκῃυῑε
1634 2880 1699 2901 uam
1715 2881 1798 2906 nota-

926 2907 982 2942 b0‚
1003 2916 1066 2936 cum
1086 2907 1165 2944 supra
1183 2909 1238 2943 jam
1254 2908 1399 2937 defunfftus
1414 2909 1471 2938 fim.
1510 2909 1602 2937 Amici
1621 2919 1673 2938 mia
1688 2911 1742 2945 est,
1764 2920 1799 2944 ut

925 2945 1021 2979 vides,
1043 2947 1100 2974 haec
1124 2945 1263 2984 respmfio,
1291 2945 1317 2974 &
1340 2947 1412 2974 hanc
1434 2947 1540 2983 excipit
1554 2948 1696 2984 egregium
1712 2951 1796 2980 bene-

927 2983 1048 3017 diffisum,
1079 2984 1244 3013 meditantem
1271 2984 1381 3012 aliorum
1395 2983 1497 3021 scripta
1511 2994 1637 3021 arguere,
1659 2986 1712 3016 &c.
1749 2990 1795 3020 De

926 3022 968 3051 his
993 3023 1138 3059 praeceptis
1165 3022 1239 3050 inter
1259 3029 1310 3049 nos
1332 3023 1492 3058 convenit,
1524 3022 1570 3051 sed
1587 3027 1769 3057 utrum-bene
1783 3047 1797 3064 ,ι

926 3067 974 3090 aut
989 3061 1061 3088 male
1073 3059 1211 3096 applices,
1232 3068 1289 3095 non
1305 3061 1451 3089 convenit.
1510 3095 1513 3098 ¹
1568 3096 1573 3098 ,
1693 3098 1696 3100 ¹
1733 3098 1737 3101 .

962 3107 988 3126 2.
1011 3097 1148 3133 Nuspiam
1180 3097 1280 3124 accuso
1303 3095 1399 3127 Patres
1425 3098 1583 3133 mendacii.
1616 3100 1693 3137 quod
1714 3102 1795 3133 dixe·

924 3135 1002 3169 rint,
1024 3134 1157 3173 infantum
1178 3134 1355 3172 expositionem
1370 3135 1423 3175 sua
1445 3143 1519 3166 cerate
1543 3146 1675 3168 potsse
1697 3149 1790 3171 LICI-

924 3183 1014 3203 TAM.
1037 3174 1164 3206 Excute,
1184 3172 1361 3240 quaedctiixibp.
1382 3179 1449 3211 366.
1471 3175 1584 3213 ad‘quae
1597 3181 1792 3218 provocas,.&

1190 3233 1198 3246 ,
1227 3220 1243 3239 a
1276 3219 1315 3241 cri
1337 3222 1362 3244 e.

921 3214 1027 3249 verba,
1054 3209 1075 3243 si
1092 3216 1175 3250 potes

1180 3250 1202 3281 B
1220 3249 1238 3278 b
1261 3251 1277 3278 b
1299 3259 1316 3280 2

1404 3215 1582 3247 Generaliter
1609 3215 1693 3255 dixi,
1724 3219 1796 3286 suffio
1835 3235 1839 3238 ·
