2008 3436
221 105 662 153 OBSERVATIONUM
711 102 849 154 JURIS
899 102 1111 142 ROMANI
1160 104 1248 140 LIB.
1275 102 1324 141 V.
1384 103 1423 141 C.
1450 102 1513 140 IX.
1539 100 1585 140 X.

19 198 163 239 exhibet,
189 196 311 231 seorsim
330 194 368 226 ab
387 191 535 235 epitoniis
552 189 682 223 exhibet
696 185 810 234 fistula
828 186 879 218 ad-

15 244 170 286 plunzhaza
187 265 195 278 ‚
223 238 331 277 nulla,
357 235 441 277 quod
468 233 562 267 sciam
577 256 587 272 ,
612 230 798 262 auctomate
815 251 825 267 ,
851 228 881 259 δε

23 283 109 317 sensu
135 283 238 315 minus
265 277 444 311 commodo.
490 274 581 316 Apud
607 270 801 320 Paul-umL.
825 268 878 301 111.

21 328 155 359 Sentent.
183 323 214 355 Τ,
228 325 258 353 6.
283 320 311 363 §.
335 323 386 359 65.
413 319 442 350 16
465 317 527 349 itur
545 324 628 347 nunc
639 320 781 360 epizo-ma,
797 319 882 342 nunc

19 368 175 407 epitomia,
201 362 306 404 scripti
325 369 424 392 tamen
472 357 594 396 odices,
607 363 641 387 ut
657 354 810 402 ‘CuJacrus
825 351 880 383 ob-

20 409 156 443 servavit
174 432 182 446 ,
214 407 370 446 epitonsa3
409 399 492 443 quod
522 399 576 430 ille
596 403 729 440 probat,
756 394 805 426 icd
830 392 880 425 Cl.

20 449 234 487 Schultinaius
257 443 407 486 episiomia
430 439 558 483 praefert
577 464 586 479 ,
612 438 699 471 &ita
713 446 797 485 nunc
814 434 883 466 fere

20 493 122 524 editur
136 482 261 521 Sssnecae
281 484 415 527 Epistola
433 487 484 517 86.
506 482 626 523 Pauper
635 479 693 519 fibi
708 481 832 510 videtur
847 486 881 525 ac

14 533 153 575 sordibus
175 553 304 562 .....
329 525 384 565 nili
421 534 529 566 aquam
558 528 702 565 argentea
731 518 882 566 epi-stomin

20 576 156 610 fuderint
171 596 180 608 ,
204 579 275 603 cum
292 576 415 601 veteres
431 575 534 598 tamen
558 565 649 604 libri,
674 571 807 595 notante
830 560 881 593 L1-

11 611 102 659 prio,
125 611 326 646 exhibuerint
346 610 517 651 epitomica
544 607 596 639 vel
616 606 773 646 epitorrzia,
787 602 883 650 ’un-de

21 657 109 690 &ibi
133 656 260 697 epitonia
275 652 400 684 16101111
422 649 581 696 CujuciuS.
626 648 686 680 Sed
707 656 747 678 cx
772 644 882 690 libris,

20 707 151 747 quorum
169 696 264 729 lectio
281 704 298 725 6
343 692 455 729 dubia,
471 701 509 722 in
525 698 668 722 neutram
691 695 810 729 partem
837 685 882 716 d1-

21 739 134 782 iputari
150 736 273 781 potest,
299 745 371 767 cum
388 735 419 765 in
439 741 602 773 utramque
618 730 733 776 poffitn
754 727 886 776 liudaeus

21 781 191 823 epifiomion
214 778 324 810 delinit
339 782 531 808 ‹eramencum
544 797 553 811 ‚
572 783 628 814 quo
641 782 694 804 ora
710 772 887 811 salienttum

22 826 204 856 obturantur
217 844 226 859 ,
252 819 286 854 &¹
307 820 473 851 laxantur,
495 826 560 847 cum
575 822 645 855 opus
663 812 723 854 esi,
742 816 812 845 dum
827 820 885 842 ma-

22 877 63 898 nu
88 867 211 896 ditcitur
232 861 417 893 vernonium
439 858 515 890 illud
532 856 710 898 pertusum,
734 855 808 897 quod
834 854 885 883 ad-

23 909 121 939 mittit
145 907 194 938 vel
217 910 300 935 arcet
331 911 438 943 aquam
457 924 466 937 ‚
488 906 577 940 prout
599 901 649 930 boc
668 903 720 929 aut
740 897 790 927 zlzo
806 895 885 925 modo

24 949 176 989 versatur.
237 954 305 976 uam
325 941 540 974 definitionem
558 939 610 970 alii
626 938 709 971 suam
727 937 882 984 fecerunt.

25 990 140 1023 Probat
157 988 288 1021 Budaeus
304 985 333 1016 δε
352 981 601 1014 emendationem
621 981 651 1012 ὸς
667 979 885 1025 definitionem

27 1031 109 1064 suam
132 1026 317 1062 auctoritate
343 1022 483 1055 Vitruvii
519 1022 552 1053 L.
580 1020 623 1054 X.
655 1023 689 1052 de
713 1017 883 1052 Arconetr.

26 1074 59 1105 C.
85 1082 131 1113 ¹3·
155 1069 205 1101 scd
220 1065 379 1107 agnoscit,
405 1072 462 1095 nec
482 1062 524 1094 ibi
548 1063 714 1095 lectionem
731 1059 883 1097 constare3

27 1116 56 1146 ὅς
78 1112 211 1152 Scaliger
229 1100 375 1144 exhibet,
399 1113 493 1145 atquc
509 1104 613 1136 1111116
637 1104 731 1135 etiam
755 1103 883 1142 epitonia

24 1156 186 1193 legeretur.
232 1149 295 1181 Alii
320 1145 419 1179 aliter.
464 1145 524 1178 Sed
546 1145 567 1177 si
590 1145 642 1177 vel
660 1143 837 1176 constanter
854 1152 883 1174 a·

23 1186 84 1238 pud
100 1191 283 1225 Vitruvium
305 1189 460 1230 legeretur
480 1186 647 1228 epiJiomia,
666 1195 726 1228 ego
744 1186 776 1217 in
799 1185 829 1217 h.
844 1183 884 1231 ᾗ..

24 1236 177 1269 servarem
201 1232 330 1274 epitonia
351 1254 359 1266 ,
393 1238 466 1260 cum
489 1231 519 1261 ἃ
542 1228 638 1260 t0ties
659 1237 695 1259 ea
720 1236 787 1258 vox
811 1226 886 1258 a11b1

23 1284 190 1313 occurrat,
214 1275 244 1306 ὃς
263 1272 360 1313 magis
373 1270 451 1302 mihi
467 1270 611 1301 videatur
629 1278 702 1311 apta
720 1268 756 1300 ad
775 1267 884 1307 usum,

23 1319 73 1350 cui
102 1316 239 1350 serviunt
257 1338 266 1353 ,
299 1311 556 1354 fignificandum:
589 1320 660 1347 nam
683 1320 737 1351 per
756 1311 885 1352 epitonia

7 1359 169 1400 intelligo
199 1355 296 1387 rostra
314 1378 323 1394 ,
357 1354 386 1385 &
415 1361 611 1393 quaecunque
645 1353 748 1393 capita
773 1350 886 1384 fistula-

23 1409 92 1432 rum
108 1423 118 1439 ‚
149 1397 261 1439 quibus
286 1396 415 1427 effluens
436 1403 514 1435 aqua
538 1394 570 1425 in
594 1394 710 1434 arctum
731 1393 857 1435 cogitur
874 1417 885 1433 ,

24 1440 186 1482 stringitur
202 1462 212 1478 ,
254 1442 306 1466 ἀπὸ
330 1437 347 1466 ἐ
373 1439 445 1466 πίνω.
491 1434 534 1466 Et
559 1435 736 1467 ornamenti
762 1436 792 1468 ὅ(
816 1433 887 1467 usus

23 1482 124 1526 gratia
148 1482 218 1513 haec
239 1477 350 1512 fistulis
373 1476 451 1509 olim
475 1475 665 1511 addebantur
681 1500 693 1517 ,
735 1476 765 1515 ὅς
793 1476 888 1509 etiam

655 1574 1016 1612 CAPUT

1728 105 1799 148 153

924 195 1008 218 nunc
1027 185 1183 217 adduntur
1202 207 1212 224 ,
1236 193 1301 215 non
1319 191 1356 215 ut
1377 193 1488 225 aquam
1506 185 1695 217 coercerent
1712 206 1723 223 ‚
1747 178 1801 216 scd

923 235 960 260 ut
969 229 1162 268 funderem,
1189 234 1224 257 ut
1245 225 1291 258 est
1312 225 1343 257 in
1365 234 1423 265 eo,
1450 236 1543 267 quem
1559 227 1643 266 dixi,
1669 226 1800 259 Senecae

924 269 1032 309 Ioco3
1063 267 1232 310 epistomion
1269 275 1375 298 autem
1412 266 1457 299 est
1486 271 1546 299 oris
1570 268 1802 307 obturandum,

925 311 1011 352 quod
1025 321 1137 353 aquam
1157 309 1288 352 impedit
1305 333 1314 347 ‚
1340 318 1404 340 non
1418 318 1592 353 promovet
1607 333 1616 348 ,
1653 309 1737 351 quod
1764 320 1802 341 os

924 352 1036 386 fistulae
1053 351 1207 391 obstruit,
1232 360 1272 384 nc
1288 360 1366 391 aqua
1380 349 1560 382 cflundatur
1573 374 1582 389 ,
1607 360 1680 382 cum
1699 359 1803 384 tamen

925 403 1073 436 argentea
1089 394 1232 436 epitonia
1249 401 1358 434 aquam
1376 391 1520 423 fundant.
1561 391 1621 424 Sed
1640 392 1721 433 apud
1744 393 1800 423 Vi—

927 437 1068 468 truvium
1097 441 1127 468 a.
1156 435 1197 468 L.
1226 434 1270 468 X.
1296 435 1329 466 C.
1356 442 1404 476 13.
1429 434 1526 475 magis
1549 432 1618 472 est,
1644 441 1679 465 ut
1697 433 1802 475 episto*

926 481 985 510 mia
1009 479 1171 520 legamus,
1211 486 1276 509 non
1307 477 1439 515 epitonia
1458 499 1468 515 ,
1508 485 1580 507 nam
1606 475 1649 506 ibi
1667 474 1804 517 fingatis

926 522 1082 552 canalibus
1105 520 1228 562 fingula
1264 517 1414 560 epistomz'a
1435 520 1512 558 sunt
1548 516 1665 555 inclusa
1697 527 1801 550 manu-

926 565 1001 595 briis
1016 564 1145 602 ferreis.
1190 560 1393 593 Addebantur
1416 557 1539 591 scilicet
1564 558 1730 600 epistomia
1752 569 1801 591 ca-

927 605 1043 636 nalium
1062 604 1132 643 ori,
1157 603 1196 634 ad
1214 600 1296 644 ipsos
1315 600 1506 634 claudendos
1522 625 1532 641 ,
1557 599 1803 633 excurrentibus

926 646 1095 679 manubriis
1116 653 1207 676 extra
1232 643 1349 675 fistulas
1366 666 1377 681 ,
1410 642 1523 684 quibus
1547 642 1652 674 denuo
1674 643 1802 674 extrahi

927 687 1061 729 possent.
1107 687 1166 719 Sed
1185 686 1254 728 plus
1270 684 1342 717 satis
1358 685 1397 716 dc
1415 686 1563 725 epitomis.
1575 683 1803 716 Gothofredus.

929 729 1022 761 Notis
1038 729 1076 761 ad
1097 728 1177 761 hanc
1200 727 1278 761 Voc.
1303 726 1380 758 adeo
1396 726 1533 768 ineptit,
1557 735 1594 758 ut
1611 724 1729 758 referre
1744 735 1801 767 pu-

928 771 1008 802 deat.

971 812 1116 844 Tandem
1134 811 1162 852 §.
1183 815 1212 845 8.
1234 817 1286 842 aut
1302 821 1366 852 quae
1382 816 1468 843 terra
1484 811 1688 842 continentur.
1718 808 1803 842 Haec

929 864 946 885 a
970 852 1183 895 superioribus
1207 851 1372 893 separatim
1394 853 1494 894 accipi
1515 851 1653 894 possunt.
1703 850 1804 883 Terra

928 902 1033 926 autem
1057 896 1205 926 contineri
1228 895 1392 935 proprium
1409 893 1563 934 JCtorum
1583 893 1716 925 verbum
1742 893 1806 925 effe

928 936 1011 968 dixit
1031 937 1148 968 Seneca
1172 935 1213 967 L.
1239 935 1278 967 11.
1305 935 1424 968 Natur.
1451 934 1566 980 Quaeji.
1593 935 1624 966 C.
1656 944 1683 967 1.
1730 935 1803 968 Ter-

930 979 992 1014 tia,
1016 978 1079 1017 ait,
1105 978 1159 1008 illa
1180 978 1295 1017 parsde
1310 979 1417 1018 agris,
1441 980 1554 1016 terris,
1579 976 1805 1018 arbustissazis

928 1022 1037 1061 quaerit
1051 1043 1060 1057 ‚
1085 1018 1142 1057 ξ’ῗ,
1164 1025 1198 1050 ui
1215 1017 1369 1059 JCcorum
1383 1021 1472 1051 verbo
1489 1026 1583 1059 utar,
1602 1021 1637 1052 de
1651 1021 1803 1060 omnibus,

929 1070 1010 1102 QUAE
1034 1070 1118 1092 soto
1144 1069 1412 1093 coNT1NENTUR.

969 1101 1061 1133 Addo
1086 1101 1220 1133 ἐπίέλὴμα
1242 1100 1279 1132 ad
1302 1100 1330 1142 §.
1356 1112 1385 1139 9.
1411 1101 1551 1142 ejusdem
1568 1102 1595 1134 ‘l.
1621 1111 1668 1144 17.
1693 1103 1739 1135 ait
1764 1104 1803 1136 il.

928 1144 957 1175 Ie
981 1143 1009 1185 ᾗ.
1035 1143 1124 1176 villae
1153 1142 1214 1174 effe
1230 1141 1360 1184 sigilla.
1402 1145 1556 1176 columnas
1583 1154 1698 1185 quoque
1718 1169 1726 1184 ‚
1766 1144 1804 1181 ἐξ

923 1188 1085 1227 personas,
1107 1195 1144 1218 ex
1159 1195 1290 1226 quarum
1308 1183 1415 1226 rostris
1435 1187 1619 1227 aqunsalire
1630 1188 1715 1225 solet.
1743 1187 1804 1218 Ea-

928 1228 999 1259 dem
1017 1227 1084 1259 fere
1097 1227 1194 1259 verbu
1218 1225 1309 1267 supra
1332 1226 1556 1268 repraesentavi
1580 1237 1621 1260 ex
1643 1226 1806 1260 Glossario

929 1269 1131 1302 PetronianO.
1171 1267 1223 1301 De
1241 1268 1348 1310 sigillis
1364 1269 1430 1311 egit
1444 1269 1580 1302 Budaeus
1594 1270 1632 1302 ad
1657 1271 1686 1301 h.
1712 1268 1740 1311 §.
1765 1269 1806 1301 de

929 1309 1070 1352 personis
1091 1309 1274 1342 salientibus
1293 1310 1397 1351 plures
1416 1311 1480 1344 alii.
1507 1311 1559 1343 Ex
1574 1321 1614 1343 eo
1634 1312 1730 1343 etiam
1745 1310 1803 1342 Pe-

930 1353 1029 1384 tronii
1054 1351 1214 1384 Gloffario
1241 1352 1434 1392 improbabis
1450 1376 1460 1393 ,
1486 1353 1572 1395 quod
1596 1353 1641 1385 ait
1671 1351 1807 1384 Curtius'

929 1394 970 1425 L.
994 1393 1034 1426 II.
1063 1393 1233 1436 Conjeetur.
1260 1393 1292 1424 C.
1313 1404 1344 1431 9.
1367 1403 1426 1436 pro
1445 1398 1590 1437 personas
1613 1396 1647 1427 in
1664 1396 1694 1427 d.
1718 1394 1747 1436 §.
1768 1403 1804 1431 9.

930 1435 991 1468 ess'e
1009 1436 1177 1478 legendum
1192 1437 1305 1468 iconas.
1322 1478 1326 1481 ι

1115 1574 1162 1614 Χ.

588 1678 644 1714 Ad
664 1678 704 1721 L.
726 1689 762 1723 9.
790 1677 829 1714 ff.
855 1677 900 1714 de
927 1677 1035 1716 Grad.
1061 1678 1100 1716 &
1123 1679 1232 1716 adfin.

114 1793 156 1817 on
181 1781 228 1817 est
249 1784 286 1817 ad
303 1792 451 1823 manum,
475 1781 530 1825 qui
548 1781 627 1813 mihi
644 1780 788 1813 videatur
803 1782 886 1814 reete

133 1825 299 1868 explicaffe
322 1828 351 1858 d.
373 1826 394 1858 l.
415 1836 444 1863 9.
492 1823 590 1871 Quod
606 1831 642 1854 ut
678 1822 808 1863 robem,
832 1834 884 1856 an-

25 1875 196 1902 te'moneo
208 1891 219 1908 ,
250 1869 382 1909 gradum
403 1876 468 1899 non
489 1864 609 1906 semper
626 1873 643 1895 e
670 1872 885 1906 eagnatorum

24 1915 271 1952 cognatorumve
301 1910 383 1941 inter
404 1908 436 1940 se
459 1906 636 1939 distantiam
651 1929 661 1945 ,
685 1904 736 1937 sed
759 1906 789 1938 &
807 1916 884 1947 quo-

22 1959 228 1992 rumcumque
241 1951 493 1993 propinquorum
514 1947 656 1980 ordinem
673 1947 736 1979 five
761 1947 884 1980 lineam.

23 1992 116 2034 Apud
123 1991 254 2025 Latinos
266 1993 383 2033 gradus
400 1992 572 2031 ordinisque
587 1986 765 2030 promiscua
780 1990 885 2030 appel-

25 2034 120 2074 latio,
145 2042 181 2065 ut
197 2034 278 2076 apud
297 2033 438 2066 Gellium
454 2032 500 2064 N.
523 2031 566 2064 A.
601 2031 641 2062 L.
662 2029 702 2062 V.
725 2031 757 2062 C.
784 2039 831 2071 13.
856 2031 886 2063 &

22 2077 137 2116 gradus
157 2084 216 2116 pro
235 2077 336 2108 ordine
357 2075 389 2106 in
409 2075 429 2106 l.
453 2084 483 2116 3.
510 2080 560 2114 pr.
573 2076 614 2115 ff.
635 2073 670 2104 de
695 2071 791 2104 Terin.
815 2078 884 2103 mot.

25 2125 97 2148 nam
112 2116 273 2156 subtilius,
292 2126 383 2158 quam
399 2117 505 2149 verius
519 2115 564 2147 ibi
584 2116 715 2157 gradum
736 2114 887 2156 interpre-

26 2165 111 2188 tatur
126 2156 274 2198 Cujacius
295 2159 401 2190 Comm.
422 2158 460 2189 ad
483 2159 504 2189 l.
526 2166 556 2196 4.
578 2158 619 2197 ff.
649 2158 684 2187 de
709 2155 821 2196 Usurp.
851 2154 888 2190 &³

24 2199 107 2235 usuc.
128 2201 161 2229 in
177 2197 235 2239 fin.
279 2199 435 2240 Antiquus
451 2208 578 2240 quoque
592 2198 681 2230 fimul
698 2197 728 2229 ἃ
748 2197 888 2238 optimus

25 2240 228 2273 Novellarum
247 2240 399 2281 interpres
420 2240 491 2276 πίξη
506 2249 570 2271 non
585 2239 666 2270 male
678 2241 808 2280 gradum
818 2248 887 2270 ver-

26 2282 68 2314 tit
86 2282 120 2314 in
141 2281 271 2322 Praefat.
294 2281 417 2313 Novell.
439 2279 591 2313 CXVIII.
638 2281 747 2312 Omnis
764 2280 887 2322 generis

24 2325 63 2356 ab
88 2324 230 2365 intestato
252 2321 392 2365 succeffio
413 2325 513 2354 tribus
535 2324 722 2363 cognoscitur
741 2323 888 2364 gradibus

25 2363 123 2406 (2003
144 2366 229 2403 πέξεω
288 2367 338 2397 boc
364 2363 406 2405 est
422 2388 433 2403 ‚
456 2364 678 2405 ascendentium
706 2363 743 2398 &²
774 2364 887 2403 descen-

25 2409 159 2439 dentium
176 2429 187 2445 ,
272 2417 310 2438 ex
335 2407 439 2438 latere.
482 2405 547 2438 Alii
565 2412 696 2437 vertunt
714 2407 889 2445 ordinibus,

24 2448 125 2489 reste,
149 2448 199 2481 sed
215 2458 274 2481 nec
310 2448 550 2489 improbandum
562 2449 709 2487 gradihus
721 2455 777 2487 ,ut
794 2447 890 2479 video

25 2491 193 2522 nonnullos
209 2490 384 2532 improbare
394 2490 425 2522 ὅ(
434 2488 669 2531 reprehendere.
680 2489 765 2521 Ordo
775 2489 804 2522 &
817 2499 889 2530 gra-

25 2532 81 2562 dus
128 2532 190 2563 aria
213 2540 338 2573 quoque
367 2530 437 2563 sunt
463 2530 544 2572 apud
567 2539 709 2562 veterem
732 2530 890 2572 juvenalis

27 2571 219 2617 Schoiasten
244 2573 281 2604 ad
312 2574 417 2614 satyr.
439 2572 526 2605 VIII.
550 2572 630 2612 vers.
659 2581 683 2604 1.
730 2574 861 2605 Stemma
878 2595 889 2611 ,

28 2613 153 2654 inquit,
188 2613 228 2654 efi
243 2615 364 2656 generis
388 2616 456 2646 ordo
479 2619 534 2645 aut
554 2614 681 2653 gradus.
727 2615 780 2647 Sic
806 2614 890 2646 enim

26 2652 99 2696 lego
107 2675 119 2692 ,
140 2663 203 2687 non
224 2663 260 2687 ut
272 2657 387 2696 gradus
405 2679 416 2695 ,
439 2655 524 2697 quod
554 2654 675 2687 sensum
697 2666 761 2688 non
785 2656 888 2688 habet.

27 2693 107 2739 §ane
128 2695 241 2729 Paulus
263 2697 295 2729 iu
318 2699 346 2729 b.
371 2698 391 2728 l.
417 2707 448 2735 9.
472 2707 528 2739 per
544 2699 679 2744 gradum
702 2697 781 2729 nihil
806 2697 891 2728 aliud

28 2735 204 2777 intellexit,
228 2738 279 2770 vel
292 2737 470 2781 intelligere
484 2738 592 2779 potuit
606 2762 616 2778 ,
640 2748 733 2780 quam
757 2741 890 2771 ordinem

30 2774 233 2825 five-lineam.
266 2779 351 2812 Ecce
368 2780 434 2821 ejus
450 2780 547 2812 verba
568 2791 606 2812 ex
626 2781 719 2812 Libro
741 2779 796 2813 IV.
819 2781 890 2812 Sen—

29 2823 193 2850 tenueram
209 2829 219 2849 ε
255 2822 400 2857 Στέμματι.
420 2824 628 2862 cognationum
655 2822 767 2854 dz'refto
795 2823 890 2855 limite

28 2860 61 2906 in
85 2861 161 2891 duas
176 2861 282 2893 ‘lineas
293 2862 477 2903 separantur
494 2885 504 2901 ‚
535 2874 664 2905 quarum
686 2865 785 2896 altera
799 2866 889 2906 supe-

29 2910 112 2938 rior,
133 2903 230 2934 altera
247 2904 395 2942 inferior,
417 2915 431 2936 e
435 2905 592 2945 superiore
609 2914 709 2938 autem
730 2906 767 2942 ὅ)
781 2908 889 2949 secun·

29 2944 63 2974 do
84 2952 204 2975 cnam]
224 2946 404 2985 transverse
423 2946 505 2978 lineoe
516 2950 656 2987 penalem.
686 2947 775 2993 Quas
792 2959 890 2982 omnes

29 2985 136 3016 latiore
153 2985 288 3018 trastatu
306 2988 403 3018 habito
424 2988 457 3019 in
471 2989 599 3020 Librum
615 2989 802 3030 singularem
823 3001 889 3023 con*-

28 3028 172 3058 teximus.
209 3026 366 3060 'Praefatio
394 3028 514 3062 Novell.
547 3030 698 3064 CXVIII.
735 3041 890 3065 coonatos

29 3067 180 3100 trifariam
205 3068 376 3108 diviserat,
399 3079 458 3101 nec
483 3071 574 3104 aliter
597 3072 710 3106 dividit
735 3058 833 3115 Gaojus
857 3075 889 3106 in

27 3109 47 3139 l.
74 3119 100 3140 1.
119 3112 160 3151 ff.
184 3110 210 3140 h.
235 3110 296 3141 Tit.
316 3111 397 3157 *quin
419 3120 477 3143 nec
500 3113 616 3153 aliter,
653 3114 676 3147 fi
695 3125 760 3147 rem
792 3115 890 3157 ipsam

27 3149 165 3190 speeies,
183 3150 296 3185 Paulus
314 3161 345 3183 1n
369 3153 399 3184 b.
425 3153 444 3183 l.
465 3162 496 3190 9.
521 3154 649 3186 Lineam
663 3156 779 3188 restam
798 3157 890 3188 aliam

26 3191 104 3224 facit
128 3191 339 3233 superiorem,
371 3193 463 3228 aliam
487 3193 669 3229 inferiorem
686 3220 697 3237 ,
721 3198 752 3232 &
778 3198 890 3234 deinde

928 1791 969 1816 ex
986 1790 1120 1824 utraque
1136 1782 1343 1816 transversam
1356 1807 1367 1824 ‚
1391 1793 1485 1827 quam
1500 1785 1545 1817 ait
1565 1785 1695 1827 pendere
1717 1789 1732 1817 e
1743 1785 1800 1827 su-

923 1828 1043 1866 periore
1065 1826 1101 1861 &
1117 1827 1246 1866 secundo
1267 1829 1389 1868 gradu,
1415 1826 1479 1858 hoc
1494 1826 1558 1867 est,
1583 1837 1624 1859 ex
1643 1827 1754 1859 ordine
1771 1837 1802 1859 a<

929 1866 1163 1906 scendentium,
1188 1877 1282 1909 quem
1297 1869 1486 1909 superiorem
1509 1869 1574 1901 five
1596 1871 1747 1909 primum,
1773 1868 1805 1901 δῦ

929 1909 1040 1940 ordine
1065 1908 1320 1941 descendentium
1340 1933 1350 1949 ‚
1374 1919 1468 1950 quem
1483 1910 1653 1950 secundum
1671 1913 1805 1952 gradum

929 1958 1050 1990 vocat,
1075 1950 1161 1992 quod
1177 1949 1242 1991 ipsa
1256 1950 1366 1983 Gloss'a
1378 1951 1439 1992 jam
1457 1952 1691 1984 animadvertit.
1730 1951 1805 1983 Per-

930 1991 1037 2033 spicuc
1066 1992 1108 2024 fic
1135 1994 1253 2033 gradus
1277 2002 1336 2034 pro
1360 1994 1463 2025 ordine
1486 1992 1550 2025 five
1574 1995 1679 2033 linea,
1712 2000 1749 2025 ut
1773 1992 1806 2025 &1

930 2034 1005 2065 alias
1026 2033 1107 2075 apud
1138 2034 1297 2072 Latinos,
1335 2033 1387 2066 sed
1409 2057 1420 2073 ,
1457 2044 1475 2066 e
1510 2034 1667 2067 converso
1691 2057 1701 2074 ,
1750 2033 1807 2066 ubi

931 2074 971 2106 de
991 2076 1112 2117 agnatis
1137 2075 1168 2107 ὅ(
1192 2076 1337 2117 cognatis
1362 2075 1464 2108 sermo
1488 2075 1534 2108 est
1550 2101 1560 2117 ‚
1585 2078 1655 2113 π’ξιν
1677 2076 1744 2109 five
1767 2075 1807 2107 li-

931 2127 1018 2148 neam
1039 2126 1099 2159 pro
1120 2119 1222 2159 gradu
1246 2115 1424 2159 usurpatam
1447 2127 1512 2151 non
1535 2118 1666 2151 memini
1689 2127 1740 2150 me
1763 2116 1808 2149 le-

932 2168 1013 2200 gere.

973 2199 1137 2242 Superest,
1162 2209 1199 2232 ut
1215 2209 1410 2242 quaeramus,
1443 2201 1518 2243 quid
1542 2201 1598 2236 fibi
1624 2201 1707 2234 velit
1727 2200 1808 2234 Pau-

930 2241 998 2282 lus,
1023 2251 1096 2274 cum
1113 2243 1174 2281 ait,
1201 2244 1396 2283 transversas
1419 2243 1515 2275 lineas
1536 2252 1700 2276 PENDERE
1724 2253 1739 2274 e
1749 2242 1806 2283 su-

927 2286 1044 2324 periore
1064 2283 1101 2318 &
1114 2285 1246 2324 secundo
1263 2286 1378 2326 gradu.
1423 2285 1548 2318 Basilici
1566 2285 1619 2317 hic
1645 2283 1807 2326 suppetias

930 2334 995 2357 non
1021 2324 1130 2357 ferunt
1147 2349 1158 2365 ,
1183 2335 1254 2357 nam
1277 2327 1306 2358 h.
1328 2327 1349 2358 l.
1374 2336 1404 2363 9.
1429 2327 1473 2358 ibi
1497 2326 1695 2359 desideratur.
1741 2324 1807 2358 Cun

932 2366 1031 2407 jacius
1047 2367 1084 2398 ad
1101 2366 1189 2399 Pauli
1210 2368 1348 2400 Sentent.
1363 2369 1403 2399 L.
1428 2367 1484 2399 IV.
1508 2367 1541 2399 Τ.
1566 2367 1606 2400 II.
1631 2367 1660 2408 §.
1682 2372 1711 2400 1.
1734 2376 1806 2408 per-

933 2408 1006 2439 inde
1021 2407 1082 2439 effe
1096 2416 1188 2450 putat
1208 2432 1217 2448 ,
1242 2418 1278 2441 ac
1297 2409 1320 2442 ss
1334 2408 1450 2441 Paulus
1467 2407 1594 2442 dixisset
1609 2430 1621 2449 ,
1646 2415 1808 2441 transver-

930 2449 996 2490 sam
1022 2450 1132 2481 lineam
1153 2452 1285 2491 incipere
1305 2461 1323 2482 a
1338 2451 1472 2491 secundo
1490 2453 1614 2492 gradu,
1641 2450 1678 2486 δ’
1694 2451 1771 2482 oriri
1787 2460 1807 2481 a

931 2491 1082 2532 superiore
1098 2491 1187 2524 linea.
1202 2492 1238 2524 In
1254 2492 1384 2525 eandem
1402 2491 1590 2525 sententiam
1601 2515 1612 2532 ,
1636 2492 1755 2524 addunt
1776 2501 1807 2523 aa

933 2533 988 2573 111,
1014 2543 1073 2575 qua
1089 2533 1277 2574 Justinianus
1300 2534 1385 2566 dixit
1409 2541 1456 2575 pr.
1478 2534 1556 2576 Ith.
1579 2537 1613 2566 de
1637 2534 1735 2566 Grae.
1762 2543 1808 2565 co-

930 2577 1067 2616 gnation.
1078 2576 1220 2617 superior
1238 2575 1274 2611 δ’
1291 2577 1421 2616 inferior
1437 2579 1574 2618 cognatio
1591 2586 1608 2608 a
1619 2578 1718 2617 primo
1732 2584 1806 2617 gra-

933 2619 975 2649 du
992 2618 1121 2659 incipit,
1145 2623 1178 2648 at
1196 2628 1248 2657 ea,
1271 2629 1334 2660 quae
1353 2628 1391 2660 ex
1405 2621 1582 2659 transverso
1595 2641 1603 2656 ‚
1626 2624 1808 2650 numeratur

932 2659 1099 2700 asecundo.
1144 2660 1205 2692 Sed
1230 2669 1327 2702 quum
1348 2661 1464 2702 gradus
1491 2660 1529 2693 fit
1555 2661 1635 2692 linea
1656 2659 1720 2691 five
1735 2660 1808 2691 ordo

932 2701 1014 2743 apud
1033 2700 1186 2740 Paulum,
1210 2711 1274 2734 non
1292 2702 1394 2742 aliud,
1420 2702 1552 2743 opinor,
1577 2700 1684 2733 voluit
1691 2707 1808 2740 ,quam

934 2742 1151 2774 collateralem
1176 2743 1319 2775 ordinem
1351 2753 1415 2775 non
1438 2742 1598 2776 subsistere
1616 2741 1678 2773 fine
1696 2740 1809 2773 ordine

932 2783 1168 2816 ascendentium
1189 2784 1219 2816 ἃ.
1236 2783 1512 2822 descendentium,
1537 2791 1630 2824 atque
1645 2782 1690 2813 ita
1706 2788 1748 2813 ex
1768 2791 1803 2813 u—

935 2832 1047 2866 troque
1072 2826 1208 2866 pendere
1223 2836 1233 2856 z
1262 2824 1361 2856 frater
1381 2826 1497 2866 quippe
1524 2824 1567 2855 ob
1590 2831 1712 2864 patrem
1731 2832 1807 2855 eun-

933 2867 1005 2899 dem
1019 2865 1118 2899 frater
1133 2866 1195 2906 est,
1213 2866 1255 2897 ob
1272 2866 1402 2898 fratrem
1419 2865 1621 2897 collateralis.
1646 2864 1698 2897 Sic
1707 2869 1806 2896 trans-

933 2906 1022 2940 versa
1037 2908 1121 2940 linea
1137 2908 1200 2940 fine
1217 2906 1403 2939 ascendente
1413 2907 1442 2938 &
1454 2905 1661 2938 descendente
1669 2914 1734 2938 non
1746 2904 1805 2944 est,r

933 2949 1166 2982 ascendentium
1192 2949 1223 2980 ὅ(
1247 2947 1502 2979 descendentium
1525 2948 1605 2979 ordo
1628 2947 1724 2980 etiam
1741 2947 1807 2979 fine

932 2990 1129 3029 collaterali,
1153 2989 1216 3021 hoc
1235 2988 1298 3028 est,
1323 2989 1452 3021 illorum
1473 2988 1555 3021 linea
1572 2998 1614 3020 ex
1632 2988 1809 3022 transversa¹

932 3041 997 3063 non
1015 3031 1130 3072 pendet
1145 3055 1154 3070 ‚
1179 3030 1226 3061 uti
1246 3029 1422 3061 transversa
1439 3031 1556 3071 pendet
1575 3040 1615 3062 ex
1638 3030 1749 3062 ordine
1774 3040 1804 3062 a-

932 3071 1150 3104 scendentium
1169 3071 1199 3103 &
1216 3070 1482 3103 descendentium.
1524 3071 1602 3104 Non
1616 3079 1696 3114 puto
1714 3071 1808 3103 aliam

932 3113 994 3146 effe
1016 3116 1046 3146 d.
1070 3114 1091 3144 l.
1116 3123 1145 3150 9.
1172 3111 1376 3152 sententiam,
1401 3113 1474 3154 quia
1486 3123 1539 3153 ea,
1564 3122 1656 3155 quam
1677 3112 1731 3144 alii
1751 3113 1805 3144 dea

932 3155 1046 3187 derunt
1061 3173 1072 3193 9
1095 3161 1248 3196 quamque
1275 3152 1464 3194 transcripsit
1485 3153 1659 3198 Dionysius
1680 3152 1805 3186 Gloffaa
1857 3160 1862 3163 “

935 3204 986 3231 tor
1002 3197 1040 3230 ad
1064 3198 1091 3231 h.
1115 3196 1134 3229 l.
1159 3204 1258 3237 neque
1279 3204 1356 3269 ver&
1374 3195 1436 3270 e2st‚
1454 3204 1554 3238 neque
1569 3196 1676 3232 verbis
1691 3197 1720 3229 d.
1725 3196 1803 3273 ‘'103‘-
