2008 3436
440 138 848 176 CORNELII
918 148 1027 175 VAN

191 147 256 180 133

825 243 1183 280 CAPUT

1101 132 1704 176 BYNKERSHOEK

1284 243 1329 278 X.

735 336 787 370 De
806 336 950 382 judicati
978 337 1010 369 in
1038 334 1163 379 duplam
1190 335 1401 368 revocatione.

275 441 291 462 e
305 431 434 472 judicati
454 434 484 466 in
501 434 631 477 duplum
639 432 845 465 revocatione
856 440 919 462 tres
927 431 1050 463 exstant

298 474 360 505 loci
389 475 419 505 in
443 475 649 519 Fragmemis,
677 484 746 515 quaz
764 482 803 503 ex
822 472 909 503 Pauli
931 473 1051 503 Senten-

184 518 236 546 tiis
261 514 423 556 supersunt
454 517 494 549 L.
519 518 556 549 V.
594 517 626 548 T.
647 517 686 547 V.
721 515 750 546 δέ
769 523 847 545 unus
871 523 910 545 ex
931 513 1051 545 Codice

183 556 403 597 Gregoriano,
429 568 521 598 qutan
541 559 649 589 locum
666 555 816 595 Cujacius
837 555 973 596 primum
997 564 1050 585 ex»-

184 598 262 629 tulit
280 598 317 629 ad
332 598 458 630 Paulum
477 601 503 631 cl.
528 600 568 630 L.
587 599 626 629 V.
654 597 686 628 T.
707 596 746 627 V.
774 594 800 636 §.
831 605 877 627 res
894 596 961 642 olipa
972 596 1052 637 jucli-

182 645 252 670 c.tta
264 662 275 677 ,
296 640 326 671 dc
343 649 427 670 nunc
443 640 575 671 insertus
590 639 634 671 est
655 637 784 669 Codicis
800 635 985 678 Gregoriani
998 637 1053 667 Li-

184 683 232 712 bro
253 681 295 713 X.
326 680 358 711 T.
380 680 402 711 I.
429 680 456 721 ᾗ.
479 691 504 712 1.
552 681 700 726 Quatuor
723 678 795 709 illos
816 678 906 709 locos
923 678 1050 709 exhibe-

182 722 226 753 bo
248 722 353 763 prius,
371 721 409 751 de
422 722 567 753 omnibus
582 720 694 754 deinde
708 719 846 751 dicturus
864 718 1051 750 sententiam

183 773 296 795 ineam.
342 762 464 794 Primus
481 763 571 795 locus
591 762 636 794 est
652 772 669 793 a
692 762 733 792 ud
750 760 880 791 Paulum
904 761 931 792 d.
955 760 994 792 L.
1011 760 1048 791 V.

187 804 226 835 T.
249 804 288 835 V.
322 803 349 844 ὃ.
375 803 592 845 coiffeffioaezeai,
618 805 650 835 in
694 812 739 833 aec
759 801 872 832 verba:
899 800 1048 843 Confeffio-

184 845 344 884 amasiam
358 854 422 874 reas
444 840 476 875 in
490 847 608 885 duplam
624 854 759 877 revocare
781 852 838 873 nvn
849 841 949 883 potest.
996 844 1048 874 sc-

183 887 304 918 cundus
329 886 357 916 cl.
388 886 426 916 L.
446 886 484 918 V.
522 886 554 918 T.
575 887 612 918 V.
644 885 671 927 §.
697 886 824 928 quoties,
844 885 876 916 in
893 884 959 915 haec
979 894 1047 915 ver-

182 929 240 959 ba:
310 928 397 957 aoti'es
420 928 452 957 in
478 933 673 959 contumacem
685 927 783 967 fuerit
802 926 987 968 judicatum,
1010 927 1046 956 ab

182 980 218 1000 ea
233 969 386 1010 seacaatia
406 991 416 1006 ,
447 979 505 1010 qtae
530 969 667 1011 adesas
695 973 874 998 contumaces
896 968 967 997 data
985 965 1048 1007 est,

185 1020 275 1052 neqae
303 1009 467 1050 appellarit,
495 1020 585 1052 neque
607 1013 639 1042 in
658 1010 775 1049 daphim
796 1009 927 1039 revocari
943 1006 1044 1049 potest.

183 1051 317 1083 Tertius
344 1050 459 1082 ibidem
483 1053 628 1092 proxime
653 1050 848 1091 subsequitur
867 1048 894 1090 ἓ.
920 1059 963 1079 res
979 1050 1047 1080 olim

177 1094 317 1135 judicata
331 1114 342 1130 ‚
373 1092 404 1124 in
429 1092 498 1123 haec
523 1093 618 1124 verba
639 1104 645 1124 :
678 1092 738 1123 Res
756 1091 824 1121 olim
835 1092 973 1133 judicata
984 1089 1047 1131 post

184 1136 302 1177 longum
314 1132 466 1171 filentmia
480 1135 512 1165 in
522 1135 669 1176 judiciuin
685 1133 787 1164 deduci
801 1142 858 1162 non
871 1129 981 1172 Potest,
995 1142 1047 1163 nec

183 1186 213 1207 eo
233 1177 346 1207 nomine
363 1176 395 1205 in
414 1175 532 1214 duplam
547 1176 688 1207 revocari.
712 1174 849 1215 Longum
868 1180 963 1204 amem
982 1180 1050 1204 tem-

178 1225 235 1259 pus
246 1240 258 1256 ,
283 1215 410 1256 exemplo
442 1216 534 1258 longae
553 1217 778 1258 proescriptionis
793 1237 804 1253 ,
825 1216 959 1245 decennii
973 1215 1051 1245 inter

177 1259 331 1300 praesentes
349 1279 360 1295 ,
387 1256 423 1291 {5⁹
445 1259 523 1288 iuter
547 1259 675 1299 aasentias
698 1257 831 1288 vicennii
858 1261 1048 1296 computatur.

182 1300 325 1346 Quartus
341 1299 449 1337 locus,
474 1308 515 1330 ex
531 1299 652 1331 Codice
681 1297 897 1337 Gregoriano,
927 1295 973 1328 est
990 1297 1049 1328 Re-

179 1341 335 1382 scriptum
354 1339 465 1380 Irnper.
489 1340 657 1372 Alexandri
671 1339 708 1370 ad
723 1337 945 1376 Crescentem,
966 1339 1051 1379 quod

180 1382 225 1416 fic
250 1380 313 1414 sese
338 1381 454 1412 habet:
489 1381 562 1430 Qaoe
578 1383 610 1412 in
625 1381 720 1412 libello
739 1376 906 1419 contulisti,
930 1378 1051 1417 Praeficli

183 1424 351 1456 Pro-vincite
374 1423 475 1464 allega
492 1445 503 1461 ,
534 1424 653 1464 quinon
670 1424 808 1464 ignorat,
829 1430 911 1458 eum,
934 1422 984 1462 qai
994 1427 1050 1461 per

182 1466 398 1496 contumaciam
414 1464 513 1505 absens
529 1465 755 1502 condemnatur,
775 1472 828 1493 nec
845 1462 1051 1502 appellationis

182 1507 295 1539 auxilio
311 1507 355 1536 uti
366 1527 377 1543 ,
395 1510 446 1535 aut
461 1506 494 1536 in
508 1506 628 1546 dchlmn
655 1514 789 1537 revocare
802 1504 888 1544 poffe.
934 1503 1049 1549 Vides,

181 1547 288 1579 omnia
306 1556 342 1578 ea
360 1546 432 1577 loca
446 1546 620 1579 rneminiss‘e
636 1547 667 1578 in
678 1546 808 1587 duplum
821 1545 1049 1583 revocationis,

181 1599 218 1620 ac
233 1588 293 1620 tria
309 1586 483 1629 posteriora
497 1588 544 1620 ita
561 1587 753 1627 meminisse,
778 1594 872 1628 atque
889 1586 911 1618 fi
927 1586 980 1627 Jus
999 1585 1051 1618 Ci-

181 1630 247 1662 vile
262 1636 373 1660 contra
391 1629 688 1662 condemnationem
709 1628 826 1670 duplex
841 1626 1050 1669 proposuiss'et

179 1671 334 1703 auxilium
346 1694 356 1710 ,
380 1670 601 1712 appellationis
619 1671 771 1709 alterum,
796 1671 930 1702 alterum
948 1670 979 1701 in
995 1669 1051 1700 du-

180 1713 268 1754 plum
287 1712 524 1751 revocationis,
549 1713 635 1754 quod
653 1721 822 1752 utrumque
837 1710 976 1743 cess'asset
990 1711 1050 1750 his,

179 1754 233 1796 qui
252 1753 294 1784 ibi
311 1761 543 1793 memorantur,
574 1753 701 1786 c-afibus.
749 1753 810 1785 His
823 1760 928 1785 autem
946 1752 1050 1784 aucto-

180 1795 329 1827 ritatibus
355 1794 509 1835 ass'urgere
531 1796 581 1836 jus
605 1794 715 1836 fasque
729 1794 796 1834 est,
820 1794 955 1833 etiamsi,
980 1803 1049 1835 quae

180 1836 279 1869 fuerit
295 1836 461 1868 revocatio
479 1836 510 1867 in
531 1837 678 1878 duplum,
703 1837 794 1877 plane
818 1837 1049 1878 ignoraremus,

182 1885 219 1909 ut
244 1876 312 1909 fere
339 1877 519 1918 ignoramus
543 1879 576 1910 in
593 1886 683 1909 tanto
699 1878 897 1919 antiquitatis
914 1877 1047 1910 silentio.

181 1919 330 1959 Cuj‘ic—ius
350 1918 468 1959 aliquid
487 1918 525 1949 de
551 1929 586 1950 ea
606 1919 711 1950 dicere
727 1919 874 1951 tentavit.
918 1919 982 1951 Alii
1003 1926 1050 1950 to-

184 1969 248 1993 tam
257 1960 495 1991 revocationem
506 1960 536 1991 in
553 1960 684 2001 duplum
702 1960 895 1992 revocantia
907 1960 1049 1998 dubium,

183 2003 214 2033 ὃς
229 2001 320 2041 plane
347 2001 545 2041 explodunt,
581 2010 676 2043 atque
692 2000 714 2033 fi
732 2001 812 2034 nihil
828 2001 867 2033 de
882 2011 917 2033 ca
932 2001 1050 2034 dietum

182 2041 374 2083 sci‘Ipturnve
394 2041 513 2073 fuiffet.

224 2083 284 2115 Sed
310 2084 487 2124 priusquam
508 2083 546 2114 de
571 2085 706 2115 aliorum
725 2085 913 2125 conjcCluris
929 2085 1049 2124 dicam,

182 2124 253 2156 audi
269 2133 379 2155 meam.
409 2146 411 2150 ι
425 2125 494 2164 Ego
505 2132 609 2157 autem
625 2133 723 2166 putO,
749 2136 844 2166 quum
863 2135 985 2168 tempus
999 2136 1049 2168 ap-

183 2165 319 2207 pellandi
335 2165 549 2207 praeteriill'et,
582 2168 612 2198 ἃ
630 2167 716 2198 nulla
738 2175 850 2199 contra
863 2167 1050 2200 sententiam

182 2206 343 2241 restitutio
362 2207 393 2237 in
411 2207 569 2247 integrum
584 2207 772 2248 supcrell'et,
796 2209 919 2240 decurri
932 2209 1049 2249 potuis-

183 2247 215 2279 se
229 2247 267 2279 ad
283 2248 520 2279 revocationem
538 2249 568 2279 in
584 2248 732 2288 duplum,
757 2259 820 2290 quo
839 2249 879 2281 fic
894 2249 983 2281 causa
1000 2250 1050 2280 de-

183 2299 250 2322 nuo
267 2289 297 2321 in
318 2289 470 2328 judicium
489 2289 708 2328 reduceretur,
726 2290 873 2330 promissa
887 2291 1049 2332 duplipoe-

184 2341 244 2370 na,
268 2330 324 2362 nili
342 2330 546 2370 obtinuisset,
579 2331 632 2371 qui
652 2331 832 2363 revocabat.
877 2331 1049 2370 Deiidero,

185 2381 308 2412 tempus
332 2372 552 2412 appellationis
576 2370 700 2411 exiiffe,
726 2372 981 2404 &restitutionis
998 2373 1048 2404 dc-

181 2413 275 2445 suill‘e
290 2412 412 2444 causam
429 2436 438 2452 ,
469 2413 539 2454 quis
560 2413 702 2453 alioquin
719 2421 782 2444 tam
796 2414 991 2455 imprudens,
1016 2422 1052 2445 ut

183 2464 308 2495 poenam
334 2454 420 2494 dupli
445 2453 586 2486 subiret?
610 2455 648 2486 de
669 2454 759 2486 causa
774 2454 983 2487 restitutionis
1001 2456 1050 2487 ad-

182 2495 290 2527 versus
300 2494 484 2526 sententiam
496 2495 616 2527 illustre
624 2496 804 2536 exemplum
814 2496 858 2528 est
873 2497 904 2528 in
920 2497 940 2528 l.
951 2497 1049 2570 33³3.

182 2539 217 2568 tle
236 2537 282 2568 Re
297 2537 390 2579 jadic.
416 2536 445 2567 ἀ
459 2536 496 2567 de
515 2537 727 2577 appellatione
738 2547 787 2568 res
802 2545 878 2569 nota
896 2537 948 2569 cst.
1028 2546 1050 2569 t-

183 2587 243 2620 que
258 2578 302 2609 ita
318 2576 443 2609 constat
460 2577 542 2608 ratio
552 2578 688 2610 nominis
700 2601 709 2616 ,
721 2579 959 2610 revocationem
969 2588 1051 2610 nem-

183 2629 222 2662 pe
246 2619 278 2651 in
302 2619 432 2660 duplum
456 2617 517 2649 esse
539 2618 673 2658 dictam,
698 2619 783 2659 quod
801 2629 836 2651 ea
854 2619 917 2661 ipsa
935 2620 1024 2652 causa
1040 2642 1051 2659 ,

183 2670 244 2701 qua
261 2660 330 2701 quis
349 2659 525 2697 ceciderat,
543 2659 650 2691 oblata
663 2659 749 2700 dupli
769 2660 996 2699 aestimatione,
1019 2663 1050 2693 ni

183 2701 287 2734 viCtus
307 2701 469 2739 vinceret,
492 2700 524 2732 in
544 2699 695 2740 judicium
724 2709 938 2733 revocaretur.
984 2702 1050 2733 Du-

183 2744 256 2775 bito
284 2750 389 2774 autem
409 2765 420 2780 ,
447 2751 485 2773 an
509 2750 573 2772 non
594 2750 642 2773 res
671 2739 735 2782 ipsa
752 2741 787 2773 sit
805 2743 885 2783 apud
906 2743 1052 2774 Tullium

179 2791 233 2825 pro
252 2784 357 2815 Flacco
383 2784 414 2815 C.
431 2793 483 2824 49.
508 2781 699 2813 Nar-raverat
723 2783 754 2813 C.
771 2789 823 2822 48.
849 2783 1051 2815 Heraclidem

185 2836 203 2857 a
224 2824 498 2866 recuperatoribus
525 2821 618 2854 fuiffe
639 2823 816 2855 damnatum
830 2847 842 2862 ,
872 2823 923 2855 scd
935 2825 1052 2866 judita-

185 2865 456 2906 tzmiiwnfece'ffiss,
482 2873 558 2897 mox
582 2865 620 2896 de
637 2863 805 2896 Heraclide
829 2866 860 2897 C.
880 2875 930 2906 49.
958 2865 1050 2896 Dein-

186 2909 219 2939 de
242 2910 275 2939 in
303 2906 406 2946 Asiam
431 2909 541 2944 rediit,
568 2916 632 2938 cam
640 2906 706 2948 jam
724 2906 830 2937 Frater
848 2914 925 2941 mem
946 2906 1049 2937 Flacco

178 2947 367 2990 Jhcreffifflc3
389 2950 427 2979 acl
453 2959 534 2989 quem
558 2948 654 2985 adiit,
677 2947 842 2988 causamque
861 2949 905 2979 ita
922 2947 1049 2979 detulit:

187 2988 410 3029 Recuperacores
425 3013 436 3029 ,
461 2992 494 3020 vi
517 2989 620 3020 Flacci·
648 2988 755 3019 coatlor
773 2988 808 3022 ξεῖ
822 2995 920 3026 metu,
934 2988 1049 3028 salsam

186 3030 295 3060 invitos
314 3030 497 3071 juclz'cavz'sle.
543 3029 648 3061 Frater
673 3039 768 3067 mem,
785 3029 902 3070 prosaa
916 3031 1048 3071 <equitate

187 3071 395 3112 'prudentiaque
419 3073 549 3103 decrevit
565 3093 576 3110 ,
606 3077 659 3109 ut,
681 3069 710 3108 fi
719 3071 887 3111 judicatum
906 3076 1048 3113 negaret,

187 3109 220 3138 in
243 3111 359 3150 duplicia
387 3115 442 3144 iret
460 3135 471 3151 ,
496 3111 526 3151 fi
550 3117 627 3142 meta
647 3111 754 3142 εοαὲἶοπ
783 3113 910 3150 diceret,
931 3113 1048 3143 haberet

187 3151 293 3180 eosdem
319 3159 534 3192 recuperatores.
587 3152 619 3184 Si
638 3152 798 3184 restitutio
822 3160 983 3194 competat
1007 3162 1047 3184 cx

187 3188 276 3220 causa
301 3199 402 3224 metus
416 3216 429 3233 ,
457 3195 561 3234 nulla,
582 3202 617 3225 ut
633 3193 740 3234 vides,
762 3194 849 3236 dupli
871 3203 964 3235 poena
984 3192 1045 3233 est,

1094 428 1144 460 sed
1169 439 1264 470 quum
1290 429 1482 471 appellatum
1505 438 1569 461 non
1595 429 1670 462 esset
1685 441 1702 463 a
1720 431 1954 474 Recupemtori.
2000 431 2001 434 ’

1092 471 1151 502 bus
1164 494 1172 509 ,
1198 471 1283 502 nulla
1300 471 1375 512 quip
1399 471 1469 502 eibi
1486 471 1706 511 appellationis
1722 476 1863 514 mentio,
1885 476 1951 511 Fra-
1997 477 2001 495 ¹

1095 520 1142 542 ter
1161 512 1325 550 decrevit,
1391 512 1556 543 eraclidem
1581 512 1612 544 in
1628 514 1714 554 dupli
1734 514 1952 556 obligationem
2000 534 2002 552 ;

1095 553 1212 583 iturum
1228 575 1239 590 ,
1268 553 1289 585 fi
1316 552 1437 584 caulam
1461 553 1565 585 rursus
1586 554 1716 594 judicari
1740 557 1861 597 vellet,
1884 559 1953 594 dum
2000 572 2002 587 ι

1094 592 1257 624 sentcntiae
1274 593 1365 625 dicite
1376 594 1406 626 se
1417 594 1704 634 obtemperaturum
1723 598 1864 637 negabat.
1880 598 1951 635 Nou

1092 634 1289 666 inficiabatur
1305 644 1370 666 rem
1392 636 1579 675 judicatam,
1611 645 1645 667 ut
1662 637 1703 669 fic
1720 638 1911 672 inficiatione
1924 651 1952 675 a-

1094 676 1158 706 ctio
1176 676 1306 714 judicati
1322 677 1522 717 duplaretur,
1544 679 1806 718 quemadmodum
1823 681 1889 712 liaec
1903 692 1953 717 ex.

1093 716 1185 757 ponit
1205 716 1353 756 Cujacius
1369 719 1405 748 ad
1424 718 1551 749 Paulam
1573 718 1612 749 L.
1624 719 1646 750 Ι.
1672 720 1803 752 Sentent.
1818 721 1850 753 T.
1862 722 1953 758 XIX.

1096 757 1122 798 §.
1149 767 1173 788 1.
1199 759 1274 798 quin
1290 758 1471 790 adfirmabat
1487 759 1606 799 palam,
1626 761 1686 792 effe
1701 762 1891 802 judicatum,
1906 764 1954 799 sed

1093 808 1254 839 perperam
1271 823 1281 838 ,
1312 809 1441 841 eamque
1466 799 1649 832 sententiam
1673 802 1808 834 rescindi
1827 804 1955 844 postula-

1094 841 1155 871 bat.
1201 839 1347 878 Frustra,
1378 851 1422 872 alc
1454 840 1590 880 Cicero,
1614 843 1669 875 nisi
1693 845 1725 875 in
1748 845 1865 885 duplum
1883 848 1955 888 iret,

1091 890 1127 912 ut
1150 881 1286 912 eundum
1309 891 1375 913 erat
1390 905 1401 921 ,
1434 882 1456 915 fi
1482 883 1550 923 quis
1574 883 1653 915 bene
1675 885 1848 925 judicatum
1869 896 1954 931 nega.

1091 932 1148 954 ret.

1135 963 1163 995 N
1170 974 1230 996 unc
1247 965 1341 995 redeo
1359 965 1395 996 ad
1413 965 1552 998 Paulum.
1600 966 1708 1013 Quum
1721 977 1826 1001 autem
1853 970 1907 1003 ille
1925 973 1952 1005 ἀί

1088 1005 1128 1049 L.
1154 1006 1189 1036 V.
1226 1005 1258 1037 T.
1282 1006 1323 1037 V.
1346 1005 1373 1046 §.
1394 1006 1525 1047 conseffi,
1558 1008 1703 1048 dixiss'et,
1728 1010 1885 1043 confessos
1907 1013 1958 1046 de-

1090 1047 1208 1078 bitores
1223 1057 1281 1088 pro
1299 1048 1446 1087 judicatis
1469 1049 1591 1088 nabaz-11,
1618 1050 1655 1081 de
1670 1050 1863 1084 confcffione
1880 1063 1953 1088 nont

1089 1088 1174 1119 nulla
1186 1088 1289 1119 dicere
1309 1090 1409 1129 pergit
1422 1111 1432 1126 ,
1451 1090 1596 1131 interque
1610 1101 1661 1130 ea,
1675 1092 1957 1136 confeffionemfiaam

1092 1139 1155 1160 reiis·
1176 1131 1207 1160 iii
1223 1130 1340 1170 duplicia
1356 1140 1490 1161 revocare
1507 1141 1563 1162 non
1576 1131 1680 1173 potest.
1725 1134 1820 1166 Hanc
1839 1134 1956 1170 senten-

1094 1171 1169 1201 tiam
1185 1170 1332 1210 Cujacius
1360 1171 1391 1202 in
1422 1171 1624 1205 Editionibus
1644 1174 1706 1207 suis
1722 1176 1819 1207 modo
1834 1185 1957 1217 praetei‘-

1093 1212 1175 1242 milit
1187 1235 1195 1249 ,
1221 1212 1317 1242 niodo
1335 1212 1480 1243 exnibuit
1491 1235 1502 1250 ,
1525 1212 1574 1244 sed
1592 1217 1890 1255 praetcrmittendam
1898 1228 1958 1253 non

1095 1252 1155 1283 ell‘c
1179 1254 1322 1284 oninium
1348 1254 1415 1284 sere
1435 1253 1590 1286 Codicum
1606 1256 1682 1287 fides
1698 1257 1908 1299 demonstrat,
1932 1260 1965 1294 ἃ

1095 1292 1159 1334 ipse
1178 1293 1326 1333 Cujacius
1341 1304 1408 1325 cam
1419 1317 1429 1333 ,
1440 1302 1586 1335 tanquam
1597 1298 1762 1337 genuinam
1778 1299 1962 1334 sententiam

1095 1334 1201 1374 Pauli,
1228 1335 1331 1366 laudat
1350 1335 1387 1366 ad
1411 1335 1439 1377 ὃ.
1464 1345 1509 1366 res
1534 1337 1601 1368 olim
1619 1339 1765 1380 judicata.
1812 1340 1920 1382 Cogor
1936 1342 1960 1375 i-

1094 1375 1173 1407 nitia
1187 1376 1338 1417 cujusque
1356 1376 1382 1418 §.
1410 1376 1552 1416 adferre,
1570 1388 1641 1411 cum
1658 1381 1779 1412 numeri
1796 1381 1887 1422 hujus
1901 1383 1958 1417 Tit.

1094 1417 1186 1448 valde
1202 1416 1261 1448 fint
1279 1418 1395 1449 turbati
1416 1418 1446 1450 &
1466 1417 1507 1450 ob
1528 1419 1625 1458 hanc,
1648 1430 1739 1462 quam
1756 1423 1846 1462 dixi,
1870 1424 1900 1456 &
1920 1424 1959 1457 ob

1094 1458 1204 1496 aliam,
1228 1468 1320 1499 quam
1336 1469 1412 1491 mox
1430 1460 1594 1500 indicabo,
1618 1463 1825 1496 omiffionem.
1871 1465 1963 1507 Cuja-

1094 1500 1180 1537 cius,
1214 1500 1339 1541 inquam
1354 1523 1366 1539 ,
1395 1511 1462 1532 eam
1487 1500 1584 1542 ipsam
1601 1502 1784 1536 sententiam
1801 1505 1962 1548 laudavitr,

1093 1540 1142 1572 his
1167 1541 1237 1582 ipsis
1261 1542 1366 1573 verbis
1390 1544 1422 1574 in
1438 1544 1556 1583 duplum
1567 1555 1670 1586 ,quae
1691 1547 1834 1578 omnium
1850 1546 1961 1580 Libro-

1094 1592 1163 1628 rum
1179 1583 1322 1615 constans
1339 1584 1434 1616 lectio
1450 1585 1512 1623 est,
1538 1585 1594 1617 nisi
1610 1587 1696 1627 quod
1715 1587 1744 1618 in
1764 1588 1851 1621 Edit.
1867 1589 1960 1622 Aure-

1091 1623 1166 1670 llan.
1201 1634 1292 1666 quam
1316 1624 1340 1655 F
1343 1625 1471 1658 abi-otus
1496 1626 1735 1667 repraesentavit
1759 1630 1791 1661 in
1816 1630 1963 1671 operibus

1093 1664 1242 1705 CUJacii,
1275 1666 1395 1709 legatur
1417 1669 1450 1698 in
1479 1668 1617 1708 dubitavi,
1651 1677 1687 1701 ut
1712 1670 1894 1703 observavit
1910 1671 1959 1706 C}-

1094 1707 1310 1749 Schultingius
1334 1709 1371 1740 ad
1404 1710 1431 1740 d.
1457 1708 1486 1751 §.
1519 1709 1572 1750 qui
1591 1718 1694 1743 tamen
1712 1720 1780 1744 earn
1795 1712 1967 1749 lectionem*

1094 1749 1233 1790 vulgatae
1258 1750 1288 1782 &
1312 1758 1447 1791 receptae
1472 1750 1622 1792 praefert,
1653 1753 1683 1784 &
1702 1753 1734 1785 in
1750 1754 1808 1786 reli
1832 1764 1890 1787 uos
1902 1753 1963 1828 ἐς..

1093 1790 1145 1831 qui
1165 1790 1204 1821 de
1221 1790 1306 1832 dupli
1323 1792 1529 1824 revocatione
1544 1802 1658 1834 agunt,
1690 1795 1719 1826 ἃ
1736 1795 1768 1827 in
1784 1796 1816 1837 ip
1831 1806 1883 1828 um
1931 1804 1962 1828 ο-

1094 1832 1245 1873 scriptum
1262 1832 1430 1865 Alexandri
1448 1834 1588 1874 inducit,
1613 1835 1732 1868 abolita
1746 1836 1788 1868 fic
1803 1837 1965 1869 omnimea

1093 1874 1195 1905 moria
1216 1874 1248 1905 in
1271 1874 1402 1917 duplum
1421 1876 1646 1908 revocationis.
1692 1877 1810 1910 Verum
1840 1887 1875 1910 ea
1896 1876 1960 1911 sen-
1977 1895 1980 1899 *

1094 1915 1194 1946 tentia
1209 1925 1269 1957 ego
1284 1926 1347 1948 non
1366 1925 1457 1955 utor,
1481 1924 1567 1948 certa
1590 1917 1759 1958 praeferens
1773 1919 1886 1951 dubiis.
1926 1919 1958 1954 Si

1093 1956 1145 1987 hic
1168 1957 1325 1998 legeretur
1342 1980 1353 1995 ,
1387 1958 1582 2000 cmzfeffionem
1600 1959 1687 1999 fitam
1709 1970 1774 1991 reus
1792 1962 1825 1991 in
1839 1962 1956 1999 dubium

1092 2008 1226 2030 revocare
1249 2009 1306 2030 non
1324 1997 1436 2040 potest,
1466 2001 1523 2031 vix
1542 2000 1751 2041 intelligerem
1767 2026 1778 2042 ,
1803 2001 1879 2043 quid
1902 1995 1959 2035 fibi

1093 2040 1193 2071 vellet
1213 2040 1337 2073 Paulus.
1382 2041 1469 2087 Quid
1485 2041 1567 2073 enim
1583 2041 1604 2072 fi
1623 2042 1782 2075 confessus
1795 2043 1957 2082 erraverit,

1093 2092 1130 2113 an
1146 2081 1370 2114 confeffionem
1389 2084 1474 2115 suam
1491 2083 1523 2114 in
1542 2081 1671 2114 dubium
1688 2093 1839 2116 revocare
1854 2093 1957 2117 none-

1093 2124 1135 2154 rit
1152 2123 1333 2164 integrum?
1358 2125 1467 2164 utique
1482 2133 1547 2155 non
1563 2122 1703 2164 fatetur,
1728 2125 1781 2167 qui
1804 2125 1956 2159 erratla»

1087 2165 1126 2206 ff.
1149 2165 1182 2195 cle
1206 2164 1325 2205 Confeffi
1360 2165 1477 2196 Videor
1494 2172 1598 2196 autem
1612 2164 1744 2198 Paulum
1760 2166 1957 2208 intelligere,

1093 2215 1165 2237 cum
1183 2206 1245 2243 ait,
1270 2215 1355 2237 reum
1371 2206 1595 2238 confeffionem
1612 2204 1695 2238 suam
1718 2207 1750 2240 in
1765 2208 1956 2250 duplumre*

1092 2256 1208 2278 vocare
1226 2257 1290 2279 non
1306 2247 1411 2287 posse,
1437 2256 1471 2278 ut
1488 2247 1572 2278 enim
1591 2247 1750 2280 confess'us
1772 2259 1838 2281 non
1855 2248 1958 2291 appel·

1092 2289 1154 2327 lat,
1188 2289 1231 2319 ita
1254 2298 1312 2320 nec
1339 2288 1369 2320 in
1393 2289 1523 2330 duplum
1547 2297 1695 2328 revocat,
1729 2290 1768 2321 de
1784 2300 1848 2332 quo
1865 2298 1958 2330 erat,

1093 2339 1148 2361 cur
1168 2330 1264 2370 magis
1276 2329 1482 2362 dubitaretur.
1527 2328 1622 2361 Dixit
1641 2338 1746 2362 autem
1761 2330 1956 2377 confeffionem

1093 2381 1153 2412 pro
1180 2370 1332 2402 sententia
1355 2371 1385 2402 in
1409 2381 1495 2402 reum
1516 2370 1690 2402 confessum
1706 2372 1789 2410 lata,
1811 2372 1866 2403 nisi
1889 2371 1960 2413 quis

1094 2412 1183 2443 malit
1201 2413 1303 2453 legere
1316 2436 1325 2450 ,
1357 2412 1523 2454 confeffione
1531 2412 1589 2453 fita
1605 2422 1665 2443 reus
1687 2413 1720 2443 in
1741 2413 1858 2453 duplum
1875 2422 1958 2445 revo-

1095 2463 1159 2484 care
1176 2463 1233 2484 von
1246 2451 1347 2493 potest.
1378 2454 1420 2485 At
1439 2454 1517 2484 illud
1532 2463 1595 2484 non
1610 2462 1832 2494 usquequaque
1847 2463 1955 2495 urgeo.

1139 2494 1181 2526 Ut
1198 2495 1356 2526 consell'us
1373 2504 1436 2526 non
1452 2494 1604 2535 appellat,
1633 2503 1690 2526 nec
1707 2494 1738 2525 in
1756 2495 1887 2536 duplum
1909 2504 1956 2527 re'-

1094 2544 1189 2567 vocat
1205 2560 1215 2576 ,
1249 2535 1292 2566 ita
1316 2546 1418 2578 neque
1438 2543 1617 2567 contumax.
1664 2534 1771 2580 Quare
1785 2545 1863 2568 mox
1880 2535 1957 2568 Pau-

1094 2577 1159 2608 lus:
1183 2578 1290 2618 quocies
1306 2579 1337 2608 in
1353 2583 1548 2608 contumacem
1559 2576 1584 2617 s
1584 2577 1659 2608 uerit
1671 2577 1858 2620 Judicatum,
1876 2578 1913 2609 ab
1920 2585 1956 2610 ea

1084 2618 1255 2659 sementia,
1277 2629 1337 2660 qnae
1351 2618 1488 2660 adversus
1505 2625 1683 2649 contumaces
1699 2618 1771 2649 data
1789 2629 1803 2650 e
1837 2641 1849 2658 ,
1867 2626 1955 2660 neque

1093 2659 1256 2699 appellari,
1277 2670 1365 2701 neqae
1385 2661 1417 2690 z'n
1435 2660 1552 2700 duplum
1567 2660 1699 2690 revocari
1733 2665 1777 2691 ote
1805 2684 1814 2691 .
1892 2658 1953 2691 uod

1096 2700 1229 2732 totidem
1255 2699 1322 2732 fere
1345 2701 1448 2732 verbis
1468 2701 1638 2742 repetitum
1662 2703 1716 2732 exi
1731 2707 1763 2732 at
1787 2701 1819 2732 in
1837 2700 1864 2733 R
1898 2699 1955 2732 crie

1095 2749 1154 2782 pto
1179 2742 1360 2774 Alexandri.
1406 2742 1496 2774 Unde
1520 2741 1618 2772 miror
1629 2741 1647 2779 ,'
1674 2741 1838 2782 CuJacium
1853 2739 1955 2774 existi,

1095 2782 1208 2822 malle,
1239 2783 1292 2814 illa
1315 2784 1438 2824 priora,
1471 2785 1578 2825 quoties
1602 2784 1634 2813 in
1654 2789 1850 2815 contumacem
1859 2782 1956 2824 fuerit

1090 2825 1258 2866 judicatam
1277 2846 1289 2862 ,
1319 2827 1355 2856 ab
1382 2835 1416 2856 ea
1433 2824 1586 2866 sententia
1602 2845 1612 2861 ,
1632 2833 1691 2866 quae
1709 2824 1846 2865 adversus
1859 2829 1956 2856 conm-

1093 2875 1187 2896 maces
1204 2866 1275 2896 data
1295 2863 1334 2906 est
1343 2887 1355 2903 ,
1372 2876 1460 2907 neque
1476 2871 1513 2906 ap
1534 2865 1642 2903 ellari,
1665 2865 1746 2897 inter
1755 2865 1953 2897 aretationem

1092 2906 1200 2946 potius
1222 2905 1283 2937 ess‘e
1302 2908 1489 2946 praececientis
1504 2871 1532 2947 ζ
1566 2905 1618 2937 ubi
1634 2906 1696 2937 hoc
1711 2906 1743 2947 ip
1758 2915 1812 2938 ,um
1825 2913 1892 2938 erat
1909 2905 1952 2937 dr-

1092 2947 1194 2985 stum,
1227 2956 1319 2987 quam
1343 2946 1526 2979 sententiam
1551 2947 1655 2986 Pauli,
1688 2947 1789 2980 &illa
1807 2946 1955 2989 posterio-

1092 2998 1143 3026 ra,
1167 2997 1256 3029 neque
1272 2989 1303 3019 in
1322 2989 1440 3028 duplam
1459 2990 1590 3020 revocari
1604 2985 1718 3034 potest,
1739 2987 1900 3030 desumpta
1909 2996 1953 3019 es-

1092 3027 1122 3060 se
1140 3038 1179 3059 ex
1196 3029 1340 3069 proxima
1355 3030 1519 3061 sententia.
1564 3029 1689 3066 Miror,
1720 3029 1866 3070 inquam,
1888 3028 1954 3074 haee

1090 3069 1173 3107 dici,
1206 3070 1235 3101 δι
1259 3078 1359 3101 totam
1388 3070 1466 3101 hanc
1490 3070 1577 3102 l'auli
1593 3069 1778 3101 sententiam
1796 3077 1951 3111 expungi,

1090 3118 1200 3142 contra
1219 3120 1344 3142 omnem
1367 3118 1510 3142 veterum
1529 3110 1697 3142 Librorum
1714 3110 1951 3150 auctoritatem,

1090 3152 1232 3183 &miror
1257 3151 1317 3182 lioc
1346 3151 1488 3191 probass'e
1504 3151 1554 3184 Cl.
1572 3151 1822 3192 Schultingium,
1843 3159 1914 3182 cum
1927 3150 1951 3182 i-

1090 3191 1142 3233 pse
1170 3192 1316 3232 Cujacius
1336 3215 1346 3232 ,
1379 3191 1423 3224 sui
1441 3193 1531 3234 ipsius
1553 3191 1691 3232 oblitus,
1716 3191 1752 3224 ad
1766 3191 1865 3234 §.qu.
1885 3192 1952 3264 laq-c

1886 3240 1920 3273 ip
1933 3240 1952 3264 a
