2008 3436
214 117 282 150 252
467 107 868 145 CORNELII
937 118 1046 146 vAu

794 245 1069 281 CAPU

1117 110 1714 150 BYNKERSHOEK
1980 90 2004 179 Q

1120 246 1156 281 T
1253 247 1426 283 v111
1986 238 2001 286 i

422 330 474 366 An
500 332 638 380 Legatis
661 333 772 367 donum
797 343 910 368 munus
935 333 1079 379 accipere
1104 333 1227 370 liceat?
1253 333 1295 375 ὅ)
1320 334 1387 370 alia
1412 335 1550 382 ejusdem
1573 339 1767 382 argumenti.

307 424 370 457 ides
388 437 428 459 ex
446 426 650 467 inscriptione
669 428 801 468 Capitis,
813 429 987 461 sermonem
1006 438 1070 460 non

320 467 382 499 effe
405 469 444 500 de
471 469 561 500 donis
589 469 791 508 muneribus,
823 480 893 510 quae
921 470 1070 510 Princeps

206 508 307 540 mittit
332 508 469 550 Principi
489 510 526 540 ad
552 509 779 542 conciliandam
803 511 858 543 fibi
875 512 941 552 ejus
964 510 1070 541 amici-

211 551 311 587 tiam,
342 550 409 581 haec
437 550 520 581 enim
547 550 632 581 omni
658 551 726 589 jure
747 551 855 590 licita,
881 553 911 583 ὅ(
929 551 1015 583 ῗοΙ1111
1040 551 1070 582 &

208 596 291 622 nunc
311 591 405 622 ctiam
422 589 621 631 frequentata
641 590 709 623 sunt
732 592 814 625 inter
833 592 972 631 Gentes,
996 601 1070 623 cum

207 631 341 663 maxime
357 632 553 670 Orientales;
564 631 614 662 sed
630 641 668 663 an
684 631 754 673 ipfis
769 633 894 675 Legatis
911 634 993 665 dona
1004 642 1069 664 mu-

205 682 280 704 nera
293 673 436 713 accipere
457 672 571 712 liceat,
596 672 627 704 id
653 682 730 704 vero
751 674 814 714 est,
839 675 877 706 de
899 684 961 716 quo
984 684 1069 706 nunc

208 723 326 753 quserO.
377 713 456 745 Sane
484 712 609 755 Legatis
637 714 902 754 advenientibus,
931 724 1070 748 commo-

205 754 343 785 rantibus
362 754 392 785 &
417 754 603 786 abeuntibus
621 765 748 787 munera
770 757 849 789 olim
865 756 959 789 fuiffe
981 757 1072 795 data,

206 795 235 825 δε
252 794 290 824 ab
315 795 362 826 his
382 794 444 826 fine
467 794 575 827 fraude
598 805 743 837 accepta,
770 799 894 838 prolixe
918 796 1071 829 testantur

206 834 353 868 Annales.
397 835 448 868 De
482 836 721 870 advenientibus
754 839 834 881 apud
857 837 962 871 Pei-sas
986 838 1069 871 dixit

206 875 349 908 AElianus
365 877 405 908 L.
423 876 449 909 I.
472 876 586 918 Histor.
613 879 643 910 C.
662 888 712 910 22.
737 880 777 911 de
794 881 863 912 aliis
878 880 943 912 alii.

249 917 340 958 Apud
357 917 438 959 ipsos
458 918 634 960 Romanos,
658 920 710 962 qui
730 930 823 961 quam
838 922 975 954 maxime
993 922 1071 954 inte-

203 958 312 998 gritati
336 958 498 991 hominum
525 960 652 994 suorum
678 960 862 1003 studebant,
885 970 979 1004 atque
998 963 1071 994 ideo

204 1001 235 1030 ἃ
250 999 395 1031 Praeiides
407 1001 437 1032 ἃ
450 1000 658 1035 Proconsules
676 1001 747 1034 suos
766 1013 784 1034 a
799 1003 889 1036 donis
904 1004 1050 1036 arcebant
1060 1027 1071 1043 ,

202 1049 267 1071 non
280 1041 379 1081 reperi
398 1041 518 1082 legem,
543 1052 613 1083 quae
626 1043 754 1083 Legatis
772 1045 936 1076 interdixit
952 1045 1070 1077 donum

203 1091 314 1114 munus
332 1083 485 1123 accipere.
529 1084 640 1123 Spreta
657 1084 781 1126 quidem
799 1085 836 1116 ab
851 1086 889 1117 iis
906 1085 985 1127 saepe
1003 1095 1069 1117 mu-

202 1131 276 1154 nera
291 1124 451 1163 comperi,
475 1134 535 1156 nec
550 1125 642 1157 aliter
664 1125 867 1166 exspectasses
885 1136 902 1158 a
920 1127 1069 1168 progenie

203 1163 332 1196 masculi
350 1165 481 1205 Populi,
507 1165 558 1197 sed
573 1166 613 1198 de
628 1165 693 1207 ipsa
712 1167 935 1199 interdictione
956 1167 1068 1200 frustra

204 1204 306 1246 legem
331 1214 446 1247 quaero.
503 1206 616 1248 Legati
639 1208 775 1240 Romani
799 1208 836 1239 ad
860 1208 1069 1240 Ptolemaeum

205 1246 324 1287 Regem
338 1257 460 1278 munera
470 1271 478 1286 ,
503 1258 563 1289 quae
577 1250 612 1280 ab
628 1259 658 1280 eo
666 1250 814 1289 privatim
830 1255 1003 1289 acceperam
1013 1272 1023 1288 ,
1035 1251 1070 1280 in

203 1289 357 1326 cerarium,
382 1287 418 1323 &³
434 1290 547 1329 quidem
560 1291 666 1329 prius,
699 1299 784 1330 quam
808 1291 847 1321 ad
866 1291 1006 1321 Senatum
1031 1291 1070 1321 le-

203 1330 352 1372 gationem
370 1329 536 1369 referrent,
560 1331 744 1361 detulerunt.-
766 1331 800 1361 de
816 1331 932 1371 publico
951 1331 1071 1372 scilicet

203 1368 364 1411 ministerio
388 1371 464 1401 nihil
486 1372 640 1412 cuiquam,
666 1376 773 1412 praeter
794 1372 908 1403 laudem
933 1374 1000 1404 bene
1020 1374 1070 1404 ad-

204 1409 366 1452 ministrati
393 1409 503 1451 officii,
535 1413 669 1443 accedere
693 1413 792 1444 debere
810 1413 989 1455 judicantes.
1035 1413 1071 1446 Id

203 1452 395 1494 Legatorum
411 1451 530 1485 facium
553 1453 732 1495 dictumque
757 1463 910 1487 memorat
927 1455 1071 1487 Valerius

203 1493 245 1525 L.
268 1493 320 1525 lV.
349 1493 380 1525 C.
397 1503 428 1535 3.
453 1493 579 1536 Exemp.
598 1494 683 1526 Rom.
703 1505 735 1532 9.
778 1495 840 1527 Sed
854 1495 930 1537 quid
946 1496 984 1528 ad
1002 1496 1071 1529 haec

203 1536 334 1568 Senatus
354 1534 555 1577 Populusque
578 1536 763 1569 Romanus?
794 1536 864 1568 audi
886 1537 1069 1578 Valerium,

203 1577 299 1608 eodem
314 1576 395 1608 loco.-
417 1576 523 1615 Data‚
547 1577 671 1619 inquit,
684 1577 760 1618 sunt
785 1577 932 1621 Legatis,
957 1589 1017 1620 quae
1037 1580 1070 1610 in

203 1618 337 1650 (erarium
366 1617 569 1659 repcfiierarit,
582 1619 650 1651 'non
665 1619 761 1661 stilum
786 1619 913 1652 Pa'trum
941 1621 1069 1662 Conscri-

197 1665 316 1702 piorum
336 1657 483 1698 Decreio,
497 1660 656 1701 sedetiam
682 1660 788 1702 Populi
802 1660 959 1702 permzffic,
982 1672 1070 1704 eaque

203 1701 250 1732 Le
275 1702 333 1732 aiis
348 1698 510 1748 Qioestores
520 1707 652 1743 prompte
666 1703 820 1743 unicuiqae
845 1702 1069 1746 distribuerunt.

202 1741 244 1773 Vi
269 1750 301 1772 es
322 1743 423 1783 magni
443 1742 538 1774 animi
556 1743 737 1784 exemplum
756 1745 794 1775 ab
813 1751 944 1786 utraque
959 1752 1067 1786 parte,

202 1783 255 1816 sed
272 1783 391 1814 nullam
411 1783 499 1815 vides
518 1785 712 1817 mentionem
728 1784 825 1826 legis,
848 1794 917 1826 quae
934 1785 1070 1827 Legatos

202 1835 219 1856 a
241 1824 332 1855 donis
354 1824 583 1865 prohibuisset,
614 1826 707 1867 quin,
740 1823 763 1858 fi
790 1825 859 1858 haec
883 1826 1068 1867 exstitiss'et,

201 1865 346 1897 Valerius
363 1864 393 1896 id
411 1864 530 1898 facium
547 1876 612 1906 non
626 1866 783 1899 retulisset
796 1867 880 1899 inter
888 1869 992 1909 magni
1006 1869 1069 1900 ani-

203 1907 248 1939 mi
263 1906 418 1952 exempla.
462 1907 543 1939 Satis
561 1906 648 1948 scio,
671 1907 757 1949 Lege
771 1907 853 1949 Julia
871 1908 1068 1951 Repetunda7

200 1957 270 1980 rum
288 1956 382 1979 ctiam
398 1957 470 1980 eum
491 1950 611 1989 teneri,
635 1949 689 1991 qui
713 1950 878 1990 pecuniam
899 1951 1017 1992 accipit
1036 1953 1069 1982 in

204 1991 348 2031 legatione
380 1989 399 2021 i.
437 1999 464 2022 1.
491 1996 539 2030 pr.
567 1990 609 2032 ff.
639 1992 673 2022 (le
697 1991 774 2034 Leg.
807 1991 874 2032 Jiil.
900 1992 1066 2032 Repetuizd.

203 2030 264 2062 Sed
280 2030 332 2071 qui
352 2031 535 2071 accipit,ut
554 2033 800 2072 praevaricatoi·,
822 2042 885 2074 quo
903 2033 1000 2074 magis
1018 2033 1070 2065 vel

204 2072 308 2103 minus
330 2071 404 2111 quid
423 2080 464 2102 ex
486 2072 594 2104 officio
621 2072 677 2104 suo
702 2072 818 2112 faciat,
843 2083 914 2105 nam
935 2076 973 2105 ad
997 2083 1069 2106 eum

203 2112 305 2144 solum
319 2112 457 2152 pertinet
475 2112 544 2144 Lex
559 2113 656 2153 Julia,
679 2123 742 2145 non
760 2113 797 2144 ad
813 2123 884 2146 euin
895 2115 1003 2154 ,cujus
1016 2115 1071 2146 do-

205 2154 255 2186 lus
273 2153 371 2184 malus
388 2162 451 2184 non
470 2154 630 2195 arguitur,
657 2155 688 2186 ἃ.
707 2154 794 2186 forte
817 2164 858 2186 ex
877 2165 965 2187 more
987 2156 1067 2187 acci-

203 2195 270 2236 pit,
291 2193 376 2234 quod
399 2203 439 2225 ex
466 2203 555 2226 more
581 2195 680 2227 datur.
732 2194 848 2236 Neque
869 2197 964 2228 etiam
989 2197 1070 2238 apud

205 2234 338 2272 Graecos
361 2235 462 2276 legem
486 2236 583 2274 novi,
610 2245 677 2277 quae
703 2236 831 2277 Legatis
852 2237 938 2269 dono
960 2248 1068 2270 mune-

204 2285 240 2308 re
256 2275 432 2308 interdixit:
458 2276 542 2308 solos
560 2276 745 2309 Corinthios
763 2278 911 2319 excipio,
935 2288 1070 2319 quorum

204 2319 286 2350 no‘pt&
304 2316 352 2346 ci’m
367 2317 407 2345 εἴα
427 2318 498 2356 higlac}
517 2318 654 2354 aufidus«.
666 2319 735 2359 ῶῖἓῇι
745 2315 861 2350 Awio'lqw
871 2322 1069 2360 aepsossw'oriou,

207 2359 256 2390 lex
274 2368 331 2390 non
346 2360 556 2399 permittebat,
579 2370 597 2391 a
621 2360 761 2401 Principe
785 2362 860 2392 dona
882 2367 982 2401 capere
1010 2361 1069 2393 Le-

205 2406 290 2442 gatos
301 2425 310 2439 ‚
331 2407 365 2431 ut
379 2400 486 2432 auetor
497 2400 542 2432 est
556 2401 744 2433 Plutarchus
755 2402 951 2445 Apophtegm.
970 2402 1071 2445 Regg.

207 2441 244 2477 ὅ)
262 2440 353 2482 Impp.
378 2441 409 2472 in
423 2450 506 2472 voce
522 2443 642 2473 Amineis
659 2442 682 2473 ἔ
700 2443 868 2483 orpes-Cuma.

249 2482 330 2525 Quae
351 2481 433 2513 dona
450 2481 560 2523 Legati
588 2484 732 2525 accipere
754 2485 784 2516 δε
810 2485 944 2518 retinere
981 2487 1072 2519 offint

203 2523 257 2554 vel
284 2532 347 2554 non
368 2523 503 2563 possint,
529 2533 564 2556 ut
589 2525 667 2557 olim
701 2525 782 2557 inter
812 2536 922 2559 omnes
984 2537 1072 2560 entes

206 2573 270 2596 non
293 2564 469 2600 convenit,
500 2564 540 2596 fic
564 2575 622 2596 nec
653 2566 747 2597 hodie
771 2569 933 2603 convenit.
980 2569 1073 2610 Apud

205 2605 371 2646 plerasque
389 2612 492 2635 autem
511 2615 594 2637 nunc
614 2606 756 2644 obtinet,
779 2616 815 2639 ut
831 2608 944 2650 Legati
961 2610 1072 2642 abeun-

209 2655 256 2677 tes
274 2645 356 2676 dona
378 2644 554 2684 accipiant,
577 2647 694 2686 majora
720 2647 771 2678 vel
797 2649 918 2681 minora
945 2659 1002 2690 pro
1024 2651 1070 2681 di-

207 2687 329 2728 gnitate
348 2684 501 2726 Principis
519 2687 571 2718 vel
586 2686 715 2728 Legati,
741 2688 790 2719 vel
807 2698 864 2729 pro
881 2690 994 2721 officiis
1007 2700 1069 2722 ma-

206 2728 255 2768 gis
276 2727 418 2758 minusve
437 2725 603 2766 praestitis,
627 2727 677 2758 vel
690 2728 708 2759 si
725 2737 783 2768 qua
799 2729 858 2760 alia
874 2731 1070 2762 rationeina-

208 2769 255 2809 gis
274 2767 416 2799 minusve
432 2767 557 2807 gratiosi
575 2767 694 2800 fuerint
711 2768 869 2811 Principi,
881 2771 961 2810 apud
980 2780 1071 2811 quem

207 2809 368 2850 legatione
381 2806 480 2839 funtri
497 2807 577 2840 sunt.
622 2809 714 2850 Isque
733 2819 800 2842 mos
816 2810 893 2841 adeo
919 2811 1072 2851 invaluit,

209 2857 244 2880 ut
262 2849 376 2880 Veneti
400 2849 620 2889 indignentur,
643 2850 663 2882 fi
689 2849 824 2891 Legatus
851 2852 888 2882 ad
909 2850 939 2883 se
966 2852 1072 2884 redeat

207 2891 270 2922 fine
285 2891 352 2921 ulio
369 2899 514 2928 munere,
539 2899 636 2931 utque
653 2900 669 2922 a
692 2890 786 2922 Duce
802 2892 960 2924 Sabaudiae
982 2893 1072 2932 patlo

209 2940 393 2972 extorquere
422 2931 581 2962 voluerint
599 2955 609 2968 ‚
643 2940 678 2962 ut
704 2941 834 2972 munus,
868 2934 951 2979 quod
973 2933 1069 2975 Lega-

209 2980 243 3003 to
262 2972 317 3003 suo
335 2971 461 3002 abeunti
479 2981 543 3003 non
560 2972 704 3012 dederat,
727 2973 827 3005 adhuc
845 2982 986 3006 mitteret
1001 2997 1011 3014 ,
1037 2982 1071 3006 ut

207 3143 225 3171 p
247 3097 305 3165 (ῐὲ)
328 3098 401 3128 Plac.
418 3099 467 3127 111.
492 3108 516 3128 1.
543 3108 586 3129 12.
611 3105 638 3131 6.
661 3101 687 3130 &
706 3101 781 3139 apud
796 3101 923 3131 Aitzema
945 3102 978 3132 L.
994 3103 1070 3132 XLI.

246 3172 306 3209 (2)
328 3173 477 3211 Rrffotuti'en
498 3185 551 3206 van
569 3177 741 3215 Corfideratie
763 3185 806 3208 ten
828 3179 887 3216 tyde
902 3188 955 3210 van
968 3179 998 3209 de
1012 3179 1070 3209 Wii

1113 438 1217 502 gagat
1248 430 1458 472 wicqucfort
1491 442 1527 464 en
1547 432 1604 473 stin
1638 433 1843 475 Ambaffadeur
1876 437 1916 471 L.
1941 438 1963 474 Ι,

1138 482 1150 502 e
1183 495 1190 502 .
1235 482 1265 504 0.

1156 482 1233 544 Alia?
1248 513 1278 544 ec
1291 513 1504 547 Corinthiacae
1523 515 1629 548 similis
1647 516 1700 548 rex
1715 515 1778 555 est,
1803 528 1891 558 quam
1908 522 1965 555 Or.
1994 511 1998 530 ¹

1113 553 1199 585 dines
1215 552 1384 586 Generales
1402 555 1600 588 sanciverunt
1624 567 1669 589 10.
1696 557 1775 599 Aug.
1801 563 1889 600 1651.
1911 563 1969 608 (1)
1997 567 1999 591 -ί

1112 603 1151 625 eo
1169 595 1249 626 enim
1269 595 1319 626 die
1341 596 1568 636 decreverunt,
1591 608 1630 630 ne
1649 599 1716 639 quis
1739 599 1872 641 Legatus
1900 604 1967 640 suus
1997 605 2000 617 ¹

1111 635 1210 668 ullum
1222 636 1339 668 donum
1355 646 1485 677 munus,
1508 639 1563 670 etii
1580 640 1762 679 minimum,
1784 643 1896 682 quovis
1907 655 1968 685 mq-

1114 677 1156 708 do
1175 677 1318 716 accipere
1335 677 1452 717 vellet,
1477 679 1596 718 posita,
1620 680 1641 712 fi
1662 681 1731 721 quis
1755 690 1864 714 contra
1883 683 1965 719 fece.-
2007 690 2008 707 ³

1113 718 1176 755 rit,
1199 717 1338 749 infamiae
1361 718 1391 750 ὃς
1419 719 1578 751 arbitraria
1601 730 1693 761 poena
1711 745 1721 761 ,
1750 722 1817 763 ipso
1841 723 1909 758 deni
1932 737 1967 763 ue
2006 728 2008 751 1

1113 757 1198 790 fac'to
1223 758 1429 799 dignitatibus
1452 759 1511 792 suis
1536 761 1689 801 caderet,
1719 773 1819 805 neque
1841 765 1878 797 ad
1899 768 1970 806 aim
2006 769 2008 803 ἵ

1113 808 1249 841 unquam
1276 800 1505 841 admitteretur.
1553 801 1589 834 Id
1621 802 1793 836 Decretum
1824 815 1885 838 non
1911 808 1969 846 fine

1114 841 1262 872 convicio
1278 840 1418 881 increpat
1437 842 1648 884 Wicquefort
1671 846 1700 877 d.
1724 846 1806 880 L.;I.
1833 847 1904 881 Setz.
1919 860 1967 893 30.

1114 882 1208 913 etiam
1235 881 1327 921 ideo,
1357 882 1440 923 quod
1471 893 1617 923 munera,
1642 895 1710 927 quae
1735 887 1865 927 dantur,
1889 900 1969 926 nunc

1114 922 1179 954 dari
1211 922 1330 954 soleant
1355 923 1481 965 Legatis
1506 925 1708 966 abeuntibus,
1729 937 1786 960 nec
1804 929 1968 973 abeuntes,

1113 963 1206 995 finito
1225 964 1288 1003 Jam
1313 964 1440 1004 officio,
1465 967 1577 1007 poffint
1597 969 1812 1009 praevaricai-i,
1846 972 1875 1004 ὅ(
1899 982 1968 1007 cau-

1114 1003 1177 1036 sam
1196 1004 1350 1046 Principis
1365 1005 1411 1037 sui
1428 1008 1570 1047 prodere.
1601 1010 1661 1041 Sed
1680 1019 1716 1041 ea
1732 1011 1813 1042 ratio
1831 1014 1908 1054 apud
1922 1023 1971 1049 me

1112 1055 1219 1086 pai-um
1247 1046 1354 1085 valet,
1389 1048 1458 1088 quis
1485 1050 1567 1080 enim
1598 1052 1782 1091 negaverit,
1819 1053 1972 1096 Legatos,

1111 1086 1186 1118 dum
1204 1087 1311 1118 officio
1329 1087 1384 1119 suo
1399 1088 1594 1130 funguntur,
1617 1092 1658 1123 ob
1674 1091 1758 1132 spem
1776 1095 1901 1134 maioris
1917 1097 1971 1130 do·

1111 1127 1166 1165 ni,
1187 1127 1274 1168 poss'e
1292 1129 1343 1161 vel
1358 1130 1456 1170 magis
1473 1132 1523 1163 vel
1546 1133 1646 1164 minus
1663 1133 1803 1166 officium
1820 1136 1906 1169 ilium
1925 1136 1971 1173 fa-

1112 1168 1209 1200 cere?
1241 1169 1276 1214 ld
1309 1169 1404 1201 facile
1429 1171 1563 1212 largior,
1593 1173 1614 1205 fi
1641 1174 1718 1205 nihil
1742 1175 1852 1216 detur,
1882 1184 1974 1218 quam

1113 1209 1198 1249 quod
1210 1210 1445 1251 quibuscunque
1470 1213 1540 1244 aliis
1563 1213 1626 1245 dari
1647 1215 1743 1247 moris
1765 1216 1830 1257 est,
1847 1219 1974 1252 austerae

1113 1248 1296 1285 rusticitatis
1316 1251 1415 1282 videri
1441 1262 1478 1283 ea
1504 1254 1586 1285 dona
1610 1254 1800 1297 adspernari,
1823 1267 1916 1299 atque
1931 1261 1976 1293 ita

1113 1289 1267 1331 Principis
1284 1314 1295 1330 ,
1320 1292 1373 1332 qui
1397 1292 1493 1324 offert
1509 1317 1518 1332 ,
1556 1295 1670 1327 bonam
1704 1296 1796 1330 fidem
1821 1299 1975 1341 sugillare.

1115 1330 1317 1376 Quapropter
1344 1333 1374 1366 δε
1398 1342 1480 1366 anno
1508 1339 1598 1368 1660.
1634 1337 1786 1378 agitatum
1809 1339 1873 1371 fuit
1895 1342 1974 1384 apud

1115 1372 1248 1406 Ordines
1265 1372 1437 1406 Generales
1453 1375 1492 1406 de
1511 1378 1666 1409 mutandis
1691 1378 1885 1420 aliquatenus
1906 1388 1974 1416 ver-

1113 1415 1161 1447 bis
1184 1414 1214 1446 d.
1245 1413 1377 1447 Decreti
1408 1425 1454 1448 10.
1482 1416 1564 1459 Aug.
1596 1423 1685 1459 1651.
1710 1429 1854 1453 manente
1874 1431 1974 1459 tamen

1114 1456 1179 1497 ejus
1196 1454 1369 1495 sententia,
1390 1456 1420 1488 δι
1438 1467 1583 1491 manente
1596 1461 1747 1493 sententia
1759 1462 1973 1507 jurisjurandi,

1113 1497 1198 1570 guod
1215 1497 1246 1528 in
1268 1496 1300 1529 id
1317 1497 1490 1530 Decretum
1507 1501 1681 1540 praestatur.
1725 1502 1798 1549 Qua
1812 1504 1850 1536 de
1867 1515 1901 1538 re
1915 1506 1974 1540 Ot-

1136 1539 1201 1570 ines
1216 1537 1398 1585 qulandiae
1415 1550 1446 1577 9.
1469 1540 1650 1575 Oct-1660.
1673 1544 1880 1578 decreverunt
1896 1547 1974 1590 (2),

1114 1579 1170 1613 suo
1188 1589 1315 1612 nomine
1337 1581 1419 1622 apud
1445 1581 1578 1616 Ordines
1602 1583 1771 1619 Generales
1796 1585 1972 1630 suffragium

1112 1622 1289 1660 diceretur,
1319 1623 1399 1655 nihil
1418 1623 1583 1665 quicquam
1610 1628 1723 1659 mutari
1747 1628 1877 1668 placere.
1919 1629 1975 1663 At-

1114 1671 1219 1695 tamen
1234 1663 1366 1704 gratiam
1386 1664 1450 1704 ejus
1468 1664 1601 1698 Deci-eti
1627 1671 1717 1708 1651.
1743 1669 1822 1710 saepe
1843 1670 1905 1703 ess'e
1927 1669 1974 1719 fa<

1113 1704 1195 1737 etam
1221 1713 1376 1744 memorat
1398 1706 1483 1738 aliud
1511 1708 1667 1741 Ordinum
1702 1709 1873 1743 Decretum
1901 1721 1973 1744 anm

1117 1749 1173 1787 1⁶7
1175 1756 1207 1787 5.
1231 1745 1269 1777 de
1284 1755 1348 1787 quo
1365 1756 1441 1779 mox
1456 1748 1569 1783 dicam.
1603 1749 1771 1793 Privilegia
1785 1750 1854 1784 haec
1867 1761 1974 1792 erant,

1113 1788 1226 1828 quibus
1244 1787 1419 1828 gaudebant
1439 1788 1484 1821 Le
1506 1791 1549 1822 ati
1570 1798 1718 1832 potentes
1733 1793 1763 1826 δε
1777 1793 1918 1834 gratiosi,
1940 1803 1971 1826 a·

1112 1828 1148 1860 lii
1165 1837 1228 1860 non
1244 1828 1431 1869 gaudebant.
1508 1840 1576 1863 rant
1594 1834 1708 1873 etiam,
1732 1834 1804 1875 qui,
1819 1835 1902 1874 quod
1917 1835 1972 1867 lex

1112 1869 1262 1908 vetabat,
1286 1869 1340 1902 fibi
1362 1878 1465 1903 tamen
1483 1871 1662 1913 sumebant,
1687 1883 1722 1908 ut
1742 1875 1797 1908 ille
1819 1876 1972 1909 Ordinum

1113 1909 1316 1942 Generalium
1329 1912 1368 1944 ad
1382 1912 1539 1946 Moschos
1553 1914 1707 1957 negatus,
1716 1917 1769 1958 qui
1788 1926 1869 1949 anno
1881 1920 1972 1950 1666.

1112 1951 1297 1992 Imperatori
1316 1953 1515 1995 valedicens,
1540 1956 1603 1988 fine
1618 1957 1685 1989 ullo
1702 1958 1872 1999 privilegio
1887 1958 1973 1990 varia

1112 2001 1240 2024 munera
1256 1994 1379 2035 accepit
1403 1995 1470 2037 (3).
1518 1996 1563 2028 Ut
1585 2005 1689 2030 autem
1712 1997 1857 2038 austerae,
1899 2007 1971 2031 uam

1111 2034 1202 2073 dixi,
1225 2032 1411 2075 rusticitati,
1438 2038 1468 2068 dc
1486 2036 1573 2069 fimul
1591 2038 1654 2070 illis
1669 2039 1858 2081 privilegiis,
1924 2048 1970 2071 te-

1112 2075 1253 2107 merariis
1277 2075 1470 2116 Legatorum
1499 2077 1575 2110 ausis
1593 2078 1719 2111 obviam
1743 2079 1861 2118 iretur,
1884 2081 1971 2121 rigor

1112 2117 1179 2157 ejus
1196 2114 1327 2148 Decreti
1348 2127 1397 2150 10.
1415 2118 1497 2159 Aug.
1524 2122 1615 2158 1651.
1637 2129 1719 2152 anno
1746 2123 1836 2161 1675.
1861 2121 1972 2154 nonni—

1112 2158 1157 2190 hil
1174 2157 1335 2199 mitigatus
1352 2159 1413 2197 est,
1437 2158 1569 2192 Ordines
1586 2160 1701 2202 quippe
1725 2159 1894 2193 Generales
1919 2171 1970 2200 29.

1112 2198 1187 2240 Apr.
1212 2199 1242 2230 d.
1259 2199 1330 2231 anni
1348 2204 1436 2240 1675.
1458 2199 1665 2233 decreverunt
1684 2201 1762 2242 (4),
1787 2203 1896 2234 liceret
1913 2202 1972 2236 Le-

1111 2240 1191 2281 gatis
1206 2239 1267 2276 suis
1287 2250 1323 2271 ea
1336 2242 1573 2282 accipere,quae
1592 2242 1720 2283 reliquis
1737 2242 1862 2285 Legatis
1879 2251 1972 2277 trans-

1113 2280 1260 2312 cuntibus
1290 2282 1320 2313 ἃ
1354 2282 1538 2314 abeuntibus
1568 2292 1608 2315 ex
1639 2293 1727 2315 more
1751 2283 1933 2325 praestantur
1954 2293 1973 2317 a

1113 2321 1331 2362 Principibus,
1360 2332 1416 2364 pei·
1445 2332 1578 2363 quorum
1603 2323 1772 2366 Imperium
1795 2325 1974 2365 transeunt,

1113 2362 1166 2394 vel
1181 2372 1198 2394 a
1211 2363 1343 2404 quibus,
1368 2363 1456 2396 finita
1477 2364 1652 2405 legatione,
1676 2366 1809 2404 abeunt,
1830 2366 1971 2398 dummo-

1115 2403 1158 2434 do
1172 2404 1286 2436 reverfi
1301 2414 1337 2436 ea
1351 2405 1432 2437 dona
1449 2405 1616 2438 exhibeant
1634 2406 1802 2439 Ordinibus
1815 2405 1840 2438 F
1841 2406 1970 2439 cedei-ati

1115 2445 1216 2486 Belgii
1228 2467 1240 2484 ,
1263 2446 1415 2486 probato,
1438 2446 1522 2486 quod
1546 2447 1583 2479 ad
1603 2455 1706 2479 cetera
1731 2447 1831 2485 dona,
1851 2446 1881 2478 d.
1904 2445 1972 2480 De-

1115 2494 1207 2517 creto
1229 2496 1275 2518 10.
1298 2487 1380 2529 Aug.
1407 2491 1498 2526 1651.
1523 2487 1553 2519 ὅ(
1579 2497 1617 2519 ne
1637 2487 1849 2527 jurisjurandi,
1881 2488 1911 2519 in
1936 2488 1967 2520 id

1129 2525 1261 2567 raestiti,
1292 2528 1356 2562 ulla
1380 2528 1410 2560 in
1429 2526 1581 2568 posterum
1605 2527 1693 2560 fieret
1714 2527 1823 2568 gratia.
1867 2528 1972 2563 Etiam

1115 2536 1231 2600 &eneti
1260 2568 1390 2611 Legati,
1414 2570 1539 2600 domuin
1563 2568 1696 2613 reversi,
1719 2569 1801 2600 dona
1825 2569 1862 2601 ad
1880 2570 1972 2602 Sena—

1116 2616 1183 2641 tum
1199 2608 1362 2649 deferunt,
1385 2610 1456 2650 qui,
1480 2617 1515 2639 ut
1528 2608 1571 2639 ait
1589 2608 1794 2649 W’icquefort
1811 2611 1840 2642 d.
1856 2611 1909 2642 loc.
1929 2609 1972 2643 se-

1114 2649 1163 2681 rio
1180 2649 1332 2682 deliberat
1343 2672 1352 2687 ,
1375 2660 1411 2682 an
1427 2648 1615 2681 restituenda
1630 2648 1688 2680 sint
1707 2650 1901 2692 Legatis,an
1917 2659 1968 2683 ve-

1114 2699 1150 2722 ro
1170 2691 1384 2725 convertenda
1399 2690 1430 2722 111
1448 2688 1534 2721 usum
1551 2689 1766 2730 Reipublicae,
1786 2700 1820 2722 ut
1835 2692 1970 2733 aliquan-

1114 2729 1156 2769 do
1171 2730 1228 2769 fit;
1258 2731 1309 2762 hic
1331 2738 1434 2763 autem
1458 2729 1524 2762 fere
1549 2730 1627 2762 dicis
1651 2733 1748 2772 gratia
1771 2732 1972 2772 exhibentur,

1114 2780 1215 2811 neque
1238 2772 1320 2804 enim
1339 2780 1418 2812 puto
1444 2771 1565 2803 exstare
1589 2773 1791 2813 exemplum,
1821 2783 1884 2815 quo
1906 2782 1970 2807 non

1114 2821 1191 2843 mox
1209 2811 1277 2852 ipsis
1293 2812 1416 2853 Legatis
1434 2812 1502 2844 sunt
1523 2812 1651 2845 reddita.
1957 2828 1959 2836 ¹

1117 2886 1120 2891 ,
1157 2852 1252 2900 Quod
1269 2851 1394 2894 Legatis
1412 2853 1608 2885 interdictum
1627 2854 1691 2894 cst,
1716 2855 1795 2887 idem
1813 2855 1842 2887 ἃ
1860 2863 1967 2888 corum

1113 2893 1283 2924 comitibus
1302 2894 1497 2925 ήκω-(11616111
1524 2903 1620 2936 put03
1642 2905 1734 2936 quare
1757 2905 1813 2927 nec
1839 2896 1868 2928 hi
1891 2897 1972 2929 recte

1113 2934 1193 2965 donzi
1218 2935 1364 2975 capient,
1397 2944 1466 2977 qua:
1495 2935 1619 2976 Legatis
1654 2946 1764 2978 capere
1787 2947 1848 2968 non
1875 2937 1967 2976 licet,

1113 2973 1283 3009 censendos
1307 2976 1391 3008 enim
1408 2976 1469 3008 ess‘c
1488 2979 1551 3018 puri
1571 2977 1656 3024 iure,
1679 2987 1740 3019 quo
1767 2977 1875 3021 Legati
1898 2987 1968 3052 ‹ken-

1917 3027 1967 3052 en-

1113 3112 1220 3179 Ρ’(5ξ7)
1233 3142 1360 3171 Aitzema
1382 3142 1411 3170 L.
1429 3143 1517 3172 XLV.
1538 3152 1565 3179 p.
1584 3150 1665 3178 1191.

1150 3183 1210 3218 (4)
1230 3181 1306 3211 Plac.
1328 3183 1379 3214 ω.
1404 3190 1428 3210 i.
1452 3190 1494 3210 12.
1518 3189 1543 3215 7.
