2008 3436
156 112 599 160 OBSERVATJONUM
648 111 785 163 JURIS
834 110 1048 150 ROMANI
1100 113 1186 150 LlB.
1215 117 1316 153 Viti.

54 200 191 248 ‘Ulpiani
208 206 239 237 in
267 204 297 235 h.
326 197 346 234 l.
369 212 398 243 3.
416 205 466 242 pr.
489 206 594 230 eamus
612 197 642 229 in
663 193 838 226 confilium.
885 193 927 241 Er

54 241 141 291 'puto
157 249 219 288 jam
239 237 400 281 conflare,
429 250 520 279 eum,
546 247 617 285 cum
632 236 816 286 pollutum,
838 235 875 266 ad
892 238 926 267 li-

59 289 273 324 militudinem
298 285 458 321 filiorum,
487 287 672 325 nominatim
690 277 927 308 exneredandos

57 333 102 364 air
152 331 305 362 duntaxat
327 326 366 358 de
391 325 429 357 iis
453 332 566 364 agere,
594 329 646 362 qul
666 317 926 364 adgnaseerentur

56 354 123 406 l'ui'
162 371 220 404 Sed
236 380 273 402 an
292 369 321 400 δι
338 367 417 399 filias
434 362 590 406 postumas
607 359 854 404 comprehendet
872 360 927 391 illa

59 415 92 448 lo
109 398 207 445 ‘uutio
244 407 365 452 postumi
380 414 432 448 per
451 405 568 436 virilem
579 402 685 444 fixum
703 401 927 448 descenderim?

61 424 113 488 :inq
129 455 159 486 &-
183 434 308 494 nc'ptem
333 458 372 480 ex
395 447 489 480 filio?
521 444 625 476 Verba
640 444 782 494 equidem
800 443 861 489 hoc
881 444 926 474 re-

55 503 153 534 runt,
176 493 226 526 sed
243 492 302 524 alia
316 489 360 522 cst
378 498 464 521 mens
481 486 618 527 Ulpiani.
662 488 696 530 Si
714 483 839 516 dixisset
852 507 862 522 ,
876 491 926 524 po-

53 537 146 580 stumi
164 544 278 572 mares,
296 538 350 573 per
375 529 496 562 virilem
509 532 616 569 sexum
631 527 853 568 descendentes,
873 525 925 557 vel

53 576 177 620 postumi
195 573 295 607 virliis
303 573 413 614 seam,
431 576 486 611 per
504 569 624 600 virilem
633 572 739 610 sexum
756 568 924 613 descenden-

57 626 99 652 tes
142 626 177 649 ut
195 617 256 648 alia
275 613 440 647 occasione
459 611 542 643 dixit
562 610 620 642 Tic.
639 608 698 656 XI.
723 608 923 657 Γζιισηιᾼᾼ.

57 641 194 698 melitem
214 654 298 689 suam
315 653 498 696 diligentius
517 649 720 697 explicasset,
746 632 923 696 ledAtictoss

56 699 141 736 ribus
168 708 232 732 non
258 696 320 729 sem
345 706 378 727 er
403 694 543 736 contigit
567 692 628 724 elle
648 691 866 739 ade-obeatis,
890 697 925 722 ut

78 751 146 776 uam
168 706 395 772 accuratidime
414 737 594 776 loquantur.
641 734 672 765 Si
692 733 756 778 tilia
769 733 923 779 postuma,

52 753 79 818 3
95 780 198 825 neptis
225 791 265 812 ex
283 780 352 813 filio
371 778 436 816 his,
467 787 538 819 quae
556 776 644 814 dixi,
667 777 772 806 verbis
791 773 925 820 intelligi

52 821 168 868 poffint
180 847 189 863 ,
212 821 348 863 intelligi
369 828 472 851 tamen
487 827 551 850 non
569 815 925 862 debentgfignificatio-

55 876 110 899 nes
130 865 302 898 verborum
327 860 490 903 exlgcndoe
515 858 586 891 sunt
609 857 645 889 ad
665 865 819 888 rationem
836 863 922 902 argu3

55 907 174 946 menti,
205 906 244 937 de
277 914 340 946 quo
358 913 374 935 a
399 903 480 940 itur,
513 901 542 932 r&
558 900 579 931 li
594 899 660 930 haze
681 898 776 929 verba
797 896 922 942 Ulpiani

55 949 218 982 exiuamus
232 946 269 979 ad
286 946 345 977 aliu
400 944 407 975 l
433 942 494 974 iani
519 941 607 979 loca,
634 948 704 980 quae
721 939 759 969 de
776 938 838 969 hoe
853 937 922 984 ipso

55 974 241 1024 arai'imento
267 986 300 1019 su
325 996 356 1017 ra
380 952 478 1016 aditui
495 1004 507 1020 ,
537 990 601 1027 non
628 979 672 1011 est
687 1002 697 1018 ,
735 987 769 1010 ut
794 978 832 1009 de
855 988 922 1019 ejus

55 1015 162 1066 mSnte
180 1030 271 1063 fimus
295 996 423 1059 solliciti
435 1047 445 1062 ,
471 1023 501 1055 &
520 1032 554 1053 ea
572 1022 827 1067 maleel-namus,
851 1030 921 1066 quin

53 1083 74 1107 a
92 1068 336 1114 jurisprudentia
352 1066 437 1098 illius
453 1063 514 1095 aevi
532 1063 622 1104 plane
642 1064 712 1094 lunt
727 1062 838 1092 ahena.
862 1061 920 1109 Ni-

54 1114 100 1146 hil
116 1113 282 1155 quicquam
302 1108 357 1140 ille
374 1105 498 1144 voluit,
520 1114 612 1145 quam
624 1102 784 1144 postremos,
802 1108 857 1148 pe?⁶
875 1113 921 1134 w-

54 1155 137 1187 rilem
142 1153 248 1195 J'encm
265 1149 481 1188 descendentes,
493 1146 522 1177 id
537 1144 593 1185 est,
610 1154 708 1177 mares
721 1153 761 1176 ex
772 1144 919 1184 maribus,

54 1193 241 1228 nominatim
257 1185 319 1224 csse
336 1188 580 1222 exheredandos.
626 1188 657 1215 οἱ
681 1189 708 1233 ἐξ
729 1190 920 1233 affe-wau*

52 1234 106 1280 'qut'
116 1234 191 1278 sunt
212 1240 262 1279 pro
283 1233 383 1275 aginis
413 1229 545 1270 mascula
561 1250 572 1266 ,
609 1227 792 1269 simplieiter
822 1235 920 1276 yertit

54 1275 242 1311 scholiastes
294 1282 394 1306 raecus
411 1271 448 1303 ad
478 1270 521 1302 L.
543 1269 709 1302 XXXIX.
737 1266 855 1306 BczfilzC.
886 1268 918 1300 Γ.

50 1318 95 1354 11.
122 1319 156 1351 C.
180 1328 211 1360 3.
235 1317 266 1348 &
289 1316 347 1348 hos
366 1322 443 1345 mox
468 1312 605 1353 appellat
622 1313 667 1343 τες
682 1312 709 1346 ἐξ
724 1313 918 1357 ifibsvwvfgem-

86 1373 155 1392 thus
212 1365 265 1400 per
290 1366 384 1388 mares
408 1354 617 1396 defi-ementes.
678 1351 794 1384 Procul
824 1359 920 1393 igitur

50 1373 128 1436 {fine
154 1383 218 1434 fi'lia
243 1397 384 1440 postuma
399 1420 409 1436 ,
441 1394 545 1436 neptis
567 1403 606 1425 ex
633 1393 720 1432 filio,
742 1393 920 1440 &rehquae

53 1442 202 1484 deinceps
224 1439 359 1473 femellae
377 1448 387 1478 3
415 1445 510 1479 atque
531 1436 609 1482 adeo
624 1436 738 1478 procul
756 1435 831 1466 hinc
853 1436 918 1467 len-

52 1484 153 1516 tentia
179 1479 426 1515 Constitutionis
452 1487 548 1510 novae
576 1486 609 1508 in
637 1478 665 1508 d.
694 1477 716 1509 l.
747 1476 802 1509 ult.
830 1477 861 1508 C.
885 1477 919 1507 de

55 1525 161 1558 LIber.
182 1528 296 1567 pater.
321 1521 357 1557 δέ’
379 1521 484 1567 esther..
634 1561 640 1567 θ
840 1559 846 1565 ι
867 1559 873 1565 .
892 1559 899 1564 .

55 1592 57 1594 -
95 1565 144 1600 Ad
163 1567 230 1599 haec
249 1563 402 1606 Ulpianus
417 1562 501 1593 dunt
514 1557 638 1601 postumz
648 1583 660 1599 ,
682 1569 796 1607 genere
809 1559 902 1607 *vn-111·
907 1581 919 1598 ,

52 1615 126 1640 cum
140 1606 280 1648 alioquin
302 1602 465 1646 postumos
491 1602 521 1634 ἃ
561 1600 697 1635 ostumas
713 1602 851 1635 sollieite
872 1601 917 1632 d1-

51 1648 190 1692 stinguat
215 1649 244 1679 d.
275 1646 334 1679 Tit.
367 1643 478 1677 XXII.
541 1653 635 1686 ragm.
664 1644 695 1686 §.
719 1653 772 1677 21.
806 1642 843 1678 ὅ)
864 1652 917 1675 22.

620 1734 1005 1781 CAPUT‘

1371 120 1409 154 c.
1436 114 1717 159 fixurxxiv.
1773 122 1843 165 ‘2'752

971 192 1069 225 Forte
1081 192 1224 234 postumi,
1255 202 1290 226 ut
1309 197 1466 236 pollemus
1481 224 1490 238 ‚
1517 204 1571 241 'per
1589 202 1714 233 virilem
1737 200 1845 233 sexum

969 234 1192 267 descendentes
1202 260 1210 274 ‚
1237 238 1421 270 excluderet
1431 264 1440 278 ‚
1466 250 1568 282 eoque
1583 252 1766 274 occurreret
1776 241 1845 275 fini:

970 276 1038 308 ssrae
1060 276 1315 318 interpretationi
1334 303 1345 318 ,
1378 290 1471 320 quam
1495 291 1578 313 nune
1603 286 1631 315 e<
1652 285 1690 315 de
1707 284 1845 316 femellis

965 317 1113 359 fingunt,
1137 319 1190 359 qui
1208 319 1277 351 aliis
1304 322 1463 353 acutiores
1487 323 1538 354 vel
1559 322 1651 362 sunt,
1674 327 1726 357 vel
1744 324 1845 356 videri

971 363 1097 391 volunt.
1144 360 1231 404 Quin
1252 360 1273 392 fi
1292 360 1445 403 Ulpianus
1464 363 1649 405 fimpliciter
1668 365 1842 406 sci-ipsillet,

966 399 1091 441 postumi
1112 402 1213 432 virilis
1226 402 1317 449 fixus
1335 425 1346 441 ,
1377 411 1412 435 ut
1437 414 1509 436 eum
1531 404 1681 447 scripsisse
1701 407 1754 438 fibi
1774 417 1842 447 per*

970 441 1099 474 suadent
1116 466 1125 482 ,
1162 443 1263 484 polles
1293 443 1349 475 sub
1365 445 1424 477 hac
1441 446 1628 478 definitione
1644 448 1738 479 etiam
1756 458 1842 479 conr<

970 484 1161 525 prehendere
1181 492 1329 526 nepotem
1349 496 1389 518 ex
1409 487 1473 519 filia
1488 510 1498 526 ,
1523 488 1542 519 li
1564 488 1647 520 hunc
1664 489 1844 530 postumum

969 524 1053 556 nasci
1070 527 1260 566 contigerit,
1292 534 1365 559 cum
1383 529 1439 560 ille
1465 538 1563 570 nepos
1585 532 1695 572 utique
1716 531 1751 563 lit
1769 532 1843 562 viri-

968 567 1121 607 lis-sexus.
1168 567 1263 599 Cavit
1287 569 1385 609 igitur
1410 569 1565 612 Ulpianus
1592 582 1607 603 a
1637 572 1743 604 verbis
1770 572 1842 613 plus

968 608 1130 649 ambiguis.
1188 609 1298 640 Utitur
1322 611 1446 651 quidem
1475 613 1513 644 iis
1532 613 1602 654 ipsis
1624 612 1691 645 Lex
1710 614 1843 651 Vellea,

968 656 1003 679 ut
1021 649 1118 680 modo
1133 649 1288 689 diximus3
1312 651 1363 684 sed
1381 652 1444 685 hoc
1461 653 1588 693 addito,
1616 655 1745 697 quisuas
1762 656 1842 686 heres

960 690 1086 730 futurus
1103 688 1164 732 est,
1196 693 1281 732 quod
1303 703 1452 735 nepotem
1481 705 1522 726 ex
1543 696 1628 736 filia,
1649 697 1679 728 ὃς
1700 698 1840 738 reliquos

968 741 1087 771 mares,
1119 742 1174 773 per
1201 734 1351 766 leminam
1369 735 1611 777 descendentes,
1637 739 1768 771 omnino
1786 748 1840 769 cx-

969 773 1089 811 cludir3
1113 783 1183 804 nani
1205 776 1334 808 femina:
1353 775 1425 809 suos
1452 778 1581 811 heredes
1599 789 1663 811 non
1686 780 1800 812 habent
1818 780 1839 811 l.

967 824 999 854 4.
1024 815 1052 855 §.
1077 824 1106 846 ρ.
1126 815 1168 856 ff.
1190 817 1222 846 <ie
1245 818 1350 849 Bonos.
1370 818 1474 860 poffcff
1501 827 1603 852 contra
1627 823 1684 852 tab.
1733 823 1840 868 Quare

966 855 1107 887 dubitem
1129 880 1138 894 ,
1173 867 1210 888 an
1243 868 1308 890 non
1334 862 1448 892 melius
1472 861 1628 903 scripserit
1657 863 1811 905 Ulpianus
1831 887 1841 903 ,

966 906 1058 937 quam
1077 897 1096 930 fi
1118 898 1298 939 lei-iplisset,
1318 899 1442 941 postumi
1460 904 1670 945 virilu-slatus.
1717 905 1837 946 Adgna-

966 942 1016 970 'tos
1041 938 1161 970 virileis
1178 964 1188 979 ,
1215 941 1267 981 qui
1291 941 1345 982 ipli
1362 951 1450 974 erant
1473 945 1660 985 definiendi,
1692 946 1841 978 definivit

964 979 1071 1018 bene;
1103 980 1125 1011 fi
1145 980 1328 1023 firnpliciter
1353 984 1480 1016 dixill‘et
1502 987 1716 1028 virilia-satas,
1742 997 1837 1029 opor-

966 1020 1073 1051 tuiss'et
1099 1022 1193 1053 etiam
1219 1023 1371 1063 adjicere,
1405 1031 1459 1065 per
1477 1027 1597 1058 virilem
1604 1029 1709 1070 sexam
1725 1031 1837 1071 destenss

964 1063 1084 1100 dentes,
1109 1071 1144 1094 ut
1161 1064 1276 1103 adjecit
1295 1066 1324 1095 cl.
1354 1065 1413 1097 Tn.
1436 1067 1496 1098 XI.
1520 1067 1641 1111 Fragm.
1668 1070 1694 1111 §.
1714 1081 1746 1111 4.
1777 1070 1838 1103 Sed

963 1103 1027 1134 hoc
1045 1107 1088 1135 eit
1109 1111 1249 1140 κκκόφψω
1261 1128 1272 1144 ,
1296 1107 1337 1137 ob
1364 1107 1411 1139 bis
1429 1110 1579 1149 repetitas
1597 1111 1734 1150 ejusdem
1751 1112 1839 1153 fignr

963 1143 1124 1176 ficationis
1154 1155 1261 1178 voces.
1307 1146 1396 1180 Huic
1420 1149 1504 1180 vitio
1529 1149 1616 1182 forte
1645 1153 1761 1184 mederi
1784 1164 1838 1184 vo-

963 1185 1024 1217 luit
1040 1210 1049 1225 ‚
1083 1195 1170 1218 certe
1195 1189 1301 1228 potuit
1320 1187 1420 1221 verbo
1445 1190 1619 1224 masculino
1631 1191 1834 1235 postremorum.

962 1227 1057 1267 Scio,
1077 1226 1239 1269 postremos,
1263 1229 1284 1262 fi
1304 1239 1353 1262 res
1374 1231 1478 1271 ferat,-
1502 1233 1532 1264 dc
1543 1233 1690 1275 postumas
1709 1245 1838 1277 quoque

962 1270 1227 1310 comprehendere
1241 1295 1251 1311 ,
1284 1270 1336 1303 sed
1360 1274 1456 1305 verba
1478 1275 1614 1317 ambigui
1650 1278 1772 1317 generis
1796 1283 1836 1308 eo

962 1309 1126 1343 referenda
1141 1310 1232 1352 sunt,
1254 1322 1318 1354 quo
1338 1313 1588 1356 Jurisprudentia
1608 1318 1738 1350 illorum
1759 1327 1837 1351 tem*-

961 1361 1077 1395 porum
1101 1352 1212 1386 referri
1242 1353 1350 1387 suadet
1366 1378 1377 1394 ,
1403 1356 1502 1397 jubet.
1547 1357 1625 1390 Hoc
1649 1360 1746 1402 igitur
1766 1361 1839 1392 vult

965 1393 1134 1434 Ulpianus:
1156 1394 1294 1437 postumi
1312 1406 1464 1438 nepotes,
1489 1408 1682 1442 pronepotes
1701 1402 1837 1442 exfilio,

964 1435 994 1466 ἃ
1011 1436 1055 1466 ita
1070 1436 1236 1478 deinceps,
1259 1437 1297 1469 ad
1313 1439 1494 1481 exemplum
1510 1441 1603 1482 ipsius
1627 1443 1707 1482 filii,
1733 1444 1836 1475 nomi-

962 1477 1062 1508 natim
1089 1478 1300 1513 exheredandi
1326 1479 1408 1512 sunt.
1460 1481 1512 1513 De
1534 1482 1656 1515 filiabus
1671 1506 1682 1523 ,
1717 1485 1746 1517 ὃς
1764 1485 1835 1517 reli*

961 1518 1050 1558 quis,
1073 1528 1129 1560 per
1145 1519 1335 1554 femininum
1359 1521 1467 1554 sexum
1482 1523 1763 1564 descendentibus,
1788 1527 1835 1558 ni*

960 1558 1007 1590 hil
1030 1562 1196 1602 quicquam
1219 1561 1325 1594 dicere
1349 1563 1532 1596 decreverat
1551 1588 1562 1604 ,
1598 1567 1628 1598 δε
1655 1565 1725 1599 sarm
1755 1568 1835 1599 ludi*

961 1600 1064 1633 brium
1092 1602 1221 1635 deberet
1235 1626 1248 1642 ,
1279 1603 1301 1636 fi
1329 1603 1367 1636 de
1388 1605 1437 1637 his
1449 1605 1595 1647 dixisset,
1618 1609 1834 1642 exheredatioa

958 1651 1032 1675 nem
1050 1645 1239 1677 nominatim
1255 1645 1317 1678 effe
1329 1644 1517 1681 faciendam.

1079 1738 1285 1781 XXIV.

126 1815 264 1886 Ulpiani
286 1846 352 1872 aevo
376 1834 545 1870 convenire
570 1830 898 1917 Jurisprudentiasm‚
938 1843 1017 1917 quc}
1030 1831 1135 1881 exstat
1162 1834 1196 1868 in
1220 1832 1262 1868 L.
1289 1843 1347 1869 20.
1375 1848 1426 1883 pr.
1455 1829 1494 1872 ff.
1525 1836 1595 1886 Qui
1620 1829 1756 1874 testam.

853 1892 905 1918 ac.
931 1893 979 1928 po
1011 1908 1020 1916 .

46 2016 48 2018 .
113 1986 169 2017 uto
192 1983 290 2018 solius
319 1982 447 2025 Ulpiani
471 1980 557 2021 esse,
589 1981 682 2029 quod·
698 1980 743 2028 ait
765 1979 793 2011 d.
819 1979 839 2011 l.
864 1989 914 2012 20.

128 2032 176 2068 pr.
223 2024 286 2075 Qui
312 2023 480 2067 testamento
504 2024 585 2054 heres
612 2021 798 2064 instztuzcur,
818 2031 852 2068 ιη
874 2032 915 2053 eo·

47 2071 114 2100 dem
130 2065 297 2108 testamento
311 2066 392 2108 testis
407 2066 457 2107 effe
473 2075 530 2096 non
542 2063 647 2106 potest.
691 2063 864 2096 Intercedit
873 2072 915 2095 ta-

51 2118 122 2140 men
138 2108 263 2150 Viglius
277 2108 467 2141 Zuichemus
483 2106 520 2138 ad
542 2106 571 2148 §.
585 2116 633 2138 10.
657 2102 731 2154 Iast.
741 2105 775 2135 de
789 2103 911 2145 Testam.

51 2150 147 2182 ordin.
177 2157 262 2181 ratus
278 2171 290 2187 ,
322 2149 544 2189 compilatorum
574 2147 746 2179 auaorzcate
772 2145 913 2194 pleraque

43 2190 135 2232 fuiffi:
157 2191 312 2222 immutata
333 2213 345 2229 ,
371 2200 406 2222 ac
427 2190 465 2221 ad
492 2188 635 2230 novzffimi
645 2190 725 2234 juris
742 2189 913 2228 observam-

49 2242 117 2265 nem
140 2233 346 2270 accomodata,
373 2231 404 2263 ὅ(
428 2230 472 2262 fic
511 2239 613 2271 uoque
629 2230 690 2263 effe
706 2239 738 2261 m
761 2230 791 2260 d.
813 2229 834 2261 l.
861 2239 912 2260 20.

43 2279 94 2314 pr.
127 2273 211 2312 Sed,
243 2270 264 2304 fi
291 2271 438 2304 hactenus
461 2280 494 2302 re
526 2270 801 2312 edisputavimus,
826 2270 913 2302 nulla

48 2314 94 2347 est
107 2315 189 2345 ratio
209 2338 218 2354 ,
248 2323 304 2345 cur
334 2313 402 2345 haec
427 2312 519 2345 nobis
534 2321 597 2344 tam
617 2313 701 2355 large
715 2312 842 2343 obtrudi
861 2321 912 2352 pa-

49 2357 184 2394 tiamur,
209 2365 248 2388 ne
266 2354 392 2396 quidem
411 2353 496 2395 quod
513 2354 550 2385 ad
569 2355 598 2385 d.
619 2354 640 2385 l.
664 2364 714 2386 20.
734 2359 784 2394 pr.
830 2352 912 2400 Cum

49 2394 174 2438 Viglius
196 2397 240 2429 ait
252 2419 264 2435 ‚
288 2396 426 2437 pleraque
445 2393 535 2435 fuiffe
552 2396 728 2433 immutata,
748 2394 819 2436 plus
834 2394 913 2426 mihi

48 2437 176 2477 dixtine,
208 2439 311 2470 minus
336 2436 454 2469 senfiffe
478 2436 612 2469 videtur.
658 2435 786 2469 Sinistra
807 2444 913 2468 autern

48 2476 181 2522 suspicio
197 2479 236 2511 de
250 2478 411 2521 supposito
419 2475 546 2519 Ulpiani
556 2485 666 2520 partu,
676 2474 799 2510 indeest
807 2500 818 2516 ,
828 2476 913 2524 quod

47 2520 181 2554 rotunde
209 2528 302 2562 neget
329 2522 357 2552 d.
382 2520 403 2551 l.
428 2529 478 2551 20.
497 2525 544 2560 pr.
578 2518 687 2551 testem
703 2516 765 2551 effe
781 2519 912 2560 poffein

47 2562 252 2600 testamento,
275 2561 331 2603 qui
348 2571 388 2593 eo
405 2561 494 2593 heres
522 2560 686 2600 scribitur,
711 2561 740 2594 ὅ(
756 2569 860 2607 tamen
879 2570 912 2592 o-

47 2603 104 2636 lim
122 2602 154 2633 id
177 2602 295 2634 licuisse
319 2603 456 2640 diceres,
481 2602 554 2642 quia
574 2602 705 2644 abrogat
722 2599 912 2648 Justmianus

47 2645 80 2677 iu
103 2645 132 2675 d.
154 2642 182 2684 §.
207 2653 255 2675 10.
278 2642 351 2685 Inft.
373 2645 406 2675 de
433 2643 558 2685 Testem.
581 2644 676 2676 ordin.
719 2643 910 2684 Abrogatio-

47 2684 97 2718 nis
121 2685 202 2716 ratio
226 2684 270 2716 est
289 2695 297 2715 :
327 2686 395 2726 quia
414 2691 504 2717 totum
528 2686 696 2727 negotium,
719 2686 791 2727 quod
808 2686 912 2727 agitur

48 2723 212 2766 testamenti
227 2726 383 2757 ordinandi
403 2728 506 2768 gratia
521 2748 533 2765 ‚
556 2727 685 2757 creditur
699 2735 812 2758 nonu:
831 2728 911 2758 inter

47 2765 210 2808 testatorem
234 2761 270 2800 ὃ*
293 2766 421 2798 heredem
444 2770 507 2810 agi.
550 2766 703 2809 Nunquid
718 2768 815 2809 igitur
831 2767 910 2799 olim

47 2805 110 2842 hoc
125 2817 188 2838 non
203 2805 268 2837 fuit
284 2807 437 2840 creditum
448 2809 465 2841 ‘2
489 2816 616 2850 apparet
630 2818 694 2841 non
708 2808 803 2841 fuiffe
822 2809 852 2840 in
869 2818 909 2840 eo

48 2857 162 2894 genere
179 2846 354 2879 testamenti
385 2850 469 2889 quod
482 2860 538 2891 per
556 2860 598 2882 aes
618 2850 648 2882 ὅῑ
665 2850 775 2882 libram
793 2850 908 2889 fiebat,

49 2894 81 2924 ὅ(
96 2889 135 2921 de
147 2898 211 2930 quo
229 2887 298 2919 solo
312 2871 472 2927 Jus'kiniani
497 2890 598 2923 sermo
615 2890 661 2923 est
678 2892 708 2923 in
726 2892 856 2933 reliquis
879 2893 908 2924 d.

47 2931 78 2974 §.
107 2940 153 2962 10.
187 2929 220 2960 In
245 2938 285 2960 eo
297 2928 436 2961 .familiae
452 2939 649 2973 emptorem,
673 2933 704 2964 ἄ
721 2933 774 2974 qui
792 2934 824 2965 in
842 2933 909 2973 ejus

0 2998 3 3003 .
47 2970 203 3016 potestate
224 2979 312 3002 erant
331 2994 342 3009 ‚
373 2980 391 3001 a
409 2970 589 3004 testimonio
603 2974 797 3014 repellebant
815 2974 909 3006 Vet'e-

49 3024 118 3051 res,
141 3011 286 3043 heredem
308 3021 371 3043 non
398 3012 606 3053 repellebant,
630 3017 765 3056 quoniam
784 3015 910 3056 familiae

20 3077 24 3079 λ
49 3054 227 3093 mancipatio
253 3053 332 3083 inter
359 3050 521 3093 testatorem
544 3053 580 3089 C?
597 3055 727 3095 familiae
757 3061 910 3097 emptorem

45 3097 103 3138 fit,
132 3102 168 3125 ut
195 3093 262 3125 haec
289 3102 411 3125 enarrat
432 3093 586 3135 Ulpianus
600 3095 722 3139 Fragm.
743 3097 803 3129 Tit.
829 3097 908 3130 XX.

72 3147 116 3179 .3.
142 3135 172 3167 &
190 3133 376 3175 justinianus
392 3134 424 3166 in
443 3135 472 3167 d.
485 3134 512 3176 §.
529 3144 577 3168 10.
596 3136 673 3169 Erat
686 3138 828 3179 equidem
843 3138 910 3170 haec

72 3179 155 3215 ctio,
173 3175 224 3208 sed
236 3185 330 3207 nemo
346 3175 463 3216 nescit,
487 3185 580 3217 quarn
591 3178 717 3219 prolixe
733 3179 865 3211 Veteres
874 3179 910 3211 fi-

49 3218 205 3254 stionibus
231 3216 427 3250 indulserint.
471 3216 522 3250 Ex
537 3217 697 3252 luculenta
719 3222 884 3259 παραφρρεσέ
898 3243 908 3258 ,

982 1983 1053 2012 uarn'
1076 1979 1169 2012 habet
1194 1980 1397 2023 Theophilus
1421 1983 1459 2015 ad
1487 1985 1516 2016 d.
1541 1985 1570 2026 ξ.
1596 1987 1642 2017 Ῐο.
1665 1991 1728 2019 tres
1751 1982 1829 2021 mihi

974 2030 1145 2054 occurrunt
1163 2023 1301 2055 rationes
1313 2046 1324 2062 ,
1348 2034 1442 2065 quare
1458 2025 1488 2057 in
1509 2026 1697 2059 testamento
1714 2038 1769 2070 per
1788 2033 1831 2062 aes

959 2063 990 2095 ὅ(
1017 2062 1128 2095 libram
1153 2063 1219 2104 ipse
1243 2065 1356 2104 heres,
1378 2075 1443 2098 non
1460 2076 1536 2098 vero
1551 2066 1683 2101 familiae
1704 2074 1830 2112 emptor

958 2104 1101 2146 potuerit
1119 2104 1180 2136 effe
1198 2104 1294 2137 testis.
1340 2106 1443 2138 Prima
1460 2107 1546 2147 esto,
1568 2111 1653 2150 quod
1677 2116 1749 2144 mr.)
1762 2115 1831 2151 πρῶ-

959 2159 997 2178 την
1011 2146 1073 2182 ἕψιν
1088 2168 1100 2184 ,
1118 2148 1217 2187 prima
1224 2147 1329 2187 fronte
1339 2171 1350 2186 ,
1370 2148 1501 2180 familiae
1516 2159 1642 2192 emptor
1661 2153 1829 2187 haberetur·

957 2196 1017 2229 pro
1040 2187 1108 2228 ipso
1135 2188 1247 2220 herede
1265 2212 1276 2229 ,
1308 2198 1401 2231 atque
1424 2190 1502 2221 adeo
1525 2201 1620 2224 omne
1650 2195 1772 2227 lucrum
1798 2197 1829 2229 ὅτι

956 2229 1178 2270 compendium
1191 2229 1321 2262 familiae
1338 2232 1498 2263 videretur
1515 2234 1683 2275 mancipari
1697 2237 1727 2269 in
1744 2237 1829 2269 hunc

954 2270 1169 2310 fiduciariam,
1191 2271 1245 2312 qui
1261 2272 1293 2304 in
1309 2272 1399 2304 causa
1418 2274 1562 2314 propria,
1591 2285 1632 2307 ex
1657 2279 1764 2319 regula
1780 2280 1829 2320 ju*

954 2312 1018 2352 ris,
1043 2311 1130 2343 testis
1147 2312 1210 2344 effe
1229 2322 1294 2345 non
1310 2322 1446 2354 poterat.
1470 2316 1612 2350 Secunda
1631 2319 1736 2358 ratio,
1756 2325 1827 2361 quae

955 2353 1064 2394 primae
1082 2353 1276 2396 consequens
1301 2363 1389 2394 erat,
1414 2356 1499 2397 quod
1516 2356 1581 2397 ipse
1600 2358 1689 2392 heres
1707 2361 1829 2394 alienus

954 2394 1116 2426 videretur
1130 2395 1168 2427 ab
1183 2404 1222 2427 eo
1237 2395 1308 2427 att-u
1316 2417 1328 2434 ,
1351 2405 1453 2438 neque
1467 2398 1551 2429 enim
1567 2402 1825 2444 nuncupabatur,

954 2444 1057 2477 neque
1077 2436 1245 2478 quicquam
1270 2437 1300 2468 ei
1325 2438 1560 2480 mancipabatur
1578 2464 1588 2480 ,
1610 2449 1705 2484 atque
1719 2444 1763 2476 ita
1781 2453 1826 2476 te-

957 2477 1010 2508 stis
1025 2476 1087 2508 effe
1106 2478 1272 2510 videbatur
1293 2478 1327 2510 in
1341 2488 1375 2510 re
1386 2482 1451 2512 non
1467 2479 1528 2513 sua.
1575 2481 1707 2525 Tertia,
1728 2491 1827 2527 eaque

954 2519 1114 2559 praecipua
1130 2519 1213 2551 ratio
1229 2519 1316 2559 esto,
1341 2521 1425 2562 quod
1443 2522 1560 2554 tabulae
1576 2525 1752 2559 testamenti
1770 2536 1825 2568 per

954 2570 996 2591 aes
1014 2560 1044 2592 δί
1071 2560 1183 2592 libram
1199 2560 1321 2593 fuerint
1339 2562 1469 2603 clausae,
1496 2565 1526 2596 &
1541 2564 1631 2599 heres
1651 2568 1732 2600 clam
1750 2567 1824 2600 scri-

953 2609 1049 2642 ptus,
1073 2608 1110 2632 ut
1127 2600 1274 2635 discimus
1291 2612 1332 2634 ex
1356 2603 1398 2636 Ul
1422 2604 1495 2637 iano
1517 2607 1545 2637 d.
1571 2607 1631 2639 Tit.
1656 2608 1726 2641 XX
1746 2608 1775 2651 §.
1791 2618 1822 2647 9.

953 2643 984 2674 ὅ(
995 2641 1182 2684 Theophilo
1192 2644 1265 2679 add.
1277 2644 1305 2686 ᾗ.
1319 2653 1366 2677 10.
1412 2645 1618 2680 estamentum
1642 2650 1685 2681 ita
1701 2659 1821 2682 nuncu-

952 2683 1100 2726 pabatur:
1129 2684 1203 2716 Hoec
1212 2688 1258 2717 uti
1273 2688 1307 2718 in
1325 2687 1370 2718 his
1389 2688 1496 2718 tabulis
1510 2691 1620 2722 cerisve
1627 2691 1743 2731 scripta
1745 2691 1821 2731 sunt

952 2725 1012 2757 dcc.
1057 2724 1160 2758 Heres
1174 2725 1297 2759 scilicet
1314 2737 1379 2760 non
1397 2730 1657 2770 nuncupabatur,
1686 2739 1780 2772 atque
1796 2732 1822 2763 is

954 2771 986 2798 ta
1001 2767 1048 2806 is,
1080 2767 1162 2799 clam
1186 2767 1341 2811 scriptus,
1376 2779 1442 2802 rem
1459 2768 1543 2802 suam
1561 2772 1608 2812 agi
1628 2771 1793 2813 ignorabat
1808 2792 1820 2812 ,

953 2815 1041 2840 certe
1057 2808 1202 2850 ignorare
1224 2819 1359 2851 poterat.
1404 2811 1435 2842 Si
1457 2810 1634 2851 ignoraret,
1656 2813 1687 2843 id
1711 2813 1822 2855 utique

952 2857 1080 2881 omnem
1095 2850 1161 2881 doli
1177 2850 1308 2892 fallique
1332 2849 1541 2892 suspicionem
1565 2853 1772 2893 excludebat,
1797 2855 1820 2888 ss

951 2889 1064 2929 sciret,
1080 2892 1130 2922 vel
1146 2892 1219 2932 quia
1236 2891 1315 2924 scire
1331 2899 1473 2932 poterat,
1492 2892 1624 2925 Veteres
1640 2893 1819 2936 suadebant,

951 2935 992 2963 ne
1005 2931 1094 2964 heres
1109 2933 1166 2964 illo
1179 2933 1248 2972 jure
1266 2932 1389 2964 dicendi
1409 2934 1580 2965 testimonii
1601 2935 1688 2967 abuti
1707 2937 1818 2977 vellet,

952 2980 988 3004 ut
1003 2974 1047 3004 est
1065 2974 1098 3004 in
1120 2974 1147 3004 d.
1172 2974 1200 3014 ὃ.
1228 2983 1276 3005 10.
1299 2973 1329 3004 ἃ
1345 2973 1425 3013 apud
1441 2972 1671 3015 Theophilum.

994 3014 1054 3046 Sed
1070 3014 1137 3044 haec
1153 3023 1216 3054 quo
1236 3015 1396 3054 pertinent
1407 3013 1424 3045 ἓ)
1458 3022 1493 3045 ut
1508 3017 1632 3049 con-‘let
1650 3018 1797 3052 nimirum
1809 3043 1819 3060 ‚

952 3055 1107 3086 rationem
1126 3053 1219 3086 fuiffe
1242 3055 1432 3095 peculiarem
1448 3079 1459 3094 ‚
1491 3065 1547 3088 cur
1573 3058 1603 3090 in
1633 3058 1823 3094 testamento

952 3105 1008 3136 per
1031 3104 1072 3125 aes
1103 3095 1132 3126 ἀ
1158 3095 1269 3127 libram
1291 3094 1464 3128 refutatum
1492 3107 1555 3130 non
1578 3098 1676 3133 fuerit
1695 3102 1820 3135 heredis

953 3135 1180 3168 testimonium.
1223 3136 1314 3168 Anne
1335 3136 1430 3177 igitur
1456 3137 1487 3169 in
1506 3140 1696 3175 testamentis
1716 3167 1728 3183 ,
1747 3154 1819 3185 quae

952 3175 1056 3218 prisco
1070 3185 1160 3208 more
1174 3177 1291 3209 fiebant
1307 3178 1416 3209 calatis
1433 3180 1591 3222 comitiis,
1615 3193 1683 3225 quae
1702 3188 1732 3217 in
1749 3195 1821 3226 pro:
1857 3183 1861 3185 ’

952 3217 1079 3256 cincus,
1108 3218 1195 3250 heres
1226 3217 1315 3251 testis
1334 3218 1396 3252 esse
1407 3221 1541 3262 potuit?
1564 3226 1694 3266 potuit,
1714 3226 1734 3259 fi
1751 3236 1819 3295 ere*

1767 3278 1777 3289 r
1788 3277 1821 3299 ’ὃὸ
