2008 3436
389 120 792 159 CORNELII

143 215 173 235 ts
190 203 378 235 Bertrandus
395 203 551 245 placebit,
576 212 646 234 nam
664 210 734 242 quae
751 197 895 244 Coralius
911 198 1007 243 dixit,

141 254 170 276 ct
189 254 257 285 quae
278 245 458 277 Eucliovius
478 245 515 276 ad
534 245 561 276 b.
584 244 611 286 ᾗ.
638 252 673 275 ut
688 242 838 275 Ciceroni
857 239 1007 277 fiatiatis,

141 286 265 327 placere
287 296 352 318 non
375 286 515 327 poffunt.

838 127 979 154 ·VAN

146 138 210 153 nn&

144 154 212 171 da„

458 371 510 403 Aa
553 370 582 412 ς.
605 369 695 403 LXI.

186 452 256 495 Post
276 455 324 487 bos
347 455 478 487 Ouinius
500 454 639 490 Mucias,
662 448 763 483 Publii
781 446 886 487 filius,
906 445 1011 479 Ponti-

135 495 195 535 fex
217 487 384 528 Maximis?
407 496 458 529 De
478 496 540 527 hoc
564 494 605 538 Q.
632 492 747 524 Mucio
768 488 914 521 Scaevoia
932 485 1010 518 mul-

144 536 168 567 ti
189 539 289 570 multa
308 539 477 577 dixerunt,
498 546 567 577 quae
591 543 655 566 non
674 539 793 576 repeto.
840 529 932 561 Pater
947 526 1009 572 Ρα-

140 578 224 611 blius
245 603 256 619 ,
288 580 320 612 in
342 579 379 652 RS.
413 589 463 621 39.
499 582 711 612 memoratus,
741 580 837 603 etiarn
859 566 1012 615 Pontifex

143 619 306 653 Maximus
360 621 406 652 uit
425 642 436 658 ,
474 618 512 650 ab
542 625 678 659 utroque
707 622 817 658 autern
848 609 1012 647 distinctus

142 659 285 705 Quintus
305 662 437 694 Mucius
459 660 586 701 Augur,
620 656 671 689 sed
694 664 759 687 non
777 662 880 685 mmor
896 648 1012 692 ']Ctus.

141 703 340 742 Dubitatur‚
365 702 402 733 ad
421 710 514 743 quem
533 698 732 742 referendum
760 695 819 734 sit,
850 692 936 734 quod
954 691 1014 723 Va-

143 745 240 777 lerius
263 744 427 776 Maximus
451 741 612 774 memoriae
635 738 742 781 prodit
765 736 806 769 L.
824 734 914 767 VIII.
935 733 967 765 C.
983 736 1014 779 83

143 785 173 827 §.
195 795 245 817 21.
292 784 360 826 Ipse
388 784 534 816 Valerius
568 782 606 814 ad
637 780 798 822 Augurem
820 775 941 814 refert,
962 773 1017 805 alu

142 827 180 858 ad
210 827 294 858 hunc

143 868 223 906 bili,
244 868 282 899 ad
302 867 449 900 Publium
472 873 612 908 patrem3
637 863 675 895 ad
693 870 786 907 quem
808 869 826 891 e
848 858 947 890 tribus
969 865 1015 904 re-

144 908 226 941 feras
239 934 248 949 ‚
274 919 290 941 a
311 909 436 941 nemine
458 917 562 940 tamen
584 907 698 939 horum
720 909 889 945 quicquam
903 899 1015 945 [σαγη-

143 951 168 982 le
192 950 403 992 exspectabis,
425 950 470 981 ita
494 958 597 982 tamen
619 946 746 979 videtur
766 941 1014 978 velleValerius,

142 991 194 1024 sed
217 991 390 1025 describam
414 992 521 1023 locum
535 1014 547 1030 ,
578 997 614 1021 ut
634 987 813 1033 emendem:
835 983 932 1016 Alveo
951 991 1016 1024 quo-

145 1043 198 1075 que
222 1033 258 1069 ὅ)
281 1034 404 1066 calculis
423 1032 536 1074 vacaffe
557 1032 704 1063 interdum
732 1029 860 1073 dicitur,
883 1034 948 1055 cum
972 1024 1017 1054 be-

145 1085 182 1107 ne
215 1086 249 1107 ac
281 1077 332 1108 dz'u
365 1075 448 1116 Jura
480 1076 599 1108 Civium
629 1071 665 1107 ὅ)
686 1070 864 1101 caerz'iuonzas
887 1065 1018 1111 Deorum

145 1117 318 1159 ordinaffer:
337 1123 370 1149 ur
392 1118 471 1149 enim
489 1118 522 1148 in
544 1117 628 1147 rebus
641 1112 731 1154 seriis
753 1108 912 1142 Scaevolam
928 1129 941 1146 ,
971 1111 1018 1137 ita

147 1158 184 1194 δ’
213 1160 246 1190 in
267 1158 444 1201 scurrilibus
471 1157 576 1197 lusibus
604 1151 885 1199 bominem-agebat
901 1171 913 1188 ,
933 1157 1017 1190 quem

144 1211 242 1233 rerum
271 1206 381 1232 natura
411 1201 545 1231 continui
578 1197 683 1243 labaris
698 1189 935 1240 patientem-effe
958 1197 1017 1220 non

139 1241 225 1282 finit.
246 1242 379 1283 Largior
403 1241 558 1273 Scaevolae
582 1240 683 1270 lulum
707 1235 799 1280 pilae,
820 1240 857 1264 ut
876 1233 920 1277 ibi
938 1239 1016 1271 quo-

145 1294 206 1326 que
226 1284 339 1316 retulit
361 1283 524 1321 Valerius,
550 1280 666 1321 largior
689 1277 791 1309 lulum
811 1274 893 1305 alvei
910 1272 941 1304 &
955 1270 1018 1316 cal-

145 1326 313 1364 culorum,
341 1324 458 1366 largior
481 1324 562 1362 alia,
593 1317 766 1362 dummodo
784 1313 930 1360 honesta,
954 1321 1016 1343 ani-

145 1368 191 1399 mi
214 1367 445 1399 oblectamenta
461 1388 471 1403 ,
503 1363 554 1396 sed
585 1371 648 1394 non
681 1360 796 1399 largior
810 1355 953 1397 scurriles
974 1354 1018 1384 lu-

138 1408 212 1452 sus;
235 1409 313 1441 adeo
338 1408 369 1439 hi
394 1416 458 1438 non
482 1415 532 1437 me
557 1411 700 1439 tantum,
725 1407 837 1430 verum
855 1397 885 1429 ἃ
908 1404 1018 1443 omnes

149 1451 268 1482 Valerii
287 1449 477 1490 Interpretes
501 1445 689 1482 turbarunt,
711 1447 748 1472 ut
768 1448 827 1482 pro
841 1437 1019 1484 scurrilibus

147 1491 348 1532 quaefiverint
364 1490 442 1521 alios
461 1488 564 1526 lusus,
588 1484 702 1527 quibus
721 1481 893 1529 deleffitatus
912 1478 1022 1526 fuisset

148 1533 302 1566 scaevola.
349 1531 478 1573 Pighius
501 1539 542 1561 ex
565 1527 659 1572 MSS.
684 1523 815 1557 exh1bet
826 1546 843 1570 .’
861 1532 917 1570 yn.
921 1523 1022 1568 scenis

150 1574 275 1614 infimis,
308 1573 361 1605 vel
396 1572 525 1614 infimis,
549 1569 630 1602 unde
651 1566 716 1609 lpse
739 1563 884 1612 rescribit
906 1565 1023 1611 miserus

150 1616 267 1656 lusibus.
312 1615 447 1647 Colerus
476 1623 517 1646 ex
549 1611 648 1644 Libro
672 1607 762 1648 Dan.
778 1607 864 1653 scaeis
887 1606 994 1646 lusibus
1009 1626 1022 1643 ,

150 1660 283 1699 ingenue
314 1654 490 1698 profess'us,
524 1653 556 1687 sc
575 1651 708 1684 nescire
717 1673 733 1696 ,.
751 1648 827 1690 quid
845 1647 917 1679 inde
937 1655 1024 1694 ‚aut

151 1700 276 1733 tandem
307 1697 432 1729 aliunde
461 1696 636 1737 exsculpat.
679 1691 786 1723 Etiam
817 1699 880 1737 nos
898 1689 1023 1732 pericli-

152 1751 265 1775 temur.
317 1739 368 1771 An
389 1761 400 1777 ,
431 1738 553 1770 servata
585 1735 756 1775 scriptura,
777 1731 923 1773 scurriles
946 1731 1025 1777 lusus

150 1784 213 1817 dici
237 1781 362 1825 possent
384 1789 443 1822 pro
462 1779 667 1823 jocularibus,
691 1782 728 1806 ut
757 1773 904 1819 Socrates
923 1772 1024 1804 dictus

151 1827 252 1865 scurra
276 1823 418 1861 Atticus,
443 1820 528 1862 quod
549 1818 677 1852 facetiis
701 1816 731 1848 ἃ
750 1814 913 1860 leporibus
929 1814 1025 1859 abun-

151 1865 265 1899 daret?
289 1864 346 1896 vix
368 1872 473 1895 tamen
495 1862 610 1900 credo,
653 1866 820 1898 uemquam
843 1863 888 1887 1ta
910 1854 1025 1887 Latine

153 1909 330 1949 loquutum.
378 1905 427 1936 An
459 1913 569 1935 omnes
598 1903 632 1934 lu
649 1909 705 1939 us,
729 1897 872 1939 respefitu
894 1897 1022 1943 Scaevo-

151 1951 190 1982 lte
203 1973 213 1989 ,
236 1948 306 1980 Viri
325 1945 513 1987 gravissimi,
536 1944 566 1977 ἂ
589 1943 642 1975 vel
663 1940 821 1982 Auguris,
837 1939 892 1970 vel
915 1938 1024 1986 Ponti-

154 1991 224 2024 ficis
254 1987 420 2027 Maximi,
442 1985 617 2028 scurriles?
647 1991 750 2024 neque
778 1990 819 2027 ea,
847 1989 936 2012 mens
957 1979 1023 2012 fuit

157 2031 296 2063 Valerio,
348 2029 398 2061 An
434 2037 493 2070 pro
516 2026 697 2069 scurrilibus
726 2022 838 2055 licebit
869 2031 1023 2064 reponere

149 2073 301 2115 sterilibus
317 2070 336 2102 ἓ)
363 2079 402 2101 an
425 2079 503 2101 vero
516 2069 664 2109 futilibus
681 2066 699 2098 ’.ὲ
727 2071 875 2096 neutrum
897 2064 1021 2105 placet,

153 2115 317 2146 aberrante
358 2110 491 2142 nimium
525 2110 688 2150 scriptura.
750 2105 867 2138 Malim
907 2106 1025 2147 igitur,

155 2155 241 2197 quod
263 2152 394 2195 propius
417 2152 557 2190 accedit,
582 2149 757 2185 turrilz'bus3
777 2155 813 2179 ut
833 2146 911 2188 lusus
936 2149 1024 2179 turri-

155 2199 192 2229 lis
215 2196 252 2228 fit
274 2194 358 2227 lusus
381 2192 484 2232 alvei,
509 2194 553 2225 ita
569 2192 670 2224 dictus
693 2200 711 2221 a
734 2190 834 2227 turri,
856 2189 910 2220 vel
933 2191 1025 2220 turri-

156 2238 243 2276 cula,
275 2236 339 2268 five
357 2241 480 2276 pyrg03
511 2234 555 2266 ita
578 2233 662 2264 enim
692 2229 870 2272 promiscue
892 2230 1025 2262 Veteres

155 2279 314 2312 vocabant
334 2276 497 2308 vasculum
525 2275 628 2313 illud,
652 2282 693 2304 ex
716 2281 780 2314 quo
804 2272 857 2303 tali
883 2271 914 2318 ὃς
937 2271 1025 2304 tesse-

156 2331 199 2354 rte
223 2319 429 2360 ejiciebantur
462 2317 496 2349 in
525 2316 669 2353 alveum,
702 2321 738 2345 ut
762 2314 832 2345 haec
855 2313 950 2345 latius
973 2323 1026 2345 ex-

156 2362 315 2404 plicarunt
342 2359 508 2391 Souterius
538 2359 573 2389 de
604 2356 794 2389 Aleazoribus
827 2355 858 2386 C.
880 2354 972 2387 XIV.
997 2355 1028 2387 δι’.

157 2401 351 2436 Senftlebius
372 2401 406 2432 de
427 2401 508 2433 Alea
529 2406 662 2431 veterum
684 2398 718 2429 C.
743 2395 802 2429 XI.
847 2395 970 2428 Durior
986 2395 1029 2428 sa-

156 2454 196 2477 ne
219 2441 264 2474 est
286 2442 415 2482 vulgata
434 2441 554 2474 Valerii
575 2440 691 2479 lectio,
726 2447 820 2480 quam
843 2445 880 2470 ut
901 2437 1028 2470 defendi

159 2485 304 2517 videatur
326 2481 422 2524 poss'e.

469 2565 521 2597 Aac
565 2565 593 2607 ς).
616 2563 721 2598 an.

205 2650 316 2684 Balbus
337 2649 487 2681 Lucilius.
532 2647 569 2679 In
596 2647 669 2680 MS.
693 2655 766 2678 meo
790 2642 938 2678 Gloffato
961 2645 1030 2677 haec

162 2693 416 2733 distinguuntur,
441 2689 572 2728 Balbus,
595 2688 746 2719 Lucilius.
783 2686 835 2718 sed
855 2696 1027 2727 perperam.

205 2733 352 2774 Alioquin
372 2731 469 2773 perse
493 2739 590 2762 eorum
597 2729 715 2770 scripta
732 2738 790 2759 non
806 2728 881 2773 ralia
899 2726 1027 2767 east-ant,

163 2784 196 2808 uc
220 2786 255 2807 ea
276 2775 314 2805 acl
338 2783 433 2805 omnes
462 2774 612 2813 adpetant.
660 2770 723 2801 Pro
750 2778 843 2800 onmes
864 2777 896 2799 in
918 2768 1030 2799 codem

165 2818 238 2850 MS.
269 2815 315 2847 est
345 2815 496 2853 homines,
525 2819 559 2844 ut
588 2823 623 2844 ea
645 2812 773 2843 homiues
794 2811 962 2850 adpetant,
999 2809 1030 2840 &

165 2859 244 2890 lianc
267 2856 435 2889 lectionem
466 2854 562 2887 etiam
594 2854 744 2898 Muretus
767 2849 968 2897 repraesentat
990 2859 1031 2896 ως

166 2900 264 2932 Libro
285 2897 461 2935 Vaticano,
487 2895 559 2935 sed,
583 2903 619 2927 ut
644 2895 674 2926 ὅ(
696 2893 771 2925 alias
793 2893 880 2930 dixi,
910 2900 942 2923 in
965 2900 1031 2936 pari

167 2939 255 2971 vcausa
288 2937 385 2971 facile
415 2937 519 2979 patior
550 2937 680 2968 vincere
701 2933 854 2966 Codicem
878 2932 1033 2979 Florenti-

168 2990 261 3018 num,
284 2980 423 3020 alioquin
445 2978 656 3016 conveniret,
685 2975 773 3018 quod
796 2984 872 3007 mox
891 2982 955 3013 ait,
978 2982 1032 3019 eo-

170 3030 237 3051 rum
248 3020 361 3061 scripta
378 3030 441 3052 non
453 3019 568 3051 versari
584 3021 783 3054 intermunus
795 3017 952 3047 hominum.
974 3013 1032 3046 Di-

170 3068 236 3100 ipzir
258 3069 361 3092 autem
384 3060 474 3093 causa
493 3060 540 3092 est
559 3060 645 3093 illius
674 3057 805 3091 Codicis
828 3058 860 3089 in
882 3057 939 3096 iis,
964 3064 1032 3097 quae

170 3100 319 3139 exhibui,
344 3107 376 3132 ut
399 3112 432 3133 ea
454 3103 492 3133 ad
514 3111 609 3133 omnes
631 3102 794 3141 adpetanm
816 3099 1032 3140 importunum

172 3140 249 3186 illud
279 3143 315 3171 aa
344 3144 425 3173 recle
447 3165 456 3179 ,
489 3151 649 3183 praecunte
676 3139 874 3182 Augustino,
904 3138 1031 3180 plurimi

170 3182 315 3214 Editores
339 3182 527 3221 omiserunt,
550 3184 709 3225 Rupertus
732 3182 869 3214 mutavit
889 3181 923 3215 in
944 3181 1029 3219 culeo,

352 851 359 858 .
381 825 548 863 Mucium,
572 823 624 856 alii
637 846 647 862 ,
668 821 791 853 ratione
813 816 886 850 satis
907 815 1019 858 proba-

1053 116 1658 155 BYNKERSHOEK

1052 196 1141 230 sensu
1171 207 1235 229 non
1266 197 1369 229 minus
1401 197 1616 230 incommodo
1662 197 1824 231 Librarius
1847 200 1918 233 Flo-

1052 240 1212 277 rentinus,
1235 238 1256 271 fi
1279 239 1354 279 quid
1375 239 1506 279 Judic0‚
1541 239 1611 280 post
1633 249 1667 270 ea
1685 241 1785 281 coepit
1808 240 1918 274 scribe-

1051 290 1086 312 re
1106 281 1265 321 adpetant,
1289 279 1339 312 sed
1360 279 1432 322 post
1449 278 1596 321 scriptam
1616 281 1746 322 primam
1771 281 1919 324 syllabam

1051 323 1108 360 ad,
1130 321 1370 360 animadvertit,
1395 330 1557 362 perperam
1592 321 1634 354 fic
1653 322 1780 362 omitti,
1802 334 1919 363 omnes,

1051 362 1137 404 quod
1159 372 1236 394 mox
1257 362 1392 402 addidit,
1416 363 1552 404 repetita
1573 362 1677 395 rursus
1697 364 1818 405 integra
1839 374 1921 396 voce

1052 405 1204 444 adpetant.
1255 404 1412 436 Remanlit
1442 405 1498 443 acl,
1531 413 1570 436 ne
1594 404 1850 446 Manuscriptum
1874 407 1918 438 in-

1052 445 1199 477 duuione
1228 444 1489 484 deformaretur,
1521 444 1681 487 saepiffime
1710 447 1794 479 enim
1817 446 1920 481 obser-

1054 495 1164 518 vatum
1192 485 1238 518 est
1268 488 1308 518 ab
1338 487 1412 525 his,
1442 487 1495 529 qui
1526 487 1664 519 Codices
1693 488 1786 520 MSS.
1820 487 1920 521 versa-

1054 536 1128 560 runt
1137 551 1148 567 ,
1172 527 1332 560 Librarios
1345 529 1482 560 retinere
1496 528 1638 560 maluiil'e
1649 529 1729 561 vitia
1746 527 1922 571 scripturae,

1078 578 1148 600 uam
1164 569 1365 607 inductione,
1392 570 1487 601 etiam
1513 569 1663 609 minima,
1686 571 1851 612 quicquam
1875 569 1922 603 of-

1071 610 1184 641 endere
1205 610 1369 651 elegantiae
1388 633 1398 650 ,
1430 611 1500 649 cui,
1521 610 1563 642 ob
1579 612 1677 652 majus
1703 612 1840 654 pretium
1859 636 1869 652 ‚
1891 612 1925 645 iu

1056 651 1165 693 primis
1189 650 1363 683 studebant.

1101 692 1237 733 Denique
1257 701 1309 723 nec
1330 691 1487 733 versantur
1508 697 1621 726 omnino
1631 693 1748 735 scripta
1763 705 1860 727 eorum
1879 697 1925 727 in-

1058 740 1102 766 ter
1118 742 1222 764 manus
1239 733 1397 765 hominum.
1421 733 1507 766 Inter
1524 737 1625 766 varias
1641 735 1827 777 Leuiones,
1848 746 1925 778 quas

1058 774 1238 816 Hervagius
1260 773 1360 806 edidit
1374 797 1384 814 ,
1415 775 1511 807 etiam
1534 776 1602 808 hoec
1625 776 1670 808 est
1690 798 1701 814 ,
1732 787 1801 818 quae
1825 787 1885 819 pro
1900 788 1927 810 o-
1980 806 1984 811 .

1059 817 1158 848 mnino
1175 815 1306 847 exhibet
1319 817 1425 847 onmia.
1471 817 1514 849 Et
1538 816 1606 848 fere
1626 817 1706 849 hanc
1720 816 1882 859 sequerer:
1905 820 1928 852 fi

1060 858 1146 889 enim
1166 866 1282 903 eorum·
1293 856 1408 898 scripta
1424 860 1537 890 omnino
1559 869 1616 890 uon
1633 857 1829 891 versarentur
1846 861 1928 893 inter

1058 908 1168 931 manus
1197 898 1362 930 hommum
1379 921 1389 938 ,
1419 909 1484 931 non
1512 900 1608 931 video
1625 923 1635 939 ,
1664 901 1929 941 quemadmodum

1059 940 1142 972 reue
1157 939 1303 979 dixisset,
1328 949 1362 971 ea
1388 950 1445 972 uon
1470 951 1564 973 omnes
1582 943 1725 981 adpetere.
1769 941 1847 974 Hoc
1869 952 1927 974 vo-

1059 982 1120 1014 luit
1135 1003 1147 1020 ,
1170 990 1280 1012 eorum
1307 983 1454 1022 quedam,
1473 992 1538 1015 non
1557 985 1671 1021 omnia,
1694 981 1728 1014 su
1770 983 1848 1015 ress‘e
1865 1007 1877 1025 ,
1897 985 1929 1017 dc

1059 1032 1130 1065 quae
1149 1021 1329 1067 supererant
1340 1045 1351 1060 ,
1374 1032 1414 1054 ne
1430 1024 1558 1065 quidem
1573 1034 1684 1056 omnes
1698 1034 1715 1056 a
1737 1033 1856 1066 petere.

1102 1064 1162 1096 Pro
1181 1064 1268 1107 cujus
1273 1065 1428 1105 scriptura
1455 1066 1579 1106 ipsorum
1601 1075 1710 1107 quoque
1726 1068 1863 1098 memoria
1878 1067 1928 1100 ha-

1061 1107 1153 1138 betur.
1200 1106 1375 1146 Stephanus
1394 1106 1515 1146 edidit,
1531 1114 1586 1148 per
1603 1107 1691 1149 cujus
1700 1106 1838 1148 scripta,
1859 1109 1928 1141 Ser-

1060 1147 1106 1179 vii
1124 1154 1220 1187 puta,
1241 1146 1272 1178 &
1287 1146 1351 1185 ita,
1384 1154 1530 1188 tanquam
1552 1158 1594 1180 ex
1612 1149 1762 1190 ingenio,
1787 1150 1930 1182 emenda-

1061 1189 1110 1219 vit
1125 1188 1284 1219 Antomus
1302 1187 1402 1218 Faber
1419 1189 1457 1219 ad
1479 1189 1508 1221 h.
1534 1189 1563 1230 §.
1597 1190 1627 1221 ἀ
1650 1190 1755 1230 paffim
1770 1190 1821 1222 alii
1839 1191 1870 1222 id
1888 1190 1931 1223 se-

1060 1236 1209 1269 quuntur.
1255 1226 1306 1259 De
1322 1237 1358 1259 ea
1385 1228 1539 1269 lectione,
1567 1240 1608 1262 ex
1624 1230 1728 1262 Libris
1745 1232 1906 1264 veteribus
1918 1255 1930 1272 ,

1060 1270 1121 1309 jam
1145 1276 1311 1300 monuerat
1341 1269 1511 1309 Muretus,
1543 1271 1573 1303 δι
1601 1272 1671 1303 sane
1686 1271 1719 1302 in
1735 1272 1806 1304 MS.
1830 1283 1902 1305 meo
1918 1296 1932 1312 ,

1061 1311 1178 1351 absque
1198 1308 1334 1348 Gloffis,
1367 1310 1411 1342 ita
1438 1311 1602 1353 perspicue
1619 1311 1776 1345 scribitur.
1819 1313 1933 1356 Turpe

1060 1350 1105 1383 est
1131 1351 1175 1397 de·
1197 1351 1471 1396 emendationibus
1496 1353 1725 1394 pronunciare,
1744 1363 1810 1386 non
1830 1354 1932 1397 inspe-

1061 1393 1119 1425 etis
1137 1392 1244 1438 Libris
1261 1393 1416 1438 antiquis3
1438 1394 1533 1427 etiam
1549 1395 1669 1437 magnis
1685 1393 1880 1428 Nominibus
1897 1406 1934 1430 ea

1063 1444 1112 1467 res
1128 1433 1232 1466 fraudi
1253 1432 1317 1479 fuit
1333 1458 1343 1474 ,
1373 1435 1403 1466 &
1422 1435 1494 1468 inde
1516 1443 1567 1468 tot
1586 1436 1838 1478 emendationes,
1862 1447 1932 1479 quae

1063 1485 1129 1508 non
1143 1475 1199 1508 nisi
1213 1485 1307 1506 varlae
1325 1475 1503 1509 Lectiones.
1548 1477 1726 1518 Caeterum,
1750 1486 1787 1510 ut
1804 1479 1858 1511 Ste
1882 1479 1934 1511 ha-

1064 1527 1123 1550 nus
1142 1516 1241 1548 edidit
1258 1539 1268 1555 ,
1298 1515 1404 1549 sensus
1431 1517 1476 1550 est
1499 1519 1701 1559 ree'tissimus3
1724 1519 1851 1552 Haloan
1874 1530 1907 1552 er
1922 1543 1935 1561 ‚

1066 1559 1097 1591 &
1125 1566 1198 1590 ante
1220 1567 1292 1604 eum
1316 1558 1369 1604 ali-i
1398 1559 1547 1592 Editores
1558 1585 1570 1601 ,
1601 1571 1638 1592 ex
1656 1561 1743 1604 cujus
1750 1560 1906 1603 scriptura
1922 1583 1935 1601 ‚

1066 1600 1153 1642 quod
1169 1600 1296 1646 longius
1313 1599 1379 1631 abit
1396 1610 1414 1632 a
1424 1606 1478 1641 pro
1489 1624 1500 1640 ,
1523 1603 1610 1643 quod
1626 1601 1797 1635 Florentiae
1806 1603 1851 1636 est
1861 1627 1871 1643 ,
1883 1602 1935 1635 sed

1067 1642 1171 1683 quod,
1204 1651 1237 1673 m
1261 1650 1330 1672 eam
1357 1639 1566 1682 sententiam,
1588 1643 1692 1676 minus
1711 1644 1830 1677 dicitur
1849 1644 1935 1678 Lati-

1066 1692 1124 1722 ne,
1146 1692 1204 1715 nec
1222 1691 1262 1714 ex
1271 1681 1346 1730 usu.
1390 1682 1462 1724 Ego
1489 1685 1595 1717 malim
1611 1707 1622 1724 ‚
1644 1691 1699 1726 per
1713 1686 1935 1728 cuj-'asscriptu-

1066 1735 1152 1771 ram,
1175 1724 1336 1769 proclivi,
1354 1731 1390 1756 ut
1414 1734 1498 1757 nunc
1521 1726 1656 1768 legitur,
1681 1727 1765 1759 vitio
1786 1736 1827 1760 ex
1843 1727 1936 1760 litera

1067 1766 1102 1812 P.-
1123 1776 1188 1798 non
1209 1763 1392 1812 perscripta·
1405 1775 1508 1806 voce3
1536 1768 1578 1801 fic
1596 1769 1693 1810 magis
1710 1777 1821 1810 premo
1839 1767 1935 1800 vesti-

1067 1817 1118 1849 gia
1134 1807 1265 1840 Codicis
1280 1815 1406 1848 optimi.
1450 1807 1546 1841 Plane
1563 1817 1667 1841 autem
1684 1809 1867 1842 mendosum
1886 1818 1932 1840 es-

1068 1850 1100 1881 se
1118 1849 1271 1888 arbitror,
1292 1848 1377 1890 quod
1395 1849 1427 1880 in
1447 1849 1521 1884 MS.
1545 1861 1617 1883 meo
1634 1849 1781 1883 Glossato
1802 1860 1878 1883 mox
1888 1850 1931 1881 le-

1067 1891 1153 1933 gitur
1172 1896 1330 1931 tenuiorum
1344 1892 1481 1922 memoria
1500 1902 1560 1935 pro
1575 1902 1614 1924 eo
1626 1917 1636 1933 ,
1659 1891 1742 1934 quod
1759 1890 1932 1925 Florentiae

1069 1934 1100 1965 δ’(
1116 1931 1231 1973 ubique
1252 1929 1297 1962 est
1306 1953 1318 1970 ,
1339 1932 1463 1975 ipsbrum
1480 1935 1628 1967 memoria.

1368 2015 1420 2048 Aci
1463 2019 1490 2061 §-
1515 2017 1635 2052 XLIII.

1113 2100 1240 2141 Cumque
1259 2110 1324 2144 eum
1337 2098 1394 2139 fibi
1408 2100 1574 2144 respondiffie
1599 2104 1632 2135 cle
1650 2102 1730 2144 Jure
1747 2101 1870 2134 Servius
1879 2107 1931 2142 pa-

1066 2151 1133 2172 rum
1157 2141 1351 2183 intellexiffec.
1397 2142 1504 2176 Habes
1528 2145 1580 2176 hic
1612 2144 1747 2185 lepidam
1771 2142 1934 2175 historiam

1067 2183 1334 2229 ServiiSulpitii,
1359 2183 1517 2228 Quintum
1548 2186 1697 2217 Mucium
1713 2185 1752 2217 de
1772 2184 1844 2225 Jure
1860 2192 1935 2215 con-

1068 2223 1219 2270 sulent133
1238 2234 1328 2266 quam
1348 2233 1447 2256 totam
1465 2227 1610 2259 illiberali
1626 2236 1690 2259 non
1701 2227 1824 2264 minus,
1845 2233 1939 2267 quam

1069 2266 1175 2297 inutili
1202 2267 1345 2305 ratione,
1378 2266 1546 2307 i‘iii'iieelain
1571 2268 1681 2299 habuit
1699 2267 1858 2300 Antonius
1874 2265 1936 2297 Au-

1069 2306 1210 2349 gustinus
1239 2308 1314 2340 Not.
1341 2307 1378 2339 ad
1401 2308 1532 2340 Librum
1557 2311 1590 2341 de
1619 2309 1798 2342 Nominibus
1809 2307 1936 2348 prapriis

1071 2348 1212 2380 Panaeti.
1231 2356 1263 2390 p.
1284 2359 1333 2381 20.
1360 2350 1439 2381 tanti
1457 2350 1602 2391 profectio
1624 2350 1702 2382 mihi
1731 2349 1792 2381 esse
1807 2357 1870 2380 non
1887 2347 1937 2378 vi-

1070 2390 1183 2429 detur,
1209 2400 1244 2422 ut
1259 2390 1340 2423 serio
1356 2400 1544 2433 oppugnem.
1591 2391 1696 2424 Verba
1714 2398 1839 2427 autem,
1863 2397 1935 2429 quae

1070 2430 1264 2473 praescripsi,
1288 2432 1482 2473 significant,
1512 2433 1656 2465 Servium
1679 2441 1742 2463 non
1762 2430 1936 2462 intellexis-

1071 2473 1122 2513 se,
1144 2473 1293 2505 Mucium
1309 2473 1363 2505 fibi
1382 2473 1420 2504 de
1436 2473 1508 2513 Jure
1524 2472 1721 2514 respondisse.
1773 2471 1842 2503 Imo
1858 2479 1938 2502 vero

1072 2515 1135 2547 hoc
1164 2515 1361 2556 intelligebat
1377 2538 1387 2554 ,
1419 2524 1489 2546 nam
1515 2515 1554 2546 de
1581 2515 1669 2554 jure,
1693 2514 1725 2545 in
1740 2511 1830 2545 causa
1844 2512 1938 2544 amici

1072 2554 1140 2593 sui,
1164 2564 1341 2597 quaerebat,
1373 2564 1406 2586 at
1438 2554 1619 2594 nesciebat,
1649 2555 1722 2596 quid
1737 2554 1789 2586 sibi
1808 2553 1847 2585 de
1866 2554 1938 2594 Jure

1073 2596 1275 2639 responderet
1290 2597 1432 2629 Mucius.
1454 2596 1545 2628 Unde
1560 2596 1712 2634 Budaeus,
1729 2594 1935 2635 Zafius,Mu-

1073 2646 1159 2671 retus
1174 2639 1218 2669 ita
1237 2638 1362 2678 legunt:
1384 2647 1503 2678 cumque
1517 2647 1581 2668 eum
1601 2636 1658 2676 fibi
1676 2636 1890 2679 respondentem
1904 2636 1938 2667 de

1074 2680 1153 2722 Jure
1170 2681 1292 2712 Servius
1305 2685 1414 2719 parum
1430 2680 1566 2719 intellexi
1569 2678 1626 2718 (l'et.
1649 2688 1717 2724 qua:
1744 2678 1838 2710 lectio
1853 2676 1938 2708 dein-

1071 2725 1110 2752 de
1125 2721 1157 2754 in
1171 2720 1336 2752 Editioncs
1385 2720 1507 2751 uasdam
1539 2720 1689 2751 tranfivit.
1734 2720 1794 2751 Sed
1814 2728 1878 2751 non
1894 2727 1939 2749 re-

1072 2762 1152 2794 cedo
1168 2772 1185 2794 a
1199 2760 1351 2802 scriptura
1400 2761 1458 2792 ibri
1477 2761 1672 2800 Florentini,
1705 2761 1750 2792 est
1766 2760 1850 2792 enim
1868 2757 1940 2791 satis

1072 2804 1187 2845 proba,
1210 2803 1286 2840 etii,
1307 2803 1392 2843 quod
1409 2801 1530 2840 fateor,
1556 2802 1657 2833 minus
1679 2810 1833 2833 accurata.
1879 2800 1940 2832 san<

1073 2844 1192 2886 piffime
1216 2843 1422 2885 scriptoribus
1451 2844 1586 2882 accidit,
1620 2852 1655 2874 ut
1677 2843 1780 2875 minus
1798 2849 1943 2874 accurate

1075 2887 1260 2927 loquantur,
1287 2886 1315 2916 d<
1333 2884 1539 2916 nihilominus
1567 2885 1605 2916 dc
1624 2883 1777 2916 sententia
1793 2882 1938 2917 constet3

1076 2927 1171 2958 etiam
1191 2926 1266 2958 alias
1290 2926 1320 2956 id
1341 2925 1529 2964 observavi,
1555 2927 1583 2958 &z
1602 2935 1695 2957 nemo
1711 2924 1776 2964 est,
1801 2925 1852 2965 qni
1874 2932 1938 2955 non

1075 2967 1270 3009 experiundo
1290 2967 1448 2998 didicerit.
1501 2967 1572 3008 Ego
1596 2967 1690 2998 olim:
1715 2974 1856 3007 cumque,
1875 2973 1940 2995 cum

1068 3008 1126 3049 fibi
1143 3008 1324 3050 re-l‘poucliffbl
1345 3010 1377 3039 de
1396 3009 1493 3049 Juro,
1519 3010 1640 3041 Servim
1653 3013 1762 3048 parum
1780 3006 1939 3038 mulieris»

1066 3051 1125 3091 set.
1147 3049 1235 3082 sensu
1253 3058 1362 3090 aperto
1374 3073 1384 3088 ,
1407 3060 1508 3091 ncque
1526 3059 1628 3081 tamen
1647 3048 1676 3080 id
1697 3057 1781 3080 nunc
1803 3048 1914 3089 probo.

1121 3091 1216 3132 Turpe
1236 3092 1287 3133 effe
1303 3093 1447 3131 patricio,
1473 3091 1509 3126 ὃ
1532 3091 1636 3124 Nobili
1646 3111 1657 3128 ,
1686 3089 1722 3124 5:2⁹
1738 3091 1839 3130 causas
1856 3097 1938 3118 orun-

1076 3135 1100 3164 ti
1118 3133 1198 3174 Jus,
1222 3134 1316 3174 inquo
1334 3133 1518 3173 versui-etur,
1535 3134 1678 3175 ignorare.
1731 3130 1823 3162 Hanc
1837 3129 1940 3167 objur-.

1074 3184 1234 3217 gationclll
1252 3174 1357 3207 Mucii
1377 3172 1561 3206 rusticitatis
1577 3172 1679 3213 arguit
1698 3170 1886 3238 h‘lornaciihiqs
1904 3167 1941 3247 agl
