2008 3436
97 106 246 144 CORN.
277 114 345 143 vAN
371 99 515 142 BYNK.
543 101 706 140 OPUSC.
736 101 801 138 DE
826 96 951 148 JURE
979 97 1254 137 OCCIDENDI
1279 103 1485 140 LIBEROS
1515 105 1553 142 C.
1581 102 1608 142 i.
1635 101 1680 142 ii.

45 188 169 220 maftati
183 211 192 223 ‚
213 186 390 226 indignante
406 184 500 216 etiam
528 184 557 216 δι
586 181 757 214 remeante
772 179 908 225 Populo.

45 229 129 262 Mox
146 229 256 269 adjicit
277 220 392 268 Legem
412 225 539 258 Romuli
564 224 603 255 de
618 221 852 268 venundatione
872 219 908 251 li-

45 270 214 307 berorum,
238 279 255 300 a
272 268 377 300 Numa
401 266 579 306 Pompilio,
614 270 648 295 ut
666 261 731 303 ipse
748 269 809 299 ait,
835 270 906 301 pro-

46 313 168 351 batum,
202 313 232 343 d:
257 309 367 342 deinde
387 309 417 340 in
436 307 511 340 XII.
544 305 682 338 Tabulas
699 303 846 340 relatam,
872 309 907 333 ut

44 352 89 384 est
107 362 232 393 quoque
252 351 331 394 apud
348 349 387 381 Ul
415 350 516 380 iamim
550 346 668 392 Fragiti.
697 343 731 375 T.
753 343 796 374 X.
820 342 848 383 §.
879 352 905 388 ¹.-

44 393 118 433 qui,
134 404 174 426 ex
196 393 268 425 XII.
292 391 385 423 'I'abu
401 392 447 428 is,
477 390 545 421 hiec
573 393 705 419 reeitat:
722 382 752 423 fi
767 390 855 424 pater
867 385 906 424 fi-

43 436 115 467 linfa
135 434 378 470 tert-eiiimziliii't,
390 430 474 471 silius
489 434 602 501 afpatre
621 428 694 458 liber
709 423 774 466 estu.
809 424 907 474 Qiod

44 476 195 508 convenit
211 473 380 512 DionvfiO,
404 472 456 512 qui
475 480 507 502 re
525 477 594 504 ert,
624 477 665 499 cx
682 467 768 513 Lege
788 466 906 512 Rom-u-

45 518 66 550 li
79 541 88 557 ,
112 519 207 549 ctiam
230 511 309 557 plus'
323 512 442 545 licuill'e
466 510 596 555 pati-iiii
615 508 800 555 venditione
818 507 876 553 lilii
895 531 904 546 ,

43 568 135 598 quam
158 557 287 589 domino
312 555 342 586 in
367 552 550 584 venditione
578 553 681 589 lervi,
716 549 799 580 liunc
821 557 905 579 enim

42 600 135 633 remei
158 600 310 630 duntaxat
334 594 468 625 vendere
496 592 638 630 servum,
669 592 699 623 ὅ(
718 590 812 629 inde,
834 589 905 631 post

42 639 326 676 manuniiilionem,
349 635 415 667 fieri
443 635 596 672 liberum,
627 633 818 678 illum-vero
839 638 904 668 ter,

41 685 86 716 ita
102 688 138 712 ut
157 679 258 719 filius,
284 678 376 710 semel
393 686 486 717 atque
505 676 618 707 iterum
634 673 781 705 venditus
796 672 904 714 &post

42 719 238 758 manuniill'us
250 745 258 760 ‚
283 719 437 751 recideret
454 718 484 749 in
503 716 600 758 patris
618 714 825 757 potestatem,
846 723 904 760 nee

43 765 87 799 fui
112 763 190 804 juris
214 762 326 800 lieret,
358 759 412 792 iiiii
433 758 502 801 post
529 757 652 789 tertiam
667 757 791 788 demum
807 764 904 796 patris

42 805 276 843 venditionem,
308 802 408 840 μείζονι
436 803 482 832 δές
511 801 610 835 ε’ξεειάν
633 811 724 832 ‘mergi
747 798 816 827 κατὲ
837 810 902 826 παι-

21 863 25 867 ·
42 849 83 880 δὶς
104 853 117 879 ὴ
141 847 254 884 δεσπότῃ
274 845 342 873 „ani
369 843 456 879 δείλῃ,
488 842 625 884 majorem
643 839 769 881 largitus
779 835 902 880 potesta-

42 899 99 923 tem
114 889 193 928 pairs·
209 889 240 918 in
252 885 370 926 filfiim,
391 894 476 926 quam
492 884 557 914 hero
576 883 607 912 in
625 881 802 921 mancipium
809 887 900 918 ,ver-

41 932 80 964 ba
98 930 167 962 sunt
186 927 277 969 iprins
298 925 442 968 Dionysii
465 925 503 956 de
534 923 672 969 Romulo
693 923 720 954 d.
747 921 787 952 L.
812 919 851 952 II.
867 925 898 960 p.

41 984 80 1005 m.
100 981 149 1012 97.
195 970 269 1002 Scio
286 968 365 1008 css'e,
388 967 439 1008 qui
455 965 609 1006 Dionylio
628 963 718 1009 iidem
735 962 898 1007 abrogant,

41 1024 101 1047 nec
118 1013 156 1044 de
175 1020 267 1048 vera,
290 1008 339 1041 sed
360 1007 534 1048 imaginaria
550 1026 561 1043 ,
592 1013 660 1045 quae
680 1013 712 1035 in
728 1011 902 1049 emancipa-

43 1054 183 1087 tionibus
210 1051 422 1083 celebrabatur
438 1071 447 1087 ‚
495 1045 680 1091 venditipne
711 1051 873 1085 accipiunt
889 1066 900 1083 ‚

43 1094 189 1138 quicquid
205 1093 270 1131 ejus
288 1091 330 1122 rei
351 1089 411 1128 est,
436 1088 511 1129 quin
529 1087 627 1132 &nqui
648 1094 692 1117 ita
708 1094 835 1127 quoque
853 1093 902 1131 ac-

41 1137 163 1179 cipiunt
180 1134 188 1164 i
215 1133 242 1165 sa
254 1157 263 1172 ,
294 1141 362 1173 quie
385 1130 427 1162 sic
444 1139 484 1161 ex
501 1128 638 1169 Ulpiano
660 1125 900 1169 repraesentavi,

42 1177 135 1209 vei-ba
152 1142 226 1207 XII.
252 1173 284 1207 T
287 1173 466 1210 abularum3
500 1180 532 1202 at
548 1168 736 1209 Dionysium
754 1168 836 1200 reste
851 1168 903 1198 de-

37 1217 138 1251 fendit
147 1215 272 1248 Theod.
283 1213 449 1247 Mai-cilius
459 1212 662 1252 interpretum.
672 1210 711 1242 L.
721 1209 796 1242 XII.
812 1209 902 1241 Tabb.

41 1260 74 1292 C.
92 1257 201 1291 XXV.
225 1257 254 1288 δε
272 1256 391 1288 Anton.
417 1253 633 1293 Seliiiltingius
657 1250 828 1293 Jurisprud.
849 1260 902 1297 gin-

39 1307 66 1332 te
91 1297 207 1341 Jiijli'n.
240 1298 277 1329 ad
307 1298 335 1329 d.
352 1297 421 1327 stoc.
468 1293 620 1336 Ulpiani,
656 1301 735 1332 nec,
754 1301 824 1334 quae
847 1292 902 1333 ipfi

38 1341 208 1376 dixerunt,
230 1349 290 1381 ego
309 1345 455 1380 repetam.
498 1377 504 1383 .
680 1376 686 1382 .

80 1383 259 1421 Utrumque
281 1381 349 1420 jus,
383 1387 455 1409 cum
472 1385 548 1410 vitae
567 1377 597 1409 δε
617 1384 722 1416 necis,
745 1383 812 1408 tum
827 1385 901 1409 ven-

37 1423 170 1456 ditionis
188 1422 267 1454 olim
291 1418 459 1453 obtinuiffe
475 1443 485 1458 ,
516 1419 611 1450 etiam
632 1419 757 1450 aliunde
770 1416 900 1450 constat.

38 1464 166 1498 Diserte
189 1463 374 1504 Papinianus
397 1460 478 1502 apud
504 1461 607 1492 Collat.
630 1460 703 1492 LL.
719 1459 844 1501 Ilffcfizic.
868 1458 904 1495 ὅ)

39 1506 167 1538 Roman.
191 1504 223 1536 T.
238 1504 277 1535 V.
298 1504 349 1534 loc.
372 1507 401 1537 8.
437 1502 508 1533 Cum
522 1502 605 1542 patri
621 1501 689 1533 Lex
707 1501 808 1544 Regia
820 1500 902 1543 (Ro-

38 1547 118 1580 muli
137 1545 274 1587 nempe)
291 1545 403 1576 dederit
426 1544 459 1574 in
476 1542 576 1584 filiam
595 1544 664 1575 vitae
677 1544 808 1584 necisque
824 1547 903 1583 pote-

30 1586 161 1630 statem,
184 1587 214 1619 &
230 1596 298 1628 quae
309 1584 486 1627 sequuntur.
509 1584 607 1617 Recte
622 1584 737 1626 legitur
753 1585 785 1614 in
793 1582 902 1623 filiam,

36 1639 108 1662 nam
124 1629 163 1661 de
183 1627 247 1661 sola
262 1627 326 1659 filia
340 1626 405 1667 agit
425 1625 618 1666 Consultor,
643 1635 743 1667 neque
760 1625 837 1657 adeo
850 1634 900 1657 ne-

37 1670 119 1702 cesse
134 1669 201 1709 est,
224 1676 260 1700 ut
278 1677 350 1700 cum
365 1667 434 1699 aliis
447 1665 547 1707 filiam
565 1675 722 1700 mutemus
740 1667 772 1698 in
782 1665 901 1707 filium,

35 1721 73 1744 ea
95 1709 352 1751 metamorphosis
371 1729 382 1748 ,
417 1715 454 1740 ut
478 1717 513 1740 ut
539 1709 614 1741 alias
638 1709 762 1750 placere
778 1707 902 1749 poffet,

35 1753 91 1786 hic
114 1761 216 1784 tamen
233 1760 297 1783 non
335 1751 428 1782 lacet.
449 1750 555 1792 Atque
572 1750 651 1782 hanc
665 1749 830 1781 occidendi
845 1758 901 1790 po-

36 1793 180 1827 testatem
209 1760 354 1834 expreffic
377 1801 506 1833 quoque
532 1792 659 1833 antiqua
693 1790 901 1822 arrooeationis

35 1835 173 1868 formula
195 1833 275 1875 apud
302 1832 444 1865 Gellium
474 1832 514 1864 L.
548 1832 587 1864 V.
623 1832 712 1864 Νοὲἲ.
745 1816 843 1864 Ᾱῗτὶσ.
867 1832 899 1864 C.

37 1886 88 1915 -19,
134 1876 246 1908 Velitis
266 1875 397 1917 jubeatis
413 1898 423 1913 ,
452 1876 497 1905 uti·
522 1874 561 1906 L.
593 1874 735 1906 Valerius
763 1873 804 1905 L.
823 1872 901 1904 Titio

38 1924 98 1950 tam
122 1918 188 1960 jure
215 1917 330 1959 legeque
351 1915 437 1956 filim
452 1914 526 1955 fiet,
577 1925 643 1946 uam
659 1914 688 1954 fi
713 1925 750 1947 ex
771 1924 800 1946 eo
814 1920 901 1955 patre

36 1964 180 2001 matreque
197 1958 333 1997 familias
350 1958 411 1999 ejus
425 1963 513 1988 natus
532 1925 615 1998 eſjqet,
641 1965 776 1998 U'riqmi
801 1965 836 1987 EI
852 1965 901 1987 VI—

36 2008 92 2032 ‘rffi
114 2008 284 2040 NECISQUE
313 2008 351 2030 IN
380 2007 455 2030 EUM
483 2007 652 2030 POTESTAS
670 2021 680 2037 ,
709 2007 809 2036 siET,
838 2006 901 2028 UTI

36 2050 212 2073 PARIENDO
235 2050 327 2072 rimo
349 2049 418 2071 [ST.
465 2038 561 2085 Quod
580 2047 673 2080 caput
693 2038 901 2079 arrogationis

36 2083 68 2113 ἃ
85 2081 200 2114 Cicero
228 2090 456 2112 commemorat
490 2082 580 2114 Orat.
609 2082 643 2111 de
660 2080 752 2112 Domo
770 2081 808 2110 ad
824 2079 901 2111 Pon-

36 2121 109 2162 tific.
137 2124 168 2154 C.
185 2132 235 2163 77.
280 2122 366 2167 Quin
394 2123 444 2161 δε,
473 2122 557 2164 quod
573 2121 626 2153 hic
644 2122 797 2159 dicimus,
821 2120 897 2152 toti-

36 2164 107 2195 dem
130 2164 233 2194 verbis
255 2163 338 2194 dixit
367 2163 480 2196 Paulus
509 2165 541 2196 in
562 2164 581 2194 l.
609 2172 656 2195 11.
676 2162 716 2204 ff.
739 2163 772 2193 de
793 2161 897 2193 Liber.

37 2202 306 2245 &Postum.haered.
325 2202 418 2244 iiisift.
429 2215 499 2236 nam
515 2205 542 2236 ei
555 2204 658 2245 ‚quod
675 2202 834 2236 filiosfam.
852 2204 898 2234 rei

37 2254 174 2287 patemae
192 2245 421 2286 quodammodo
430 2246 491 2278 esse
499 2246 644 2277 dominos
661 2245 878 2277 adfirmaverat
885 2265 897 2282 ,

36 2297 101 2318 non
119 2284 272 2318 adversari
287 2284 412 2324 scribit,
437 2287 521 2327 quod
547 2287 623 2318 licet
644 2296 700 2319 eos
720 2285 896 2318 exhaereda-

37 2337 91 2366 re,
115 2329 187 2368 quod
207 2326 242 2361 ἐξ
259 2328 383 2357 occidere
402 2328 518 2359 lit-ebat.
549 2327 639 2359 Addo
655 2326 898 2360 Constantinum

37 2368 96 2402 inl.
108 2379 135 2400 2.
154 2375 202 2410 pr.
217 2368 282 2400 Cod.
300 2367 401 2400 Taeeod.
413 2369 446 2400 de
459 2369 559 2400 Liber.
577 2369 652 2411 caiqs.
666 2369 835 2408 Libertini,
853 2368 898 2401 in-

659 2459 1014 2498 CAPUT

1753 112 1820 152 347

955 180 1044 221 quit,
1065 190 1080 210 a
1094 179 1262 222 illajorihus
1276 186 1390 213 tamum
1402 184 1627 226 impeifimiest,
1641 191 1673 216 ut
1687 186 1824 226 patribus

953 221 1055 262 quihus
1065 221 1116 262 jus
1131 222 1201 251 ‹vltoe
1221 222 1253 251 in
1268 221 1370 252 llberos
1382 245 1393 260 ,
1414 226 1546 266 necisque
1559 226 1686 266 potelius
1697 228 1820 268 permis-

943 262 982 303 Jc‘z
1008 259 1049 302 est
1077 263 1185 301 eripere
1217 262 1380 293 libertatem
1398 274 1455 294 mni
1471 265 1581 298 [iteret.
1621 262 1685 299 'Sed
1705 277 1737 300 ut
1758 262 1823 308 ipse

951 303 1012 342 nit,
1062 303 1123 333 uod
1136 302 1175 334 de
1188 302 1257 342 jure
1277 303 1441 336 occidendi
1464 308 1686 347 probavimus,
1709 310 1752 340 ita
1770 318 1823 340 ne·

951 351 1023 386 gai-c
1066 343 1161 375 ixeris
1179 367 1188 382 ,
1219 344 1303 384 quod
1332 344 1370 375 de
1391 345 1459 386 jure
1475 347 1648 387 vendendi,
1671 359 1770 390 neque
1789 359 1820 380 e-

951 386 1016 417 nim
1033 393 1122 426 patei·
1141 385 1270 424 vendit,
1291 385 1346 418 nifi
1372 386 1403 418 in
1425 386 1629 427 servitutem,
1653 399 1759 431 erepta
1781 390 1824 422 sic

951 426 1115 466 libertate,
1138 436 1231 467 quam
1260 434 1363 459 tamen
1394 428 1470 469 eripi
1486 438 1549 461 non
1566 429 1703 470 potuiffc
1720 431 1825 471 Majo-

949 468 1037 499 ribus
1070 466 1244 508 placuiffet.
1298 467 1491 501 Theodorus
1522 471 1690 503 Mai-cilius
1722 473 1751 502 cl.
1789 473 1821 503 C.

950 508 1060 541 XXV.
1096 508 1231 550 Jacobus
1255 509 1427 547 Raevardus
1452 511 1489 542 ad
1519 512 1593 544 LL.
1619 511 1693 544 XII.
1730 512 1821 544 Tahb.

952 551 985 581 C.
1017 550 1071 582 III.
1106 551 1135 582 δε
1160 549 1230 591 post
1255 550 1313 583 lios
1339 551 1502 584 Cum-:idus
1538 553 1762 586 Rittersliufius
1785 554 1823 585 ad

948 592 1070 622 easdem
1095 591 1169 622 LL.
1194 591 1270 623 XII.
1295 592 1366 624 Tab.
1395 593 1478 634 Claffi
1501 593 1556 626 III.
1587 595 1672 626 Part.
1690 594 1711 626 I.
1741 595 1772 626 C.
1792 603 1820 627 1.

948 640 1003 672 per
1021 632 1185 663 libertatem
1201 633 1281 673 apud
1302 633 1545 667 Constantinum
1570 636 1754 676 intelligunt
1778 637 1823 667 [n-

947 674 1149 715 geminarem,
1174 673 1254 705 hanc
1275 675 1358 707 enim
1377 675 1446 707 filio
1468 678 1662 709 venumdato
1680 687 1743 709 non
1764 677 1821 709 eri-
1855 676 1857 678 ’

948 714 1000 755 pi,
1025 713 1075 746 sed
1094 714 1256 755 suspendi,
1280 724 1315 748 ut
1335 716 1448 749 Paulus
1465 727 1590 760 quoque
1606 719 1690 750 dixit
1714 719 1754 751 L.
1778 718 1818 750 V.

949 756 1081 788 Seritam.
1119 755 1199 787 ¹111.
1233 757 1262 798 ᾗ.
1291 766 1316 789 1.
1351 758 1387 793 {9⁹
1415 769 1443 790 2.
1489 760 1624 799 lacobus
1642 759 1821 793 Gotliofre-

945 797 1004 829 dus
1030 797 1137 828 cadem
1164 796 1235 829 usus
1266 799 1392 831 videtur
1419 799 1573 834 sententia
1601 803 1756 834 Conmzent.
1783 803 1821 833 ad

946 839 966 869 l.
991 849 1041 870 im.
1079 840 1110 870 C.
1137 837 1192 871 Th.
1224 840 1258 871 de
1287 840 1404 873 Patria.
1434 843 1484 883 qui
1509 841 1556 882 fil.
1590 842 1713 884 distrax.
1759 843 1820 876 Sed

945 879 1050 912 rursus
1079 880 1170 911 aliter
1198 880 1266 912 haec
1293 882 1434 923 explicat
1461 884 1617 917 Comment.
1649 885 1686 917 ad
1715 886 1736 917 l.
1765 894 1818 916 im.

948 923 980 953 C.
1019 921 1072 953 Th.
1104 922 1138 952 de
1171 920 1232 955 st
1267 925 1317 964 qui
1338 924 1511 967 fhngzcinol.
1542 932 1629 968 empt.
1660 927 1708 959 vel
1737 932 1818 959 ημῖν,

942 968 1040 1003 accep.
1069 963 1171 995 filium
1196 972 1310 1006 nempe
1364 975 1380 996 a
1399 975 1485 1007 patre
1499 968 1663 1001 venditum
1679 991 1690 1008 ,
1715 975 1824 1001 vei-ain

947 1005 1074 1045 quidem
1101 1003 1286 1037 servitutem
1313 989 1451 1039 serviisse
1468 1032 1478 1047 ‚
1513 1016 1544 1040 at
1571 1008 1710 1042 libertati
1727 1009 1821 1042 fuilse

947 1045 1125 1085 redditum,
1159 1046 1212 1077 vel
1228 1046 1353 1079 reddito
1381 1049 1505 1089 pretio,
1527 1051 1579 1082 vel
1621 1051 1741 1083 raestito
1758 1050 1819 1083 ser-

946 1097 991 1118 vo
1014 1087 1156 1126 vicario,
1173 1095 1286 1132 ‘atque
1306 1097 1342 1120 ea
1366 1090 1508 1129 ratione,
1534 1091 1577 1122 ob
1605 1102 1676 1133 pem
1692 1102 1821 1134 recupe⁴

947 1128 1095 1167 rationis,
1117 1128 1180 1159 diei
1198 1128 1304 1169 poffe,
1325 1138 1364 1161 ne
1382 1129 1480 1171 ipsam
1499 1132 1625 1172 quidem
1641 1133 1821 1166 libertatem

948 1178 1086 1210 ereptam
1103 1169 1214 1200 videri.
1234 1169 1394 1202 Antonius
1410 1172 1628 1215 Schultingius
1644 1174 1818 1217 Jicrisprud.

946 1208 1163 1252 ame-Justin.
1183 1211 1220 1242 ad
1248 1210 1281 1242 T.
1304 1211 1347 1244 X.
1370 1211 1492 1255 Fragm.
1518 1214 1589 1256 Ulp.
1613 1215 1641 1257 §.
1670 1225 1697 1248 i.
1727 1218 1819 1258 plus,

945 1253 979 1284 in
1002 1260 1036 1284 re
1060 1251 1223 1284 Historiea
1240 1275 1250 1290 ,
1286 1253 1388 1285 credit
1411 1254 1590 1297 Dionysio,
1623 1267 1715 1299 quam
1734 1258 1820 1290 Con-

944 1293 1082 1326 stantino
1102 1314 1113 1332 ,
1146 1293 1199 1325 vel
1225 1293 1360 1337 Majores
1382 1295 1552 1337 intelligit,
1587 1299 1651 1331 riori
1670 1299 1762 1340 prisci
1783 1298 1820 1330 il-

945 1335 1028 1375 lius,
1060 1333 1112 1366 sed
1137 1333 1321 1376 posterioris
1342 1336 1468 1369 demum
1494 1340 1554 1370 aevi
1571 1363 1581 1379 ,
1607 1349 1642 1372 ut
1658 1339 1822 1374 intellexit

945 1377 1040 1408 etiam
1060 1375 1191 1408 Ulricus
1212 1375 1361 1410 Huberus
1384 1378 1424 1410 L.
1450 1378 1491 1411 II.
1513 1379 1645 1424 Digreff.
1669 1382 1701 1414 C.
1723 1393 1753 1424 4.
1779 1383 1821 1415 E-

945 1427 987 1460 go
1011 1417 1164 1450 Marcilio
1190 1417 1220 1449 &
1244 1417 1400 1451 Raevardo
1426 1419 1584 1455 adsentior
1602 1447 1612 1464 ,
1641 1432 1750 1461 motus
1769 1434 1823 1457 au-

945 1459 1094 1491 ctoritate
1114 1458 1203 1491 Pauli
1223 1460 1250 1491 d.
1273 1458 1314 1492 L.-
1325 1460 1366 1493 V.
1394 1461 1525 1494 Sentenr.
1555 1463 1587 1496 T.
1613 1464 1636 1496 I.
1659 1464 1687 1506 §.
1702 1465 1821 1502 μίξιν.

945 1501 1040 1532 etiam
1063 1500 1156 1540 ideo,
1179 1500 1286 1542 quod,
1307 1509 1345 1533 ut
1363 1502 1592 1545 ingenuitatem
1616 1516 1679 1538 non
1697 1507 1823 1547 amisit,

944 1551 1039 1583 quem
1057 1549 1146 1584 pater
1162 1542 1306 1575 vendidit
1316 1564 1328 1582 ,
1357 1543 1403 1576 ita
1426 1554 1485 1577 nec
1501 1545 1677 1580 Civitatem
1691 1548 1823 1581 ainifiss'e

945 1583 1054 1615 auctor
1084 1583 1122 1615 fit
1143 1582 1259 1615 Cicero
1289 1584 1379 1617 Orat.
1402 1592 1457 1627 pro
1491 1587 1596 1621 Caecz‘n.
1623 1588 1658 1621 C.
1680 1592 1733 1627 98.
1755 1598 1821 1632 quo

944 1624 1031 1656 forte
1047 1623 1136 1657 sensu
1160 1624 1201 1657 L.
1213 1624 1239 1657 1.
1264 1626 1297 1656 de
1326 1626 1446 1659 Orator.
1471 1628 1504 1660 C.
1532 1634 1602 1665 181.
1626 1630 1708 1662 idem
1727 1631 1820 1664 Cice-

944 1675 981 1698 ro
996 1666 1100 1706 dixit,
1125 1666 1177 1706 ei,
1201 1675 1295 1708 quern
1311 1676 1400 1709 pater
1420 1668 1492 1702 suus
1510 1671 1671 1711 vendidit,
1696 1673 1821 1707 nullum

943 1706 1005 1739 esse
1021 1706 1251 1749 postliminium
1270 1731 1280 1748 ,
1315 1718 1418 1751 neque
1438 1711 1541 1752 enini,
1567 1715 1620 1754 qui
1642 1713 1821 1748 Civitatem

943 1758 1008 1781 non
1021 1748 1142 1790 amisit,
1166 1758 1234 1781 eam
1252 1759 1438 1792 recuperare
1456 1753 1578 1786 necesse
1594 1754 1649 1788 est.

962 1832 968 1838 ῃ
986 1789 1038 1823 De
1059 1797 1219 1837 utroque,
1243 1791 1328 1838 quod
1353 1792 1438 1833 dixi,
1470 1794 1538 1834 iure
1553 1797 1663 1837 patriae
1681 1797 1819 1839 potestass

945 1839 986 1863 tis
1010 1839 1117 1873 aperte
1145 1840 1241 1864 etiarn
1261 1833 1345 1865 dixit
1373 1834 1556 1876 Simplicius
1589 1838 1746 1872 Comment.
1778 1841 1818 1874 ad

948 1874 980 1904 C.
1002 1872 1178 1906 XXXVII.
1209 1873 1308 1914 Epi&
1342 1874 1501 1909 Enchz'rz'a'.
1531 1877 1653 1921 Leges,
1676 1881 1780 1922 inquit
1804 1907 1817 1922 ‚

944 1914 1095 1946 Romanae
1114 1915 1156 1949 «9¹4
1177 1923 1348 1954 πιπράσκων,
1370 1918 1391 1945 εἰ
1409 1917 1545 1958 Bainun-n,
1568 1923 1613 1952 ‘1⁸⁴5
1639 1923 1740 1955 παῖδας
1766 1928 1819 1957 νηῒς

943 1960 1052 1989 ’γονεῦσιν
1073 1955 1236 1994 ἐπίτρεψον,
1258 1961 1281 1997 ις
1302 1960 1406 1994 φονεύει,
1426 1960 1599 2000 &agapi-mg,
1633 1962 1669 1998 ἐξ
1689 1966 1816 1996 vencien-

944 1997 996 2036 di,
1012 1995 1042 2036 fi
1057 1996 1187 2037 vellent,
1212 1997 1314 2030 liberos
1325 2000 1460 2040 patribus
1471 2001 1642 2043 potestatem
1661 2006 1818 2045 dederunt,

945 2037 981 2073 &⁹
1002 2039 1118 2079 impune
1135 2039 1295 2071 occidendi.
1325 2040 1419 2072 Plura
1436 2043 1601 2084 utriusque
1617 2045 1718 2085 Juris,
1741 2057 1815 2080 cuin

945 2079 1108 2120 exempla,
1140 2087 1207 2111 tum
1240 2080 1419 2114 testimonia
1446 2083 1477 2114 ἀ
1506 2084 1638 2127 vestigia
1671 2088 1814 2121 recenset

944 2120 1113 2152 Marcilius
1132 2122 1160 2153 d.
1189 2121 1258 2162 Cap.
1273 2122 1399 2154 XXIV.
1424 2122 1461 2158 {9⁹
1483 2124 1594 2159 XXV.
1617 2128 1646 2160 ἅ
1670 2129 1732 2169 Jae.
1747 2129 1814 2162 Go-

941 2160 1109 2193 thofredus
1139 2162 1172 2194 in
1203 2162 1325 2195 Probat.
1357 2164 1387 2196 ἀ
1418 2164 1493 2197 Not.
1527 2167 1565 2198 ad
1589 2168 1732 2201 Tabulam
1755 2171 1811 2203 IV.

941 2205 988 2249 τῷ
1010 2202 1085 2235 XII.
1117 2211 1212 2245 atque
1237 2203 1302 2245 ipse
1326 2205 1415 2245 plura
1436 2207 1606 2241 recensebo
1624 2210 1655 2242 in
1684 2210 1810 2253 sequen-

941 2244 1026 2276 tibus
1044 2267 1054 2283 ,
1086 2254 1161 2292 quae-
1181 2245 1309 2284 omnia,
1345 2254 1381 2277 ut
1407 2247 1437 2279 <St
1459 2257 1530 2289 quae
1558 2250 1597 2281 de
1613 2253 1813 2293 expositione

939 2284 1061 2318 adferre
1086 2286 1216 2326 poshm,
1251 2295 1337 2318 nunc
1355 2285 1454 2322 sciens
1476 2290 1674 2334 prudensque
1685 2301 1812 2335 praeter-

939 2335 979 2359 eo
991 2350 1002 2367 ,
1026 2336 1065 2360 ne
1082 2327 1130 2360 bis
1145 2328 1251 2360 eadem
1273 2327 1386 2361 dicam.

1115 2462 1176 2499 11.

108 2548 273 2598 ,Quamdiu
298 2551 472 2586 obtinuerit
491 2551 551 2598 jus
575 2550 656 2586 vitae
678 2546 720 2589 ἃ
744 2549 832 2584 necis
857 2549 898 2633 filii
918 2551 1051 2594 liberos,
1077 2552 1179 2587 variae
1201 2548 1400 2597 Sententiae,
1427 2546 1470 2593 ἐξ*
1484 2564 1551 2600 quae
1565 2547 1732 2602 sequenda

841 2609 875 2632 vi
899 2607 1003 2635 eatur.
1588 2627 1591 2631 Δ

129 2704 211 2736 perae
231 2696 364 2737 pretium
381 2695 445 2737 est,
465 2706 506 2728 ex
526 2696 739 2729 Annalibus&
757 2695 896 2738 Legibus

151 2737 382 2778 Romanorum,
396 2748 456 2781 qua
483 2739 558 2770 licet
584 2738 748 2779 diligentia
762 2761 774 2778 ,
795 2737 896 2779 inqui-

35 2787 125 2816 rere,
158 2776 295 2809 severior
318 2778 371 2810 illa
392 2780 422 2812 in
451 2780 567 2812 liberos
582 2775 717 2820 potestas
732 2779 894 2822 ecquando

36 2819 89 2850 vel
118 2819 187 2859 lege
210 2818 356 2859 abrogata
378 2820 433 2860 fit,
465 2821 516 2852 vel
542 2821 684 2853 moribus
704 2821 893 2853 exoleverit.

37 2859 123 2906 Quia
139 2867 243 2891 autern
259 2859 328 2899 plus
351 2860 395 2892 est
422 2870 532 2893 necare
544 2882 555 2900 ,
578 2870 668 2903 quam
685 2862 819 2894 vendere
840 2862 893 2893 vel

35 2909 194 2940 exponere
208 2923 218 2938 ,
248 2900 287 2932 de
307 2900 375 2940 jure
397 2903 472 2934 vitae
487 2903 517 2934 &
540 2903 626 2934 necis
644 2903 743 2944 prima
761 2902 893 2945 quaestio

36 2941 93 2973 est.
137 2940 301 2981 Postquam
337 2941 504 2984 Dionysius
534 2943 737 2976 Halicarnass'.
777 2945 818 2977 L.
850 2944 889 2976 II.

33 2989 64 3023 p.
86 2992 124 3014 m.
147 2991 198 3021 97.
242 2981 357 3022 Legem
376 2983 503 3015 Romuli
517 2985 556 3016 de
571 2984 728 3025 potestate
748 2985 893 3018 occiden-

34 3023 146 3054 dorum
167 3023 197 3054 &
217 3023 448 3054 vendendorum
474 3023 642 3058 liberorum
669 3027 816 3059 narraffet
827 3050 838 3066 ,
861 3028 893 3059 &

35 3063 296 3105 quemadmodum
312 3063 410 3103 hanc,
435 3071 470 3095 ut
483 3066 600 3094 εἶναί-η,-
618 3068 743 3107 „gl-nm,
766 3070 893 3100 emnium

35 3107 190 3146 optimam,
210 3103 228 3144 <
237 3103 277 3135 sic
294 3104 504 3145 Interpi‘etes,
523 3115 582 3147 ego
602 3109 707 3140 malim
723 3131 733 3149 ‚
766 3111 894 3141 omnium

35 3144 278 3186 efficaciffimam)
301 3145 495 3177 observarint
510 3148 601 3186 primi
619 3148 739 3190 Reges,
760 3160 838 3182 mox
849 3158 893 3182 ta-

34 3197 105 3219 men
123 3186 258 3225 indicat,
286 3185 379 3219 fuisse
394 3209 406 3226 ,
429 3187 540 3229 quibus
560 3187 754 3230 displicuerit
773 3215 784 3233 ,
818 3191 895 3234 quin

939 2695 969 2728 δε
983 2693 1174 2743 displicuisse
1189 2698 1259 2740 ipsis
1277 2698 1478 2731 Decemviris
1491 2723 1502 2739 ,
1526 2699 1577 2733 sed
1597 2710 1699 2734 tamen
1719 2701 1777 2733 hos
1792 2719 1804 2742 ‚-

938 2743 1088 2770 trecentis
1101 2738 1172 2779 post
1187 2740 1293 2779 annis,
1317 2741 1440 2782 legibus
1449 2740 1589 2774 ferundis
1609 2750 1782 2782 occupatos
1792 2762 1805 2782 ,

937 2788 1001 2810 non
1019 2778 1109 2812 ausos
1123 2778 1217 2812 fuiffe
1232 2780 1371 2823 Legem,
1387 2782 1528 2814 moribus
1545 2790 1720 2823 receptam,
1741 2784 1803 2815 tol-

937 2819 1022 2858 lere,
1045 2829 1084 2852 ne
1098 2821 1151 2861 Jus
1175 2823 1338 2863 publicum
1364 2833 1438 2854 cum
1454 2822 1695 2864 Magistratuum
1714 2832 1804 2864 pote-²

937 2859 1015 2893 state
1032 2860 1212 2894 subversum
1233 2864 1334 2903 irent,
1357 2863 1517 2895 inseruiise
1538 2864 1634 2904 igitur
1648 2863 1725 2895 XII.
1736 2864 1801 2897 Ta-

936 2901 1040 2941 bulis,
1062 2903 1092 2934 &
1111 2903 1244 2936 Tabulae
1271 2904 1396 2945 quidem
1419 2911 1557 2944 quartae‚
1578 2906 1611 2934 ἐκ
1628 2905 1749 2945 inquit,
1775 2906 1801 2934 ἐι

936 2947 1067 2978 τόλμηοικι
1095 2946 1209 2982 irenei-1,
1232 2953 1289 2976 non
1313 2943 1453 2985 aufistint
1477 2945 1584 2976 tollere.
1629 2945 1710 2977 Satis
1731 2947 1799 2987 qui-

935 2985 1006 3016 dem
1019 2993 1139 3016 certum
1159 2984 1223 3024 est,
1248 2984 1483 3016 mitescentibus
1506 2986 1646 3018 moribus
1665 2995 1728 3019 non
1755 2998 1803 3020 us÷

935 3036 995 3069 que
1019 3027 1096 3057 adeo
1123 3026 1294 3057 exercitam
1318 3024 1412 3056 fuisse
1434 3025 1520 3056 illam
1548 3026 1626 3058 vitae
1654 3028 1802 3070 necisque

935 3067 1122 3109 potestatem
1142 3090 1151 3105 ,
1187 3065 1238 3097 sed
1257 3066 1404 3106 quamdiu
1421 3067 1560 3098 exerceri
1582 3069 1750 3108 potuerit,
1779 3069 1803 3104 ss

959 3109 1006 3139 uis
1021 3108 1089 3147 jure
1106 3106 1162 3138 suo
1187 3107 1233 3138 uti
1251 3107 1350 3138 vellet
1362 3130 1371 3145 ,
1383 3107 1414 3138 id
1429 3107 1473 3138 est
1483 3131 1492 3146 ,
1503 3107 1542 3138 de
1557 3118 1621 3149 quo
1635 3111 1798 3150 quaeritur.

937 3119 1016 3187 fles,
1048 3155 1083 3178 ut
1110 3155 1238 3189 apparet
1257 3169 1268 3185 ‚
1295 3146 1369 3179 fasti
1385 3146 1445 3185 est,
1470 3148 1508 3179 de
1523 3158 1601 3190 qua,
1624 3159 1695 3182 cum
1713 3160 1802 3185 certe

938 3189 1140 3263 ειυίίὶοτίῑῑιῑὲζ
1141 3186 1343 3221 destituamur
1366 3189 1451 3222 varic
1464 3188 1654 3230 disputatum
1675 3192 1781 3226 rideo,
1832 3230 1837 3233 ,

1160 3239 1181 3262 x
1208 3239 1226 3262 2
1754 3235 1800 3276 33ἱ
