2008 3436
115 130 182 169 55³8
731 126 748 161 I
843 123 880 161 N

115 215 283 244 I'raea'atoria
306 214 422 249 privata.
851 218 886 244 11.
910 225 974 250 224.

248 254 281 279 ad
300 254 339 284 jus
356 253 495 288 publicum
513 255 640 289 pertinet.
865 256 928 282 ibisi.
950 265 974 281 a.

117 307 228 312 «κ--ψ
250 291 294 326 qui
313 299 373 318 esum
392 299 520 319 exercent
534 313 542 323 ,
564 302 619 320 non
639 292 698 319 furt
715 291 821 319 Piratae.
909 301 974 326 224.

115 330 312 357 Praedatorram
329 338 411 356 nemo
433 330 504 357 rcere
520 339 628 358 exercet
647 331 700 357 stne
723 329 867 358 codicillis
891 331 973 358 Ordi-

156 376 220 394 nurn
238 368 417 396 Generalium
440 368 482 395 vel
504 368 622 396 Praer'ec‘u
640 369 737 396 Maris.
910 376 975 402 230.

114 406 172 433 1³1-ae
185 407 282 432 latoria
301 409 387 434 navis.
428 407 463 434 V.
484 407 580 434 Navis.

116 445 220 471 l’raedia
237 445 319 471 etiam
337 444 473 471 habentur
490 445 648 479 piscationis
669 452 746 477 ergo.
820 444 840 471 I.
865 446 927 476 187.
950 443 973 473 b,

252 483 347 509 italica
372 483 396 510 ἃ
419 483 572 510 italicenlia
593 483 652 510 sunt
679 491 721 509 res
746 483 885 517 mancipi,
908 482 974 509 Pro-

155 520 285 548 vincialia
308 529 364 548 non
385 521 451 548 item
467 542 475 554 ,
506 520 554 547 nisi
574 528 608 548 ex
637 521 786 557 privilegio
808 521 874 556 Jure
901 520 975 547 Latii

153 559 267 586 donata.
911 565 975 591 333.

250 596 437 624 provincialia
456 616 464 629 ,
487 593 661 632 stipendiaria
685 595 756 623 dicta
773 617 779 627 .
807 597 841 623 ab
872 596 975 623 Italicis

150 635 216 662 olim
235 634 368 662 distiut‘la.
867 637 929 668 338.
949 644 975 661 α.

313 681 409 699 eorum
446 671 606 708 posl‘etl'ores
637 680 693 699 non
726 673 867 700 habebant
891 673 975 707 ipsam

154 713 353 747 proprietatem
373 731 379 742 ,
409 709 452 737 seu
477 712 570 745 potius
589 712 632 744 jus
648 710 832 747 Quiritarium
849 732 855 743 ‚
889 710 914 738 ἃ
933 712 976 743 jus

152 749 284 784 mancipii
304 770 310 780 ,
331 748 407 783 qnod
432 755 491 775 crat
512 747 661 775 fundorum
680 749 840 776 italicorum
858 748 883 775 δ(
901 749 976 775 Itali-

153 787 294 819 censium,
325 794 353 814 at
375 787 548 814 Bonitarium
573 788 732 820 duntaxat,
760 787 785 815 &
809 788 898 814 minus
921 786 976 821 ple-

150 834 225 853 num.
869 832 930 858 339.
950 835 976 852 a.

119 868 145 892 in
173 862 283 891 Piaediis
306 861 411 890 rusticis
438 862 605 899 potiffimum
620 864 755 891 Veterum
773 863 876 890 divitiae
891 862 975 890 conli-

154 903 271 929 [lebant.
865 908 917 934 333
949 910 974 928 a.

116 942 285 970 &cedrorum
303 938 466 966 rusticorum
482 938 542 973 jura
559 939 619 967 {unt
634 947 675 967 res
697 939 833 976 mancipi,
855 941 976 966 urbano-

156 987 215 1006 rum
233 985 289 1004 non
308 980 381 1004 item.
914 979 977 1011 338.

252 1018 322 1042 ratio
346 1014 520 1042 differentiae.
866 1015 930 1043 ibid.
952 1017 976 1043 la.

117 1054 260 1084 meectus
277 1053 398 1087 Vigilum
416 1054 442 1081 in
460 1061 530 1089 quos
543 1074 550 1085 ‚
573 1053 616 1081 vel
638 1052 728 1087 futes,
750 1052 793 1081 vel
809 1053 878 1081 alios
893 1075 899 1085 ‚
921 1054 967 1081 ani

155 1092 354 1121 nradverteret.
822 1101 865 1126 50.
889 1100 932 1125 51.
954 1101 978 1118 α.

254 1130 349 1165 vigilat
366 1138 426 1157 cum
445 1130 526 1156 barnis
550 1128 575 1156 ὅ(
599 1129 719 1157 dolabris.
871 1133 934 1158 281.
955 1129 978 1156 b,

254 1171 380 1197 Annonae
397 1167 421 1195 &
443 1168 576 1202 Vrgilum.
867 1171 930 1201 318.
953 1176 976 1194 a.

254 1208 396 1235 Feriarum
421 1206 583 1234 Latinarum
601 1204 690 1232 causa.
913 1205 978 1232 ibid.

118 1262 232 1268 ——-·—
253 1246 324 1274 urbi.
868 1251 931 1277 317.
953 1252 978 1271 ιι.

119 1284 277 1313 Praesocare
297 1288 416 1320 partum.
869 1284 931 1315 358.
954 1283 968 1308 b

121 1333 154 1352 ex
180 1323 376 1358 Praepositione
408 1318 463 1346 sola
490 1321 610 1347 tabernae
637 1320 773 1355 navisque
800 1319 918 1347 Domini
942 1326 979 1347 te-

156 1369 258 1389 nentur
274 1382 280 1391 .
309 1359 327 1386 ss
352 1357 427 1393 quod
444 1358 531 1386 actum
548 1358 585 1386 est
601 1379 608 1390 ‚
632 1358 667 1386 ad
687 1358 794 1386 causam
812 1357 979 1394 praepositio-

158 1401 203 1428 nis
231 1399 395 1436 pertineat,
423 1403 480 1424 non
510 1396 545 1424 ad
573 1396 670 1432 aliam,
703 1399 738 1425 ab
773 1405 805 1424 ea
834 1396 979 1424 diversam.

803 1435 838 1463 ll.
860 1443 925 1470 227.
954 1436 978 1463 b.

121 1474 289 1511 Praepostera
306 1472 457 1510 stipulatio
498 1474 534 1501 V.
553 1472 714 1509 stipulatio.

121 1515 262 1545 Praescribi
286 1521 342 1541 non
370 1511 446 1540 simui
467 1510 491 1539 δι
515 1511 596 1539 semel
622 1511 801 1548 pensionibus
823 1512 938 1543 annuis,
961 1509 980 1538 fi

159 1554 231 1582 ultra
256 1560 300 1587 30.
324 1559 413 1578 annos
439 1551 466 1577 in
489 1550 627 1577 solutione
649 1550 779 1578 ceffatum
804 1548 834 1577 fit
850 1570 858 1583 ,
888 1549 932 1577 sed
948 1550 980 1577 iis

160 1593 312 1621 duntaxat.
333 1596 395 1626 qnae
407 1596 471 1616 ante
485 1595 530 1623 30.
547 1596 633 1616 annos
644 1588 743 1616 exactae
755 1596 813 1615 non
829 1588 898 1616 sunt.
914 1595 978 1623 371.

121 1630 294 1665 Praescriptio
311 1636 345 1655 an
360 1628 452 1655 locum
469 1627 572 1655 habeat
593 1634 691 1655 contra
715 1627 851 1655 astionem
876 1626 910 1655 de
933 1626 979 1654 da-

155 1676 222 1697 mno
237 1669 265 1696 in
280 1666 537 1694 affecurationibus.
577 1666 613 1693 V.
635 1663 810 1702 Affecuratio.

257 1707 345 1740 longae
365 1703 535 1741 poss‘effionis
557 1703 625 1731 olim
649 1703 759 1736 valuit,
787 1703 870 1731 etiarn
892 1703 918 1730 in
935 1703 978 1731 his

159 1746 242 1774 rebus
252 1766 258 1776 ,
280 1752 341 1780 quae
353 1742 390 1770 ob
402 1741 538 1771 defectum
553 1742 619 1777 J'uris
633 1742 746 1779 usucapi
760 1750 817 1770 non
833 1747 979 1777 poterant,

159 1791 217 1811 tam
233 1781 439 1812 immobilibus.
465 1788 548 1816 quam
565 1780 726 1808 mobilibus.
825 1781 846 1808 l.
869 1788 933 1815 340.
953 1790 978 1809 a.

256 1829 289 1848 ex
300 1818 553 1848 constitutionibus
563 1819 721 1855 Principum
731 1818 862 1855 profesta.
881 1818 944 1846 ibid.
954 1820 978 1848 b.

123 1861 153 1888 de
173 1859 381 1896 Praescriptione
397 1856 482 1886 fustra
502 1857 683 1886 laborabatur
698 1878 708 1893 ,
735 1856 753 1885 ss
768 1857 900 1894 usucapio
917 1866 981 1893 pro1

157 1899 278 1926 cederet.
915 1895 981 1924 ibid.

121 1937 296 1973 Ptrescriptio
327 1935 404 1971 longi
427 1935 560 1972 temporis
584 1942 618 1962 an
646 1934 800 1964 dominium
826 1934 907 1963 maris
935 1934 983 1962 tri-

160 1977 235 2002 buat.
812 1974 848 2001 11.
873 1980 934 2007 133·
957 1982 982 2001 a.

121 2012 247 2050 Praeficles
261 2013 344 2040 etiam
361 2017 500 2040 vocantur
513 2011 646 2051 Judices,
667 2009 790 2040 Δικαςαὶ.
844 2012 866 2039 Ι.
889 2019 936 2038 21.
955 2021 980 2039 a.

121 2051 252 2080 Praelides
265 2051 477 2079 Provinciarum
493 2049 907 2087 excipiebanturaCivitatibus
921 2057 982 2076 ora-

161 2090 258 2124 tione,
279 2097 339 2125 quae
353 2088 448 2117 laudes
464 2088 585 2126 ipsorum
602 2088 627 2117 ἀ
638 2089 789 2117 Civitatum
805 2089 980 2116 continebat.

888 2134 934 2161 49.
955 2136 981 2153 a.

256 2173 341 2201 quam
357 2163 521 2200 potestatem
538 2165 661 2193 habeant
678 2166 705 2193 in
721 2165 874 2201 provinciis
889 2186 896 2196 ,
918 2173 978 2192 cum

159 2203 235 2239 quod
257 2203 292 2231 ad
317 2203 382 2239 alias
408 2210 450 2230 res
467 2224 475 2236 ,
503 2210 561 2232 tum
576 2203 654 2240 quod
673 2203 707 2231 ad
724 2204 870 2240 pecuniam
886 2211 979 2239 repro-

160 2244 235 2270 bam.
934 2249 979 2275 74.

257 2287 362 2308 merum
387 2279 533 2315 imperIum
556 2278 720 2313 habebant,
749 2287 802 2308 nec
823 2285 912 2307 tamer.
935 2280 981 2306 de-

160 2325 272 2354 portare
288 2323 427 2354 poterant.
890 2321 935 2351 65.
956 2319 980 2345 b.

258 2364 294 2383 ne
314 2355 502 2392 provinciales
529 2355 557 2382 in
580 2355 740 2383 ulteriorem
765 2355 981 2383 familiaritatem

161 2394 326 2425 admittant,
348 2394 375 2421 in
395 2393 533 2421 mandatis
551 2393 701 2421 habebant.
875 2397 936 2422 161.
957 2395 982 2420 h.

260 2431 278 2460 fi
300 2439 383 2468 quem
405 2431 608 2468 deportandum
635 2437 757 2467 putent,
784 2432 983 2468 Imperatorem

161 2471 266 2499 adeunt
280 2492 287 2503 ,
308 2470 417 2498 causam
433 2475 594 2505 exponunt,
618 2469 780 2497 sententiam
795 2469 869 2499 suam
884 2469 984 2498 adscri-

159 2511 231 2537 bunt
247 2530 254 2541 ,
276 2508 302 2536 ὅ(
322 2508 394 2536 hanc
411 2508 429 2535 si
454 2507 619 2545 comprobet
640 2508 771 2544 Princeps
787 2528 796 2543 ‚
824 2509 984 2544 deportatio

159 2547 216 2580 est,
236 2553 300 2575 ante
316 2554 373 2574 non
389 2545 437 2575 est.
869 2554 934 2581 204.
956 2556 981 2574 a.

259 2585 382 2619 relegare
401 2583 511 2621 possunt
527 2605 533 2615 .
563 2583 581 2612 fi
603 2583 717 2612 insulam
734 2584 782 2613 sub
799 2583 825 2612 se
845 2584 983 2617 habeant,

165 2623 182 2650 si
198 2631 255 2650 non
272 2623 409 2656 habeant,
431 2623 561 2658 Princeps
579 2622 711 2658 adsignat.
918 2622 982 2651 ibid.

125 2659 268 2696 Praestavit
284 2668 336 2697 pro
349 2657 480 2696 praestitit.
874 2668 939 2694 249.
960 2660 984 2688 b.

126 2700 268 2728 Praeterira
283 2700 399 2726 Veteres
420 2698 488 2735 saepe
510 2696 666 2726 formarunt
684 2690 720 2726 a&
739 2697 896 2735 analogiam
917 2705 985 2726 tem-

162 2738 238 2774 poris
259 2736 406 2774 praesentis.
919 2736 983 2764 ibid.

125 2776 298 2804 Praeteritum
319 2774 464 2811 plusquam
488 2773 637 2811 perfectum
659 2771 822 2807 subjunctivi
837 2774 895 2801 non
915 2773 986 2801 indi-

166 2821 210 2842 cat
226 2813 349 2842 futurum
370 2819 477 2849 tempus
491 2833 498 2844 .
521 2811 566 2841 sed
583 2812 762 2849 praeteritum.
873 2819 940 2846 437.
960 2811 984 2840 b.

127 2852 262 2880 Praetores
282 2850 534 2880 fideicommiss‘arii.
877 2857 939 2884 3¹7·
960 2849 983 2878 b.

128 2891 281 2918 Praetorum
301 2897 441 2918 numerus.
918 2895 983 2921 317·

128 2929 263 2957 Praetorio
283 2927 424 2965 praefectus
440 2948 449 2962 ,
480 2934 547 2956 num
570 2925 642 2955 solus
660 2925 790 2955 habuerit
804 2923 984 2992 arrlditorium.

862 2984 868 2992 .
894 2971 937 2992 11.
959 2973 984 2991 a.

261 3003 407 3038 judicavit.
876 3000 939 3029 ibid.
960 3003 984 3030 b.

128 3041 262 3070 Praetorio
281 3042 397 3079 praefeffl
413 3041 504 3078 plures
519 3042 547 3070 in
561 3041 630 3069 urbe
644 3041 786 3069 Romana.
920 3039 984 3067 ibid.

129 3078 278 3111 Proevenrie
299 3089 356 3116 quo
379 3080 466 3108 modo
492 3079 703 3115 intelligendum
725 3081 753 3110 ln
768 3078 792 3116 §-
814 3079 840 3108 Β.
879 3076 985 3106 Formae

168 3117 257 3144 Curiae
269 3118 427 3147 Hollandiae
442 3126 487 3147 20.
503 3119 575 3156 Aug.
593 3125 673 3155 153¹·
876 3118 942 3148 298·
960 3117 984 3144 b.

128 3155 293 3191 Pragnratici
311 3158 357 3191 qui
373 3158 512 3186 dicantur.
831 3154 854 3182 1.
877 3160 940 3187 179·
958 3163 983 3182 a·

127 3208 239 3218 ----—-
260 3201 357 3222 eorum
379 3195 480 3224 salaria.
878 3194 938 3225 ¹80.
959 3193 983 3222 Ie.

981 128 1014 162 D
1115 124 1144 159 E
1243 125 1275 159 X

1019 216 1184 250 pragmatici
1211 215 1388 242 cautionibus
1412 221 1444 240 ac
1467 212 1592 242 formulis
1610 212 1756 250 superfluas
1769 215 1872 243 verbo·

1057 262 1114 280 rum
1137 254 1258 280 cautelas
1274 254 1393 287 adjicere
1412 252 1507 279 solent.
1721 253 1756 279 ΙΙ.
1779 259 1823 280 22.
1846 255 1871 283 b.

1018 291 1112 319 Pretio
1128 292 1253 318 nondum
1272 291 1361 319 soluto
1372 312 1378 323 ,
1402 298 1436 317 an
1453 290 1593 318 venditori
1608 296 1748 326 competat
1765 292 1803 318 rei
1815 292 1873 319 vin-

1058 330 1172 356 dicatio.
1806 338 1872 364 4²1·

1017 367 1158 404 Principes
1176 368 1244 394 citra
1261 366 1477 403 appellationem
1497 366 1569 394 rec‘ta
1587 366 1652 403 saepe
1667 365 1777 394 fuerunt
1793 369 1873 396 adiri.

1723 405 1743 431 l.
1766 413 1827 439 147.
1848 409 1873 434 b.

1152 443 1186 470 de
1203 442 1274 470 faiho
1286 464 1292 476 ‚
1312 442 1386 477 quod
1405 442 1517 474 incidit,
1536 441 1602 477 saepe
1618 441 1769 470 rescribunt
1785 444 1818 471 de
1830 445 1873 478 Ju-

1057 489 1086 508 re
1102 481 1270 513 constituto,
1296 489 1353 516 quo
1370 480 1395 508 ἃ
1411 481 1457 509 alii
1475 486 1550 508 retro
1568 480 1605 508 uli
1619 487 1706 507 erant.
1760 484 1825 514 269.
1845 492 1871 510 α.

1018 519 1156 555 Principis
1180 520 1298 555 irnperio
1323 528 1382 555 quae
1412 519 1491 546 causa
1515 519 1543 545 in
1573 519 1702 546 Romana
1716 517 1873 554 Republica

1057 559 1192 593 originem
1206 557 1361 593 praebuerit.
1759 564 1823 590 312.
1846 560 1871 586 17.

1018 595 1151 631 Princeps
1173 598 1200 623 iu
1223 597 1334 622 alterius
1357 594 1474 630 imperio
1494 593 1518 621 ἂ
1537 594 1646 623 ditione
1663 602 1720 632 quo
1733 596 1793 629 jure
1810 604 1875 623 cen-

1058 633 1146 662 seatur
1162 634 1238 670 quod
1256 634 1289 660 ai
1306 632 1395 660 forum
1411 639 1581 667 competens.
1750 635 1785 661 11.
1809 642 1875 668 149.

1150 681 1184 699 an
1203 672 1240 699 ibi
1257 673 1316 704 jura
1332 680 1392 706 quae
1409 669 1561 704 Maiestatis
1579 679 1731 705 vocantur,
1753 673 1829 708 quod
1838 672 1874 700 ad

1054 710 1129 737 suum
1147 711 1333 746 principatum
1350 717 1481 736 exercere
1497 708 1586 745 poffit.
1760 711 1815 738 ibid
1847 720 1872 738 a.

1152 749 1199 784 qui
1217 750 1253 775 ibi
1269 749 1408 775 contraxit
1433 746 1475 774 tel
1498 747 1616 782 deliquit
1635 767 1645 782 ‚
1673 755 1707 775 an
1726 748 1763 775 ibi
1784 750 1874 784 puniri

1058 785 1084 814 ἁ
1103 786 1221 814 detineri
1238 786 1274 813 ob
1294 794 1328 813 res
1345 785 1465 812 alienum
1482 784 1573 820 poffit.
1766 794 1827 820 150.
1847 789 1873 816 b.

1020 840 1131 847 -———-
1153 834 1187 852 an
1204 826 1232 852 in
1249 824 1361 852 alterius
1377 824 1485 851 ditione
1501 823 1591 851 minus
1604 823 1671 858 juris
1680 824 1875 861 habeatquam

1058 862 1188 898 Legum.
1765 871 1827 897 151.
1847 873 1873 892 a.

1019 915 1129 922 -———
1154 901 1202 937 qui
1223 908 1306 929 manu
1323 900 1361 928 ibi
1377 908 1433 927 rem
1449 900 1521 936 agit,
1551 907 1634 927 manu
1654 898 1755 936 depelli
1774 901 1877 937 potest.

1763 939 1827 967 ibid.
1848 941 1873 969 b.

1155 978 1213 1011 ejus
1236 977 1313 1004 bona
1334 977 1361 1003 in
1382 975 1493 1004 alterius
1519 976 1667 1004 territorio
1688 984 1722 1004 an
1738 985 1787 1014 per
1802 986 1874 1006 arre-

1059 1014 1126 1042 sstun
1149 1014 1239 1042 forum
1257 1015 1388 1042 tribuant.
1812 1016 1876 1045 ibid.

1021 1053 1162 1089 Principes
1179 1062 1243 1080 num
1258 1052 1357 1088 poffint
1372 1060 1524 1088 prorogare
1537 1049 1765 1086 jrrrisdietionem.
1777 1056 1838 1083 180.
1848 1064 1876 1083 a.

1155 1091 1275 1118 Romani
1296 1098 1359 1118 ante
1383 1090 1593 1118 Constantinum
1607 1091 1652 1119 M.
1670 1100 1685 1118 a
1704 1092 1831 1128 quolibet
1847 1093 1877 1121 in

1059 1128 1140 1156 rebus
1158 1129 1328 1164 quibuslibet
1345 1127 1502 1156 adibantur.
1765 1139 1827 1158 101.
1848 1133 1872 1160 11.

1217 1169 1303 1194 totius
1327 1166 1410 1194 Orbis
1442 1167 1586 1201 imperium
1617 1166 1664 1194 {ibi
1689 1175 1852 1204 arrogarunt
1868 1191 1876 1203 ,

1056 1205 1182 1240 quamvis
1198 1206 1242 1232 vix
1258 1205 1392 1231 decimam
1402 1205 1459 1236 ejus
1468 1204 1758 1240 persederintpartem.
1781 1210 1880 1237 108.a.

1021 1243 1178 1278 Principum
1195 1243 1313 1269 duorum
1330 1241 1454 1269 subditus
1470 1249 1502 1268 au
1520 1243 1580 1276 quis
1596 1242 1648 1270 esse
1668 1244 1758 1277 poffit.
1781 1245 1877 1275 161.st

1020 1281 1151 1317 Princeps
1168 1289 1225 1308 non
1245 1280 1314 1308 ultra
1330 1280 1471 1316 obligatur
1485 1288 1567 1315 quam
1582 1280 1609 1307 iu
1630 1288 1763 1315 quantum
1786 1282 1878 1311 facere

1060 1318 1159 1354 potest.
1767 1328 1831 1355 257.
1852 1322 1877 1350 b.

1022 1358 1142 1393 Principi
1167 1358 1311 1393 imperium
1337 1357 1472 1390 abrogare
1496 1355 1521 1384 ἃ
1545 1356 1672 1385 adversus
1693 1357 1820 1387 Praefides
1840 1360 1876 1387 ab

1060 1396 1119 1431 ipso
1135 1396 1300 1424 constitutos
1317 1394 1418 1423 bellum
1433 1402 1529 1430 gerere
1552 1395 1667 1424 multum
1689 1397 1762 1424 inter
1780 1397 1806 1424 se
1827 1396 1878 1425 dif-

1022 1181 1098 1188 -.—-

1061 1434 1161 1462 ferunt.
1637 1441 1699 1468 239>
1720 1434 1743 1461 b.
1767 1443 1830 1470 240.
1851 1445 1878 1464 a.

1021 1473 1156 1508 Principis
1183 1471 1342 1499 mandarum
1372 1479 1406 1498 an
1430 1470 1462 1500 srt
1484 1470 1591 1499 licitum
1612 1472 1657 1499 vel
1677 1472 1802 1501 illicitum
1819 1482 1878 1502 non

1056 1510 1095 1539 est
1114 1511 1215 1548 privati
1236 1511 1403 1538 examinare.
1768 1519 1833 1547 ²42·
1853 1513 1879 1542 b,

1163 1548 1229 1577 Vid.
1251 1548 1418 1576 Mandatum
1438 1547 1583 1584 Principis.

1021 1587 1200 1623 Principum,
1222 1588 1305 1614 etiam
1325 1587 1373 1622 qui
1397 1587 1544 1622 imperIum
1564 1585 1749 1621 invaserunt,
1778 1587 1834 1616 aaa
1851 1587 1878 1617 ὄῑ

1059 1626 1136 1662 parfia
1158 1625 1217 1653 sunt
1239 1624 1382 1652 servanda.
1765 1628 1830 1656 287.
1852 1626 1878 1655 b.

1019 1663 1186 1700 Prmct'pium
1207 1663 1281 1700 apud
1308 1663 1446 1692 Rhetores
1468 1661 1506 1691 est
1530 1660 1650 1700 proefatz'o
1677 1661 1703 1690 ὅ(
1733 1665 1879 1693 exordium.

1724 1702 1748 1730 1.
1770 1705 1832 1737 163.
1853 1713 1880 1732 a.

1156 1740 1209 1769 fuit
1225 1739 1249 1768 &
1265 1737 1352 1776 prir’na
1368 1739 1504 1768 sententia
1520 1738 1587 1775 legis
1602 1739 1646 1768 vel
1659 1738 1722 1777 Jcti
1735 1761 1744 1774 ,
1773 1748 1806 1769 ex
1823 1747 1880 1776 qua

1060 1779 1095 1808 ad
1109 1779 1152 1816 §5-
1166 1779 1220 1807 five
1235 1779 1269 1806 ad
1284 1779 1377 1806 Locos
1392 1778 1444 1806 fuit
1459 1777 1595 1806 transrtus.
1810 1779 1880 1808 ibid.

1022 1817 1119 1850 Prior,
1139 1825 1190 1854 pro
1203 1818 1344 1853 proximior
1357 1838 1364 1850 ,
1383 1818 1492 1853 propior.
1782 1824 1827 1852 23.
1847 1827 1876 1846 a.

1021 1856 1149 1885 Privatus
1177 1854 1324 1892 quomodo
1352 1861 1458 1893 partem
1493 1854 1576 1883 maris
1611 1862 1751 1892 occupare
1786 1855 1880 1891 possit.

1712 1893 1750 1921 11.
1771 1901 1832 1928 139.
1852 1903 1880 1922 a.

1157 1934 1204 1969 qui
1222 1932 1339 1961 fortuito
1355 1937 1480 1961 moratur
1496 1933 1524 1961 in
1540 1931 1593 1960 alia
1610 1930 1717 1960 ditione
1733 1952 1742 1965 ,
1761 1939 1828 1959 num
1845 1939 1880 1960 ex

1064 1980 1100 1999 eo
1115 1978 1245 2007 tanquam
1262 1972 1385 2000 subditus
1403 1971 1495 2000 forum
1512 1970 1650 1998 sortiatur.
1767 1978 1830 2005 149.
1852 1971 1879 1998 b.

1025 2010 1172 2045 Privilegia
1181 2011 1320 2038 anteriora
1328 2011 1370 2045 jus
1379 2009 1507 2045 generale
1516 2016 1572 2036 non
1582 2009 1708 2044 abrogat.
1777 2015 1841 2042 259.
1853 2009 1880 2037 17.

1158 2048 1320 2085 restringere
1343 2056 1401 2078 non
1420 2047 1502 2081 licet,
1522 2046 1572 2074 niti
1585 2046 1614 2074 in
1637 2045 1751 2074 modum
1778 2055 1877 2082 poenae.

1765 2091 1830 2118 271.
1849 2093 1876 2112 a.

1025 2124 1203 2160 Privilegium
1221 2124 1372 2153 revocandi
1389 2123 1504 2153 domum
1519 2129 1664 2160 quousque
1673 2123 1784 2159 Legatis
1800 2122 1828 2150 in
1836 2123 1879 2157 ju-

1061 2171 1090 2190 re
1107 2163 1239 2191 Romano
1255 2163 1421 2192 concessum.
1812 2167 1879 2194 154.

1024 2201 1054 2228 de
1073 2201 1223 2238 Privil‹gio
1245 2201 1397 2230 revocandi
1424 2200 1536 2228 domum
1558 2199 1730 2235 Legatorum
1750 2197 1878 2228 Edictum

1061 2240 1199 2268 Ordinum
1221 2240 1387 2268 Hollandiae.
1770 2244 1833 2271 159.
1852 2246 1880 2265 a.

1023 2278 1200 2312 Privilegium
1220 2278 1386 2312 viduitatis,
1407 2277 1432 2306 ὁ(
1446 2275 1562 2305 minoris
1579 2276 1666 2304 aetatis
1686 2275 1800 2312 quando
1822 2282 1881 2303 ces-

1066 2316 1104 2344 sat
1124 2318 1198 2352 quod
1216 2317 1250 2344 ad
1267 2317 1368 2344 sor-nm.
1816 2315 1880 2347 308.

1159 2354 1212 2382 fori
1231 2354 1247 2381 fi
1265 2355 1321 2382 duo
1339 2354 1459 2387 habent,
1481 2361 1515 2381 an
1535 2351 1604 2380 alter
1619 2350 1747 2381 adversus
1764 2350 1881 2379 alterum

1063 2400 1099 2420 eo
1119 2393 1159 2421 uti
1178 2392 1268 2429 possit.
1769 2397 1833 2423 309.
1852 2390 1880 2417 b.

1026 2430 1166 2459 Probandi
1184 2431 1282 2459 modus
1297 2429 1448 2468 potiffimus
1464 2429 1643 2458 creditorum.
1788 2435 1831 2455 12.
1851 2427 1879 2454 h.

1025 2468 1148 2497 Probarro
1162 2468 1305 2507 semiplena
1325 2469 1396 2497 reete
1418 2467 1519 2497 dicitur
1535 2476 1583 2506 per
1604 2462 1759 2502 κατέχρα-ιν
1780 2464 1879 2498 adjesti

1061 2508 1278 2536 contradictorii.
1743 2503 1764 2530 Ι.
1786 2504 1830 2536 85.
1852 2501 1878 2530 b.

1026 2544 1107 2573 Probi
1120 2546 1185 2573 reth
1199 2545 1317 2574 formula
1334 2544 1429 2572 dolum
1446 2544 1577 2573 excludit.
1728 2540 1764 2582 Il.
1783 2548 1831 2582 34-
1852 2541 1878 2568 b.

1025 2582 1179 2622 Probrnj'um
1213 2584 1239 2612 ἃ
1273 2585 1395 2612 illicitum
1410 2603 1420 2618 ,
1463 2591 1498 2611 an
1531 2582 1556 2610 &
1590 2578 1703 2617 quando
1723 2577 1880 2644 ldrsterant.

1740 2638 1745 2644 .
1767 2625 1833 2651 450·
1852 2625 1882 2646 a.

1027 2658 1168 2687 Procedere
1183 2668 1234 2697 pro
1249 2669 1281 2688 ex
1295 2661 1407 2696 alicujrrs
1425 2657 1559 2696 disciplina
1576 2655 1699 2693 prodire.
1769 2663 1832 2689 319.
1851 2663 1883 2683 a.

1027 2698 1213 2726 Proconenfia
1227 2699 1350 2727 metalla.
1764 2695 1831 2736 μό.
1851 2701 1883 2721 a.

1027 2736 1197 2771 Proconsul,
1219 2738 1266 2772 qui
1283 2735 1496 2771 iurisdietionem
1511 2732 1619 2768 Legato
1640 2730 1799 2763 mandavit,
1820 2738 1880 2759 non

1066 2773 1194 2808 videtur,
1215 2773 1448 2812 quemadmodum
1466 2771 1565 2807 rel1'qui
1583 2770 1746 2798 mandantes
1759 2790 1766 2801 ,
1791 2768 1817 2796 se
1831 2769 1880 2796 ab·

1065 2812 1164 2840 dicass‘e
1180 2812 1387 2847 jurisdictione,
1410 2809 1455 2838 scd
1475 2810 1547 2838 hanc
1560 2809 1694 2837 duntaxat
1715 2815 1777 2836 curn
1791 2806 1880 2843 Lega-

1065 2855 1097 2878 to
1113 2850 1334 2878 communicasse.
1765 2847 1829 2872 206.
1851 2845 1879 2872 b.

1026 2880 1210 2916 Proconffires
1237 2897 1272 2918 ex
1301 2885 1468 2918 Consulibus
1499 2884 1662 2923 plerumque
1692 2882 1879 2912 sortiebantur

1064 2926 1232 2955 Provincias.
1769 2927 1832 2955 3²1·
1851 2929 1879 2948 a.

1027 2963 1211 3002 Proconsulare
1233 2963 1372 3000 Imperium
1395 2962 1612 3001 Imperatoribus
1639 2959 1717 2989 suiss'e
1738 2958 1877 2992 delatum,

1063 3010 1122 3039 quo
1138 3001 1213 3031 sensu
1229 3000 1450 3038 intelligendum.
1644 3036 1650 3042 ·
1767 2998 1830 3025 281.
1850 2994 1876 3024 b.

1027 3039 1162 3069 Proculus
1177 3039 1224 3068 sub
1244 3040 1361 3068 Othone
1377 3039 1403 3069 ἀ
1419 3039 1550 3075 deinceps
1571 3036 1672 3065 ssorurt.
1768 3041 1830 3068 173.
1851 3043 1877 3062 a.

1027 3078 1198 3108 Procuratien
1213 3078 1281 3107 olim
1300 3077 1374 3116 apud
1388 3077 1486 3114 Belgas
1502 3077 1664 3106 dicebantur
1674 3071 1812 3102 Mandata
1826 3071 1878 3099 Le-

1062 3122 1198 3153 gatorum.
1708 3111 1743 3139 11.
1770 3117 1833 3144 250.
1851 3118 1878 3138 a.

1026 3154 1210 3186 Procurator.
1235 3162 1336 3183 nomen
1352 3152 1481 3190 generale
1495 3151 1543 3181 est.
1740 3149 1761 3176 1.
1785 3150 1830 3176 26.
1850 3155 1877 3175 a.

1025 3192 1180 3222 Procurator
1195 3193 1220 3223 ἃ
1235 3193 1344 3224 Ouraror
1360 3193 1427 3232 saepe
1441 3191 1496 3223 fine
1505 3189 1661 3224 discrimine
1670 3187 1806 3217 dicuntur.
1827 3187 1879 3251 62²
