2008 3436
264 119 297 169 Q
323 119 355 155 u
387 120 431 156 Ἰ]
460 118 481 154 s
508 118 555 154 T.

45 217 104 245 ne,
136 206 188 244 qui
211 206 345 247 primum
376 207 526 238 morienti
552 205 714 239 successuri
740 205 838 237 eil'ent
858 230 867 243 ,
898 216 916 237 a

44 248 207 290 superstite
223 249 352 289 exigant
370 249 578 280 inventarium
595 247 750 278 bonorum
761 271 770 285 ,
794 248 843 279 vel
857 257 914 287 pro

41 291 94 322 >his
121 291 215 322 ullam
244 291 444 329 cautionem,
470 299 529 322 nec
552 288 696 320 dubitare
722 289 818 327 licet,
841 290 914 329 quin

47 340 113 363 rata
131 331 188 363 sint
204 330 356 371 ejusmodi
375 332 575 369 testamenta,
600 329 695 361 toties
719 339 810 361 certe
825 331 853 361 id
869 331 914 370 ju-

48 374 167 405 dicavit
185 381 316 413 utraque
339 373 519 405 Holland'rae
531 371 643 409 Curia,
666 380 701 403 ut
719 371 778 413 ipsa
796 371 916 404 sentcn-

48 415 158 446 tiai·um
185 414 279 455 copia
301 415 487 446 laboremus.
534 412 745 458 Quaecunque
771 413 916 454 quaestio-

46 466 101 488 nes
115 457 154 487 de
168 456 320 496 ejusmodi
337 454 527 487 testamentis
548 454 690 485 incidunt
702 477 711 493 ,
733 453 801 486 fere
819 455 914 496 pcrti-

46 505 123 530 nent
145 497 182 528 ad
210 497 395 538 potestatem
416 495 590 533 alienandi,
616 494 769 536 superstiti
791 496 915 534 datam,

47 539 122 579 quid
144 547 258 579 nempe
273 548 308 569 ea
327 538 528 569 contineatur
545 538 596 568 vel
613 546 675 568 non
702 539 912 570 contincatur.

46 581 107 612 Sed
129 580 242 611 deinde
267 580 362 610 ctiam
387 579 522 609 dubitari
545 586 686 619 coeptum
712 579 776 616 cst,
795 589 832 611 an
851 589 916 611 non

49 621 107 653 soli
129 619 284 662 superstiti
301 620 413 652 cedant
434 620 619 652 hereditates
635 621 663 651 ὅ(
681 620 801 662 legata,
826 631 913 662 quae.

45 662 153 695 soluto
172 662 374 694 matrimonio
399 661 669 703 contemplatione
694 661 865 704 superstitis
886 662 915 693 ei

45 705 256 741 obvenerunt,
287 704 340 735 vel
361 713 432 744 quae
453 703 515 744 ipse
536 712 599 734 non
619 713 657 735 ex
685 705 845 736 communi
864 713 914 744 pa-

49 745 223 784 trimonio,
249 744 301 776 scd
318 744 370 777 sua
393 745 484 785 ipiius
505 754 578 776 cura
599 744 629 776 δε
647 745 794 777 industria
810 746 915 785 acqui-

49 786 152 819 fivit?
172 786 264 817 causa
277 786 440 818 dubitandi
459 787 530 817 inde
556 794 627 817 nata
645 786 710 825 cst,
733 787 816 828 quod
829 786 915 818 Con-

48 828 135 869 juges
154 828 185 860 in
207 829 271 866 his,
296 837 367 868 qua:
385 827 439 859 sibi
462 828 598 859 invicem
626 828 826 870 relinquunt,
847 828 916 859 aliis

48 878 141 909 atque
155 869 225 901 aliis
242 868 388 901 formulis
407 877 555 907 utantur,
580 868 660 909 saepe
683 871 788 909 aJunt‚
813 871 863 900 dat
885 879 917 899 ze

50 911 222 942 malkamier
245 912 349 942 maten
370 912 418 942 het
439 911 514 942 ‘colle
540 920 612 951 vere
638 910 726 949 helle,
763 910 845 952 saepe
871 912 917 941 het

51 951 119 990 hesit
133 963 169 984 en
183 952 362 995 jozcifflmce,
388 951 485 993 saepc,
509 953 636 992 perinde
658 953 847 990 habendum,
874 952 918 982 alr

51 995 85 1035 of
99 1003 131 1025 ze
150 996 228 1026 beia'e
240 1004 297 1036 nug
313 1000 346 1034 op
356 991 428 1033 Jloei
445 994 479 1033 of
493 999 526 1033 op
541 993 588 1024 het
607 993 819 1035 kuffivishcen,
839 993 919 1034 ssepe

53 1038 105 1067 (icit
128 1045 160 1067 ze
189 1046 248 1068 ααη
269 1045 302 1066 ae
323 1034 545 1077 langfilevcizde
565 1035 653 1065 liezan
680 1035 727 1065 hec
750 1042 919 1078 Traga-ge-

51 1078 163 1118 bmyk,
186 1077 260 1118 quin
283 1077 313 1108 δε
337 1075 416 1116 stirpe
434 1098 445 1113 ,
468 1078 519 1107 dac
542 1086 574 1107 ze
594 1076 803 1107 mcclkanderen
824 1077 921 1118 erfge-

53 1130 142 1151 naam
157 1120 313 1158 maakcen,
337 1118 440 1148 addita
467 1125 571 1148 tamen
594 1116 710 1158 semper
737 1118 923 1157 prohibitio-

55 1170 94 1193 ne
111 1160 283 1192 Invcntarii
303 1159 333 1190 δε
351 1159 509 1190 cautionis
522 1183 531 1198 ,
558 1159 587 1190 &
605 1159 709 1190 addita
727 1159 864 1191 clausula
883 1161 922 1191 de

50 1201 213 1234 communi
239 1201 411 1232 hereditate
433 1199 501 1241 post
523 1209 657 1232 mortem
687 1199 859 1240 superstitis
879 1201 922 1233 iii-

50 1253 100 1275 ter
121 1243 285 1284 utriusque
310 1242 440 1273 heredes
464 1242 561 1282 aequis
586 1242 723 1282 partibus
743 1241 920 1274 dividenda.

54 1286 116 1319 Hae
127 1285 299 1322 similesque
309 1283 456 1316 foi-multe
468 1283 570 1324 pallini
580 1284 828 1324 frequentantur.
843 1284 923 1316 Sunt

53 1336 160 1359 autem
170 1326 309 1367 quaedam
319 1335 360 1356 ex
372 1325 418 1356 his
426 1325 492 1364 ejus
501 1325 735 1364 significationis
747 1348 757 1364 ,
775 1335 811 1356 ut
821 1325 860 1363 ,si
872 1325 923 1356 ad-

48 1369 220 1402 hibeantur
232 1389 242 1405 ,
252 1367 396 1398 nonnulli
411 1367 482 1397 inde
497 1366 635 1398 efficiant
649 1376 759 1399 vei-um
774 1366 924 1399 usumfru-

48 1412 140 1443 >ctum
158 1410 187 1441 δι
203 1417 312 1440 verum
327 1407 599 1439 fideicommiss'um
610 1431 619 1446 ,
630 1408 710 1447 rati,
723 1408 763 1439 de
775 1408 926 1449 zfirfrutlu

54 1451 260 1484 dubitandum
280 1459 342 1481 non
359 1448 466 1486 cison}
483 1449 523 1480 de
536 1448 686 1490 iglizsruftzc
701 1449 809 1481 relicto
824 1448 925 1481 sermo

54 1494 128 1531 fiat,
141 1501 201 1524 nec
214 1492 254 1522 de
263 1490 496 1532 fideicommfflb„
516 1490 536 1522 si
547 1490 697 1532 superstes
716 1490 867 1523 scribatur
876 1492 923 1522 hc-

16 1553 28 1559 ν
55 1535 160 1573 res,&
171 1532 458 1574 postejusmoi·tem
473 1540 606 1564 vocetur
616 1532 855 1571 alius,fice1iim
870 1533 921 1564 de-

54 1577 136 1610 finiri
151 1573 468 1607 fideicommiffariam
483 1573 748 1606 substitutionem.
774 1574 858 1606 Mox
875 1584 922 1606 re-

55 1625 186 1651 currunt
213 1617 250 1648 ad
273 1617 396 1656 regulas
412 1638 423 1654 ‚
446 1625 519 1656 quas
541 1616 582 1646 de
601 1614 761 1647 usufructu
784 1616 814 1647 δε
836 1616 922 1648 fidei·

55 1658 222 1693 commisso
246 1657 421 1700 praescribit
445 1657 498 1697 jus
525 1657 720 1696 Romanum,
742 1657 780 1689 ab
801 1656 924 1689 usufru-

55 1701 178 1734 &uario
201 1709 314 1740 nempe
341 1699 370 1731 ὃ(
392 1699 557 1730 fiduciario
580 1708 642 1730 non
662 1699 733 1739 plus
757 1698 819 1731 esse
835 1697 924 1731 resti-

58 1742 230 1775 tuendum.
254 1750 344 1783 quam
370 1741 504 1781 accepit.
549 1740 647 1787 Quod
671 1740 692 1773 fi
708 1741 764 1780 fit,
788 1748 923 1782 negant,

55 1794 115 1824 pro
136 1782 256 1817 semisse
277 1783 316 1814 ad
341 1783 468 1813 heredes
491 1783 626 1823 primum
642 1783 806 1814 morientis
830 1782 925 1823 perti-

57 1835 153 1864 nere,
176 1825 261 1866 quod
285 1824 437 1863 superitcs
460 1824 642 1856 hereditatis
666 1824 801 1865 legative
826 1823 924 1856 titulo

57 1869 200 1908 accepit,
224 1867 276 1898 vel
293 1866 356 1908 ipse
378 1864 526 1897 industria
542 1865 593 1897 fua
609 1865 747 1898 lucratus
765 1865 819 1898 est.

51 1927 56 1930 -
100 1907 154 1940 De
179 1908 439 1949 interpretatione
464 1906 638 1939 voluntatis
665 1907 767 1939 omnis
791 1906 924 1949 quaestio

56 1950 121 1989 est,
144 1951 174 1983 ὅ(
192 1949 224 1981 in
240 1959 276 1981 ea
294 1949 337 1980 ita
356 1948 560 1988 versandum,
585 1955 619 1979 ut
636 1957 700 1980 non
719 1957 837 1980 temere
858 1949 923 1982 sen—

58 1992 190 2024 tentiam
212 1992 369 2029 dicamus,
393 1990 447 2022 nili
466 1989 641 2030 conjunctis
663 1989 693 2021 δε
715 1989 869 2023 consultis
889 2000 923 2021 o-

57 2033 204 2072 mnibus,
229 2042 299 2074 quae
324 2033 439 2073 ubique
460 2032 492 2063 in
510 2030 699 2062 testamento
723 2039 895 2064 occurrunt
912 2055 923 2071 ‚

58 2075 140 2108 &id
161 2083 290 2117 operam
316 2073 425 2107 demus
441 2098 451 2113 ‚
482 2080 519 2104 ut
545 2072 592 2105 his
618 2073 764 2106 omnibus
793 2073 925 2105 idoneus

57 2116 184 2149 constet
198 2115 310 2149 sensus
358 2115 477 2148 Omnes
492 2114 661 2153 formulae,
687 2124 759 2155 quas
776 2115 924 2152 recitavi,

56 2158 138 2199 apud
161 2168 212 2190 me
231 2157 370 2197 ejusdem
397 2157 466 2189 sunt
488 2155 743 2197 significationis,
761 2166 820 2188 nec
834 2155 925 2187 diffe-

57 2209 134 2231 runt
157 2199 214 2231 nifi
241 2199 378 2230 nominis
404 2198 502 2236 sono,
534 2198 564 2229 ὅ(
582 2206 802 2238 quamcunque
823 2197 924 2239 elege-

57 2242 122 2281 ris,
152 2250 217 2273 non
238 2247 346 2280 putem
369 2250 408 2272 ex
429 2249 465 2271 ea
489 2248 599 2270 verum
623 2238 848 2271 usumfructum
872 2239 926 2270 vel

56 2281 331 2316 fideicommissum
355 2281 439 2312 effici
466 2280 553 2322 poffe
568 2303 577 2318 ‚
608 2280 639 2311 id
663 2281 747 2312 enim
765 2290 829 2312 non
850 2290 925 2312 con-

54 2325 146 2357 venit
167 2322 314 2365 potestati
343 2322 496 2354 alienandi
513 2345 523 2360 ‚
553 2331 645 2361 quam
665 2320 817 2361 superstes
837 2331 925 2353 aece-

56 2368 129 2410 pit;
161 2375 226 2397 non
249 2364 403 2396 convenit
417 2387 427 2402 ‚
459 2364 481 2396 fi
505 2363 776 2395 fideicommiffum
796 2373 923 2404 urgeas.

56 2407 228 2442 remissioni
249 2405 438 2438 conficiendi
466 2405 634 2437 inventarii
653 2428 662 2443 ‚
704 2404 818 2436 frustra
841 2405 926 2435 enim

57 2460 95 2483 ea
112 2449 287 2481 remittitur
306 2448 336 2479 in
355 2446 593 2478 fideicommiffo
618 2445 799 2483 universali3
822 2455 924 2486 neque

59 2492 172 2529 ctiam,
197 2489 218 2522 fi
237 2487 465 2521 usumfructum
495 2497 621 2529 urgeas,
643 2487 796 2518 convenit
815 2487 923 2518 remis-

57 2533 136 2567 fioni
151 2531 328 2568 cautionis,
350 2530 423 2571 quia
444 2530 474 2562 &
498 2530 565 2560 haec
581 2529 612 2560 in
629 2527 792 2559 usufructu
810 2527 924 2560 frustra

58 2573 244 2607 remittitur.
287 2571 458 2613 Saepiffiine
481 2579 585 2602 tamen
615 2568 802 2607 testatores,
825 2569 923 2610 magis

57 2617 96 2648 ad
109 2624 195 2652 rem,
215 2623 306 2656 quain
321 2613 417 2644 verba
432 2612 560 2650 attenti,
588 2611 627 2642 iis
644 2611 809 2642 vocabulis
832 2619 924 2642 utun-

59 2667 112 2689 tur
127 2678 138 2694 ,
168 2665 238 2696 quae
268 2664 331 2686 non
356 2653 412 2686 nifi
434 2656 630 2693 καπιχςκςικᾶς
656 2652 756 2694 accipi
773 2651 898 2692 possunt
913 2674 925 2690 ,

59 2708 134 2731 cuin
149 2697 255 2736 aiunt,
275 2695 307 2727 se
323 2695 531 2736 usumfructum
557 2692 709 2735 superstiti
731 2694 923 2733 relinquere,

57 2741 130 2773 ideo
145 2739 252 2778 ajunt,
274 2737 376 2777 quod,
413 2737 433 2769 fi
449 2745 616 2768 commune
639 2735 858 2775 patrimonium
876 2744 928 2766 rie-

56 2790 120 2824 que
135 2788 282 2820 augeatur
301 2787 403 2816 neque
425 2778 600 2816 minuatur,
635 2775 788 2818 superstes
805 2785 846 2807 ex
871 2776 925 2807 bo-

58 2824 108 2856 nis
139 2823 274 2863 primum
310 2818 449 2850 defuncti
478 2820 557 2851 nihil
590 2819 753 2859 quicquam
784 2818 924 2856 habeat,

60 2874 152 2906 quam
169 2861 289 2894 fruetus
309 2861 339 2891 ἃ
352 2869 477 2891 omnem
499 2861 679 2892 utilitatem.
725 2859 806 2891 Cum
823 2859 924 2899 ajunt,

58 2907 92 2939 se
125 2903 321 2945 superstitem
343 2902 473 2932 heredem
504 2901 663 2938 scribere,
704 2900 775 2931 ideo
807 2901 894 2941 ajunt
913 2924 922 2937 ‚

58 2946 144 2989 quod
161 2945 310 2985 superstes
325 2943 362 2974 de
376 2943 468 2974 bonis
481 2943 616 2984 primum
632 2941 773 2974 defuncti
792 2941 925 2974 statuere

60 2988 173 3030 posfit,
204 2995 239 3019 ut
268 2984 369 3026 poss’et
398 2993 488 3016 verus
503 2983 616 3023 heres,
650 2983 747 3015 modo
769 2983 924 3015 custodiat

61 3029 274 3063 conditionem
287 3050 297 3065 ‚
321 3035 397 3057 mox
411 3024 570 3065 adjectam.

103 3071 173 3110 Ego
189 3079 265 3101 vero
278 3094 287 3109 ‚
310 3068 479 3109 diligenter
492 3065 622 3097 excusso
644 3065 816 3106 ejusmodi,
841 3065 927 3107 quod

61 3111 230 3155 praescripsi
243 3135 252 3150 ‚
270 3108 460 3142 testamento
479 3116 592 3139 mutuo
605 3131 613 3141 ,
632 3116 695 3138 non
711 3108 801 3139 aliam
812 3109 926 3139 utrius-

60 3164 123 3195 que
157 3152 310 3193 Conjugis
350 3157 488 3181 mentem
523 3148 617 3181 fuisse
652 3147 898 3180 existimaverim
916 3170 927 3186 ‚

62 3205 155 3237 quarn
174 3195 257 3226 inter
276 3192 405 3224 heredes
427 3191 560 3231 primurn
584 3188 724 3221 defuntti
741 3190 772 3220 ὅ(
786 3188 926 3231 supersti-

62 3246 144 3277 tem,
167 3234 460 3278 aequa‘conditione
471 3256 482 3273 ‚
514 3231 552 3264 ad
567 3240 665 3272 usque
685 3229 776 3270 hujus
794 3239 929 3266 mortem

608 115 834 165 JURIS
883 113 1241 158 PRtVA'r1,
1293 115 1607 159 L13.111.C.x.

1751 135 1820 169 411

958 202 1145 235 continuare
1173 211 1239 234 cam
1267 201 1424 234 bonorum
1449 214 1702 243 communionem
1751 220 1823 253 quae

959 246 1041 276 inter
1056 243 1138 284 ipsos
1160 243 1340 284 Conjuges,
1373 243 1473 275 stante
1497 251 1696 283 matrimonio
1707 235 1728 291 ,⁹
1741 254 1824 284 obti-

958 293 1079 318 nucrat.
1122 285 1220 316 'runc
1247 294 1356 317 verum
1382 285 1446 322 est,
1471 287 1634 322 inventarii
1657 294 1686 324 ὃ(
1703 294 1823 325 cautio-

959 328 1006 361 nis
1031 326 1187 358 exactioni
1215 326 1336 358 nullum
1361 327 1492 358 omnino
1517 328 1619 362 locum
1641 333 1722 373 cil'e,
1748 342 1825 365 tunc

959 378 1068 401 vei-um
1093 367 1157 406 est,
1189 369 1272 409 quod
1287 368 1379 399 aliter
1403 377 1467 399 non
1483 367 1546 407 cst,
1570 370 1761 411 superstitem
1785 374 1826 405 de

959 410 1118 443 communi
1137 409 1329 450 patrimonio
1347 409 1480 441 statuere
1498 409 1584 451 poss‘c
1607 421 1645 444 ex
1664 415 1756 446 animi
1778 414 1827 446 sui

958 452 1112 484 sententia
1125 473 1134 488 ‚
1159 451 1189 482 ὁὶ
1206 451 1284 482 nihil
1299 451 1524 489 diVidendum,
1549 461 1641 493 quam
1659 456 1760 493 quod,
1780 455 1827 486 su-

958 493 1084 536 perstite
1101 490 1251 524 defuncto
1264 517 1272 531 ‚
1306 492 1476 534 supererit3
1512 494 1694 534 intelligunt
1711 496 1804 535 igitur
1817 518 1828 534 ‚

959 538 1045 569 lucra
1061 536 1090 567 ἅ
1105 535 1216 565 damna
1227 558 1235 572 ‚
1254 543 1442 576 quocunque
1466 535 1595 566 nomine
1614 535 1801 567 obvenerint
1817 559 1829 573 ,

960 587 1022 609 tam
1048 577 1084 607 ad
1111 576 1237 606 heredes
1264 576 1398 615 primum
1425 575 1587 615 defuncti,
1621 586 1713 616 quam
1730 577 1768 607 ad
1784 577 1829 609 su-

960 617 1119 661 perstitem
1136 617 1291 657 pertinere
1303 641 1312 655 ,
1337 617 1443 658 quod.
1466 617 1521 649 nisi
1538 618 1669 649 durante
1686 627 1829 649 commu-

955 669 1073 697 nione,
1098 659 1245 698 explicari
1263 668 1327 690 non
1348 658 1468 699 potest,
1492 668 1564 690 cum
1583 659 1742 705 maxime,
1757 668 1829 700 quia

959 709 1090 742 uterque
1115 700 1242 739 Conjux
1265 699 1352 731 simul
1379 701 1408 732 ὃ(
1436 700 1629 740 conjunctim
1652 699 1760 732 statuit
1790 700 1830 731 de

959 744 1044 774 omni
1062 752 1121 782 eo,
1145 742 1229 782 quod
1246 741 1378 774 exstabit
1400 740 1468 784 post
1492 750 1626 774 mortem
1645 741 1829 783 superstitis.

960 783 1068 816 Potest
1097 785 1205 823 utique
1236 782 1388 824 superstes
1410 784 1502 815 alios.
1519 793 1636 815 vocare
1676 783 1802 815 hcredcs
1818 806 1830 821 ,

962 835 1053 865 quam
1082 831 1253 857 vocaverat
1280 833 1392 856 mutuo
1418 823 1621 860 testamento,
1654 825 1703 857 sed
1717 824 1831 857 frustra

961 868 1021 898 crit
1041 890 1050 905 ,
1082 868 1102 900 fi
1130 866 1203 907 quid
1228 866 1378 897 moliatur
1402 867 1431 897 in
1459 866 1673 906 praejudiciuni
1694 876 1803 898 eorum
1819 889 1830 904 ‚

961 918 1040 948 quos
1059 910 1194 951 primum
1210 907 1377 939 defunctus
1402 916 1576 939 vocaverat
1593 931 1604 947 ,
1629 909 1659 940 δε
1676 908 1765 948 cujtis
1782 907 1830 948 iu-

961 949 1079 982 dicium
1101 950 1165 991 ipsc
1184 949 1383 990 probaverat.

1006 991 1084 1024 Noli
1106 992 1265 1032 objicere,
1291 999 1416 1022 omnem
1443 990 1627 1024 societatem
1646 999 1751 1025 morte
1770 990 1831 1022 dis-

963 1033 1064 1072 solvi,
1092 1034 1122 1065 ἅ
1141 1042 1180 1064 ne
1195 1032 1320 1074 quidem
1337 1032 1449 1072 pacisci
1469 1033 1572 1074 poffe,
1598 1043 1632 1065 ut
1649 1034 1738 1066 heres
1755 1032 1834 1064 socii

966 1074 997 1104 in
1021 1073 1206 1106 societatem
1233 1073 1388 1105 succedat.
1433 1074 1468 1105 ld
1494 1074 1660 1106 obtinebat
1674 1075 1746 1115 Jure
1768 1074 1833 1106 Ro-

965 1124 1059 1147 mano
1077 1117 1107 1147 in
1128 1115 1295 1151 socictate,
1326 1124 1397 1154 quae
1416 1123 1456 1145 ex
1483 1116 1647 1147 contractu
1667 1116 1835 1148 descende-

965 1156 1037 1197 bat,
1063 1158 1092 1189 ὃς
1109 1157 1175 1197 ejus
1194 1156 1237 1188 rei
1252 1165 1316 1188 non
1336 1156 1395 1187 alia
1412 1156 1493 1187 ratio
1512 1165 1600 1194 erat,
1623 1166 1715 1198 quam
1731 1167 1771 1189 ne
1786 1156 1835 1188 so-

965 1198 1017 1230 cio
1043 1199 1147 1231 invito
1172 1198 1260 1230 foi-tc
1282 1197 1501 1229 obtruderetui·
1522 1198 1626 1229 socius
1649 1199 1751 1231 minus
1769 1198 1836 1230 ido-

964 1250 1061 1277 neus„
1094 1239 1259 1276 morosus,
1293 1239 1479 1279 negligens,
1510 1239 1681 1279 improbus
1726 1239 1785 1272 Sed
1805 1239 1837 1271 &

966 1282 1028 1313 hoc
1047 1281 1146 1323 ipsum
1163 1281 1299 1313 ntor-ibus
1321 1282 1505 1320 abrogatum
1526 1280 1607 1319 effe,
1635 1281 1770 1322 plurima
1787 1290 1835 1312 re-

957 1333 1036 1355 -rum
1051 1323 1258 1364 judicatarum
1273 1322 1418 1361 exempla
1431 1321 1643 1358 demonstrant
1654 1346 1664 1362 ‚
1689 1323 1720 1354 in
1739 1322 1838 1354 socie-

968 1373 1035 1396 tate
1059 1365 1169 1405 utique
1185 1363 1341 1404 conjugali
1361 1363 1390 1394 id
1407 1372 1468 1394 non
1484 1364 1630 1395 obtinere
1654 1364 1726 1396 inde
1746 1373 1836 1406 appa-

968 1415 1036 1445 ret,
1061 1407 1144 1448 quod
1171 1406 1203 1438 in
1225 1415 1261 1437 ea
1277 1405 1458 1436 continuata
1484 1406 1575 1446 plane
1593 1404 1689 1436 cesset
1706 1405 1771 1446 ejus
1789 1406 1836 1446 ju—

969 1449 1010 1481 ris
1023 1450 1123 1487 ratio,
1149 1457 1213 1479 non
1230 1447 1313 1478 enim
1331 1447 1382 1477 liic
1401 1455 1502 1477 novus
1518 1446 1621 1479 socius
1635 1470 1643 1484 ‚
1669 1447 1721 1487 qui
1745 1446 1838 1479 simul

968 1488 1181 1526 administrat,
1206 1487 1403 1526 obtruditur,
1430 1486 1514 1520 solus
1532 1488 1583 1520 vel
1602 1487 1665 1520 sola
1682 1487 1838 1529 superstes

967 1531 1013 1563 est
1037 1532 1140 1564 socius
1165 1531 1216 1562 vel
1249 1529 1333 1562 socia
1362 1528 1575 1561 administrans
1609 1538 1671 1561 tam
1705 1539 1763 1571 pro
1785 1530 1836 1568 se,

967 1583 1058 1615 quain
1075 1583 1133 1613 pro
1151 1571 1314 1603 heredibus
1341 1570 1475 1614 primum
1498 1571 1638 1603 defuncti
1662 1570 1838 1613 Coniugis,

966 1613 1159 1647 administrat
1181 1622 1285 1645 autem
1313 1623 1370 1655 pro
1392 1611 1447 1644 suo
1472 1613 1560 1655 ipiius
1584 1613 1735 1651 arbitrio,
1757 1613 1839 1645 nulli

967 1657 1124 1688 rationum
1150 1655 1320 1687 redditioni
1349 1653 1523 1694 obnoxius,
1558 1654 1588 1686 &
1612 1654 1728 1696 absque
1749 1662 1839 1686 metu

966 1698 1139 1738 importuni
1156 1696 1254 1735 socii,
1279 1696 1331 1738 qui
1349 1705 1420 1727 euni
1439 1695 1560 1728 turbare
1575 1695 1676 1737 poffit.

1010 1740 1070 1773 Sed
1085 1739 1209 1781 preffius
1225 1747 1350 1779 agamus
1368 1738 1407 1769 de
1424 1736 1647 1770 hereditatibus
1666 1739 1696 1771 &
1714 1738 1839 1780 legatis,

967 1792 1038 1825 quae
1055 1780 1213 1821 superstiti
1236 1780 1423 1812 obveniunt.
1466 1777 1518 1810 De
1545 1779 1592 1810 his
1610 1779 1705 1812 etiam
1725 1780 1839 1822 quaeri-

968 1832 1021 1856 tur
1033 1848 1042 1864 ‚
1066 1822 1089 1855 s1
1110 1822 1294 1854 communio
1310 1821 1462 1854 bonorum
1477 1821 1680 1852 continuetur
1696 1821 1780 1853 inter
1800 1821 1839 1853 li-

966 1866 1059 1897 beros
1073 1865 1209 1906 primum
1225 1862 1366 1895 defuncti
1384 1863 1414 1894 ἃ
1430 1862 1608 1903 Coniugem
1628 1861 1838 1903 superstitem,

967 1907 1020 1940 sed
1035 1906 1129 1948 quia,
1153 1905 1300 1946 quicquid
1324 1905 1390 1945 ejus
1413 1904 1490 1945 juris
1508 1903 1571 1943 est,
1595 1913 1660 1935 non
1676 1903 1840 1936 descendit

967 1959 1007 1982 ex
1027 1948 1100 1989 Jure
1124 1946 1309 1984 communi,
1342 1953 1375 1977 at
1402 1955 1479 1977 vero
1502 1946 1556 1977 vel
1576 1954 1617 1977 ex
1636 1944 1760 1986 speciali
1781 1954 1839 1976 vo-

967 1991 1090 2023 luntate
1107 1987 1287 2020 alterutrius
1298 1987 1452 2029 Conjugis
1463 2011 1472 2027 ,
1498 1987 1551 2018 vel
1569 1996 1610 2019 ex
1626 1986 1764 2028 Legibus
1781 1995 1838 2028 pu-

967 2031 1128 2074 pillaribus
1143 2030 1332 2071 fingulorum
1346 2029 1488 2060 locorum
1499 2052 1509 2068 ,
1533 2027 1620 2060 hisce
1635 2028 1838 2060 excutiendis

968 2073 1069 2105 nolim
1086 2081 1136 2103 nie
1154 2069 1339 2103 immiscere.
1385 2069 1554 2102 Suffecerit
1571 2069 1713 2107 notass'e‚
1738 2069 1770 2100 in
1791 2068 1839 2102 so-

968 2115 1085 2146 cietate
1102 2113 1244 2144 omnium
1265 2111 1420 2144 bonorum
1441 2135 1450 2150 ,
1483 2120 1519 2144 ut
1535 2110 1579 2143 est
1598 2110 1731 2143 societas
1750 2109 1838 2142 Con-

967 2156 1078 2197 jugalis
1089 2179 1100 2194 ,
1128 2154 1164 2190 &²
1178 2154 1387 2192 hereditatem,
1413 2153 1450 2188 &⁹
1466 2153 1614 2195 legatum,
1648 2152 1683 2187 &²
1698 2152 1771 2193 quod
1788 2152 1838 2183 do-

968 2204 1070 2229 natum
1093 2194 1132 2237 est
1145 2218 1156 2234 ,
1190 2201 1242 2227 auc
1265 2204 1375 2236 quaque
1399 2196 1512 2226 racione
1539 2192 1732 2235 adquisitum,
1762 2202 1837 2224 conz-

968 2240 1100 2270 mimioni
1123 2238 1238 2279 acquiri·
1270 2238 1291 2268 l.
1314 2247 1345 2277 3.
1378 2235 1406 2277 ὃ.
1434 2245 1461 2268 1.
1485 2235 1527 2276 ff.
1556 2241 1609 2276 pro
1633 2235 1695 2265 Soc.
1720 2235 1750 2266 <Sc
1769 2234 1838 2266 nul-

968 2281 1029 2313 lam
1047 2280 1199 2311 rationein
1218 2278 1333 2317 esse,fi
1349 2287 1390 2309 ex
1409 2275 1738 2317 voluntateutriusque
1750 2274 1837 2306 Con-

967 2322 1050 2363 jugis
1066 2322 1119 2353 illa
1135 2319 1267 2352 societas
1289 2319 1516 2356 continuetur,
1540 2327 1596 2349 cui·
1610 2326 1675 2349 non
1692 2316 1723 2348 id
1737 2315 1839 2357 ipsum

969 2363 1111 2395 obtineat
1137 2360 1208 2403 post
1228 2368 1363 2393 mortem
1388 2360 1524 2401 primum
1546 2357 1712 2391 defunctiz
1745 2366 1837 2396 narn,

969 2404 1053 2445 quod
1071 2404 1186 2435 dicitur
1197 2425 1208 2441 ‚
1232 2402 1316 2434 illam
1333 2401 1588 2433 communionem
1605 2409 1668 2431 non
1684 2397 1746 2429 effe
1763 2406 1840 2438 poi·-

968 2445 1127 2486 rigendam
1155 2438 1193 2475 a‘d
1216 2443 1274 2474 alia
1300 2443 1381 2473 bona
1398 2464 1410 2480 ,
1440 2450 1532 2482 quam
1559 2450 1630 2481 quae
1654 2439 1838 2471 communia

968 2486 1098 2518 fuerunt
1115 2493 1258 2526 tempore
1276 2485 1408 2524 primum
1426 2482 1610 2519 morientis,
1634 2481 1682 2520 ὃς,
1705 2480 1743 2512 ad
1754 2479 1836 2511 suni-

969 2537 1073 2565 mum‚
1099 2527 1194 2558 etiam
1215 2525 1251 2556 ad
1271 2533 1379 2555 eorum
1395 2523 1520 2561 usuras,
1549 2522 1686 2560 fruetus,
1709 2522 1740 2553 ὅς
1756 2521 1838 2553 alios

967 2575 1155 2609 proventus,
1180 2567 1211 2598 id
1225 2575 1304 2606 vero
1320 2565 1438 2597 dicitur
1454 2564 1517 2597 fine
1536 2565 1599 2596 ulla
1621 2563 1809 2595 auum-itate
1825 2586 1837 2602 ,

969 2611 1035 2640 irno
1049 2617 1160 2640 contra
1177 2616 1317 2649 apertam
1333 2614 1470 2638 mentem
1485 2605 1622 2647 ipsorum
1644 2604 1836 2645 Conjugum,

969 2650 1022 2690 qui
1045 2660 1103 2690 pro
1138 2649 1256 2681 semiffe
1284 2649 1412 2680 heredes
1445 2647 1646 2680 instituerunt
1684 2652 1837 2686 cognatos

970 2691 1040 2724 suos
1066 2693 1099 2723 in
1123 2692 1186 2731 his,
1217 2701 1276 2732 qzcoe
1291 2689 1437 2731 stiperstes
1465 2688 1617 2720 relicturus
1641 2687 1723 2728 effer,
1745 2685 1835 2717 nullo

968 2733 1091 2765 scilicet
1108 2732 1309 2769 discrimine,
1331 2732 1412 2762 unde
1427 2740 1462 2761 ea
1478 2731 1560 2762 bona
1577 2729 1733 2759 venerint.

1008 2775 1144 2806 Ratione
1165 2781 1269 2805 autem
1293 2772 1323 2804 se
1349 2771 1541 2809 defendunt,
1574 2769 1594 2801 si
1612 2775 1769 2810 nequeant
1782 2777 1835 2801 au-

967 2816 1114 2848 ctoritate
1137 2815 1216 2855 Juris
1235 2837 1246 2853 ,
1278 2814 1419 2854 iniquum
1445 2812 1523 2849 rati,
1545 2810 1565 2842 fi
1585 2809 1752 2841 heredibus
1771 2809 1835 2850 pri-

967 2867 1052 2888 mum
1077 2856 1215 2888 defuncti
1241 2864 1300 2896 pro
1320 2853 1439 2886 semiss’e
1454 2853 1601 2885 cederent
1624 2851 1834 2889 hereditates,

967 2899 997 2931 &
1016 2899 1136 2940 legata,
1160 2907 1228 2938 quae
1250 2894 1405 2936 superstiti
1428 2895 1628 2926 obvenerunt
1643 2902 1660 2923 a
1677 2891 1834 2932 Cognatis

968 2941 998 2971 <Sc
1015 2940 1123 2971 amicis
1143 2938 1202 2970 suis
1215 2960 1225 2975 ,
1256 2937 1309 2968 vel
1331 2937 1416 2968 lucra
1429 2959 1439 2975 ‚
1464 2944 1534 2977 quae
1554 2932 1701 2974 superstes
1720 2933 1771 2965 sua
1785 2933 1835 2964 in-

967 2981 1083 3012 dustria
1097 2979 1282 3020 acquisivit,
1315 2976 1477 3019 postquam
1501 2984 1613 3016 nempe
1627 2975 1762 3016 primum
1779 2974 1833 3004 de-

966 3022 1093 3054 functus
1109 3020 1208 3058 nihil,
1229 3028 1417 3060 quocunque
1438 3017 1552 3055 titulo,
1576 3016 1709 3056 amplius
1725 3015 1832 3056 acqui-

968 3073 1036 3096 rere
1052 3070 1174 3104 poteiat
1183 3083 1194 3099 ,
1218 3061 1331 3091 habere
1353 3059 1436 3091 enim
1451 3058 1481 3089 id
1497 3057 1642 3090 nonnihil
1658 3057 1832 3089 leoninum.

969 3105 1029 3137 Sed
1053 3103 1128 3145 quid
1149 3102 1170 3134 fi
1193 3102 1327 3142 primum
1349 3099 1516 3131 defunctus
1539 3098 1639 3130 stante
1654 3097 1756 3130 adhuc
1770 3106 1834 3129 ma-

971 3144 1140 3182 trimonio,
1163 3140 1575 3182 coinmune'patrimonium
1601 3139 1698 3171 etiam
1712 3139 1834 3172 auxerit

970 3185 1192 3217 hereditatibus
1213 3185 1243 3216 δι’.
1266 3182 1402 3224 legatis?
1436 3182 1466 3214 &
1485 3181 1560 3224 quid
1579 3180 1602 3214 fi
1616 3180 1668 3213 sua
1684 3179 1836 3227 industria
1875 3195 1880 3198 ·

972 3229 1039 3269 plus
1060 3226 1225 3266 attulerit,
1248 3234 1344 3299 guiffa}
1358 3223 1428 3265 post
1443 3223 1529 3259 suum
1543 3222 1645 3258 fatum
1660 3222 1768 3256 attulit
1787 3220 1836 3251 su-

1363 3275 1381 3298 2
1769 3270 1839 3303 pet-
