2008 3436
240 103 682 151 OBSERVATIONUM
732 100 866 150 JURIS
919 99 1134 139 ROMANI
1183 99 1271 138 LIB.
1293 97 1344 139 V.
1396 102 1436 138 C.
1463 95 1561 139 XXI.

48 194 216 240 quomodo
240 193 349 227 efferas
369 206 386 223 υ
405 190 575 226 Graecum,
607 196 644 218 an
662 194 717 226 per
740 193 780 224 ο,
804 193 842 215 an
863 192 918 230 per

51 249 75 270 11
91 263 100 277 ‚
132 248 168 270 an
192 237 304 270 Latina
329 234 489 271 flexione,
521 228 667 271 gignend1
691 225 763 258 casu
780 250 789 265 ,
814 234 870 267 per
896 235 916 257 1.

52 280 106 313 Ne
123 280 218 319 igitur
234 279 264 310 in
283 277 329 309 his
346 276 503 307 tricemur.
833 311 838 316 .
890 310 896 315 .

96 313 244 362 Sequitur
264 319 294 351 in
319 318 345 360 §.
365 328 394 359 3.
423 313 477 356 Est
494 313 529 349 63⁹
549 312 717 344 Laodicena
740 310 859 341 Colonia
885 319 918 340 in

56 363 145 405 Syri'a
168 361 261 400 Cale,
281 370 326 392 cm
345 361 374 390 C.
389 358 511 389 Severus
520 355 580 396 Jus
589 353 726 386 Italicam
738 353 769 382 oh
789 351 858 382 belli
872 351 918 382 Ci-

54 405 126 436 vilis
145 405 248 434 merita
266 399 403 442 conrelfit.
450 396 530 428 Dua:
551 395 659 427 itidem
682 392 813 425 fuerunt
837 392 917 424 Lao-

53 446 174 484 diceae,
198 444 294 476 altera
314 437 349 474 in⁸
363 438 594 472 mediterraneis
608 436 724 479 Syri-le,
748 444 817 476 quae
836 435 920 466 Cabi-

51 487 101 530 osa
118 486 181 519 five
202 486 346 517 Laodice]-
365 484 401 513 acl
414 481 563 512 Libanum
582 485 717 509 vocatur
729 501 737 516 ‚
751 477 919 507 alteramu-

53 529 176 566 mima,
201 526 237 558 ad
253 527 418 558 Orontem.
465 521 638 561 Utramque
665 517 813 550 describit
838 516 918 549 Hol-

53 568 168 602 stenius
191 567 228 599 ad
253 566 446 608 Stephanum
471 562 503 594 in
530 565 690 600 mamm,
716 562 746 592 ὃ(
767 559 923 591 Relandus

54 612 87 644 in
103 608 260 651 Palaestina
274 631 283 646 ‚
301 607 395 639 variis
410 605 499 637 locis.
546 602 742 636 Maritimam
762 601 814 632 hic
831 600 922 632 intel-

53 652 108 694 ligi
136 652 218 683 recle
236 649 375 690 conjecit
403 644 596 679 Holstenius.
643 643 798 676 Laodicea
817 650 923 673 autem

54 692 171 726 dudum
188 701 261 724 ante
281 690 428 723 immunis
444 687 580 719 reddita:
601 686 639 718 de
658 685 715 716 hac
734 684 817 715 cuim
834 684 922 715 looui

53 734 180 767 videtur
200 733 361 775 Appianus
377 728 606 762 Alexandrinus
625 727 699 759 Bell.
714 726 806 757 Civil.
829 725 869 756 L.
882 711 921 756 V.

50 782 85 818 p.
105 785 145 807 m.
167 778 242 815 526.
288 773 429 805 Italicam
443 771 569 802 demum
585 768 666 800 fecit
687 768 820 800 Severus
840 768 868 798 ιί.
892 765 921 807 §.

57 827 88 850 2.
112 818 142 849 ἃ.
162 818 183 848 l.
201 820 231 850 8.
253 815 282 857 §.
305 825 336 857 3.
360 813 401 855 ff.
427 812 501 844 Eocl.
528 810 613 852 quod
635 808 738 841 rursus
759 817 921 850 argumen-

57 866 127 890 tum
154 858 273 899 praebet
294 881 302 896 ‚
337 854 480 896 quamvis
505 852 684 884 immunitas
707 850 779 890 Jurc
810 849 922 881 italico

58 899 157 932 fuerit
177 895 400 939 comprehensa
418 919 428 935 ,
452 895 504 936 Jus
527 901 628 924 tamen
656 891 803 936 Italicum
827 889 920 921 suill'e

58 940 205 983 pinguius
221 940 250 972 St
273 937 471 971 luculentius.
517 933 613 965 Addit
639 932 791 973 Ulpianus
806 955 815 970 ‚
841 930 922 977 Lao-

59 981 178 1013 dicenis
194 980 254 1012 csse
267 977 445 1012 concessum
464 976 516 1016 Jus
535 974 678 1006 Italicum
702 974 733 1003 ol)
760 973 829 1003 belli
848 973 922 1002 Civi-

60 1024 97 1054 lis
114 1023 238 1059 merita3
258 1020 332 1062 quid
352 1019 397 1050 illi
413 1015 631 1059 praestiterint,
657 1014 782 1055 illisque
806 1012 920 1044 benefi-

59 1065 101 1096 cii
127 1064 200 1095 loco
222 1061 393 1103 praestitum
419 1058 455 1091 iit
471 1081 481 1097 ‚
505 1066 545 1088 ex
567 1055 740 1088 Annalibus
764 1054 921 1086 Romano-

60 1114 129 1137 rum
144 1102 282 1136 recenset
299 1100 481 1134 Pancirolus
500 1099 529 1130 cl.
552 1097 592 1129 L.
607 1095 645 1128 11.
669 1097 701 1128 C.
724 1104 792 1136 152.
815 1096 844 1127 δε
859 1095 920 1126 Cu-

58 1145 155 1187 jacius
175 1145 204 1176 d.
236 1144 276 1176 L.
302 1142 346 1176 X.
373 1141 495 1182 Olglerv.
521 1140 552 1171 C.
574 1147 625 1180 35.
655 1147 696 1169 ex
717 1146 781 1179 quo
800 1136 918 1178 postre-

56 1195 130 1226 mo,
154 1184 205 1217 sed
222 1195 286 1217 non
302 1183 446 1222 laudato,
468 1189 576 1214 notam
591 1180 791 1222 marginalem
806 1177 919 1210 descri-

52 1226 115 1271 pfit
132 1225 361 1259 Gothofredus.

53 1307 61 1309 μ
97 1268 245 1310 Sequitur
266 1268 297 1300 in
320 1268 348 1300 ἀ.
371 1266 399 1309 §.
411 1276 439 1309 3.
465 1264 601 1298 Colonia
621 1260 863 1302 Ptolemensiam,
878 1260 920 1293 fic

54 1310 140 1342 enim
158 1309 303 1342 scribitur
319 1310 350 1341 in
366 1309 463 1342 Libro
483 1306 689 1345 Florentino,
714 1304 764 1336 sed
783 1314 800 1336 a
825 1302 921 1336 Ptole-

55 1353 131 1384 mais
152 1351 317 1383 videbatur
342 1349 536 1382 scribendum
563 1343 837 1385 Ptolemai'denfimn
852 1367 864 1385 ‚
885 1351 920 1377 ut

53 1390 112 1425 Ste
134 1392 230 1424 banus
253 1392 283 1424 ὅ(
309 1391 514 1432 Antiquiorcs
534 1390 629 1420 etiam
655 1388 819 1420 ediderunt
834 1411 844 1426 ‚
868 1386 920 1418 vel

54 1402 299 1473 Ptoffemoeenfiwn
307 1456 319 1472 ,
342 1443 376 1465 ut
391 1431 489 1463 edidit
505 1430 686 1462 Haloander
696 1454 707 1469 ‚
726 1438 860 1470 eumque
876 1427 919 1460 se-

55 1480 149 1507 cutus
167 1475 386 1508 Vintiimllius.
431 1471 589 1506 Laudatur
607 1471 637 1504 &
654 1471 776 1503 Fronto
788 1476 841 1511 pro
852 1469 920 1501 Pto-

55 1514 244 1555 lomaeenfibnr
272 1516 353 1558 apud
386 1515 568 1556 Scipionem
591 1511 756 1545 Gentilem
784 1511 855 1544 Lib.
877 1509 918 1553 Π.

56 1557 185 1600 Parerg.
215 1559 247 1591 C.
279 1569 307 1600 7.
362 1556 422 1589 Sed
450 1557 529 1587 lianc
552 1554 745 1598 lectionem·
780 1553 828 1595 bit
855 1552 919 1596 ipse

53 1596 150 1632 Liber
170 1609 190 1631 ο
214 1601 308 1633 timus
322 1621 334 1638 ,
366 1597 388 1630 fi
412 1597 566 1639 geminata
591 1596 683 1627 litera
706 1595 919 1627 enei-ibamus

53 1639 169 1681 ‚Ptolem
201 1639 309 1680 usiam,
331 1640 392 1671 hoc
409 1638 478 1677 est,
498 1636 738 1676 Ptolemeensinm
751 1659 762 1676 ‚
784 1644 819 1668 ut:
836 1637 919 1669 elem,-

47 1683 137 1724 ptffia
180 1693 216 1715 ro
235 1682 403 1723 eleernporia
424 1681 455 1712 in
477 1680 498 1713 l.
525 1684 574 1714 18.
598 1679 626 1722 §.
652 1689 700 1717 19.
718 1678 760 1721 ff.
788 1679 822 1710 ae
849 1677 920 1710 Ma

51 1733 116 1756 ner.
196 1726 292 1757 honor.
311 1734 325 1756 e
348 1724 379 1755 in
403 1720 642 1760 Ptoleineenfiwn
665 1730 724 1762 pro
747 1727 920 1759 ae,utmen-

43 1763 243 1807 ssscriptura‘
264 1764 437 1798 Florentiae
457 1764 488 1795 in
511 1762 699 1804 l.‘27.‘§.1.
717 1761 758 1804 ff.
779 1763 812 1793 de
834 1758 919 1793 Fart.

51 1805 84 1843 ἂ
105 1805 185 1842 save
199 1807 284 1840 alias.
330 1805 383 1839 De
408 1805 606 1837 Ptolemaide
646 1804 740 1836 rolixi
763 1803 919 1836 Relandus

51 1845 147 1894 ξαῐιι]
161 1848 216 1881 inoe'
236 1849 276 1881 L.
287 1846 344 1880 III.
367 1848 400 1880 in
422 1845 502 1879 Acco
515 1869 527 1886 ‚
547 1855 611 1888 quo
649 1843 740 1887 hujus
757 1844 852 1885 Urbis
866 1854 917 1885 an-

51 1884 177 1963 ἦῗὲωῐι
191 1899 307 1923 nomen
322 1889 397 1921 fuit.
470 1923 475 1929 .

60 1931 87 1976 ἶ,
107 1970 109 1973 ,
139 1931 179 1974 ¹§.
195 1931 218 1964 ’.
241 1939 434 1964 memoratur
451 1930 637 1972 Palmyrena
653 1927 780 1968 Civitas
793 1929 826 1962 in
842 1927 918 1961 Pro-

53 1973 158 2006 vmeia
187 1942 337 2011 {hoenice
351 1995 362 2011 ‚
382 1978 471 2013 prope
490 1973 629 2003 barbaras
645 1993 657 2010 ‚
685 1971 729 2002 ait
744 1970 918 2011 Ulpianus,

55 2013 170 2051 Gentes'
182 2014 219 2050 ὅ)
236 2014 384 2047 Nationes
400 2013 550 2045 collocata.
582 2010 733 2051 Constat,
766 2012 861 2043 etiam
878 2020 919 2042 ex

54 2052 159 2090 Plini'o
181 2054 222 2089 L.
243 2055 284 2099 V.
306 2052 420 2096 Historss
449 2055 562 2087 Natzir.
602 2056 634 2087 C.
660 2063 709 2094 25.
741 2052 920 2095 Palmyram

54 2094 148 2139 fuiss'e
162 2097 250 2130 fitam
269 2097 302 2129 in
317 2096 431 2129 finibus
448 2096 576 2138 Imperii
591 2095 744 2134 Romani,
766 2094 859 2136 idque
873 2095 918 2135 di-

54 2137 194 2174 stinxiss'e
219 2138 256 2170 ab
280 2137 416 2179 Imperio
440 2137 652 2177 Parthorum„
683 2135 798 2175 Hine.
830 2135 918 2175 Grae7

54 2188 168 2222 eorum
179 2179 452 2221 Romanorumque
464 2189 551 2211 more
562 2203 571 2219 ,
584 2185 671 2220 prope
688 2179 827 2210 barbaras
841 2179 919 2209 Gen-

53 2228 98 2256 tes
118 2219 155 2256 ὅ)
173 2219 330 2253 Nationes.
372 2219 512 2252 Insolens
534 2229 636 2261 tamen
662 2218 706 2259 est
730 2218 797 2251 haec
821 2220 917 2261 gerni-

51 2262 163 2303 natio‚
188 2261 298 2293 Gentes
314 2260 350 2297 ξεῖ
369 2261 523 2294 Nationes.
569 2262 655 2309 Quid
678 2261 699 2293 fi
725 2269 780 2302 per
810 2263 920 2292 Gentes·

51 2302 267 2344 intelligamus
281 2302 478 2335 obscuriores
493 2304 630 2335 extremi
659 2302 786 2343 Imperii
805 2303 918 2334 Rorna-

50 2345 86 2388 ιμ’
105 2353 138 2376 re
162 2345 268 2384 iones,
295 2354 365 2386 quae
384 2343 414 2376 in
436 2343 614 2377 Provinciae
632 2343 772 2385 fprmam,
787 2344 917 2383 redaClae

51 2394 117 2421 non
129 2385 133 2388 “
146 2384 223 2424 ιιῃὶ,
246 2394 302 2428 per
319 2384 467 2429 Nationes
480 2396 566 2426 vero,
590 2384 739 2428 quicquid
755 2393 845 2424 extra
856 2385 916 2417 Im-

50 2428 172 2471 perium
190 2425 368 2459 Romanum
386 2426 440 2459 est.
486 2427 535 2460 Ita
554 2427 624 2460 sane
644 2427 754 2458 Gentes
769 2427 917 2460 videntur

51 2465 214 2512 appellatae
238 2468 314 2501 in'l.
335 2468 389 2500 ult.
413 2469 445 2501 C.
474 2470 508 2501 de
534 2468 620 2510 Offic.
650 2466 795 2510 Magistr.
826 2469 916 2501 milit.

49 2520 126 2553 quas
138 2518 211 2542 cum
227 2509 288 2542 suis
305 2508 452 2553 Ducibus
468 2511 624 2553 Magistro
643 2510 781 2542 militum
792 2520 847 2552 per
857 2510 915 2542 Ar-

50 2551 185 2585 meniana
212 2551 338 2593 subjicit
359 2551 559 2593 justinianus.
604 2551 719 2594 Neque
748 2551 802 2583 alii
829 2551 917 2592 forte

52 2588 127 2626 sunt
149 2593 272 2625 iveni-aa
293 2590 315 2621 ἕν’
334 2591 421 2634 huin,
449 2595 590 2626 Gentium
601 2593 700 2626 Duces
719 2593 753 2625 in
774 2593 855 2634 l.25.
872 2593 918 2635 ff}

48 2636 84 2674 de
102 2633 302 2676 Appellation.
340 2634 446 2678 Atque
463 2635 508 2667 ita
525 2635 594 2668 fere
612 2634 761 2676 Cujacius
778 2635 918 2676 explicat

50 2676 227 2710 Barbaricas
255 2677 365 2707 Gentes
387 2675 419 2709 in
436 2679 563 2719 prooem.
587 2674 688 2717 Instit.
716 2676 807 2717 Notis
821 2678 920 2717 prior.

49 2715 117 2751 Aut
128 2717 200 2749 haec
217 2716 262 2749 est
277 2717 440 2764 utriusque
457 2719 550 2751 vocis
567 2717 763 2758 differentia,
784 2725 918 2759 authquae

49 2757 106 2798 fit,
127 2757 232 2791 fateor
249 2768 300 2790 me
312 2757 440 2797 nescire.

92 2799 269 2847 Palmyram
283 2799 448 2843 excipiunt
468 2801 538 2834 duae
558 2802 706 2835 Coloniae
730 2802 762 2834 in
780 2800 916 2841 Palaesti-

50 2850 111 2879 na,
137 2839 313 2881 chlarwnfi-s·
332 2841 362 2873 ἂ
378 2839 473 2888 ᾸἘΖία
497 2845 538 2876 Ca
559 2845 666 2884 itolina
686 2845 720 2876 in
743 2842 772 2886 §.
787 2846 820 2875 6.
845 2846 874 2876 cl.
895 2844 919 2876 l.

54 2893 84 2916 1.
129 2880 181 2913 De
199 2888 328 2923 utraque
345 2881 424 2925 ahi,
478 2895 519 2917 uo
565 2885 639 2918 satis
660 2886 706 2918 est
719 2909 732 2925 ,
755 2886 914 2918 dixerunt.

52 2923 103 2960 Ab
123 2921 211 2954 AElia
234 2922 449 2966 Capitolinadi
483 2927 493 2959 i
519 2927 715 2970 Capitulenses
737 2927 769 2960 in
790 2928 812 2958 l.
832 2925 869 2962 8.
886 2927 927 2968 §..

52 2974 84 3006 7,.
108 2963 184 3007 Eod.
217 2963 450 3011 quam-noeern
472 2972 512 3010 pe
550 2972 634 3008 eram
653 2970 686 3001 in
712 2969 917 3011 Capitolienjes

51 3012 155 3038 mutat
182 3003 368 3037 Holstemus
390 3007 428 3046 ad
450 3009 526 3051 Step
566 3019 641 3042 num
668 3010 701 3042 in
725 3013 888 3040 Rumam„
906 3032 925 3050 ‚s

51 3052 147 3089 atque
166 3045 188 3078 fi
210 3045 413 3090 Capitolienses
425 3048 603 3082 dicerentur
625 3051 664 3083 ab
685 3047 773 3084 Urbe
804 3048 928 3093 Capito?

53 3089 128 3126 lias,
170 3087 240 3133 uam
255 3082 303 3131 ibi
316 3084 466 3132 describit
517 3092 547 3124 &
568 3091 726 3132 Relandus
752 3093 917 3135 Pataestinae

52 3129 96 3162 L.
116 3128 147 3161 ΙΙ
165 3153 174 3161 .
199 3137 232 3174 in
247 3126 425 3175 Capitolini.
465 3168 468 3172 ,
497 3140 510 3164 t
534 3142 621 3166 vero·
636 3133 816 3175 Capitolias
831 3159 841 3176 ‚
881 3143 920 3175 ut>

51 3178 188 3212 uterque
211 3169 326 3203 ibidem
346 3168 463 3214 probat
478 3197 492 3214 ,
516 3173 580 3206 fuit
602 3169 726 3207 Civitas
749 3180 918 3216 ιιι-όωμῶα,

51 3211 138 3263 quod
152 3211 225 3254 plus
240 3211 335 3246 etiarn
355 3211 433 3255 effiv
444 3220 538 3256 quam
557 3215 618 3250 ess'e
635 3215 716 3257 Juris
733 3215 836 3250 Italici
851 3227 863 3259 3
888 3213 929 3250 δι’

1763 107 1832 149 171

961 180 1179 224 Capitulenses
1203 181 1316 213 similes
1350 180 1589 215 Ctesarienfibus
1604 207 1614 222 ,
1649 181 1702 225 qui
1726 181 1836 224 nequi-

961 224 1032 256 dem
1049 224 1131 265 juris
1156 223 1260 254 italici
1284 221 1415 253 fuerunt
1433 246 1442 261 ‚
1476 232 1511 255 ut
1540 233 1575 256 ut
1597 225 1668 266 ipsis
1691 223 1837 256 concess'a

962 265 1060 297 fucrit
1079 265 1282 302 immunitas;
1308 264 1445 304 primum
1465 266 1598 306 capitis,
1623 267 1736 298 deinde
1753 265 1836 303 soli,

961 317 997 339 ut
1016 306 1061 339 est
1081 307 1112 339 in
1134 307 1163 339 l).
1186 306 1215 348 ἓ.
1237 310 1269 337 6.
1292 307 1321 336 δᾴ
1346 305 1375 336 in
1400 306 1428 337 cl.
1451 306 1472 337 l.
1496 313 1526 341 8.
1546 306 1576 349 §.
1600 317 1628 348 7.
1675 306 1835 355 Quemad-

961 350 1090 381 modum
1106 347 1279 380 Caesaream
1302 348 1332 378 ὅτ.
1350 347 1465 379 aeliam
1482 347 1697 390 Capitolinam
1715 366 1725 388 ‚-
1750 346 1840 389 quod

960 391 998 423 ad
1016 391 1069 432 Jus
1084 390 1229 422 italicum
1243 413 1252 430 ‚
1278 388 1361 431 quod
1379 398 1443 420 non
1466 389 1620 422 habebant
1636 413 1645 429 ‚
1669 388 1838 430 conjungit

962 433 1118 470 Ulpianus
1140 433 1172 464 in
1192 432 1221 464 h.
1244 431 1272 473 §.
1293 434 1324 462 6.
1346 430 1388 462 fic
1402 454 1411 469 ,
1437 431 1521 472 quod
1540 433 1577 463 ad
1602 431 1838 463 immunitatem

963 475 1076 516 capitis
1091 475 1120 506 ἃ
1141 473 1217 513 soli,
1243 471 1449 505 Caelhricnses
1474 474 1504 505 ἃ
1523 471 1741 515 Capitulenses
1761 471 1839 503 Pau-

963 517 1012 550 lus
1025 517 1055 548 in
1064 517 1092 547 d.
1105 516 1126 548 l.
1137 521 1166 551 8.
1175 515 1203 557 §.
1213 526 1241 557 7.
1254 522 1351 556 utque
1361 514 1440 546 adeo
1450 514 1492 545 ibi
1504 515 1584 547 nihil
1594 514 1778 546 mutandum
1787 512 1836 544 sit.

1007 558 1153 590 'l‘antlem
1177 557 1329 599 Ulpianus
1353 556 1384 587 in
1407 557 1436 587 d.
1463 556 1484 588 l.
1509 566 1535 588 1.
1566 556 1596 598 §.
1626 556 1681 588 ult.
1727 553 1783 596 Est
1806 554 1838 586 &

965 603 998 632 in
1021 600 1128 632 Cilicia
1146 599 1262 630 Salinas
1286 597 1322 633 ὃ*
1342 597 1554 641 Trajanopolis.
1600 596 1839 631 Selinuntem&

965 641 1209 683 Trajanopolim
1228 640 1356 672 eandem
1377 640 1485 671 urbem
1506 639 1586 679 effe,
1610 639 1712 672 veteri
1735 637 1839 670 nomi-

966 694 1005 716 ne
1028 685 1059 715 in
1076 692 1196 714 novum
1215 690 1340 714 mutato
1355 703 1365 720 ‚
1388 681 1538 723 probavit
1554 681 1704 722 Cujacius
1725 680 1766 713 L.
1792 679 1839 712 X.

969 725 1092 767 Olsserv.
1119 725 1152 756 C.
1172 733 1223 766 35.
1249 723 1474 755 &Pauca-olus
1496 723 1588 756 L.II.
1613 720 1838 755 Variam-‚Lea

969 769 1001 799 C.
1028 776 1096 808 152.
1129 774 1260 806 uterque
1287 765 1407 806 mugnis
1432 765 1673 797 austeritatibus
1691 787 1702 803 ‚
1726 764 1840 805 quibus

966 809 1075 840 lubens
1089 806 1230 848 adsurgo,
1276 805 1433 838 Mendosa
1449 807 1547 848 igitur
1566 806 1732 839 videbatur
1747 805 1841 846 hujus

965 849 994 890 ἓ.
1015 849 1127 881 lectio:
1153 857 1223 880 nam
1239 856 1334 889 grave
1352 846 1398 880 cst
1413 872 1423 887 ‚
1449 848 1513 879 huc
1535 847 1704 881 transferre
1717 872 1727 888 ‚
1753 847 1842 889 quod

966 891 1010 921 ait
1027 890 1141 922 Paulus
1156 890 1188 921 in
1211 889 1231 921 l.
1250 898 1304 930 53.
1330 895 1379 930 pr.
1395 889 1437 931 ff.
1467 891 1500 921 cle
1525 891 1568 923 V.
1594 891 1625 922 S.
1654 889 1734 922 saere
1761 899 1840 921 con-

964 932 1069 972 juncta
1083 940 1142 972 pro
1157 930 1320 970 disjunCtis
1337 932 1456 972 accipi,
1483 931 1513 963 δέ
1528 940 1650 964 contra.
1719 931 1841 971 ujacius

968 973 1104 1014 Ulpiano
1127 972 1207 1004 nihil
1232 971 1302 1013 opis
1327 973 1439 1004 attulit
1455 995 1466 1011 ‚
1490 981 1521 1004 at
1541 973 1726 1005 Pancirolus
1740 973 1840 1014 legit:

967 1014 1104 1052 Selinus,
1124 1023 1202 1044 nnnc
1224 1013 1445 1054 Trajanopolis,
1464 1015 1516 1045 vel
1542 1016 1658 1047 Selinus
1670 1014 1735 1088 s(en
1766 1015 1840 1046 Tra-

959 1056 1114 1099 jcznopolii·.
1160 1054 1196 1087 In
1218 1054 1426 1096 posteriorem
1456 1055 1624 1088 lectionem
1649 1066 1667 1087 e
1694 1066 1744 1088 em
1767 1065 1841 1098 pro-

963 1097 1082 1129 clivior
1098 1120 1108 1136 ‚
1144 1096 1281 1138 repetita
1305 1096 1397 1128 litera
1420 1107 1433 1127 s
1456 1106 1497 1128 ex
1519 1107 1603 1129 voce
1624 1097 1814 1138 praecedenti
1828 1122 1839 1137 ‚

962 1137 1018 1170 nisi
1036 1147 1094 1180 pro
1119 1138 1155 1173 ὅ)
1177 1138 1268 1169 malit
1288 1138 1359 1178 quis
1378 1137 1549 1170 rescribere
1571 1145 1634 1170 ant.
1679 1139 1839 1179 Adjeftio-

965 1189 1004 1212 ne
1021 1188 1127 1211 autem
1159 1180 1270 1211 Ciliciae
1299 1178 1452 1220 Ulpianus
1480 1180 1560 1212 hanc
1579 1180 1776 1213 Selinuntem
1795 1181 1841 1212 di-

965 1221 1076 1254 stinxit
1104 1231 1121 1252 a
1142 1221 1250 1253 Sicula
1268 1245 1277 1260 ‚
1309 1230 1380 1253 nam
1404 1221 1434 1253 ὃς
1460 1221 1492 1254 in
1508 1221 1617 1254 Sicilia
1634 1220 1680 1254 est
1698 1221 1840 1264 quaedam

964 1264 1098 1296 Selinus.
1144 1261 1238 1295 Unde
1252 1261 1408 1305 Vulgata,
1456 1273 1526 1296 uam
1550 1262 1692 1305 sequitur
1718 1263 1840 1296 Rober-

965 1313 1016 1338 tus
1039 1304 1215 1346 Stephanus
1230 1328 1240 1344 ‚
1264 1304 1406 1346 itemque
1459 1305 1602 1348 regorius
1627 1304 1814 1337 Haloander
1828 1329 1842 1346 ,

964 1347 1047 1391 in-h.
1068 1346 1098 1388 §.
1122 1339 1177 1378 ult.
1201 1346 1296 1378 habet
1318 1347 1352 1378 in
1373 1347 1491 1379 Sicilia.
1545 1347 1566 1378 ·i
1586 1347 1686 1389 proba
1703 1346 1781 1379 effet
1803 1356 1842 1379 ea.

956 1390 1082 1430 v-lettio,
1117 1389 1232 1430 absque
1249 1388 1314 1420 ulla
1335 1389 1514 1421 mutatione
1537 1389 1583 1420 ita
1606 1388 1744 1430 intelligi
1770 1397 1843 1430 pos-

965 1430 1011 1463 set
1028 1430 1208 1472 Ulpianus,v
1226 1438 1262 1461 ut
1278 1438 1411 1472 utraque
1431 1430 1556 1463 Selinus
1580 1430 1679 1463 fuerit
1701 1431 1843 1472 eJusdem

961 1473 1044 1514 Juris
1060 1471 1217 1511 Colonia,
1244 1480 1307 1504 tam
1323 1467 1447 1515 Sicula,
1493 1482 1542 1504 uae
1557 1471 1742 1513 simpliciter
1756 1472 1842 1504 dice-

961 1523 1050 1547 retur
1069 1513 1203 1552 Salinas?⁹
1223 1523 1316 1554 quam
1334 1523 1403 1555 quae
1416 1513 1449 1545 in
1460 1482 1575 1546 &licia
1593 1512 1657 1554 est,
1681 1523 1770 1546 novo
1780 1523 1839 1546 no-

958 1557 1060 1593 mine.
1077 1555 1129 1587 hic
1153 1554 1236 1587 dieta
1266 1554 1487 1598 Trajanopolis,
1518 1556 1584 1589 five
1600 1579 1610 1595 ‚
1649 1562 1686 1587 ut
1710 1554 1841 1588 Floren-

963 1598 1016 1630 tiae
1040 1597 1087 1630 est
1101 1621 1112 1637 ,
1156 1595 1388 1638 Trahianopolis.
1434 1597 1496 1629 Sed
1522 1596 1741 1630 Florentinam
1764 1595 1840 1629 scri-

950 1649 1115 1682 pturam,
1152 1640 1185 1670 in
1219 1638 1348 1678 Cilicia,
1384 1638 1468 1672 reae
1502 1646 1611 1672 tuetur
1646 1637 1843 1681 Augustinus

963 1681 1006 1714 L.
1029 1681 1086 1713 111.
1109 1681 1269 1712 Emendat.
1306 1680 1339 1711 C.
1361 1690 1394 1718 9.
1422 1680 1452 1713 δί
1478 1679 1603 1722 plenius
1622 1680 1772 1720 Cujacius
1795 1680 1842 1713 L.

957 1722 1108 1762 XXVII.
1144 1720 1268 1764 Observ.
1293 1722 1327 1754 C.
1355 1733 1386 1764 3.
1415 1731 1546 1763 eamque
1563 1720 1675 1764 &ipse
1692 1722 1842 1754 tuendam

961 1775 1055 1805 reor,
1080 1774 1145 1798 non
1166 1773 1202 1795 ea
1219 1772 1343 1803 tantum
1363 1763 1505 1803 ratione,
1531 1763 1618 1805 quod
1643 1772 1684 1794 ex
1699 1762 1842 1805 Geogra-

960 1807 1033 1849 plns
1049 1805 1174 1845 constet
1186 1829 1195 1845 ‚
1221 1804 1314 1847 fuisse
1331 1805 1361 1837 ὃς
1379 1805 1577 1838 Selinuntem
1595 1805 1627 1837 in
1640 1804 1773 1844 Cilicia,
1784 1814 1840 1836 ve-

961 1858 1033 1880 rum
1053 1848 1141 1889 quod
1167 1847 1282 1880 Siculae
1307 1846 1403 1879 Urbis
1426 1847 1548 1878 mentio
1574 1846 1669 1879 valde
1693 1846 1746 1879 hie
1762 1845 1844 1879 esset:

961 1889 1185 1931 inexspectata.
1231 1889 1403 1920 Enumerat
1427 1888 1584 1929 Ulpianus
1609 1887 1712 1920 Urbes
1731 1911 1742 1928 ‚
1767 1893 1842 1929 quae

961 1932 1045 1972 Juris
1072 1931 1177 1963 Italici
1204 1929 1276 1962 sunt
1294 1952 1305 1968 ‚
1334 1930 1367 1961 in
1399 1929 1428 1971 §.
1452 1934 1483 1964 8.
1505 1940 1536 1967 9.
1563 1939 1612 1961 10.
1632 1928 1669 1965 ἐξ
1692 1938 1742 1962 11.
1765 1930 1794 1962 d.
1815 1930 1840 1964 l.

963 1973 1083 2005 Urbem
1101 1981 1179 2013 vero
1196 1970 1335 2004 Siculam
1350 1971 1487 2013 aliquam
1503 1971 1679 2003 enumerari
1694 1981 1760 2004 non
1775 1971 1843 2013 pla-

963 2022 1015 2046 cet
1035 2015 1132 2056 magis
1145 2038 1154 2053 ,
1180 2022 1274 2055 quam
1292 2012 1433 2054 Capuam
1450 2013 1504 2045 vel
1527 2012 1689 2054 Neapolin
1706 2036 1716 2053 ,
1742 2022 1843 2054 quum

964 2057 994 2088 ἀ
1020 2056 1129 2088 Sicilia
1151 2053 1252 2086 fuerit
1275 2064 1345 2096 pars
1368 2055 1461 2096 ipiius
1485 2054 1605 2094 Italiae,
1631 2061 1667 2085 ut
1683 2055 1766 2086 idem
1781 2054 1841 2087 Ul-

963 2098 1074 2139 pianus
1094 2096 1204 2129 austor
1223 2094 1316 2137 estin
1339 2096 1359 2128 l.
1381 2105 1433 2134 99.
1455 2095 1484 2138 §.
1510 2106 1538 2129 1.
1554 2095 1596 2138 ff.
1616 2097 1649 2128 cle
1674 2096 1718 2129 V.
1742 2097 1775 2129 S.

1006 2139 1163 2172 Praeterea
1182 2138 1318 2180 gaudent
1333 2138 1406 2179 Jure
1422 2137 1536 2170 Italico
1561 2139 1649 2178 τξωὰς
1667 2161 1678 2177 ,
1700 2142 1844 2178 Βηςυτῴ,

963 2182 1107 2221 ρυῤῥᾴχωυ
1128 2204 1138 2219 ,
1175 2182 1218 2212 fic
1240 2179 1325 2211 enim
1352 2178 1451 2211 refert
1476 2178 1575 2221 Gajus
1598 2180 1631 2212 in
1654 2181 1675 2212 l.
1697 2190 1727 2221 7.
1742 2179 1784 2222 ff.
1805 2181 1842 2214 de

965 2222 1076 2262 Censt'o.
1121 2220 1318 2261 DeTroade
1336 2221 1367 2252 id
1389 2219 1490 2262 ipsum
1510 2221 1641 2254 testatur
1666 2221 1781 2254 Paulus
1806 2221 1840 2255 in

962 2266 983 2297 l.
1002 2270 1032 2299 8.
1056 2264 1085 2306 §.
1107 2275 1138 2303 9.
1155 2263 1198 2305 ff.
1219 2263 1279 2294 eoa.
1324 2262 1431 2294 Troas
1452 2273 1537 2295 nunc
1559 2262 1604 2295 est
1630 2263 1718 2305 regio
1738 2262 1839 2306 Phry-

961 2307 1020 2349 giae
1031 2330 1042 2346 ,
1061 2305 1179 2340 Helles
1197 2311 1277 2336 onto
1294 2304 1400 2336 vicina
1407 2303 1493 2346 ‚ipsa
1510 2304 1594 2336 Urbs
1610 2303 1838 2343 Ilium‚Troa-

960 2349 1008 2386 dis
1022 2357 1127 2390 caput.
1172 2315 1302 2392 ilienses
1321 2355 1385 2377 non
1401 2353 1525 2382 tantum
1543 2346 1616 2387 Jure
1633 2345 1749 2378 Italico
1767 2346 1840 2378 bea-

961 2391 984 2422 ti
1004 2414 1013 2430 ‚
1039 2389 1091 2422 sed
1113 2390 1143 2422 &
1165 2388 1234 2421 aliis
1255 2387 1431 2429 privilegiis
1448 2410 1458 2427 ,
1485 2397 1575 2428 quae,
1609 2391 1645 2418 ut
1671 2388 1702 2420 &
1725 2396 1839 2425 eorum

961 2430 1084 2471 causam
1102 2455 1112 2471 ‚
1154 2430 1286 2472 ¹prolixe
1318 2436 1441 2460 enarrat
1467 2428 1663 2461 Theodorus
1694 2429 1838 2472 Ryckius

960 2473 1171 2515 Diſjertatione
1188 2472 1221 2509 de
1235 2471 1344 2512 primis
1365 2469 1462 2502 Italiae
1482 2471 1589 2502 colonis
1607 2470 1643 2506 fif?
1659 2470 1764 2503 AEnece
1781 2471 1835 2502 ad·

959 2521 1052 2546 ventu
1076 2515 1108 2546 C.
1131 2513 1172 2546 ΙΙ.
1192 2523 1223 2544 n.
1245 2523 1296 2553 27.
1320 2511 1356 2547 ὅ)
1372 2512 1455 2554 seqq.
1499 2513 1654 2555 Berytum
1674 2511 1836 2553 Jurisltar

959 2557 1015 2594 lici
1031 2555 1143 2596 fuisse,
1167 2554 1323 2596 affirmant
1343 2562 1470 2595 quoque
1489 2554 1645 2595 Ulpianus
1666 2555 1697 2585 dc
1711 2545 1839 2592 Paulus,

960 2598 1016 2629 ille
1032 2597 1074 2637 ing
1088 2598 1109 2630 l.
1135 2602 1164 2630 1'.
1186 2594 1216 2638 ὃ.
1242 2605 1269 2628 1.
1291 2595 1343 2627 hic
1360 2595 1391 2627 in
1412 2596 1433 2627 l.
1457 2600 1487 2630 8.
1504 2594 1534 2638 §.
1555 2607 1587 2638 3.
1603 2594 1646 2637 ff.
1665 2596 1700 2626 cle
1722 2592 1835 2633 Cenfib.

960 2635 1037 2680 Ejus
1055 2640 1085 2672 ἀ
1100 2636 1175 2680 alias
1189 2640 1222 2679 in
1235 2638 1309 2678 jure
1323 2636 1361 2669 fit
1379 2638 1511 2669 mentio.

968 2711 977 2715 -
1003 2680 1118 2713 Paulus
1136 2681 1169 2712 in
1189 2680 1265 2720 l.*8.
1282 2685 1332 2720 pr.
1346 2678 1389 2720 ff.
1412 2680 1445 2710 cle
1470 2678 1580 2718 Cenfib.
1612 2677 1666 2719 Jus
1685 2676 1835 2710 Italicum

961 2731 1087 2764 quoque
1105 2721 1218 2754 tribuit
1240 2720 1417 2754 Valentinis
1435 2720 1471 2755 ἑὸ)
1486 2721 1651 2752 Licitanis.
1676 2718 1762 2765 Quia
1779 2717 1834 2750 Li-

960 2765 1058 2805 citani
1078 2763 1256 2803 Valentinis
1268 2762 1449 2804 junguntur
1462 2785 1473 2801 ‚
1498 2760 1667 2792 verisimile
1689 2759 1735 2791 est
1748 2783 1759 2799 ,
1783 2759 1837 2793 Li-

960 2806 1084 2837 citanos
1097 2805 1193 2836 etiam
1219 2801 1404 2845 Hispaniam
1422 2801 1595 2841 habitasse:
1622 2801 1654 2832 in
1677 2801 1779 2833 varias
1803 2810 1837 2832 e·

960 2847 1028 2879 nim
1044 2845 1169 2886 Gentes
1186 2844 1339 2886 Hispania
1353 2844 1383 2875 ὃς
1402 2843 1480 2874 olim
1496 2841 1595 2874 divisa
1609 2841 1681 2878 ,fuit
1698 2865 1708 2882 ,
1733 2842 1764 2874 &
1787 2849 1835 2874 et-

959 2888 1022 2920 iam
1036 2893 1120 2919 nunc
1137 2885 1238 2923 divisa
1254 2885 1308 2917 est.
1354 2884 1414 2916 Sed
1431 2884 1571 2916 Licitani
1590 2884 1667 2915 nulli
1686 2894 1705 2914 a
1730 2894 1774 2915 me
1791 2894 1837 2915 re-

955 2924 1135 2970 periantur,
1161 2928 1266 2968 inquit
1290 2921 1476 2957 pancirolus
1499 2925 1541 2957 L.
1564 2924 1605 2956 II.
1639 2925 1718 2957 Var.
1746 2924 1833 2957 Lea.

963 2971 996 3004 C.
1020 2980 1090 3012 153.
1136 2968 1236 3009 Atqui
1263 2966 1430 3004 Licitani,
1459 2966 1492 2998 in
1509 2965 1660 3008 Hispania
1679 2990 1691 3006 ‚
1715 2975 1837 2998 memo-

960 3019 1072 3043 rantur
1087 3011 1120 3042 in
1137 3007 1331 3050 statua‘apud
1347 3006 1521 3039 Gruterum
1540 3013 1573 3048 p.
1589 3017 1665 3048 421.
1685 3017 1758 3049 n.7.
1777 3008 1835 3041 At-

962 3061 1067 3083 tamen
1095 3051 1126 3083 &
1153 3051 1191 3091 ab
1207 3050 1277 3083 aliis
1301 3047 1415 3081 frustra
1430 3048 1578 3090 quaesitos
1602 3048 1664 3080 effe
1684 3048 1840 3091 fignificat:

961 3093 1135 3133 leffionum
1151 3093 1182 3124 &
1204 3089 1462 3126 emendationum
1478 3113 1489 3130 ,
1513 3100 1585 3132 quae
1606 3090 1658 3122 hic
1682 3091 1836 3124 exhiben-

961 3142 1033 3172 tur,
1058 3133 1183 3176 grandis
1202 3133 1305 3173 copia.
1337 3131 1455 3164 Laelius
1471 3131 1655 3164 Taurellius
1671 3131 1753 3174 apud
1772 3132 1855 3167 Au-,

961 3172 1121 3217 gustinum
1151 3174 1193 3207 L.
1213 3174 1277 3213 111..
1299 3171 1460 3212 Emendat.
1493 3174 1526 3205 C.
1547 3183 1578 3211 9.
1609 3183 1668 3215 pro
1695 3173 1837 3206 Licitani

961 3214 1113 3292 rescribi}
1126 3215 1275 3251 Illicitani
1291 3238 1304 3258 ‚
1339 3213 1396 3250 etfi
1417 3214 1590 3251 Florentiae
1613 3214 1676 3250 esse
1693 3215 1841 3292 videZtnr

1138 3269 1156 3294 2
1788 3266 1843 3290 ict-
