2008 3436
217 94 508 146 QuAEsm

28 187 92 223 te,
119 182 175 215 *vel
199 182 459 224 exsequutionem
487 178 664 212 testamenti
685 201 695 218 ‚
714 178 760 226 ¹&
786 178 806 210 fi
831 189 902 220 quae

29 223 104 260 sunt
118 224 281 265 ejusmodi.
327 222 447 256 Rursus
472 223 527 255 alii
549 221 630 262 (5),
655 220 693 251 de
711 229 779 260 Jure
797 220 901 260 dubii,

29 277 70 299 ex
95 266 272 298 Doctorum
296 264 502 304 opinionibus
530 263 637 295 saltem
653 284 663 299 ,
701 262 802 303 legata
820 286 828 300 ,
858 263 903 294 ita

31 308 122 347 data,
147 307 253 338 deberi
280 314 408 347 putant,
434 306 464 338 ὃς
490 305 531 337 fic
552 304 591 336 ab
609 311 741 344 utraque
766 303 901 336 Hollan-

32 350 94 382 diae
118 348 213 381 Curia
235 348 410 389 judicatum
434 346 598 384 referunt,
622 345 718 376 etiam
744 355 794 378 21.
819 344 900 378 Dec.

34 394 101 424 166³
119 416 126 422 .
158 399 217 422 ricc
242 389 282 420 de
307 389 418 430 legatis
443 389 522 420 alius
540 386 614 429 (6)
631 385 764 418 dubitat.
813 387 901 419 Unus

30 431 77 464 est
95 400 173 473 37),
198 431 249 473 qui
271 440 399 472 propter
415 429 566 463 lubricam
591 427 721 469 privatae
738 427 899 469 scripturae

29 474 124 506 fidem
139 473 217 505 nihil
239 474 393 505 tribueret
414 469 591 508 Clausulae,
615 469 654 501 de
677 479 737 510 qua
758 471 900 513 agimus,

28 515 85 548 niti
111 515 143 547 in
171 515 316 547 tenuibus
341 512 529 555 quibusdam¹
551 511 661 552 legatis
685 512 716 544 in
740 513 813 553 pios
832 511 902 555 ullis

28 565 86 589 aut
105 566 147 588 ex
166 554 442 588 commiseratione
466 553 584 585 relictis
599 575 610 592 ‚
635 551 685 585 sed
708 554 775 594 eius
794 553 900 586 distin-

30 599 145 630 {tionis
163 598 377 630 auctoritatem
398 595 556 634 desidero,
580 605 681 637 neque
701 596 785 628 enim
806 596 899 628 ullam

28 641 183 673 rationem
209 639 302 670 babet
318 662 327 677 ,
349 646 422 669 cum
446 637 486 668 de
511 636 665 678 scriptura
689 646 836 679 agamus,
861 637 900 668 de

29 684 92 723 qim
117 679 241 712 constat
265 679 406 718 abunde,
431 679 461 711 δε
487 678 507 711 fi
528 688 593 711 non
612 678 758 719 constet,
790 679 900 720 utique

27 721 264 755 commiseratio
288 730 352 753 non
381 721 517 762 patiatur
536 743 546 758 ,
581 729 616 752 ut
642 721 673 752 in
702 730 873 762 pauperum
889 742 901 759 ,

29 774 122 806 quam
145 765 176 795 in
197 763 334 795 divitum
355 761 452 794 causis
475 763 574 802 major
600 761 765 803 scripturae
790 761 900 793 habea-

29 814 82 838 tur
98 806 194 838 ratio.
239 804 346 846 thue
364 804 446 836 inter
456 804 557 845 legata
573 804 691 844 majora
708 804 760 836 vel
779 804 900 835 minora

26 857 94 880 non
109 845 306 888 distinguunt
325 845 480 878 Auum-es
490 870 498 882 ,
512 855 593 887 quos
607 845 704 878 modo
719 845 878 878 laudabam
889 867 899 884 ‚

29 889 92 928 fic,
117 889 200 930 quod
225 888 262 919 ad
287 886 395 925 usum,
417 896 474 919 nec
490 887 521 919 S.
541 897 600 919 van
619 887 775 919 Lecuwen
796 882 901 918 distin-

29 931 100 972 guin
128 929 254 971 Censttriz
279 929 343 961 For.
369 929 456 961 Part.
474 927 499 961 Ι.
527 928 568 961 L.
587 927 651 962 III.
676 929 708 961 C.
733 938 781 960 12.
804 938 836 960 n.
851 937 899 960 10.

26 971 72 1005 At
91 971 167 1003 scire
184 972 300 1012 cupio,
322 971 359 1002 ad
377 980 468 1012 quam
486 969 636 1002 summam
661 971 775 1011 majora
800 970 902 1011 legata

28 1023 49 1046 a
69 1013 243 1045 minoribus
257 1011 459 1045 distinxeris?
484 1011 546 1043 Pro
564 1011 718 1053 dignitate
736 1012 765 1044 &
787 1011 901 1052 opibus

29 1055 116 1095 ejus,
140 1055 191 1095 qui
208 1055 313 1095 legat,
339 1054 369 1086 &
392 1062 521 1091 eorum,
543 1053 655 1094 quibus
679 1053 818 1093 legatur,
842 1051 899 1083 mi-

26 1106 87 1128 nus
109 1097 246 1138 legatum
264 1096 346 1132 erit,
371 1095 454 1135 quod
480 1094 511 1125 in
534 1094 604 1125 aliis
627 1094 744 1134 majus,
767 1094 796 1126 &
814 1092 899 1124 siliis

27 1137 212 1179 indulgeas,
233 1137 315 1182 meri
337 1136 459 1168 arbitrii
482 1144 532 1166 res
555 1135 616 1166 erit
633 1157 644 1175 ,
676 1135 706 1168 δε
722 1135 848 1177 prolixa
863 1133 900 1166 li·

29 1187 111 1211 mum
128 1187 285 1211 materies.
302 1201 305 1203 .

69 1220 193 1252 Inventi
216 1228 321 1251 tamen
341 1218 430 1257 sunt,
454 1218 508 1260 qui
528 1225 639 1250 contra
660 1217 835 1251 Clausulam
852 1227 897 1249 re-

26 1261 231 1295 servator-iam
263 1261 384 1303 magnis
416 1260 528 1292 animis
551 1259 713 1300 insurgunt
732 1283 741 1296 ,
777 1260 807 1292 &
830 1268 898 1291 eam

51 1304 118 1335 lane
133 1303 278 1334 inutilem
295 1303 527 1343 pronunciant,
546 1310 608 1333 tam
625 1300 695 1342 JCti
716 1301 793 1343 (8),
807 1310 900 1343 quam

25 1313 214 1377 gorinularii
235 1344 308 1386 (9)
326 1369 334 1381 ,
367 1343 477 1375 adlatis
505 1343 601 1374 etiam
630 1343 741 1383 rebus,
768 1345 799 1375 in
820 1344 900 1374 hanc

27 1396 95 1419 rein
120 1387 153 1418 in
168 1385 284 1420 Frifia.
310 1386 340 1418 &
364 1384 531 1425 UltraJesti
554 1384 715 1424 judicatis.
758 1384 840 1425 (10)
864 1383 899 1415 In

28 1427 123 1461 Frism
141 1451 151 1466 ,
183 1427 307 1468 inquam
325 1449 336 1466 ,
369 1427 399 1458 ἃ
417 1426 605 1466 Ultrajeeti,
635 1435 738 1466 neque
761 1427 845 1458 enim
866 1429 899 1458 in

26 1468 202 1502 Hollandia
217 1469 310 1501 ullam
328 1469 429 1509 reperi
445 1468 650 1507 sententiam,
675 1477 745 1508 quae
757 1491 766 1506 ,
790 1468 900 1508 utique

26 1511 117 1552 quod
140 1510 178 1542 ad
198 1510 303 1551 legata
327 1510 380 1542 vel
404 1508 644 1541 fideicommiss’a
672 1509 898 1550 particularia,

25 1553 115 1585 illam
132 1551 303 1584 clausulam
322 1551 478 1592 rejecerit.
513 1550 574 1583 Sed
588 1551 785 1583 excutiamus
801 1551 898 1582 ratio·

26 1603 92 1627 ωε.
137 1593 221 1626 Satis
244 1593 401 1627 frivolum
428 1592 493 1632 est,
517 1593 602 1634 quod
629 1593 784 1625 occinunt
812 1601 854 1625 ex
877 1592 898 1624 Ζ.

25 1646 80 1681 35.
100 1634 142 1677 ff.
160 1635 195 1666 de
215 1635 325 1678 Legat.
345 1634 371 1667 Ι.
394 1633 519 1676 Leges,
541 1634 714 1667 condendis
735 1633 899 1667 testamen-

27 1685 70 1710 tis
93 1675 292 1718 praescriptas
317 1675 501 1709 servandum
524 1675 570 1709 est
590 1701 597 1713 ,
630 1677 660 1710 &
709 1677 756 1709 uis
780 1676 903 1718 negat?

26 1718 100 1752 Una
115 1717 248 1760 quaestio
267 1717 313 1751 est
329 1728 366 1750 an
388 1727 451 1750 non
469 1718 500 1749 id
513 1741 522 1754 ‚
543 1718 628 1759 quod
653 1725 684 1750 te
714 1727 784 1750 ator
801 1718 833 1750 in
854 1725 901 1749 te-.

27 1759 186 1794 stamento
197 1759 388 1798 reservavit,
410 1761 441 1793 ἀ
458 1758 565 1801 postea
584 1760 756 1802 explicavit
772 1760 900 1801 privato

27 1801 260 1843 chirographo,
285 1801 323 1834 fit
343 1802 518 1833 habendum
543 1811 604 1843 pro
626 1808 716 1843 parte
741 1801 750 1833 i
776 1801 835 1833 sius
854 1808 900 1832 te—

6 1880 10 1886 „
25 1842 173 1876 stamenti
185 1843 202 1875 ⁸?
224 1842 322 1876 Certe
338 1843 502 1884 exempla,
528 1853 600 1885 quae
612 1852 651 1875 ex
667 1843 739 1884 Jure
753 1811 904 1875 Romano.

26 1885 144 1923 attuli,
167 1883 240 1916 fatis
261 1885 414 1926 probant,
437 1894 504 1917 eam
531 1884 709 1917 reservandi
728 1884 902 1916 clausulam

26 1925 122 1962 fuiffe
149 1925 381 1967 frequentatam
398 1949 408 1964 ,
449 1927 479 1958 &
497 1925 538 1959 fic
561 1925 751 1958 existimaffe
775 1933 900 1958 veteres

26 1967 144 2009 JCtos,
169 1968 324 2010 quicquid>
343 1967 457 2000 deinde
479 1976 535 2009 per
552 1967 762 2010 chirographa
785 1968 816 2001 &
837 1967 901 2010 epi?

667 2080 1027 2116 CAPUT

563 88 1193 139 JUR1sPR1vATL

1250 88 1338 129 LIB.
1363 95 1425 132 ΠΙ.
1459 98 1498 134 C.
1527 98 1593 137 1V.
1614 101 1661 138 V.
1738 106 1805 150 383

946 178 1036 226 stolia
1052 179 1258 226 explicatur,
1273 178 1384 212 iisdem
1402 181 1649 220 solemnitatibus
1671 188 1812 227 censeri,

946 221 1058 262 quibus
1085 221 1229 253 censetur
1250 220 1350 262 ipsum
1379 223 1594 260 testamentum
1612 252 1622 268 ,
1653 232 1762 262 omncs
1779 239 1810 260 e*

945 265 1011 309 nim
1025 263 1111 308 ajunt
1124 287 1132 301 ‚
1158 273 1195 295 ex
1211 261 1379 305 testamento
1399 266 1514 298 valere.
1544 269 1603 300 Seu
1615 294 1622 303 ,
1648 271 1808 311 inquiunt,

944 305 976 336 in
995 304 1059 336 illis
1073 304 1154 344 Juris
1172 305 1305 337 Romani
1326 306 1478 346 exemplis
1501 307 1560 347 ipsa
1586 309 1705 342 heredis
1724 312 1809 343 inlli-

944 347 1048 386 tutio,
1074 347 1310 388 legatorumque
1332 346 1420 377 datio
1443 345 1524 378 fac'ta
1550 358 1613 381 erat
1630 352 1659 382 in
1679 351 1746 392 ipso
1765 361 1809 382 tc-

944 387 1119 426 statnento,
1143 389 1172 421 δε
1193 387 1292 420 solum
1311 397 1426 420 nomen
1451 388 1592 427 heredis,
1614 393 1810 429 quantitasve

944 429 1036 471 legati
1056 429 1170 469 rejecta
1188 430 1217 461 in
1235 429 1417 462 codicillos.
1443 430 1473 461 ὅ(
1495 429 1536 461 iic
1554 429 1599 461 est
1616 431 1645 461 in
1668 434 1696 463 cl.
1716 433 1736 464 l.
1762 443 1811 466 10.

943 479 988 513 pr.
1001 470 1042 513 ff
1067 474 1100 502 cie
1120 471 1232 504 Herod.
1254 470 1347 513 instit.
1374 472 1404 503 δὲ
1426 471 1456 503 in
1473 472 1501 503 d.
1522 471 1543 503 l.
1562 476 1612 513 38.
1630 471 1669 512 ff.
1691 475 1723 504 de
1735 475 1807 505 con-

943 515 998 545 (lit.
1023 512 1062 548 δ’
1081 511 1233 554 clenaonstr.
1280 514 1323 546 At
1346 523 1423 544 vcro
1443 513 1462 545 si
1486 522 1600 545 nomen
1626 514 1736 546 deinde
1755 524 1808 546 cx-

944 554 1077 597 presl'um
1104 564 1165 586 non
1190 554 1323 594 fuiss‘et,
1355 564 1413 586 nec
1443 555 1601 597 quantitas
1633 555 1724 592 legati·
1757 557 1810 586 de-

943 596 1075 638 figmata,
1100 597 1209 638 utique
1230 596 1308 628 nihil
1332 596 1499 637 quicquam
1521 595 1685 627 deberetur
1711 605 1749 627 ex
1768 605 1814 626 tc-

943 637 1099 670 stamento
1116 660 1127 676 ‚
1160 648 1243 670 nunc
1265 646 1369 670 autem
1395 638 1547 677 debetur,
1571 638 1644 677 quia
1660 637 1812 678 exprtliio

943 679 1080 712 nominis
1098 680 1127 711 δι
1145 679 1331 721 quantitatis
1358 678 1511 711 reservata
1536 679 1601 717 est,
1627 679 1655 710 δι
1680 679 1751 710 idco
1768 678 1814 709 vi-

943 730 993 753 res
1014 721 1100 762 capit
1123 730 1163 752 cx
1186 720 1253 762 ipso
1274 720 1470 752 testamento.
1518 720 1596 752 Noli
1623 729 1727 751 autem
1763 729 1810 750 iu-

944 771 1029 802 tare,
1055 764 1086 795 in
1103 763 1317 804 delignatione
1336 762 1471 794 nominis
1498 763 1527 794 δε
1545 761 1726 804 quantitatis
1758 761 1812 793 ub·

944 803 1046 837 sistere
1059 805 1108 845 jus
1125 805 1318 836 Romanum:
1340 813 1410 835 nam
1431 804 1460 835 in
1479 804 1499 835 l.
1517 814 1567 845 ῃ.
1587 803 1629 844 ff.
1645 805 1678 835 cle
1697 802 1809 834 Hered.

943 844 1039 887 fallit.
1062 845 1141 877 nihil
1163 846 1246 878 aliud
1273 844 1338 880 est,
1362 854 1454 885 quam
1477 846 1507 877 in
1534 845 1646 877 nostris
1663 843 1811 876 clausulis

943 887 1180 927 reservatoriis,
1201 897 1302 929 quem,
1333 887 1436 927 inquit
1455 885 1656 927 Papinianus,
1681 887 1813 918 heredem

943 924 1086 962 codici'PlLr
1095 928 1217 969 fecero,
1240 929 1320 960 heres
1335 926 1402 968 esta.
1440 927 1490 960 Ex
1508 929 1556 960 his
1572 928 1652 960 nihil
1669 926 1812 965 constat,

942 980 1036 1011 quam
1061 969 1244 1003 testatorem
1267 968 1462 1002 constituisse
1487 970 1643 1002 codicillis
1663 993 1673 1008 ,
1703 970 1813 1010 inepta

943 1012 1088 1054 alioquin
1108 1012 1147 1043 ad
1165 1011 1286 1044 heredis
1313 1010 1543 1044 institutionem
1564 1010 1734 1053 scriptura,
1759 1011 1813 1041 lie-

943 1053 1109 1085 reditatem
1130 1053 1203 1084 dare
1217 1074 1228 1091 ,
1259 1054 1289 1085 dc
1313 1053 1333 1085 fi
1360 1053 1440 1084 hanc
1461 1053 1584 1085 dederit
1602 1076 1614 1092 ,
1644 1051 1812 1094 respondet

942 1093 1129 1167 Paspinianus
1152 1103 1190 1127 ex
1216 1093 1423 1132 testamento,
1449 1094 1512 1125 boc
1528 1093 1592 1134 est,
1616 1088 1662 1134 eff
1675 1093 1812 1134 clausula

942 1144 976 1167 re
991 1135 1150 1167 ervatoria
1174 1134 1304 1174 deberi,
1329 1135 1415 1176 quod
1438 1135 1475 1166 ad
1493 1143 1595 1175 partes
1610 1138 1721 1176 nempe
1745 1143 1813 1166 non

941 1176 1122 1209 distributas
1134 1200 1143 1215 ‚
1169 1184 1205 1208 ut
1219 1174 1307 1218 supra
1323 1176 1493 1217 explicavi.
1531 1175 1623 1208 Nihil
1642 1178 1812 1223 quicquam

942 1219 984 1251 ibi
1006 1217 1156 1251 statutum
1182 1217 1228 1250 est
1248 1218 1287 1250 de
1307 1217 1448 1260 partibus
1471 1217 1617 1257 residuis,
1649 1217 1700 1249 led
1726 1216 1813 1259 quod

941 1261 977 1293 ad
997 1270 1050 1292 eas
1074 1259 1202 1292 testatio
1220 1258 1404 1301 simpliciter
1426 1258 1591 1291 reservata.
1636 1259 1689 1292 Sic
1705 1281 1716 1297 ,
1738 1267 1814 1290 cum

943 1301 1075 1334 testator
1093 1301 1280 1334 testamento
1295 1309 1397 1333 ratum
1414 1300 1476 1332 effe
1495 1299 1636 1341 jufferit,
1660 1299 1813 1341 quicquid

941 1344 1054 1376 deinde
1081 1343 1240 1385 legaturus
1259 1341 1326 1382 est,
1350 1343 1471 1383 legata,
1495 1342 1639 1383 quamvis
1661 1342 1814 1383 scriptura

941 1386 1044 1419 minus
1063 1384 1194 1417 solemni
1209 1384 1303 1423 data,
1316 1383 1487 1422 valebunt,
1504 1382 1654 1425 quoniam
1667 1383 1724 1416 illa
1738 1383 1814 1415 scri-

965 1436 1034 1458 tura
1054 1426 1205 1465 habetur,
1227 1433 1323 1467 atque
1337 1424 1358 1457 fi
1379 1423 1567 1457 testamento
1586 1423 1701 1457 inserta
1724 1424 1813 1456 esset.

941 1437 1015 1502 RJec
1032 1475 1162 1505 movet,
1188 1468 1227 1499 de
1244 1476 1332 1499 novo
1348 1467 1451 1508 legata
1468 1466 1553 1506 dari,
1576 1475 1651 1498 cum
1672 1467 1703 1499 «Sc
1725 1465 1811 1504 hoc,

943 1519 979 1542 ut
1001 1510 1054 1542 fibi
1076 1509 1204 1550 liceret,
1228 1508 1359 1541 testator
1382 1506 1554 1541 reservavit
1570 1530 1580 1545 ,
1609 1507 1703 1549 plane
1729 1515 1765 1539 ut
1782 1507 1816 1540 in

942 1553 962 1584 l.
984 1556 1033 1590 89.
1054 1557 1102 1593 pr.
1117 1550 1158 1593 ff.
1180 1553 1214 1583 de
1233 1551 1346 1594 Legat.
1364 1549 1410 1582 II.
1458 1549 1583 1582 Dubito
1601 1550 1698 1591 igitur
1716 1571 1727 1587 ,
1751 1558 1814 1588 an,

942 1596 995 1636 qui
1009 1592 1178 1625 clausulam
1193 1592 1330 1625 nostram
1347 1592 1603 1634 oppugnaverint
1616 1614 1625 1628 ,
1645 1590 1731 1623 reete
1745 1595 1816 1632 per-¹

943 1636 1088 1677 ceperint
1103 1643 1243 1667 mentem
1261 1633 1422 1675 Papiniani
1439 1636 1471 1666 in
1486 1635 1513 1665 d.
1530 1633 1550 1665 l.
1563 1642 1614 1675 77.
1635 1633 1666 1665 &
1681 1632 1813 1672 dubim,

943 1687 1002 1716 an,
1025 1676 1109 1718 quod
1123 1676 1196 1718 Jure
1221 1675 1366 1708 Romano
1385 1675 1425 1707 de
1450 1684 1489 1707 eo
1509 1682 1697 1717 argumento
1722 1674 1815 1707 tradi-

944 1727 1011 1752 tum
1030 1717 1095 1759 est,
1119 1718 1203 1750 reae
1217 1717 1432 1751 resti-luxerint
1455 1718 1493 1749 ad
1509 1716 1625 1759 species
1641 1716 1684 1748 ibi
1705 1715 1817 1756 trasla-

945 1769 1013 1800 tas,
1035 1770 1107 1793 narn
1124 1760 1172 1792 hae
1183 1783 1194 1800 ,
1217 1766 1252 1792 ut
1268 1760 1452 1801 plerumque
1475 1759 1530 1798 fit,
1554 1767 1618 1792 non
1634 1766 1818 1799 proponun-

945 1810 997 1834 tur
1011 1826 1021 1842 ,
1052 1801 1109 1835 nifi
1129 1809 1165 1833 ut
1186 1801 1336 1841 exemplo
1363 1800 1499 1834 serviant
1514 1823 1526 1840 ‚
1557 1801 1588 1832 δε
1604 1799 1687 1832 ratio
1703 1821 1714 1839 ,
1753 1808 1815 1841 qua

944 1851 1077 1876 utuntur
1102 1851 1227 1876 veteres
1249 1843 1322 1884 JCti
1344 1866 1355 1882 ‚
1379 1842 1487 1875 suadet
1501 1864 1512 1881 ,
1534 1841 1622 1883 jubet
1638 1864 1649 1880 ,
1672 1848 1709 1872 ut
1731 1841 1761 1873 ὃς
1779 1838 1818 1872 ad

942 1884 1016 1959 algas
1031 1885 1151 1928 species
1169 1884 1412 1925 transferamus,
1436 1892 1471 1918 ut
1489 1882 1721 1924 transferuntur
1738 1891 1815 1924 quo—

944 1935 968 1959 ti
992 1936 1031 1960 ie.

1124 2078 1174 2118 V.

91 2165 161 2203 Res
187 2178 207 2202 a
230 2165 382 2213 Supremo
409 2166 554 2210 Senatu,
577 2178 627 2203 me
652 2168 808 2204 Senatore
834 2166 890 2203 vel
912 2167 1070 2213 Proefide,
1094 2167 1139 2204 de
1164 2168 1313 2204 clausula
1335 2166 1563 2204 reservaturia
1583 2162 1754 2214 judicatae.

132 2273 194 2296 unc
209 2263 339 2304 accipe,
349 2273 417 2305 quae
438 2274 507 2296 mea
522 2265 676 2297 memoria
690 2265 729 2298 de
742 2265 801 2298 hac
817 2266 900 2299 clau-

146 2305 208 2337 sula
237 2305 316 2347 apud
341 2305 487 2337 Senatum
512 2307 700 2348 supremum
723 2307 899 2340 inciderint.

30 2350 76 2385 Et
92 2348 217 2390 quidem
237 2347 368 2379 Senatus
383 2347 549 2389 Supremus
568 2359 618 2381 20.
638 2349 709 2381 Οξίτ.
732 2353 824 2390 1706.
842 2349 907 2391 (1)

29 2389 176 2434 probavit
203 2387 475 2419 fideicommissum
501 2389 700 2429 universale,
733 2392 818 2432 quod
840 2392 901 2432 pri-

32 2433 133 2469 vatim
157 2429 307 2471 scriptum
335 2438 376 2460 ex
403 2428 560 2471 potestate
586 2430 653 2471 ejus
684 2430 830 2464 clausulae
853 2432 900 2471 fa—

31 2474 115 2508 &tun
132 2479 216 2511 erat,
242 2470 294 2503 sed
314 2470 386 2511 quia
405 2470 556 2517 agebatur
573 2472 611 2503 de
636 2471 787 2513 scriptura
806 2473 902 2514 privi-

31 2515 168 2557 legiata,
190 2513 271 2544 aviae
295 2521 409 2553 nempe
432 2521 512 2544 inter
535 2511 658 2554 Neptes
675 2537 685 2553 ,
716 2514 800 2546 malo
820 2515 901 2547 hanc

31 2555 154 2596 eausam
170 2552 332 2595 praeterire
351 2553 380 2586 ἃ
399 2552 578 2594 sequentem
597 2554 760 2595 subjicere.

42 2602 45 2615 ³
76 2597 215 2629 Maevius
231 2605 281 2626 22.
299 2593 381 2627 Dee.
401 2600 489 2636 1708.
509 2595 562 2636 sex
581 2595 724 2638 Nepotes
743 2606 785 2629 ex
802 2596 902 2629 fratre

32 2638 143 2673 scribit
167 2636 316 2674 heredes,
341 2636 441 2679 iisque
463 2646 502 2669 ex
527 2637 769 2679 fideicommiffo
795 2638 902 2676 substi-

33 2680 98 2712 teuit
109 2679 190 2711 alios
207 2678 311 2709 addita
338 2676 486 2709 Clausala
506 2678 720 2712 reservatoria.
765 2679 901 2712 Biennio

32 2720 101 2753 fei-e
126 2718 198 2762 post
219 2717 384 2750 conditum
410 2718 631 2753 testamentum
647 2746 658 2761 ,
682 2730 724 2753 ex
748 2720 902 2763 potestate

31 2763 100 2803 ejus
121 2759 266 2806 clausulae
280 2760 449 2806 componit
466 2762 709 2804 chirographum
729 2763 900 2802 privatum,

35 2813 100 2843 quo
117 2811 201 2834 varia
222 2810 317 2832 variis
334 2801 436 2841 legat,
462 2803 492 2834 ὅ(
511 2802 785 2837 fideicommissum
799 2804 843 2835 ita
855 2814 902 2836 re-

33 2845 158 2886 stringit
175 2865 185 2880 ,
210 2849 246 2874 ut
270 2840 414 2882 Nepotes
440 2845 572 2885 majores
595 2845 669 2877 fasti
684 2868 696 2884 ,
727 2846 767 2877 de
787 2846 878 2877 bonis
892 2869 902 2885 ,

35 2887 91 2920 libi
114 2884 232 2918 rel-istis
244 2906 256 2923 ,
279 2893 344 2915 non
366 2884 492 2925 quidem
511 2886 720 2927 testamento,
742 2887 795 2920 sed
819 2888 902 2924 inter

75 3018 137 3055 (ς)
158 3016 250 3055 Confil.
268 3016 302 3044 B.
319 3016 369 3045 111.
390 3016 482 3053 Confil.
499 3021 564 3049 166.
579 3017 606 3047 δι
621 3023 685 3055 167.

73 3059 136 3094 (6)
158 3056 250 3095 Canffl.
274 3055 314 3084 H.
336 3057 358 3083 1.
381 3055 472 3093 Cmstl.
490 3065 552 3092 154.
573 3056 610 3095 Q,
628 3066 654 3092 3.

75 3098 134 3132 (7)
155 3096 233 3123 Voet
269 3094 287 3121 d
307 3093 363 3121 Tit.
377 3093 414 3131 ff.
438 3093 495 3132 ρμι·
515 3092 614 3131 testam.
627 3096 687 3134 fac.
707 3096 772 3136 pcff.
792 3106 819 3126 η.
837 3105 883 3132 29.

77 3134 139 3171 (8)
160 3132 300 3163 Herbaius
322 3132 385 3160 Rer.
410 3132 566 3172 Qgcotidiarz.
595 3133 624 3162 C.
650 3135 727 3163 VIII.
755 3135 782 3164 ἃ.
803 3143 837 3164 ex
866 3143 902 3163 eo

39 3172 190 3202 Zacharias
205 3171 303 3198 Huber
327 3170 412 3206 Decij,
437 3171 501 3209 Frij.
517 3172 627 3209 Observ.
645 3173 707 3202 LIl.
728 3173 904 3209 Rodenburg

40 3213 70 3240 de
85 3211 159 3251 Jure
176 3211 240 3246 quod
255 3211 338 3238 oritur
352 3219 364 3238 e
381 3209 480 3239 Statw.
496 3209 612 3248 diversit.
634 3209 690 3240 Tit.
707 3212 758 3240 Ill.-
779 3211 862 3241 Pam
874 3210 904 3240 ¹1.

944 2266 1038 2299 vivos
1071 2275 1110 2298 ex
1134 2265 1229 2298 animi
1261 2264 1307 2297 sui
1331 2265 1487 2298 sententia
1519 2263 1654 2295 statuere
1683 2260 1819 2303 possent.-

946 2307 1121 2355 Quaefitum
1139 2306 1203 2346 est,
1228 2316 1266 2339 an
1287 2307 1408 2338 valeret
1435 2306 1466 2337 id
1490 2302 1760 2345 chirographum?
1785 2302 1817 2334 δε

945 2350 1073 2382 Senatus
1089 2358 1140 2390 27.-
1162 2346 1254 2380 Febr.
1278 2357 1369 2389 1712.
1393 2346 1518 2389 paribus
1542 2345 1694 2387 suffragiis
1712 2344 1816 2375 valere

944 2391 1096 2431 judicavit
1118 2390 1210 2432 (2):
1234 2397 1329 2430 atque
1356 2389 1399 2421 ita
1424 2387 1618 2420 existimavit
1633 2408 1644 2425 ‚
1677 2384 1764 2431 posse
1785 2393 1816 2415 e-

944 2432 1080 2472 jusmodi
1105 2432 1234 2472 privato
1257 2429 1469 2471 chirographo
1490 2429 1520 2462 &
1544 2428 1647 2469 legata
1671 2427 1758 2466 dari,
1784 2425 1818 2457 &

944 2471 1219 2505 fideicommissum
1236 2470 1389 2512 restringi.

987 2514 1102 2553 Titia,
1133 2523 1203 2554 quae
1239 2511 1427 2544 testamento
1452 2509 1507 2543 suo
1532 2509 1703 2542 inseruerat
1727 2509 1815 2541 illam

944 2554 1132 2593 clausulam,
1155 2561 1246 2595 rogat
1269 2552 1444 2592 Maeviam,
1467 2561 1562 2593 penes
1586 2560 1677 2593 quam
1696 2550 1814 2582 habita-

945 2597 1018 2635 bat,
1042 2604 1078 2627 ut
1103 2595 1135 2628 se
1157 2595 1295 2627 dietante
1315 2595 1418 2635 legata
1441 2593 1585 2635 quaedam
1609 2592 1757 2625 scriberet
1781 2592 1814 2624 in

946 2637 1114 2677 schedula,
1139 2636 1246 2669 scribit
1262 2636 1402 2674 Maevia,
1427 2635 1457 2667 ἂ
1472 2634 1628 2667 schedulae
1647 2632 1815 2666 subscribit

944 2678 1047 2711 Titia.
1092 2678 1209 2720 Legata
1230 2677 1286 2710 illa
1303 2677 1374 2709 data
1390 2683 1478 2708 erant
1497 2685 1568 2708 cum
1588 2675 1643 2715 ipfi
1662 2675 1811 2712 Maeviae‚

946 2728 1018 2752 tum.
1050 2721 1118 2753 aliis
1150 2720 1249 2752 Titiae
1280 2718 1474 2760 propinquis.
1537 2716 1696 2749 Defuncta
1722 2714 1814 2746 Titia

944 2762 1224 2803 Sempronius‚qui
1244 2760 1310 2800 eius
1328 2759 1531 2791 hereditatem
1549 2755 1812 2798 repraesentabat,

945 2804 1046 2845 legata
1066 2803 1190 2835 solvere
1208 2801 1373 2834 detrectat.
1417 2799 1591 2841 Litigatum
1607 2796 1653 2829 est
1672 2807 1709 2828 ea
1723 2797 1763 2829 de
1778 2807 1827 2835 re

944 2845 1026 2886 apud
1045 2844 1192 2884 Curiam,
1218 2845 1248 2875 &
1262 2842 1358 2874 Curia
1377 2850 1486 2873 omnes
1510 2840 1678 2880 legatarios
1697 2839 1816 2883 repulit

945 2885 1072 2928 22.Jan.
1088 2895 1178 2927 1711.
1203 2884 1407 2925 Appellatum
1420 2881 1466 2914 est
1482 2881 1520 2913 ad
1540 2881 1700 2915 Senatum.
1724 2879 1827 2955 Qgid'

963 2933 967 2936 .
1135 2931 1137 2938 s
1782 2930 1814 2953 u-

945 3021 977 3051 C.
992 3029 1018 3056 3.
1040 3020 1067 3049 ἃ
1081 3027 1136 3048 van
1151 3017 1246 3047 Wesel
1263 3016 1298 3045 ad
1317 3014 1423 3053 constit.
1441 3015 1542 3053 Ultraj.
1561 3018 1613 3042 art.
1631 3017 1674 3043 16.
1696 3013 1720 3050 §.
1740 3016 1785 3042 16.

982 3060 1041 3094 (9)
1061 3059 1125 3087 Van
1139 3055 1301 3085 Waffenaar
1316 3055 1428 3091 Fraftyk
1442 3053 1540 3082 Notar.
1551 3052 1580 3082 C.
1590 3053 1696 3082 xvffl.
1710 3053 1813 3094 §.1671

983 3098 1060 3132 (ιο)
1081 3096 1221 3129 Herbajus
1242 3093 1267 3121 δι
1289 3094 1388 3121 Huber
1407 3093 1431 3121 d.
1454 3093 1526 3120 locis.

984 3136 1046 3171 (1)
1068 3134 1176 3169 Observ.
1201 3131 1317 3162 Tumulc.
1342 3130 1373 3159 T.
1391 3132 1413 3159 I.
1434 3140 1461 3159 n.
1475 3133 1539 3160 218.

985 3173 1046 3211 (2)
1068 3171 1178 3209 Ohs'erv.
1203 3170 1319 3200 Tumult.
1342 3169 1377 3200 T.
1391 3171 1443 3211 IV.
1463 3178 1490 3208 n.
1506 3171 1572 3208 828.
