2008 3436
177 123 249 158 424
407 107 809 146 CORNELII

179 198 361 240 fimpliciter
378 198 535 237 permittit
553 198 581 240 §.
605 208 656 239 57.
681 198 709 228 cl.
733 195 806 241 LL.
832 195 929 237 Hans.
955 195 984 227 &
1009 196 1038 227 d.

182 241 282 272 Effer.
307 239 454 282 Amsterd.
477 241 561 280 quod
590 249 694 271 autem
711 245 756 283 ait
771 237 798 267 cl.
824 237 842 278 §
874 246 925 278 57.
955 246 1040 282 exer-

181 283 298 314 citores
315 283 423 314 ineam
448 281 597 313 summam
620 287 736 316 teneri,
761 287 823 309 non
849 279 937 310 aliter
957 287 1039 309 acci-

180 324 302 363 pimus,
325 333 415 364 quam
432 330 584 364 quatenus
610 330 650 351 ex
673 319 745 350 navi
773 317 929 351 servatum
948 320 983 351 fit
999 318 1040 351 se-

180 364 317 395 cundum
335 364 362 406 §.
386 375 438 405 40.
465 363 536 395 LL.
564 362 656 395 Wis'b.
681 359 741 392 Sed
762 360 884 392 tandem
908 371 947 392 ex
970 369 1038 401 pro-

177 404 259 437 feffo
277 405 355 437 hanc
379 403 636 436 reinconstituit
664 400 826 441 Philippus
845 401 884 433 Il.
909 402 1038 443 Hispan.

181 446 251 478 Rex
272 447 304 478 in
327 447 355 488 ἓ.
377 457 425 478 12.
453 445 513 476 Tit.
531 445 568 476 ll.
594 445 624 475 ὃ(
643 442 802 483 praecipue
827 443 859 474 in
879 442 909 483 §.
929 453 973 480 19.
1004 442 1038 473 T.

179 487 252 520 Vll.
278 489 350 520 LL.
377 487 474 519 Num.
496 486 551 517 ult.
569 484 642 516 Οὓς.
664 486 753 525 1563.
777 493 840 525 quo
860 483 1040 524 permissum

177 529 224 560 est
242 528 397 570 Magistro
416 537 455 560 ex
473 526 562 557 causa
587 524 787 567 quadrantem
813 525 1017 566 oppignorare
1029 548 1038 563 ,

179 579 218 601 ex
236 580 346 610 maana
370 569 462 600 etiam
485 568 553 608 plus
568 589 579 605 ,
609 567 641 597 in
660 575 769 596 extera
795 565 938 607 Regione
957 566 1039 598 scili-

177 620 250 650 cet,
273 603 346 644 alias
367 610 498 641 omnino
522 608 670 639 vetitum.
716 606 813 652 Quod
837 609 866 638 ὅς
893 607 980 639 Frifii
998 607 1040 639 se-

178 654 269 694 quuti
299 652 369 684 sunt
405 646 614 688 LLfiFrsfic.
651 648 691 680 L.
714 647 739 679 1.
776 647 809 678 Τ.
835 648 977 681 XXVII.
1011 648 1040 690 §.

177 704 207 725 2.
233 695 268 729 ἐξ
315 719 321 725 .

220 735 272 766 De
291 704 457 776 {Wagffffi-c,
478 733 640 775 quaefitum
668 731 714 763 est
729 755 738 770 ,
763 741 799 762 an
826 730 890 772 ipse
903 741 1041 778 vquoque

177 783 322 808 teneatur
348 785 405 816 pro
431 776 580 816 pecunia,
610 782 738 814 peregre
759 781 871 818 mutuo
894 773 1040 813 iumpta?

178 817 221 849 Et
241 817 366 858 quidem
383 818 413 848 in
432 816 622 848 exercitoria
639 816 760 845 afflone
779 814 841 854 ipse
856 814 950 845 etiam
969 814 1040 845 Ma-

177 857 272 898 gister
294 865 418 890 tenetur
440 859 460 890 l.
482 867 508 890 1.
531 857 559 897 §.
584 867 628 898 17.
647 855 687 897 ff.
705 857 738 886 de
754 854 888 886 Exeo-cit.
909 855 964 887 αι’-ἶ.
990 854 1042 886 sed

177 900 345 932 secundum
363 909 484 938 mores,
508 899 560 940 qui
578 907 659 929 nunc
681 896 769 935 sunt,
794 896 826 926 id
844 905 905 928 non
930 895 1039 936 proba-

178 942 278 972 verim
292 965 301 980 ,
328 951 397 972 nam
420 940 567 982 quicquid
591 937 743 979 Magister
763 936 844 968 fecit
861 959 872 976 ,
903 937 982 969 fecit
1002 946 1041 969 cx

178 982 279 1013 tacito
295 982 457 1021 mandam,
483 983 513 1014 &
529 980 626 1021 magis
646 978 742 1025 estne
759 986 870 1024 contra
890 978 1040 1024 Procura-

177 1031 280 1054 torem
299 1023 391 1054 hodie
409 1023 447 1055 sit
462 1023 561 1061 aetio,
588 1028 623 1053 ut
645 1021 736 1052 latius
755 1019 927 1059 explicavit
941 1020 1040 1052 Sande

177 1064 220 1096 L.
241 1064 296 1096 Ill.
329 1064 428 1105 Decist
455 1064 529 1103 Frifi
566 1063 600 1094 T.
625 1061 696 1092 Vll.
729 1061 832 1100 Dejin.
862 1067 888 1091 1.
932 1061 992 1092 Sed
1018 1060 1040 1092 fi

176 1105 387 1147 Magister-‚fic
406 1107 487 1137 inter
500 1100 586 1147 ‘ipsos
602 1103 810 1140 exercitores,
821 1101 873 1132 vel
890 1111 970 1134 onus
983 1111 1040 1147 pro

176 1154 266 1188 parte
286 1147 323 1177 ad
348 1146 447 1188 ipsum
471 1146 643 1187 pertineat,
666 1144 718 1174 vel
736 1143 767 1174 se
791 1150 903 1187 praeter
921 1151 1040 1173 exerci-

177 1196 265 1219 tores
279 1197 403 1229 quoque
420 1187 588 1228 obligarit,
606 1192 684 1225 puto
703 1191 799 1214 teneri
809 1204 820 1220 ,
832 1192 896 1228 non
914 1191 1016 1215 autem
1029 1205 1040 1221 ‚

177 1228 200 1261 fi
218 1230 306 1261 navis
329 1230 442 1271 absque
463 1229 529 1267 ejus
547 1227 623 1258 doio
638 1225 689 1255 vel
706 1225 795 1269 culpa
818 1224 965 1264 perierit,
989 1233 1040 1264 pe-

176 1270 309 1302 riculum
330 1271 413 1301 enim
432 1268 552 1300 itineris
567 1267 599 1298 in
618 1264 648 1297 se
669 1264 805 1305 suscepit
829 1265 967 1296 creditor
984 1274 1041 1305 pro

176 1310 274 1342 usui-is
293 1310 449 1347 nauticis,
471 1319 545 1351 quas
564 1307 727 1348 stipulatus
746 1304 797 1337 est.
840 1304 946 1349 Quum
962 1306 1042 1337 inter

177 1353 254 1388 alia,
280 1352 318 1382 de
332 1361 371 1382 eo
390 1351 485 1382 etiam
503 1357 719 1391 quaereretur,
751 1347 938 1388 Magistrum
959 1346 1042 1387 quasi

178 1393 300 1424 defecta
316 1391 522 1430 conditione,
538 1390 618 1421 nihil
636 1387 736 1420 teneri
754 1387 932 1428 responsum
951 1389 980 1420 ὅε
996 1388 1041 1428 Ju-

175 1434 315 1465 dicatum
336 1433 380 1465 est
405 1431 508 1471 Consti.
531 1431 577 1463 H.
605 1431 639 1462 T.
656 1429 711 1462 IV.
739 1429 840 1468 Consil.
863 1439 933 1462 111.

217 1473 295 1506 Dixi
319 1472 428 1515 supra,
457 1474 487 1506 ἀ
513 1482 607 1505 naves
630 1473 660 1504 &
687 1470 890 1503 instrumenta
914 1471 1042 1503 navium

179 1516 304 1558 pignori
321 1515 405 1554 dari,
431 1514 549 1547 &inde
567 1520 711 1555 apparet,
735 1512 884 1554 quicquid
907 1523 946 1545 ex
969 1512 1041 1544 navi

172 1558 207 1590 ἃ
238 1555 453 1588 instrumentis
486 1555 623 1596 superest
642 1577 652 1593 ,
682 1555 889 1587 creditoribus
920 1555 1040 1587 cedere.

173 1599 221 1631 Et
246 1606 348 1630 tamen
363 1622 371 1635 ‚
397 1598 469 1639 quia
491 1598 529 1629 ad
551 1597 657 1629 locum
680 1594 866 1628 destinatum
887 1606 950 1628 nou
976 1604 1041 1636 per-

176 1648 305 1673 venerat
321 1639 410 1671 navis
423 1661 433 1677 ,
457 1637 676 1676 instrumenta,
702 1646 769 1678 quae
794 1636 916 1669 servata
934 1644 1041 1675 erunt,

175 1681 371 1713 creditorum
390 1682 480 1716 lucro
499 1680 619 1713 servata
643 1689 707 1711 non
731 1678 792 1710 effe
814 1678 993 1719 responsum
1013 1678 1043 1710 δι

176 1723 347 1763 judicatum
367 1721 412 1754 est
427 1723 455 1754 d.
476 1720 578 1760 Ccnfil.
603 1729 673 1753 111.
698 1721 727 1753 &
747 1721 776 1751 d.
801 1720 835 1752 T.
854 1720 908 1752 lV.
936 1718 1040 1758 Coriszl.

180 1773 250 1805 124.
275 1764 352 1803 nili,
376 1763 461 1806 quod
485 1763 569 1795 addit
588 1764 616 1794 d.
644 1760 747 1800 Confil.
772 1771 841 1802 124.
865 1760 1041 1802 specialiter

175 1806 354 1845 probetur,
383 1807 451 1846 jure
475 1802 749 1840 consuetudinario
773 1802 1017 1848 receptumesse
1031 1825 1040 1840 ‚

175 1847 373 1879 exercitores
407 1847 509 1878 teneri
538 1845 776 1885 derelinquere,
819 1843 970 1885 quicqu1d
1001 1852 1042 1874 ex

177 1888 251 1920 navi
267 1888 421 1928 superest,
446 1888 490 1920 sin
506 1895 610 1919 autem
624 1910 634 1922 ‚
657 1885 856 1926 trajeffitinm
879 1885 1044 1926 pecuniam

177 1939 250 1960 cum
271 1929 368 1961 usuris
398 1929 575 1962 solvendam
592 1927 663 1959 effe.
708 1927 768 1959 Sed
785 1926 898 1958 frustra
921 1936 955 1957 ea
972 1936 1044 1967 pro-

175 1970 264 2001 batio
279 1970 485 2009 desideratur,
508 1970 564 2002 nili
579 1969 665 2001 forte
675 1976 785 2014 putes,
810 1968 832 2001 fi
848 1978 917 2010 pars
932 1968 1043 2009 pigno-

176 2011 220 2042 ris
237 2012 385 2051 perierit,
408 2020 514 2044 totum
540 2011 651 2053 pignus
674 2009 813 2050 pernsse:
838 2019 939 2051 neque
960 2010 1044 2040 enim

176 2052 339 2092 Boclemery
367 2063 450 2085 mera
471 2053 593 2093 sponsio
617 2051 683 2089 est,
714 2051 795 2082 dabo
822 2059 890 2088 tot,
912 2051 933 2082 ss
957 2051 1044 2081 navis

179 2100 247 2124 tota
266 2092 347 2125 salva
365 2094 395 2125 ἃ
411 2094 564 2125 indemnis
580 2092 736 2134 appulerit
756 2091 818 2131 ibi,
844 2092 894 2123 sed
919 2100 1042 2123 contra-

176 2134 246 2165 &us
263 2134 496 2172 foeneratitius,
518 2143 581 2175 quo
604 2141 672 2164 tota
690 2132 798 2170 navis,
823 2133 852 2165 ὅ(
867 2140 988 2173 partes,
1014 2134 1044 2165 ἂ

175 2175 200 2210 fi
221 2175 414 2208 nouatum
439 2175 504 2213 est,
528 2175 620 2206 etiam
644 2183 723 2206 onus
744 2183 800 2213 pro
827 2174 958 2214 pecunia
974 2184 1042 2205 cro-

175 2226 250 2257 gata
267 2216 391 2257 pignori
412 2217 548 2257 ponitur.
586 2216 669 2247 Haec
685 2215 791 2246 omnia
807 2215 1041 2256 obligavith'Ia-

177 2257 273 2298 gister
292 2260 322 2288 ὅ(
339 2258 479 2299 obligare
497 2257 614 2297 potuit.
654 2256 859 2288 Instrumenta
877 2257 960 2288 salua
979 2266 1042 2287 cre-

176 2298 355 2336 (litoribus,
389 2309 453 2330 non
480 2298 635 2339 Magistro
661 2298 713 2328 vel
734 2298 964 2329 exercitoribus
990 2306 1040 2328 ce-

177 2340 252 2371 dere
275 2339 370 2371 etiam
389 2340 426 2372 ab
440 2340 510 2372 aliis
529 2337 776 2371 animadversum
790 2338 835 2370 est
857 2339 925 2380 (5).

887 116 995 144 VAN

220 2389 277 2420 Ait
294 2387 459 2427 definitio,
477 2387 607 2428 fistilvcz
624 2389 778 2419 advenerit
803 2389 834 2419 in
853 2389 943 2419 locum
961 2386 1046 2430 desii-

178 2437 292 2461 narum.
337 2429 446 2467 Unde,
469 2430 489 2462 fi
506 2429 739 2470 navigationem
759 2430 885 2462 mutarit
903 2430 932 2461 ὃς
948 2431 1044 2470 perie-

178 2472 236 2508 rit,
263 2470 342 2502 nihil
362 2471 558 2510 periclitatur
576 2471 714 2502 creditor
738 2470 758 2501 l.
776 2480 807 2512 3.
833 2471 863 2502 C.
887 2472 920 2502 de
946 2471 1043 2503 Nam.

171 2512 248 2552 soen.
275 2520 309 2542 ut
331 2521 433 2552 neque
453 2511 651 2543 Affecurator
668 2535 677 2550 ‚
712 2511 734 2544 ss
762 2512 957 2544 exercitores
980 2523 1044 2545 mu-

180 2561 246 2584 tare
278 2552 432 2592 jubeant,
469 2553 731 2593 quemadmodum
760 2553 881 2593 plenius
912 2554 1043 2593 audies,

180 2594 272 2625 Libro
295 2593 352 2624 IV.
385 2593 476 2625 variis
503 2593 591 2624 locis.
637 2593 697 2625 Sed
722 2593 743 2625 si
767 2595 896 2626 mutarit
919 2595 1045 2634 quidem

179 2633 390 2666 destinatione
407 2656 418 2673 ,
445 2633 496 2666 sed
520 2634 606 2664 navis
632 2634 784 2674 perierit,
814 2635 887 2666 dum
917 2636 1045 2667 eandem

179 2676 283 2707 adhuc
308 2675 469 2715 navigaret
489 2674 590 2712 viam,
615 2683 682 2715 quae
709 2674 746 2705 ad
774 2675 901 2713 locum,
923 2676 961 2706 de
982 2686 1045 2717 quo

181 2717 355 2754 convenit,
380 2717 487 2755 ducit,
511 2716 608 2755 magis
635 2714 698 2755 est,
730 2716 864 2748 utnulla
886 2716 923 2748 fit
942 2718 1045 2755 acuo,

183 2758 214 2790 &
232 2758 276 2789 ita
299 2757 474 2796 responsum
493 2757 522 2789 ὅς
542 2756 715 2795 judicatum
739 2755 783 2788 est
805 2756 907 2795 Cunstl.
933 2758 979 2789 II.
1008 2758 1041 2789 T.

180 2799 237 2831 JV.
264 2798 368 2837 Consti.
395 2808 464 2830 110.
499 2797 589 2838 plane
613 2806 648 2829 ut
673 2798 703 2828 in
726 2797 950 2829 assecuratione
967 2822 976 2837 ,
1001 2798 1044 2830 se-

179 2840 317 2871 cundum
329 2849 382 2877 ea,
408 2850 475 2881 quaa
495 2838 595 2870 dicam
614 2838 653 2870 L.
668 2838 723 2870 lv.
753 2840 783 2870 C.
802 2849 832 2880 53.
855 2840 1041 2881 zyIchclices.

179 2881 239 2912 Sed
262 2880 284 2912 fi
306 2889 453 2921 coeptam
476 2879 710 2919 navigationem
734 2881 885 2919 mutarit,
913 2888 945 2911 ut
963 2880 1043 2912 Dio-

180 2921 342 2961 nviidorus
366 2922 419 2953 ille
442 2921 522 2962 apud
547 2920 793 2952 Demosthenem
820 2922 851 2952 in
872 2921 959 2953 Orat.
979 2932 1043 2952 con-

181 2970 229 2993 zm
241 2961 501 3003 Dl0723stclorztrtip.
519 2971 556 2992 m.
574 2967 646 3002 738.
660 2961 820 3003 &quq.&
840 2971 942 2994 tamen
962 2962 1042 2995 salva

180 3004 342 3044 navigavit
362 3004 471 3043 navis,
505 3002 707 3035 lvlcrcutores
727 3004 1041 3036 Amilerdammcui‘es

298 3125 375 3154 Voct
393 3127 426 3156 acl
447 3126 500 3156 Tit.
517 3126 557 3166 ff.
579 3127 611 3156 de
630 3127 717 3158 Naue.
731 3127 828 3157 Foemr.
850 3137 876 3156 n.
899 3135 925 3163 3.

301 3162 393 3199 Confil.
414 3166 454 3193 H.
479 3165 509 3195 T.
531 3167 580 3194 lV.
604 3165 696 3203 Corfil.
720 3175 781 3196 110.
804 3175 831 3195 n.
853 3174 881 3195 2.

217 3121 276 3158 (s)

217 3162 280 3197 (6)

214 3199 274 3237 (7)
294 3201 414 3231 Vinnius
443 3202 478 3231 ad
503 3204 638 3233 recinam
664 3205 694 3235 de
723 3205 763 3234 Re
795 3205 903 3236 satirica
925 3205 952 3233 in
973 3205 991 3233 l.
1014 3211 1041 3235 ι.

1069 106 1678 144 BYNKERSHOEK

1084 198 1135 226 26.
1154 192 1232 234 Maj.
1253 198 1341 227 1602.
1365 194 1590 236 responderunt
1613 195 1690 236 (6),
1713 195 1860 229 creditori
1879 207 1941 234 non

1083 236 1152 276 plus
1173 234 1275 275 solvi,
1297 246 1389 277 quam
1412 236 1493 273 vice,
1514 236 1553 266 de
1574 246 1632 276 qua
1648 239 1799 270 convenit
1818 262 1828 278 ,
1853 240 1937 271 navi-

1083 283 1187 317 gatum
1205 276 1257 308 est.
1295 278 1391 320 Quod
1407 277 1483 308 mihi
1503 276 1671 309 ridiculum
1688 278 1819 311 videtur.
1856 280 1942 321 Quid

1083 327 1184 358 ergo,
1215 317 1237 350 fi
1266 319 1343 350 nihil
1371 319 1551 359 navigatum
1578 318 1615 349 fit
1637 341 1646 356 ,
1675 319 1754 351 nihil
1783 319 1941 354 solvetur:

1083 357 1228 390 Duorum
1259 360 1423 390 voluntate
1457 359 1654 392 contractum
1691 361 1780 393 unius
1815 362 1942 395 diil'olvi

1083 399 1222 441 iniquum
1239 398 1294 431 est.
1339 400 1382 432 Et
1399 400 1473 441 quid
1487 401 1519 431 in
1538 399 1841 435 ass'ecurationibus‘?
1863 403 1943 436 nihil

1083 440 1203 481 praemii
1228 440 1337 471 reddet
1352 441 1569 480 Assecurator,
1593 441 1615 473 fi
1643 442 1726 473 viam
1745 444 1873 475 mutarit
1894 444 1943 476 ad-

1083 481 1260 513 versarius?
1284 481 1457 522 periculum
1477 483 1560 514 enim
1580 481 1752 523 susceptum
1771 483 1835 522 est,
1856 485 1940 526 quod

1083 522 1156 553 navi
1173 522 1316 554 eveniret
1338 532 1372 554 ea
1389 523 1420 555 in
1440 524 1510 561 via;
1529 523 1550 555 fi
1572 524 1633 554 alio
1649 524 1857 565 navigaverit,
1881 525 1944 558 five

1083 562 1183 603 salva,
1206 563 1270 595 five
1292 564 1437 604 perierit,
1463 574 1559 605 quum
1585 565 1637 595 via
1655 587 1665 602 ,
1696 565 1734 596 de
1782 575 1818 598 ua
1840 566 1942 600 actum

1084 603 1148 643 est,
1172 605 1252 636 nihil
1277 605 1380 637 damni
1403 605 1521 637 faetum
1545 605 1581 636 fit
1604 628 1613 644 ,
1647 605 1762 637 manife
1791 617 1840 639 um
1873 607 1917 640 est
1929 619 1946 648 ‚¹

1082 646 1166 677 recte
1190 647 1249 686 agi.
1296 646 1356 678 Sed
1375 646 1570 678 mercator-iis
1588 646 1720 686 ingeniis
1745 648 1868 689 inquum
1891 650 1939 682 vi-

1086 686 1151 718 sum
1178 687 1242 725 est,
1267 687 1404 728 pretium
1428 687 1559 727 periculi
1588 697 1681 728 quem
1704 697 1833 730 capere,
1857 691 1942 731 quod

1084 737 1149 760 non
1180 729 1274 767 tulit,
1299 728 1350 760 via
1370 729 1475 767 enim,
1497 737 1558 770 qua
1572 737 1636 760 non
1653 729 1713 761 ivit
1733 731 1837 771 navis,
1861 732 1941 765 nihil

1083 770 1258 811 periclitata
1275 769 1330 802 est.

1127 810 1302 843 Creditoris
1320 811 1351 843 in
1373 811 1538 852 traJeftitia
1555 812 1688 853 pecunia
1710 814 1879 854 periculum
1896 813 1942 847 est

1084 861 1100 882 a
1121 852 1223 892 primo
1251 853 1324 884 loco
1339 876 1349 892 ,
1383 854 1463 885 unde
1489 854 1687 895 enavigatur,
1719 855 1756 886 ad
1773 856 1941 896 ultimum,

1084 893 1135 924 ubi
1156 893 1217 924 iter
1233 893 1350 926 finitur.
1398 895 1428 926 Si
1444 903 1519 935 ergo
1532 895 1621 936 plura
1637 896 1705 927 loca
1721 895 1796 935 sint,
1821 905 1941 929 coutra-

1083 935 1135 966 &u
1151 934 1311 975 expressa,
1335 935 1540 976 intelligimus
1558 944 1618 967 non
1632 936 1745 969 cessare
1760 937 1943 978 periculum,

1083 974 1138 1007 nifi
1164 976 1250 1008 navis
1274 977 1452 1017 pervenerit
1487 986 1527 1008 eo
1544 1000 1554 1015 ,
1583 986 1646 1018 quo
1672 978 1796 1010 tandem
1813 977 1946 1011 destina-

1084 1025 1149 1048 tum
1171 1016 1225 1048 est.
1286 1016 1385 1058 Finge
1411 1027 1502 1057 eum,
1532 1019 1582 1059 qui
1609 1017 1722 1051 Hostia
1745 1020 1945 1061 navigaturus

1083 1056 1127 1088 est
1143 1057 1384 1099 Carthaginem,
1422 1059 1452 1090 &
1476 1059 1546 1090 inde
1573 1059 1808 1100 Alexandriam,
1832 1061 1875 1093 ibi
1899 1059 1946 1110 s9-

1083 1098 1237 1130 lutionem
1263 1099 1432 1139 promiliffe
1448 1124 1457 1138 ,
1489 1109 1552 1131 non
1579 1101 1725 1140 nocebit,
1756 1101 1947 1142 Carthagine

1084 1139 1282 1177 exonerass'e,
1305 1140 1327 1176 fi
1348 1141 1427 1172 inter
1445 1140 1666 1181 Carthaginem
1679 1144 1709 1175 ὃς
1722 1143 1943 1175 Alexandriam

1084 1180 1171 1211 navis
1186 1180 1329 1221 perierit,
1361 1182 1391 1212 ὥς
1412 1181 1456 1212 ita
1475 1181 1653 1222 responsum
1670 1184 1699 1214 ἃ
1713 1184 1883 1224 judicatum
1899 1183 1945 1216 est

1087 1219 1191 1259 Consti.
1217 1220 1263 1252 H.
1291 1220 1324 1252 T.
1350 1221 1406 1252 IV.
1434 1220 1536 1259 Consti.
1558 1231 1625 1253 110.
1651 1223 1790 1264 alioquin
1805 1232 1885 1266 quot
1899 1226 1946 1256 lo·

1085 1271 1121 1292 ca
1136 1261 1306 1299 adeuntur,
1329 1267 1370 1292 tot
1384 1262 1576 1304 Bodemeryen
1591 1263 1653 1295 effe
1670 1265 1815 1305 poss'unt,
1838 1267 1869 1297 in
1887 1265 1945 1298 hac

1085 1310 1189 1334 autem
1209 1302 1311 1344 specie
1327 1303 1486 1344 navigatio
1503 1313 1563 1335 una
1578 1303 1643 1343 est,
1655 1306 1744 1346 cujus
1763 1314 1863 1347 partes
1879 1306 1946 1348 plu-

1084 1354 1154 1383 res,
1175 1353 1304 1385 quarum
1324 1346 1463 1376 omnium
1481 1346 1657 1385 periculum
1676 1345 1852 1387 susceptum
1877 1347 1944 1388 est,

1084 1395 1187 1426 neque
1204 1385 1234 1416 id
1257 1385 1399 1425 finitum,
1425 1385 1479 1417 nisi
1502 1386 1709 1420 Alexandriae.
1754 1388 1885 1430 Neque,
1910 1397 1946 1420 ut

1044 1446 1047 1449 .
1084 1427 1169 1466 dixi,
1188 1435 1284 1458 nocet
1296 1449 1307 1464 ‚
1324 1427 1512 1467 Carthagine
1528 1436 1733 1460 exoneratum
1749 1429 1830 1469 effe,
1849 1438 1946 1471 quum

1085 1469 1144 1500 alia
1162 1468 1384 1500 Alexandriam
1410 1469 1501 1499 eundi
1524 1469 1604 1500 ratio
1625 1479 1688 1501 non
1714 1469 1830 1509 fucrit,
1851 1479 1946 1503 nemo

1086 1510 1187 1548 enim,
1199 1508 1312 1541 Hostia
1330 1509 1550 1541 Alexandriam
1574 1511 1794 1551 navigaturus,
1816 1511 1944 1544 Cartha-

1084 1552 1192 1593 ginem
1220 1551 1291 1582 ideo
1314 1551 1456 1588 accedit,
1478 1550 1539 1582 hoc
1561 1551 1656 1592 igitur
1673 1552 1774 1584 astum
1797 1553 1945 1595 intelligi-

1086 1602 1155 1631 tur,
1179 1600 1215 1624 ut
1236 1602 1314 1624 onus
1338 1591 1506 1624 Hostiense
1538 1591 1726 1634 Carthagine
1742 1616 1754 1633 ,
1784 1594 1944 1636 Carthagi-

1084 1632 1178 1667 nense
1201 1633 1400 1666 Alexandr-ize
1418 1642 1647 1674 exponeretur,
1672 1635 1702 1667 δε
1719 1635 1761 1667 fic
1775 1644 1899 1677 quoque
1913 1635 1945 1668 in

1085 1674 1208 1716 specie,
1231 1675 1269 1706 de
1288 1685 1347 1715 qua
1363 1675 1464 1716 agitur
1489 1676 1516 1706 d.
1545 1673 1646 1713 Consti.
1675 1684 1745 1709 110.
1918 1692 1923 1701 ι
1944 1680 1947 1683 “

1127 1717 1250 1748 Mirum
1267 1716 1329 1747 ess'e
1355 1716 1478 1757 quidam
1505 1716 1663 1748 Profeli'or
1687 1717 1763 1758 juris
1788 1718 1942 1760 <7)ait‚
1981 1750 1984 1755 ,

1085 1756 1151 1788 cur‘
1161 1756 1347 1798 posteriores
1363 1757 1536 1799 Boclemcry-
1550 1757 1677 1789 BrIeven
1693 1759 1811 1800 priores
1828 1769 1942 1802 praece-

1084 1799 1169 1830 dant.
1214 1799 1274 1830 Sed
1294 1808 1349 1830 cur
1366 1799 1514 1839 impensae
1532 1799 1563 1830 in
1589 1809 1655 1831 rein
1678 1799 1944 1840 conservandam,

1086 1840 1177 1881 paeto
1199 1840 1329 1881 pignore
1347 1862 1358 1879 ,
1386 1841 1614 1881 antiquioribus
1641 1841 1862 1881 praeferantur,
1885 1841 1944 1882 JC·

1088 1890 1192 1913 torum
1215 1885 1344 1913 miratur
1377 1891 1470 1913 nemo
1489 1904 1498 1916 .
1532 1882 1561 1912 &
1593 1883 1745 1914 rationein
1773 1883 1944 1922 expedivit.

1087 1922 1240 1963 Ulpianus
1257 1923 1324 1955 inl.
1346 1926 1378 1955 6.
1397 1929 1444 1963 pr.
1464 1922 1504 1964 ff.
1530 1921 1593 1970 Qui
1609 1929 1671 1964 pot.
1693 1925 1724 1954 in
1742 1925 1808 1967 pig.
1834 1924 1867 1956 ld
1889 1933 1944 1966 po-

1088 1964 1151 1994 tius
1169 1965 1287 2001 miror,
1310 1964 1395 2005 quod
1414 1964 1468 1996 ille
1483 1964 1548 2004 ipse
1571 1965 1632 2003 ait,
1656 1966 1708 1997 dat
1722 1975 1773 1997 een
1794 1965 1946 2008 Byl-brief

1086 2015 1155 2036 voor
1176 2015 1228 2036 een
1255 2005 1411 2046 Boclemery
1435 2005 1513 2045 brief
1532 2012 1606 2048 gam
1627 2016 1636 2044 3
1661 2016 1731 2038 nam
1757 2017 1798 2038 ex
1821 2007 1945 2039 ratione

1087 2047 1245 2078 communi
1265 2047 1459 2084 diceremus,
1483 2047 1522 2077 τήν
1544 2048 1697 2088 Byl-brief
1709 2048 1818 2080 cedere
1835 2051 1864 2084 τῇ
1890 2047 1945 2081 Βο-

1086 2088 1296 2129 demery-brief
1312 2111 1321 2127 ,
1347 2097 1406 2119 nec
1435 2088 1526 2119 aliter
1550 2089 1650 2120 adhuc
1678 2089 1782 2121 didici.
1837 2088 1947 2122 Habet:

1087 2129 1213 2169 quidem
1229 2130 1304 2170 quid
1319 2129 1530 2169 praecipuum,
1553 2130 1605 2171 qui
1637 2131 1668 2162 in
1690 2140 1802 2162 navem
1829 2129 1946 2162 exstru-

1086 2170 1196 2201 endam
1215 2171 1366 2209 credidit,
1391 2179 1502 2211 nempe
1526 2171 1726 2213 privilegium
1746 2172 1826 2204 inter
1841 2171 1946 2204 chiro-

1085 2211 1265 2251 grapharios
1282 2213 1301 2243 l.
1328 2215 1377 2243 26.
1403 2211 1439 2246 ὅ)
1462 2221 1514 2253 34.
1536 2212 1572 2252 ff.
1597 2213 1630 2243 de
1658 2213 1758 2245 Rebus
1779 2212 1855 2244 aaa.
1875 2214 1941 2256 Jud.

1080 2252 1178 2293 poffid.
1202 2253 1260 2285 Per
1275 2262 1326 2285 me
1344 2254 1419 2285 licet
1435 2253 1545 2284 habeat
1560 2254 1590 2285 ἅ
1614 2253 1734 2295 pignus,
1752 2254 1772 2286 fi
1793 2254 1824 2285 id
1841 2255 1946 2295 paclus

1085 2292 1142 2332 iit,
1167 2293 1218 2325 sed
1237 2304 1300 2337 quo
1322 2295 1390 2335 jure
1416 2295 1446 2326 ὃς
1472 2295 1501 2325 ei
1523 2294 1732 2335 proeferctur,
1764 2295 1815 2336 qui
1841 2297 1871 2327 in
1897 2295 1945 2336 pi-

1087 2343 1164 2375 gnus
1180 2335 1267 2370 suum
1285 2335 1467 2368 servandum
1482 2336 1640 2367 credidit?
1665 2335 1814 2368 Ceterum
1827 2337 1866 2368 de
1878 2337 1945 2377 jure

1087 2382 1133 2418 σῖ
1153 2386 1472 2427 Bodemery-Brieven,
1495 2386 1525 2418 in
1539 2385 1645 2427 primis
1661 2385 1794 2416 notanda
1813 2383 1858 2416 est
1874 2385 1942 2417 Ma-

1087 2427 1232 2470 gistratus
1254 2427 1557 2459 Amsterdammenfis
1581 2425 1718 2467 Epistula
1742 2425 1818 2465 (8),
1850 2434 1942 2466 quam

1089 2478 1139 2509 25.
1162 2469 1226 2509 Jan.
1252 2472 1341 2500 1621.
1367 2468 1404 2500 ad
1425 2469 1567 2508 judicum
1588 2465 1843 2499 Enchusanorum
1868 2476 1943 2499 con-

1088 2510 1290 2542 sultationem
1318 2508 1471 2551 rescripfit
1485 2531 1496 2547 ,
1525 2517 1584 2549 qua
1600 2507 1662 2546 ait3
1685 2508 1736 2538 dat
1751 2507 1871 2549 volgem
1892 2510 1944 2540 Co-

1081 2551 1188 2593 Jluz'me
1211 2552 1316 2583 altmar
1335 2550 1654 2592 Bodemery-Jn·z·evm‚
1677 2548 1812 2579 verleclen
1830 2550 1865 2590 by
1887 2551 1945 2581 den

1089 2594 1216 2624 debilem·
1235 2593 1329 2623 alleen
1347 2614 1357 2630 ,
1389 2592 1422 2631 os
1445 2593 1586 2622 benavem
1601 2590 1676 2629 Jyne
1701 2591 1945 2633 onelerteeltening

1089 2633 1229 2674 beve-stige
1245 2643 1280 2664 en
1297 2633 1447 2674 geteekem
1464 2631 1547 2671 hyde
1566 2630 1644 2660 hana
1655 2640 1716 2661 ‘um
1732 2640 1785 2662 een
1798 2631 1942 2671 Nexaris,

1088 2685 1157 2706 vom·
1187 2675 1318 2714 loopemle
1340 2673 1481 2714 schzaelden
1518 2672 1638 2701 werden
1670 2672 1883 2714 gepraefereert
1910 2683 1924 2705 ο

1088 2717 1157 2748 hare
1175 2715 1367 2756 hypothekerz,
1392 2723 1427 2744 en
1444 2713 1546 2743 vorder
1560 2713 1639 2750 niet,
1663 2723 1699 2743 en
1718 2714 1769 2744 dat
1783 2715 1818 2745 de
1839 2678 1945 2756 laatflg

1089 2757 1379 2796 Bodemery-hrieven
1403 2763 1471 2785 ’σοον
1495 2755 1527 2784 cic·
1553 2751 1638 2793 eerste
1663 2755 1782 2786 worden
1804 2756 1942 2796 geprafe-

1087 2803 1162 2829 νεᾶνι
1175 2819 1184 2835 ,
1208 2803 1257 2827 ten
1273 2806 1354 2827 ware
1371 2797 1406 2837 by
1421 2796 1476 2826 alen
1493 2795 1621 2825 debitara·
1636 2818 1645 2833 ,
1670 2801 1727 2826 met
1748 2805 1798 2826 een
1807 2797 1894 2837 thip
1909 2802 1944 2838 op

1078 2840 1177 2880 Jiekere
1195 2838 1296 2877 placzts
1319 2837 1460 2878 leggenda·
1482 2859 1491 2874 ‚
1524 2838 1631 2866 binnan
1647 2835 1747 2876 sekere
1770 2837 1870 2868 leorten
1892 2838 1944 2879 lyd

1087 2889 1148 2910 ‘mm
1165 2885 1218 2920 agr
1236 2878 1269 2918 os
1281 2878 1360 2908 thien
1375 2879 1470 2919 <lagen
1489 2887 1556 2907 voor
1572 2879 1617 2907 laet
1638 2878 1753 2908 vertrel:
1771 2887 1831 2908 van
1849 2879 1869 2909 't
1886 2879 1942 2910 zel-

1085 2930 1121 2952 ve
1131 2920 1217 2961 scth
1234 2942 1243 2955 ‚
1267 2928 1342 2949 meer
1362 2918 1662 2958 Boawncry-BrI'ewn
1685 2927 1788 2949 twczren
1808 2920 1943 2951 verleclen

1085 2970 1146 2992 van
1163 2960 1324 3001 verscbeia'e
1342 2961 1460 2999 datram,
1484 2961 1517 2989 m
1539 2959 1653 2990 werten
1669 2959 1786 3002 gevczlle
1808 2962 1841 2991 tle
1860 2961 1942 2992 κείω

1085 3003 1240 3043 Bodemery
1260 3001 1413 3033 -Brieven
1441 3006 1549 3032 Μυσίου
1578 3010 1774 3033 concurrerem.
1818 3000 1942 3033 lzlorum

1864 3051 1945 3083 pinu-

1085 3127 1108 3165 §.
1128 3133 1153 3160 7.
1168 3124 1207 3163 ff.
1231 3125 1261 3154 de
1281 3125 1398 3154 Exercit.
1420 3124 1482 3153 Aft.
1503 3123 1544 3151 lic.
1569 3123 1602 3152 A.

1121 3165 1182 3202 (8)
1204 3164 1286 3194 In-a'e
1306 3164 1417 3194 Handv.
1438 3172 1491 3191 van
1509 3159 1644 3199 Amsterd.
1669 3164 1751 3191 1662.
1771 3170 1799 3199 p.
1822 3161 1882 3195 189.
