2008 3436
202 122 267 163 173
469 109 865 151 CORNELII
931 116 1038 145 vau

198 208 278 236 rer-u,
301 204 333 229 ut
351 198 449 229 domus
474 197 635 239 legatorum
653 190 715 232 sint
744 191 838 232 Asyla
855 190 1055 230 improborum.

196 239 240 270 Et
261 239 364 270 addit:
390 238 425 271 Id
443 240 516 279 quod
535 238 581 268 cui
596 237 638 267 rei
658 236 814 265 inventum
833 233 929 262 dicam
939 253 950 269 ,
974 235 1054 260 tlt-en-

199 281 232 311 du
248 281 342 311 decori·
359 279 541 322 legationis?
564 276 697 308 ridicule.
726 274 829 304 Potius
847 273 884 303 ad
896 277 1056 312 proponen-

198 323 265 352 dum
283 321 320 356 52⁹
342 332 409 353 vere
437 318 629 362 praesttmclum
647 316 806 357 sceleribus
832 315 1056 354 impunitatem3

197 372 258 407 qast
280 364 378 404 utique
406 366 603 403 provocantur
628 358 677 388 hoc
698 356 857 397 perfugit),
879 356 928 385 ubi
947 353 1056 384 homini

191 402 310 445 scelesto
333 414 390 435 non
402 404 497 444 Jblmn
514 408 573 432 tuto
589 398 661 440 effe,
675 398 729 439 steti
745 396 780 431 &⁹
796 393 998 436 Marriflratus
1013 403 1056 424 co-

197 445 306 476 hortem
324 447 472 482 inridere,
495 445 559 474 eive
573 442 681 482 probra
694 440 812 481 jacere,
835 419 874 472 ἐξ
885 438 981 467 minas
997 444 1056 465 ma-

193 494 297 528 nusque
315 488 464 518 intendere
491 485 578 520 licet,
601 478 721 521 oppofito
740 480 854 510 nomine
873 476 910 512 &³
930 475 1056 507 austori-

193 533 253 558 tute
277 529 388 570 legati,
412 537 457 558 res
483 524 544 565 est,
561 522 590 562 fi
612 530 714 552 ‘verum
726 520 824 560 fateri
839 520 926 557 licet,
945 515 1057 558 peffimi

192 571 325 614 ereazpli.
343 569 403 601 Sed
415 565 576 599 honestam
592 564 671 595 hanc
690 562 866 593 orationem
885 568 961 590 mox
981 567 1056 589 con-

191 613 317 650 ipurcat
334 611 441 650 inepta
456 606 656 639 distinetione
676 603 758 634 inter
769 602 899 634 crimina
909 598 1055 639 Majesta-

191 652 250 691 tis,
274 653 373 683 aliave
391 649 566 685 atrociora,
584 646 613 678 δε
630 653 700 685 quae
716 644 818 675 minus
837 641 956 673 atrocia
973 639 1055 679 sunt,

193 701 228 723 ut
255 693 286 724 in
307 692 388 729 illis,
410 701 474 722 non
495 690 525 720 in
549 688 595 720 his
614 685 779 717 extrahere
806 684 918 717 liceret
933 681 1055 713 facino-

192 732 299 772 rosos;
324 742 392 773 qua:
414 729 571 762 distinetio
594 737 653 760 nec
669 726 826 757 rationem
840 747 851 762 ‚
873 733 932 755 nec
949 723 1055 754 austo-

188 775 316 806 ritatem
334 774 429 805 ullam
447 773 552 803 habet„
597 768 765 802 Zoucheus
781 767 854 808 Jur.
880 764 990 796 Fecial.
1010 765 1056 794 in-

194 821 240 846 ter
272 815 361 847 Gent.
394 814 481 845 Part.
518 811 557 844 ΙΙ.
592 809 667 842 Seri.
699 818 730 848 4.
753 818 783 840 n.
810 816 860 839 21.
886 805 1055 837 sententias

191 855 300 888 Grotii
319 856 349 888 ὃς
367 854 541 891 Pasclialii,
566 852 596 884 <St
617 849 752 883 Abundii
774 848 958 885 historiam,
983 855 1055 886 quae

193 898 343 939 exemplo
364 895 481 935 fuerit,
504 892 648 927 recitasse
673 898 863 928 contentuS‚
886 887 965 921 nihil
989 885 1055 928 ipse

190 939 318 978 definit,
344 945 379 970 ut
398 947 506 979 parum
535 935 616 967 solet
645 942 686 964 ex
714 931 769 963 suo
792 930 919 972 ingenio
938 928 1052 970 sapere.

189 981 292 1019 Sane,
315 980 334 1012 s1
362 988 403 1011 ex
430 979 553 1010 ratione
578 984 723 1017 agamus,
745 973 879 1010 dubito,
906 980 942 1002 an
965 970 1055 1011 quic-

190 1031 283 1062 quam
301 1021 399 1062 magis
425 1019 549 1051 fatuum
570 1014 745 1058 excogitari
763 1013 874 1055 poffit,
897 1021 989 1052 quam
1005 1011 1055 1051 jus

191 1063 280 1105 Asyli
310 1063 485 1102 legatorum
518 1059 636 1092 aedibus
668 1055 815 1088 tribuere.
861 1053 966 1085 Pauca
983 1051 1054 1083 sunt

188 1105 267 1136 adeo
300 1103 448 1141 absurda,
474 1110 509 1133 ut
535 1110 600 1133 non
621 1099 723 1139 aliqua
741 1096 850 1128 saltem
869 1094 989 1126 ratione
1009 1093 1054 1125 ni-

190 1152 317 1183 tantur,
341 1145 403 1176 hoe
430 1151 535 1175 autem
564 1151 624 1183 qua
652 1141 772 1171 nitetur
795 1137 812 1169 ?
841 1136 892 1167 dic
916 1135 1053 1175 aliquem

189 1187 280 1220 sodes
307 1186 358 1217 hic
382 1184 580 1231 Quintiliane
606 1181 759 1213 colorem.
805 1177 979 1218 Legatine,
1017 1182 1053 1206 ut

191 1230 330 1261 latrones
359 1226 531 1267 recipiant,
554 1220 751 1256 mittuntur?
771 1219 826 1250 vel
848 1228 886 1250 an
917 1216 980 1249 fine
1007 1225 1053 1247 re-

189 1269 339 1311 ceptione
355 1266 524 1299 commode
535 1263 686 1305 legationi
704 1269 817 1292 vacare
829 1269 893 1291 non
905 1256 1052 1299 poffunt‘?

187 1311 274 1343 dices
290 1308 440 1346 fortasse,
465 1305 668 1347 inquisitione
693 1302 807 1333 aedium
827 1301 965 1341 legatum
987 1305 1052 1329 tur-

191 1352 268 1384 bari.
301 1349 424 1390 Nugae:
449 1356 508 1380 nec
526 1346 610 1378 enim
631 1343 729 1384 magis
747 1342 912 1381 turbantur
925 1363 936 1379 ,
961 1348 1053 1380 quam

190 1392 243 1426 alii
271 1396 505 1431 receptatores,
530 1388 580 1427 ὃς,
603 1385 625 1418 fi
651 1384 746 1426 legati
776 1392 839 1415 non
866 1381 925 1414 lint
944 1389 1052 1420 recep-

190 1442 308 1467 tatores
326 1454 337 1470 ,
368 1431 406 1462 ad
431 1439 504 1462 eum
528 1439 585 1460 cur
609 1428 726 1468 magis,
752 1434 844 1466 quam
875 1423 912 1455 ad
936 1421 1052 1459 alium,

188 1473 380 1514 confugiunt
401 1469 599 1504 facinorosi?
622 1468 735 1500 deinde
753 1466 822 1507 quis
841 1465 902 1496 erit
920 1463 1051 1494 exitus?

188 1525 224 1548 ut
241 1514 305 1557 ipse
321 1514 442 1556 legatus
464 1509 678 1545 facinorosum
697 1508 808 1550 puniat
826 1507 880 1538 vel
899 1504 1049 1537 dimittat.

189 1558 232 1591 At
256 1556 367 1598 punire
384 1554 494 1595 nequit
506 1576 519 1593 ,
541 1552 614 1595 quia
629 1549 715 1592 ipse,
740 1549 771 1581 ὃ(
787 1548 839 1589 qui
859 1556 932 1579 eum
949 1545 1051 1585 mifit,

188 1598 270 1640 apud
296 1607 353 1629 nos
382 1595 630 1637 iurisdietionem
660 1600 726 1624 non
758 1590 894 1628 habent,
918 1587 1050 1627 utique,

186 1648 224 1673 ut
241 1640 323 1672 inter
340 1647 450 1670 omnes
466 1637 589 1670 constat
601 1659 611 1675 ,
625 1642 689 1667 non
708 1633 739 1664 in
759 1630 899 1663 subditos
917 1628 1055 1666 nostros,

187 1681 240 1723 qui
262 1680 342 1721 apud
372 1689 431 1711 nos
455 1678 653 1720 delinquunt.
697 1674 729 1706 Si
757 1672 899 1704 dimittat
919 1693 931 1710 ,
963 1670 1054 1703 exuit

188 1732 247 1755 nos
267 1720 486 1763 jurisdiCtione
511 1719 619 1752 nostra
638 1716 671 1748 in
687 1714 831 1747 subditos
851 1712 994 1751 nostros,
1021 1712 1053 1743 in

185 1773 243 1802 re,
265 1772 336 1804 quae
363 1771 424 1794 nec
448 1761 486 1792 ad
508 1758 645 1804 legatum
661 1782 671 1797 ,
702 1766 763 1789 nec
795 1755 832 1786 ad
861 1754 1052 1795 legationem

187 1806 355 1846 quicquam
376 1803 535 1845 pertinet,
567 1803 597 1834 ἃ
618 1798 670 1832 cui
694 1798 726 1830 se
751 1798 930 1838 importune
951 1795 1052 1827 immi-

186 1847 263 1880 scet.
290 1846 406 1878 Omnia
424 1845 599 1885 legatorum
616 1840 731 1883 privile
755 1839 803 1877 ia,
827 1837 940 1878 quibus
959 1845 1051 1869 utun-

187 1897 238 1922 tur
262 1897 303 1919 ex
327 1887 426 1919 tacito
446 1886 600 1919 Gentium
619 1879 734 1914 consen
752 1890 790 1918 u,
815 1888 880 1913 non
903 1878 967 1909 alio
990 1877 1053 1910 fine

186 1936 367 1970 comparata
391 1926 480 1968 sunt,
506 1935 598 1969 quam
620 1932 656 1955 ut
678 1929 749 1954 tuto
768 1921 831 1953 fine
847 1929 992 1958 remora,
1016 1919 1051 1952 fi-

187 1982 228 2008 ne
251 1970 478 2011 impedimento
504 1969 686 2009 cujusquam
709 1962 817 1995 officio
847 1960 903 1993 suo
920 1959 1052 2002 fungan-

187 2023 249 2048 tur.
296 2010 425 2044 Poss'unt
442 2019 547 2042 autem
567 2015 639 2040 tuto
654 2004 767 2046 fungi,
791 2001 911 2035 etiamsi
930 2000 1051 2034 facino-

187 2055 277 2090 rosos
301 2062 365 2084 non
392 2052 561 2092 recipiant,
585 2058 644 2081 nee
669 2045 859 2082 occultent,
878 2052 939 2076 nec
964 2043 1050 2075 Prin-

190 2096 274 2138 cipi,
298 2091 379 2134 a'pud
397 2102 489 2134 quem
513 2091 605 2128 sunt,
628 2090 837 2121 intervertant
857 2084 1048 2125 jurisdictio-

186 2147 258 2172 nem
271 2157 288 2174 ,ψ
306 2143 374 2166 non
395 2134 428 2165 in
454 2132 501 2165 sui
527 2132 578 2163 vel
598 2130 744 2166 suorum,
769 2134 800 2158 at
827 2125 935 2163 tertii,
958 2124 997 2156 ad
1017 2123 1050 2156 se

185 2190 251 2213 non
266 2175 458 2217 petinentis,
496 2174 614 2205 ratiam.
632 2170 692 2203 Sed
710 2167 864 2209 ejusmodi
881 2167 950 2198 haec
965 2165 1050 2204 sunt,

187 2229 225 2254 ut
242 2220 299 2251 vix
315 2216 423 2249 seriam
440 2216 471 2248 di
488 2214 686 2257 putationem
702 2208 881 2242 desiderent.

229 2262 380 2294 Attamen
400 2258 426 2290 is
438 2256 527 2289 furor
542 2255 624 2296 saepe
641 2254 782 2294 legatos,
799 2259 950 2282 eorumve
962 2249 1048 2282 Prin-

187 2305 279 2346 cipes
298 2299 485 2340 occupavit,
509 2306 546 2329 ut
564 2306 629 2328 non
650 2301 772 2326 tantum
793 2291 912 2323 aedibus
932 2290 1045 2332 legati,

187 2345 239 2380 sed
262 2343 292 2375 ἅ
316 2341 445 2382 integris
467 2340 551 2371 circa
577 2346 629 2369 eas
652 2345 685 2367 re
708 2333 833 2366 ionibus
849 2332 878 2364 &
902 2333 982 2363 vicis
998 2331 1047 2373 jus

188 2385 279 2429 Asyli
307 2383 454 2414 tribuant.
501 2379 638 2412 Tacitus
701 2375 785 2406 mzczl.
820 2374 891 2406 Lib.
921 2373 977 2405 III.
1012 2372 1045 2404 C.

187 2432 240 2460 62.
264 2434 329 2457 non
352 2423 447 2455 modo
475 2422 600 2463 templis
625 2416 832 2460 quibusdam,
857 2413 909 2446 sed
923 2413 1048 2446 duobus

188 2467 328 2501 millibus
339 2464 478 2505 passuum
498 2462 692 2495 sanCtitatem
704 2482 715 2498 ,
727 2467 797 2499 quae
813 2456 939 2497 templis
955 2450 1046 2487 debe-

186 2512 297 2548 batur,
322 2507 471 2538 tributam
498 2509 659 2536 memorat
707 2500 792 2531 Idem
817 2498 911 2539 legati
930 2497 986 2529 fibi
1001 2506 1046 2528 ar-

188 2557 339 2589 rogarunt
356 2547 440 2578 circa
453 2556 503 2577 eas
521 2545 616 2576 Urbis
631 2542 775 2582 regiones
787 2562 798 2578 ,
822 2539 853 2571 in
871 2538 985 2580 quibus
1002 2538 1047 2579 ip-

188 2593 210 2626 fi
230 2591 382 2622 habitant.
414 2586 525 2618 Franci
544 2584 734 2626 potiffimurn
759 2581 789 2612 id
810 2581 859 2622 jus
878 2579 966 2623 Asyli
983 2589 1048 2611 non

192 2641 315 2665 tantum
339 2628 457 2669 magnis
483 2626 618 2662 animis,
649 2623 700 2654 sed
724 2623 754 2653 &
785 2621 878 2652 armis
903 2620 1047 2652 defende-

189 2681 282 2712 runt,
307 2672 337 2704 ὅ(
355 2671 466 2702 Romae
482 2666 596 2700 Seculo
613 2664 705 2696 sexto
723 2662 848 2693 decimo
866 2662 896 2693 &
913 2661 1047 2702 septimo

187 2715 312 2748 decimo
324 2712 403 2752 saepe
416 2720 450 2741 ea
467 2719 514 2740 res
530 2707 645 2748 agitata
657 2704 701 2736 est
718 2704 799 2734 inter
820 2702 940 2743 legatos
954 2700 1048 2733 Fran-

187 2758 246 2792 cite
276 2755 305 2786 δε
339 2751 511 2785 Pontifices
535 2748 709 2780 Maximoe.
753 2743 959 2776 Innocentius
984 2741 1046 2774 XI.

186 2798 235 2839 jus
253 2792 334 2828 illud
351 2793 438 2836 Asyli
457 2790 583 2822 abolere
599 2785 804 2820 constituerat
813 2806 824 2821 ‚
841 2782 890 2814 sed
927 2783 1047 2814 uemad-

187 2838 317 2870 modum
343 2836 462 2876 lega-tus
484 2830 652 2864 Francicus
676 2828 769 2860 Anno
791 2827 880 2865 1687.
919 2823 968 2855 ese
989 2833 1045 2864 op-

186 2878 348 2921 posuerit,
371 2875 497 2916 reliquis
523 2872 603 2905 haud
628 2869 762 2902 multum
788 2865 879 2907 Papae
899 2864 1047 2896 reluctan-

190 2920 296 2958 tibus,-
318 2918 452 2949 relatum
472 2915 516 2946 est
535 2916 566 2945 in
582 2914 615 2944 de
633 2907 831 2950 Hollczndfche
849 2905 982 2938 Mercur.
1008 2907 1046 2936 cul

188 2971 306 2993 armum.
334 2962 423 2999 1687.
444 2963 476 2998 p.
505 2963 690 2994 191—197.
721 2950 827 2983 Sixtus
844 2947 883 2980 V.
908 2947 959 2978 cui
979 2954 1044 2978 tan-

190 3011 256 3033 tum
275 3000 367 3033 animi
384 3007 449 3030 erat
461 3021 471 3036 ,
495 2998 525 3030 ὃς
541 3003 631 3028 antea
652 2994 683 3025 id
702 2996 902 3028 tentaverat,
925 2987 976 3020 sed
991 2997 1043 3018 cu-

187 3043 293 3087 pidum
305 3065 314 3080 ‚
339 3049 428 3082 pater
444 3040 585 3080 optime,
609 3037 693 3067 vires
706 3031 924 3065 destituebant.
969 3028 1044 3060 Hoc

187 3082 286 3122 ipsum
302 3083 350 3122 jus
371 3081 484 3122 Asyli,
504 3079 586 3120 quod
604 3077 642 3109 ad
666 3083 749 3108 totas
771 3073 867 3105 Urbis
889 3080 921 3103 re
944 3070 1042 3108 iones,

188 3124 267 3154 olim
286 3123 416 3154 Madriti
440 3121 624 3157 obtinebat,
655 3125 686 3149 at
705 3118 797 3148 Anno
817 3117 907 3153 1684.
944 3112 1043 3154 egatis

187 3163 408 3196 denunciatum
437 3161 502 3201 est,
524 3171 564 3194 ne
588 3170 623 3193 ea
639 3157 816 3192 immunitas
831 3156 863 3188 in
885 3152 1042 3195 posterum

1101 98 1706 141 BYNKERSHOEK

1099 185 1321 218 extenderetur
1337 182 1422 214 ultra
1444 179 1553 212 limina
1576 178 1689 210 aedium
1706 187 1715 216 ;
1739 186 1840 219 neque
1854 180 1882 212 ei
1898 179 1958 215 De

1100 235 1189 260 creto
1205 225 1336 258 nimium
1361 221 1622 254 contradixerunt
1638 219 1753 260 legati,
1777 219 1831 251 nifi
1859 224 1956 265 quod,
2006 225 2008 234 ¹

1099 279 1152 342 ἓῖἓ
1166 259 1958 355 {322{feas‘pssiiglffidiiffi‘s‘fflsseaiissifflsst
2002 270 2003 275 ’

1102 350 1202 383 clesns
1219 349 1426 386 adimeretur,
1452 353 1486 376 ut
1500 343 1545 376 est
1562 345 1594 374 in
1610 344 1643 374 de
1659 342 1856 383 Hellandjche
1877 343 1957 378 Mer.

1099 402 1160 424 cur.
1184 392 1221 422 ad
1236 392 1264 422 d.
1292 389 1415 421 Annum
1439 390 1528 426 1684.
1550 391 1582 425 p.
1609 393 1796 425 277—279.

1142 432 1203 465 Sed
1219 431 1302 463 reete
1320 429 1500 471 regionibus
1515 425 1688 463 cefferunc,
1705 426 1758 466 qui
1778 426 1870 459 etiam
1888 429 1959 462 aedi.

1099 475 1157 506 bus
1176 473 1285 504 cedere
1300 470 1454 502 debebant
1470 468 1507 500 ad
1526 466 1727 508 inquirendos
1745 466 1774 498 δε
1791 469 1956 508 apprehen.

1100 514 1218 547 dendos
1244 510 1470 545 facinorosos:
1503 518 1605 549 neque
1638 508 1722 539 enim
1750 507 1925 542 dubitamus

1101 557 1176 598 quin
1202 554 1326 595 optimo
1347 553 1414 593 jure
1430 549 1562 591 Hispani
1582 549 1774 581 Francorum
1795 548 1889 590 legati
1904 534 1958 584 do?

1101 606 1186 629 mum
1202 597 1234 627 vi
1257 593 1444 626 intraverint
1470 591 1519 632 (fi
1545 600 1610 623 non
1631 589 1857 632 diripuissent)
1881 591 1958 633 apud

1100 636 1307 672 Mornaciurn
1321 634 1358 665 ad
1375 634 1395 665 l.
1413 644 1441 664 2.
1467 632 1494 674 §.
1519 643 1548 674 3.
1567 631 1609 673 ff.
1632 633 1666 662 de
1685 632 1791 672 Judtc.
1815 633 1900 672 quod
1915 633 1960 667 fa.

1101 677 1285 712 cinorosum
1306 676 1404 707 domu
1431 673 1484 706 sua
1513 673 1635 705 extrahi
1659 672 1761 714 pass‘us
1791 682 1854 704 non
1881 683 1955 710 erat,

1099 722 1233 761 Magnas
1247 728 1284 750 ea
1293 727 1343 749 res
1353 716 1458 748 turbas
1468 715 1554 746 dedit
1563 738 1573 753 ,
1583 723 1658 754 quas
1666 714 1748 754 Papa
1756 714 1867 745 deinde
1876 724 1959 748 com-

1100 761 1226 803 posuit,
1249 766 1287 790 ut
1305 765 1408 790 narrat
1434 755 1646 796 Wicquefort
1664 755 1736 786 Lib.
1759 754 1782 786 l.
1808 754 1882 787 sect.
1907 761 1957 793 28.

1094 810 1127 845 p.
1152 807 1224 841 885.
1249 799 1363 840 Neque
1379 798 1474 829 etiam
1492 796 1689 835 dubitamus,
1707 796 1782 836 quin
1796 796 1882 828 recte
1898 797 1958 830 Ve,

1098 841 1317 877 netiFrancici
1334 839 1428 881 legati
1445 838 1575 869 domum
1592 846 1772 878 oppugnare
1789 836 1958 872 constitue·

1098 887 1183 924 rint,
1207 883 1262 915 nifi
1279 881 1460 914 Abundium
1479 880 1509 911 ἀ
1531 878 1669 919 reliquos
1692 878 1869 919 proditores
1904 881 1959 921 qui

1098 927 1135 959 ad
1150 924 1251 967 ipsum
1267 923 1432 965 fugerant,
1455 919 1629 952 dedidisset.
1663 919 1742 951 Rem
1760 903 1958 960 gestam'nar..

1099 976 1146 1000 rat
1167 967 1250 999 Vera
1275 975 1311 996 en
1327 964 1384 1005 stin
1403 961 1523 1003 par-fait
1543 960 1754 1003 Ambaſjudeur
1776 960 1848 993 Lib.
1871 961 1895 995 I.
1923 960 1954 997 α·

1099 1019 1151 1050 42.
1177 1006 1346 1041 Zoucheus
1361 1005 1391 1036 d.
1416 1004 1453 1035 P.
1480 1002 1520 1034 Il.
1548 1001 1624 1034 Seri.
1646 1013 1677 1043 4.
1699 1011 1792 1034 n.21.
1815 1002 1845 1034 &
1865 1003 1956 1036 Wic⁴

1099 1048 1228 1091 quefort
1250 1047 1320 1079 Lib.
1345 1046 1369 1078 Ι.
1399 1044 1474 1077 Sese.
1501 1049 1552 1079 28.
1571 1049 1604 1084 p.
1628 1049 1700 1085 873.
1723 1043 1753 1075 ὅ(
1771 1047 1842 1084 874.
1875 1043 1956 1082 Cum

1097 1092 1219 1132 legatus
1235 1088 1330 1129 Regis
1346 1085 1514 1119 Lufitaniae
1529 1084 1630 1125 Hagae
1649 1085 1839 1117 Batavorum
1863 1085 1958 1118 Anno

1101 1136 1191 1173 1642.
1224 1130 1462 1170 Hippocomum
1472 1150 1484 1166 ,
1505 1126 1558 1167 qui
1577 1125 1676 1166 ipsum
1691 1126 1875 1166 deceperat,
1900 1127 1956 1159 do÷

1098 1175 1141 1206 mi
1162 1172 1223 1204 suae
1244 1171 1408 1211 captivum
1427 1168 1600 1205 detineret,
1624 1175 1719 1207 atque
1739 1166 1782 1198 ita
1799 1177 1957 1201 carcerem

1098 1215 1468 1293 {Biiaffisspffgeffiet’
1482 1208 1671 1281 nssssessaffissss
1684 1217 1701 1238 ³
1717 1206 1835 1280 Ἧέῗῖὃ
1852 1209 1957 1249 ‘’lebe‘

1229 1258 1958 1370 sereresmiseseriis?

1096 1378 1170 1411 Seri.
1191 1359 1239 1411 εἷς.
1253 1382 1285 1416 p.
1301 1380 1375 1410 882.
1392 1373 1428 1408 fi?
1444 1378 1516 1414 883.
1536 1372 1565 1403 ἅ
1590 1371 1734 1416 Aitzema
1750 1369 1820 1403 Lib.
1843 1355 1955 1406 xx'nss

1093 1426 1123 1462 p.
1148 1430 1186 1452 m.
1209 1427 1284 1459 452.
1308 1426 1398 1462 4533
1418 1414 1469 1461 ‘Et
1485 1423 1557 1445 cum
1581 1413 1703 1457 quidam
1722 1421 1762 1443 ex
1785 1411 1894 1444 officio
1910 1413 1956 1446 le-

1095 1461 1232 1503 gationis
1248 1458 1474 1491 Muscovmcae
1488 1452 1696 1495 aufugili'cnt,
1722 1462 1837 1494 eosque
1860 1454 1956 1496 legati

1096 1502 1184 1535 omni
1202 1500 1297 1533 modo
1311 1506 1510 1540 repeterent,
1535 1496 1563 1527 ὅ(
1584 1496 1616 1528 in
1630 1496 1724 1527 domo
1746 1495 1840 1537 legati
1859 1495 1955 1528 Polo<

1096 1546 1128 1576 ni
1153 1544 1249 1575 latere
1270 1541 1492 1578 crederentur,
1517 1538 1653 1570 Ordines
1679 1534 1847 1570 Generales
1863 1536 1954 1570 Anno

1099 1588 1160 1619 166
1184 1610 1192 1617 .
1218 1593 1267 1624 25.
1299 1582 1368 1623 Jun.
1414 1580 1558 1612 Deci-eto
1584 1578 1746 1619 complexi
1774 1577 1844 1610 sunt
1861 1602 1871 1618 ,
1902 1580 1954 1611 a'at

1097 1630 1131 1660 de
1153 1596 1277 1668 {faysen
1301 1624 1336 1665 of
1354 1623 1553 1667 Logeznenten
1577 1629 1638 1652 van
1661 1619 1837 1658 Reficz'enten
1861 1620 1955 1653 albior

1096 1672 1129 1701 in
1157 1670 1212 1700 den
1235 1666 1325 1708 Hage
1342 1663 1487 1707 geenfints
1500 1664 1558 1703 syn
1574 1667 1688 1701 exempt
1704 1671 1765 1693 van
1782 1661 1954 1701 recherche,

1087 1711 1137 1753 stro
1155 1718 1295 1741 wanneer
1307 1717 1373 1738 men
1390 1706 1494 1738 aldam·
1508 1706 1536 1735 (ι’
1552 1713 1604 1735 een
1626 1703 1660 1743 ⁰f
1672 1703 1699 1734 d’
1717 1704 1822 1734 andere
1837 1709 1891 1744 per
1902 1713 1955 1735 oon

1096 1757 1154 1784 met
1174 1751 1246 1794 goed
1268 1754 1335 1791 regt
1360 1758 1395 1779 en
1413 1747 1594 1788 fundament
1616 1754 1677 1776 van
1694 1753 1800 1787 wegen
1816 1745 1851 1775 de
1903 1754 1953 1777 ve-

1096 1794 1243 1868 stifft
1256 1787 1541 1870 {iiustffffiudssn
1552 1786 1952 1868 ffagessatgaffflhffig.

1097 1877 1229 1909 Mercur.
1248 1874 1286 1907 ad
1300 1865 1425 1906 Ai'znztm
1446 1874 1536 1912 1663.
1557 1873 1642 1911 p.78.
1656 1869 1686 1901 δι
1703 1878 1751 1909 79.
1775 1839 1955 1903 Secunduni

1096 1919 1164 1950 haec
1184 1917 1277 1949 Anno
1298 1918 1387 1954 1665.
1432 1912 1615 1945 Hollandiae
1639 1910 1791 1941 Ordinum
1807 1908 1955 1943 Consilia-

1094 1958 1384 2033 {3311‘33152321‘23151'1‘
1397 1950 1954 2036 effissssiiffiffmstng{Eussdbffiinffi

1094 2040 1296 2074 Generalium
1312 2038 1455 2070 Decreto
1473 2015 1712 2075 comprobaium
1732 2030 1794 2071 est,
1812 2040 1848 2064 ut
1862 2033 1953 2065 testa—

1094 2090 1146 2115 tur
1164 2081 1309 2113 Aitzema
1326 2079 1397 2110 Lib.
1421 2075 1527 2109 XLV.
1541 2081 1572 2116 p.
1594 2084 1631 2106 m.
1657 2077 1727 2114 796.
1753 2072 1881 2106 Factum
1897 2074 1954 2116 igi.

1093 2132 1145 2156 tur
1160 2120 1377 2158 Cromwellii,
1399 2116 1483 2159 quod
1497 2116 1670 2147 memoravi
1691 2115 1721 2146 C.
1748 2113 1870 2147 XVIII.
1888 2124 1954 2149 non

1092 2165 1165 2198 ideo
1189 2162 1383 2204 improbem,
1407 2157 1492 2200 quod
1509 2156 1700 2189 homicidam
1715 2157 1891 2188 extraxerit
1910 2165 1952 2190 ex

1093 2205 1211 2238 aedibus
1226 2203 1321 2245 legati
1348 2199 1505 2238 Lufitani,
1529 2206 1565 2229 ut
1587 2197 1638 2229 alii
1659 2197 1692 2228 id
1706 2206 1742 2228 ea
1759 2197 1881 2230 ratione
1898 2197 1954 2230 im.

1091 2247 1247 2289 probant,
1264 2244 1317 2277 sed
1334 2242 1418 2284 quod
1434 2240 1584 2272 comitem
1602 2238 1698 2280 legati
1713 2239 1903 2279 extraxerit,
1919 2239 1952 2273 in

1091 2297 1184 2335 quem
1194 2310 1212 2334 ,¹
1228 2293 1341 2334 utpote
1369 2283 1425 2317 fibi
1453 2290 1516 2314 non
1534 2279 1711 2319 subditum,
1737 2279 1823 2312 nulla
1837 2281 1905 2322 ejus
1919 2289 1952 2313 e·

1090 2327 1436 2418 iatsyussgssiffffifflunes
1458 2365 1558 2405 aedes,
1584 2372 1660 2407 quas
1677 2362 1743 2405 ipse
1754 2363 1879 2409 legatus
1898 2363 1951 2395 ha-

1093 2412 1195 2459 bitat,
1220 2419 1323 2457 minus
1346 2415 1500 2440 immunes
1523 2414 1645 2451 erunt..
1659 2403 1681 2436 fi
1704 2403 1801 2436 scriba
1818 2402 1948 2444 legatio-

1092 2463 1141 2485 nis
1164 2452 1297 2484 habitet.
1340 2448 1512 2482 Defecerat
1533 2448 1570 2479 ad
1601 2444 1758 2487 Hispanos
1782 2442 1950 2476 Lufitaniae

1093 2495 1215 2536 legatus
1233 2516 1243 2532 ‚
1275 2492 1329 2534 qui
1357 2490 1456 2531 Hagae
1480 2489 1672 2521 Batavorum
1697 2492 1764 2516 erat
1784 2507 1794 2523 ‚
1826 2483 1949 2523 scriba,

1092 2537 1145 2577 qui
1168 2534 1319 2566 manserat
1343 2532 1375 2563 in
1399 2531 1477 2568 fide,
1501 2530 1531 2561 ὅ(
1556 2528 1660 2559 eadem
1675 2549 1684 2565 ,
1714 2534 1804 2566 quam
1828 2525 1951 2567 legatus

1092 2577 1310 2609 habitaverat,
1332 2574 1446 2609 domo,
1469 2568 1655 2605 contendit,
1679 2566 1710 2598 se
1732 2566 1763 2597 in
1781 2565 1888 2598 locum
1906 2567 1950 2599 le-

1091 2618 1155 2658 gati
1184 2615 1374 2652 successisse,
1395 2609 1560 2651 legationis
1576 2608 1606 2640 se
1627 2607 1688 2639 ess'e
1712 2606 1862 2646 scribam,
1884 2617 1948 2642 non

1091 2660 1122 2691 le
1144 2658 1214 2697 ati,
1247 2656 1353 2689 Curiae
1377 2652 1495 2686 nullam
1528 2650 1559 2681 in
1584 2649 1712 2681 domurn
1737 2648 1767 2680 le
1789 2649 1833 2679 ati
1856 2649 1946 2689 juris-

1090 2700 1140 2731 dic
1157 2699 1260 2730 ionem
1279 2695 1340 2728 esse
1353 2717 1364 2733 ,
1386 2693 1416 2724 in
1445 2700 1512 2722 eam
1529 2698 1633 2721 tamen
1649 2688 1771 2721 immisii
1783 2689 1804 2720 'e
1822 2689 1947 2722 Officia-

1091 2741 1136 2773 les
1155 2738 1245 2777 suos,
1270 2737 1299 2768 &
1315 2735 1357 2768 fic
1372 2734 1420 2773 jus
1437 2731 1590 2763 Gentium
1606 2730 1721 2762 laefisse.
1765 2730 1880 2763 Scribae
1894 2731 1946 2764 ad-

1091 2779 1314 2822 stipulabantur
1340 2774 1480 2808 Francia:
1500 2773 1529 2804 &
1545 2772 1667 2813 Angliae
1685 2772 1798 2813 legati,
1811 2769 1855 2803 'ae
1871 2771 1892 2805 fi
1907 2767 1948 2810 de

1089 2820 1249 2854 communi
1268 2820 1439 2860 legatorum
1455 2813 1545 2845 causa
1568 2821 1722 2855 ageretur.
1745 2812 1806 2845 Sed
1821 2811 1947 2855 respon-

1090 2863 1156 2895 sum
1174 2860 1218 2893 est
1229 2884 1238 2899 ,
1263 2859 1390 2891 Curiam
1410 2856 1491 2888 reete
1509 2854 1617 2886 officio
1634 2853 1690 2886 suo
1707 2852 1844 2885 funstum
1856 2876 1867 2893 ,
1879 2863 1945 2888 non

1089 2904 1194 2936 invito
1210 2901 1332 2942 legato,
1358 2898 1411 2941 qui
1437 2897 1444 2928 i
1471 2896 1500 2928 se
1524 2896 1653 2928 domum
1679 2895 1892 2934 conduxerat,
1914 2895 1946 2928 ὰ

1085 2945 1187 2976 adhuc
1204 2942 1389 2974 conductam
1410 2939 1446 2970 ha
1470 2939 1541 2969 ebat
1548 2937 1606 2976 ‚ad
1622 2945 1732 2979 preces
1742 2936 1941 2972 creditorum

1087 2986 1130 3017 rei
1148 2983 1305 3017 servanda:
1324 2980 1433 3019 causa,
1458 2979 1619 3011 Officiales
1644 2976 1878 3018 fuiffemiss'os3
1900 2957 1946 3010 leg

1087 3027 1246 3068 gationem
1268 3023 1330 3055 esse
1351 3022 1556 3059 exstinctam3
1579 3029 1637 3052 nec
1653 3019 1818 3061 quicquam
1835 3017 1942 3051 scriba

1086 3068 1162 3109 juris
1182 3066 1246 3098 css'e
1270 3065 1322 3096 vel
1346 3065 1376 3096 in
1400 3065 1528 3095 domum
1554 3062 1606 3092 vel
1624 3060 1659 3092 in
1681 3058 1940 3101 suppellectilem

1086 3109 1161 3151 quin
1180 3108 1236 3139 hac
1257 3107 1391 3146 legatum
1410 3104 1461 3135 vel
1480 3111 1580 3144 nuper
1597 3102 1753 3143 legatum,
1777 3099 1941 3134 creditori»

1085 3150 1143 3183 bus
1158 3148 1221 3182 suis
1239 3149 1370 3186 cedere,
1387 3147 1416 3179 ὃς
1434 3146 1473 3178 iis
1492 3155 1528 3179 ea
1542 3143 1663 3177 ratione
1679 3140 1858 3175 consultum
1874 3140 1940 3213 ’vige'

1910 3214 1913 3218 ,
1926 3200 1938 3215 C
