2008 3436
127 116 198 153 ‘490
740 107 757 142 1

134 200 264 230 DomInii
282 198 447 236 adquirendi
458 198 536 228 modi
550 198 576 227 ln
587 197 684 231 rebus,
697 206 757 234 quae
766 199 887 236 mancipi
904 204 991 237 erant.

831 238 854 266 1.
879 241 943 272 336.
966 238 991 265 b.

365 292 382 297 -
401 275 500 304 modus
514 276 575 311 iure
592 275 742 309 Gentium,
756 283 815 304 non
831 275 900 304 alius
909 284 992 313 quam

172 314 354 351 apprehensio
375 314 401 343 ὄῑ
420 315 555 351 poffeffio.
898 323 944 349 45.
965 324 991 342 a.

134 354 299 382 Dominium
315 362 348 382 ex
362 355 421 388 J'ure
432 355 565 382 Gentium
577 351 631 380 sola
641 352 788 382 voluntate
805 352 992 381 defunttinon

170 392 261 428 potest
276 393 424 429 propagari
441 393 468 421 in
484 391 610 420 heredes.
927 391 992 419 ibid.

267 440 300 459 ex
313 430 430 459 naturali
442 430 604 465 polseffionc
614 430 760 458 (›rtum.11.
776 438 840 464 124.
854 440 877 458 α.
891 437 953 463 125.
967 431 992 458 h.

270 471 338 498 citra
354 468 546 506 poffessionem
560 469 715 497 naturalem
727 469 766 497 est
781 477 815 496 ex
829 469 889 503 jure
898 468 992 496 Civili.

880 514 943 541 124.
966 507 991 534 IJ.

270 546 329 575 solo
346 547 441 575 animo
465 544 614 573 secundum
632 553 736 573 naturae
754 543 862 581 regulas
878 544 993 572 retineri

170 586 275 622 nequit.
887 591 949 617 125.
969 584 994 611 b.

269 622 409 652 transferri
426 623 451 649 in
471 622 612 650 locatione
630 621 832 655 conduftione,
853 621 993 658 postulan-

172 669 199 689 te
214 663 253 689 rei
270 670 385 694 natura,
407 660 526 689 insolens
548 669 604 688 nou
621 661 671 688 eit.
837 661 850 688 1
881 668 946 694 253.
968 661 993 688 I).

269 699 435 728 transftrtur
452 700 479 727 in
495 699 622 736 depolito
634 721 641 732 ,
663 698 681 726 ss
696 699 816 735 pecunia
835 698 869 726 ad
885 698 994 734 quanti-

173 744 258 766 tatem
275 738 312 765 est
328 737 462 773 depofita.
929 745 993 771 254.

134 777 264 805 Dominii
282 776 444 813 acquirendi
461 775 536 805 modi
554 777 581 805 in
598 776 680 803 rebus
696 783 756 811 quae
769 776 890 812 mancipi
906 782 994 802 erant.

133 484 247 492 l

268 854 405 881 translatio
420 852 445 880 ὅ(
458 853 579 881 alienatio
594 852 813 887 reciprocantur.
883 817 948 886 ἐξ.
968 823 994 880 ἶ.

269 892 312 927 jus
328 892 409 928 origo
425 892 522 920 Patrioe
539 890 693 935 potestatis.
883 894 946 924 346.
967 901 993 918 a.

269 930 334 958 inde
354 930 536 958 derivandum
552 931 700 955 u-wrrwt'mor
721 928 833 957 Patrum
849 928 994 956 Romano-

172 976 233 996 rum
251 968 278 996 in
294 969 398 997 liberos
416 969 573 1005 imperium.
929 966 993 995 ibid⁴

133 1007 300 1036 Dominium
322 1008 456 1035 eminens.
824 1005 859 1033 Π.
882 1009 947 1035 266.
968 1015 993 1034 a.

270 1047 369 1075 reftius
387 1051 505 1074 vocatur
519 1045 658 1080 Imperium
675 1045 797 1072 eminens.
927 1045 992 1072 ibid.

271 1093 306 1113 an
324 1085 431 1112 sublato
449 1093 500 1117 eo,
522 1085 620 1111 civitas
639 1083 710 1110 salva
725 1082 778 1110 effe
792 1083 898 1118 nequit.
930 1082 994 1111 ibid.

270 1122 479 1160 prudentiffime
489 1131 524 1150 eo
540 1121 579 1150 est
596 1120 738 1148 utendum.
887 1121 950 1148 ibid.
970 1122 993 1148 1).

271 1170 307 1190 ex
328 1171 363 1190 eo
383 1162 447 1190 licet
469 1161 591 1196 Principi
612 1159 655 1193 jus
678 1158 788 1187 subdito
808 1158 947 1194 quaefitum
968 1160 995 1187 in

173 1208 232 1228 rein
249 1199 305 1228 five
318 1200 451 1228 mobilem
468 1198 522 1226 five
541 1197 712 1226 immobilem
730 1196 846 1224 auferre.
888 1198 950 1225 ibid.
970 1208 996 1226 a.

272 1247 306 1266 ex
328 1238 409 1267 causa
423 1235 577 1273 necffcacis
594 1235 619 1263 ἃ
636 1235 762 1263 utilitatis
779 1243 813 1262 eo
837 1235 876 1263 uti
893 1236 998 1263 Princi-

171 1277 201 1314 pi
220 1277 294 1305 licet.
893 1273 956 1301 ibid.
972 1275 995 1302 b.

271 1316 396 1343 militarit
419 1312 570 1350 appellatio
593 1319 738 1348 quousque
758 1311 789 1340 fit
813 1312 992 1348 porrigenda.

934 1350 996 1378 ibid.

271 1391 344 1419 reete
358 1395 505 1418 exercetur
519 1389 554 1417 ad
571 1387 736 1423 occupanda
751 1396 802 1422 ea,
823 1387 878 1417 fine
895 1390 995 1426 quibus

176 1438 262 1466 opera
280 1429 393 1466 publica
413 1428 513 1456 exstrui
531 1436 588 1456 nou
607 1427 725 1463 poliunt.
930 1428 994 1456 ibid.

272 1476 328 1495 non
346 1467 417 1495 recte
432 1472 576 1495 exercetur
590 1473 623 1493 ex
639 1465 719 1493 causa
739 1465 893 1501 voluptatis
911 1466 953 1494 vel
971 1475 997 1493 a-

173 1507 327 1535 moenitatis
347 1506 484 1543 publica,
505 1506 548 1534 vel
565 1505 648 1533 etiam
671 1512 705 1532 ex
719 1505 800 1532 causa
816 1504 898 1533 solius
916 1513 997 1532 orna-

176 1552 219 1574 tus
241 1545 355 1582 publici.
887 1547 951 1578 267.
972 1553 996 1571 a.

272 1583 290 1611 fi
306 1592 339 1612 ex
355 1591 390 1611 eo
404 1592 445 1611 res
460 1582 503 1610 vel
520 1582 641 1610 actiones
659 1580 831 1610 subditorum
848 1580 899 1609 {int
916 1590 997 1610 occu>

178 1627 250 1659 patae
272 1623 315 1650 vel
338 1621 492 1656 destructae,
515 1622 635 1650 dominis
658 1621 780 1659 pretium
795 1628 810 1648 e
832 1620 946 1657 publico
961 1620 999 1648 est

177 1661 392 1689 resarciendum.
890 1659 952 1687 ibid.
974 1661 998 1687 lv.

275 1699 293 1727 fi
309 1709 363 1736 qua
383 1700 458 1735 Lege
469 1699 585 1727 vetitum
597 1697 627 1726 fit
642 1707 730 1735 prope
741 1699 838 1727 urbem
848 1698 982 1725 aedilicare
993 1719 1000 1731 ,

178 1738 294 1767 aedificia
310 1740 381 1767 reete
398 1737 590 1772 destruuntur,
612 1738 696 1766 etiam
712 1745 771 1766 non
792 1735 884 1766 refuso
900 1737 1001 1772 pretio.

890 1778 954 1804 268.
975 1784 1000 1803 α.

140 1831 254 1839 ———-
277 1815 294 1844 fi
315 1816 372 1852 agri
390 1817 553 1852 capiantur,
574 1820 604 1843 ut
620 1822 655 1843 ex
677 1814 708 1842 iis
725 1814 792 1843 fiant
811 1815 999 1846 munitiones,

174 1855 295 1892 pretium
317 1863 448 1891 agrorum
469 1854 507 1882 est
529 1853 745 1883 refundendum.
891 1852 946 1880 ibid
976 1853 1000 1880 b.

139 1894 308 1922 Dominium
323 1894 417 1922 maris.
888 1893 953 1926 278.
975 1899 1000 1919 α.

277 1932 343 1961 Vid.
363 1933 458 1960 Mare.

140 1971 282 2000 Dominus
297 1971 392 2000 Orbis.
414 1969 479 1998 Vid.
500 1969 596 1997 Orbis.

144 2009 253 2038 Domi-ni
267 2009 420 2047 appellatio
434 2009 547 2038 Senecae
562 2016 623 2036 aevo
637 2006 720 2035 valde
735 2006 880 2034 eviluerat.
897 2014 957 2034 101.
977 2015 1003 2034 a.

142 2048 331 2077 Dominorum
349 2049 376 2076 in
392 2049 484 2076 servos
499 2044 649 2073 ἀωηευέωον
670 2047 825 2075 dominium
842 2043 1004 2073 refraenavit

180 2086 389 2121 Lexjpetronta
406 2086 452 2114 sub
468 2086 595 2114 Nerone.
848 2084 871 2112 1.
893 2091 957 2118 351.
978 2093 1004 2110 a.

278 2124 384 2152 sustulit
405 2124 574 2152 Hadrianus.
939 2121 1004 2149 ibid.

142 2162 286 2192 Domitius
302 2162 440 2198 Ulpianus
456 2161 601 2198 Rescripta
621 2160 754 2197 collegit,
773 2159 873 2197 quibus
891 2160 1005 2187 obviam

179 2202 264 2229 iretur
279 2201 361 2228 novis
380 2201 464 2228 sectis.
891 2206 955 2233 413.
977 2199 1003 2226 b.

143 2239 179 2268 de
198 2241 294 2268 Domo
315 2238 484 2267 numeratio.
504 2237 572 2266 Vid.
593 2238 761 2266 numeratio.

141 2279 268 2307 Domum
286 2277 438 2306 revocandi
452 2277 503 2312 jus.
524 2276 589 2304 Vid.
612 2277 670 2313 Jus.

143 2317 274 2346 Donatio
290 2318 361 2344 inter
375 2317 437 2344 Vir.
459 2314 484 2343 δι
502 2315 558 2342 Ux.
581 2313 666 2346 facta,
690 2313 855 2350 subsequuta
875 2312 1002 2341 traditio-

182 2364 217 2383 ne
238 2354 411 2382 convalescit
430 2361 463 2381 ex
481 2353 619 2380 Oratione
638 2353 733 2381 Severi
757 2352 782 2380 ἃ
803 2352 940 2380 Antonini
955 2373 961 2384 ,
987 2351 1005 2379 fi

183 2393 305 2422 donator
321 2394 401 2421 vivus
417 2399 477 2420 eam
493 2399 549 2419 non
566 2392 750 2420 revocaverit.
896 2393 958 2419 166.
979 2399 1004 2418 α.

416 2430 490 2458 secus
515 2429 531 2457 fi
550 2430 630 2466 pacto
654 2429 699 2457 vel
718 2429 803 2457 etiam
828 2427 1006 2466 stipulatione

185 2471 321 2499 duntaxat
338 2469 467 2507 promissa
488 2468 527 2496 sit.
940 2467 1005 2495 ibid.

414 2515 520 2540 annua,
545 2505 598 2535 sive
617 2505 758 2545 promiffio
780 2507 864 2534 annui
890 2514 939 2542 per
963 2504 1005 2533 ssi-

186 2547 360 2585 pulationem
377 2568 383 2580 ‚
405 2546 423 2574 fi
448 2555 462 2573 a
487 2546 606 2581 conjuge
629 2546 742 2581 conjugi
766 2545 834 2572 faeta
858 2547 893 2572 ad
916 2551 1007 2571 certos

188 2595 293 2617 annos,
316 2585 359 2613 vel
380 2584 474 2620 quoad
495 2585 615 2617 vixerit,
636 2592 692 2612 non
717 2583 828 2619 possunt
847 2591 885 2610 eae
902 2581 1007 2619 penlio⁴

187 2633 250 2656 nes,
273 2631 389 2660 quarum
405 2623 462 2651 dies
478 2621 552 2650 ceffit
569 2629 633 2650 ante
647 2622 805 2650 desunstum
823 2621 987 2649 donatorem
999 2641 1006 2652 ,

147 2668 149 2673 '
184 2664 220 2690 ab
242 2662 302 2695 ejus
328 2661 475 2689 heredibus
499 2661 572 2696 peti,
594 2661 659 2696 quia
683 2660 798 2688 traditio
821 2659 1005 2691 desideratum

183 2701 294 2738 poliunt
310 2705 403 2728 tamen
419 2707 457 2727 επ
477 2699 552 2735 peti,
576 2706 692 2734 quarum
715 2698 773 2726 dies
788 2697 863 2725 cedit
885 2697 946 2734 post
963 2697 1008 2724 de-

185 2739 307 2768 functum
330 2739 507 2766 donatorem.
898 2739 961 2769 167.
983 2746 1008 2764 a.

147 2780 329 2810 ‘Donationes
347 2777 443 2805 mortis
464 2774 543 2803 causa
561 2773 673 2802 fuerunt
690 2773 724 2801 ad
739 2773 821 2801 inslar
835 2773 1008 2809 legatorum,

188 2816 307 2845 formula
332 2814 494 2843 vindicandi
520 2812 694 2846 relictorum,
717 2813 845 2844 redaftae,
868 2813 893 2839 in
909 2812 1008 2847 quibus

183 2863 280 2891 quarta
295 2854 416 2882 Falcidia
433 2853 491 2891 ipso
505 2853 566 2887 jure
584 2851 622 2880 est
637 2852 769 2886 haeredis,
789 2852 905 2887 ejusque
924 2851 1008 2878 habet

182 2894 415 2922 vindicationem.
893 2896 960 2922 219.
981 2890 1007 2916 Ι).

146 2932 254 2961 Donum
272 2941 374 2960 munus.
398 2929 463 2958 Vid.
486 2929 617 2964 Legatus.

418 2968 550 2997 collatum
572 2968 597 2995 in
616 2965 774 3000 delegatos.
798 2965 845 3001 qui
861 2964 1005 3001 repraesen-

187 3015 248 3038 rant
269 3009 443 3046 Principem,
466 3015 500 3035 an
524 3006 551 3034 hi
574 3005 694 3041 delegati
718 3003 818 3042 poffint
840 3011 949 3040 capere.
970 3004 1006 3031 ll.

136 1174 250 1183 l

147 3085 211 3129 Dos
225 3085 267 3130 cst
282 3070 327 3114 vel
343 3085 488 3114 adventicia
505 3081 677 3119 simpliciter,
699 3080 744 3110 vel
759 3042 1010 3147 αἴνει-ιῖἰῑίεῗνῖξεῖΣ

185 3129 256 3152 tum.
867 3140 872 3146 .
896 3126 910 3145 2
939 3126 962 3152 7.
982 3128 1007 3146 a.

146 3176 259 3184 -——
281 3163 372 3190 mariti
387 3160 467 3198 culpa
483 3159 626 3196 deperdita
640 3158 674 3185 ab
690 3156 839 3186 heredibus
855 3159 913 3192 ejus
931 3164 1007 3192 repc-

185 3200 251 3232 titur
261 3221 268 3234 ‚
278 3199 323 3227 sed
333 3200 414 3227 bonis
425 3200 515 3228 mariti
525 3198 672 3235 publicatis
682 3198 717 3225 ab
726 3196 834 3224 aerario.
900 3203 948 3230 95.
957 3197 1004 3228 96.

854 107 892 142 N
993 108 1027 142 D

1123 107 1152 143 E
1250 109 1282 144 X

1034 200 1097 228 Dos
1122 199 1217 227 uxoris
1240 199 1321 238 cuipa
1335 198 1479 237 publicata
1495 221 1503 234 ‚
1519 208 1570 229 nec
1586 202 1621 230 ab
1642 203 1789 232 heredibus
1810 224 1817 237 ,
1838 212 1890 233 nec

1074 239 1108 265 ab
1130 238 1237 266 aerario.
1756 243 1776 270 1.
1800 246 1843 276 96.
1865 245 1890 272 b.

1034 274 1116 303 Dones
1132 276 1298 311 praediorum
1319 284 1376 305 non
1399 265 1535 305 duntaxat
1554 277 1614 306 sunt
1637 286 1706 315 aptat
1726 280 1890 316 qualitates,

1076 316 1271 342 verumetiam
1292 316 1387 344 omnia
1405 323 1456 350 ca,
1476 315 1577 351 quibus
1598 319 1698 354 praedia
1722 319 1891 347 instruuntur

1071 351 1097 380 &
1117 352 1259 381 dotantur.
1784 360 1845 387 186.
1865 357 1891 385 h.

1035 391 1195 419 Drenthani
1215 398 1257 419 11.
1278 390 1345 427 Apr.
1369 394 1450 426 1580.
1472 392 1499 419 in
1515 391 1616 420 Foedus
1631 395 1834 424 Utrechtanum
1851 403 1891 422 re-

1074 429 1165 464 cepti,
1188 429 1232 457 sed
1253 429 1347 464 postea
1364 433 1398 458 ab
1415 430 1545 466 Hispanis
1566 434 1709 468 occupati,
1732 442 1792 461 cuni
1809 435 1834 462 hi
1852 441 1893 461 re,

1075 467 1207 496 ceffili'ent
1220 489 1227 501 ,
1251 467 1318 505 saepe
1340 468 1439 498 frustra
1458 469 1600 506 petierunt
1618 471 1646 498 iu
1664 470 1753 499 foedus
1772 472 1891 500 admitti.

1035 543 1121 571 Διυιήι
1135 543 1219 572 fortia
1230 565 1237 576 ‚
1259 544 1381 573 robusta.
1719 510 1762 576 H1..
1778 518 1846 582 2:32110
1861 519 1892 579 (elz.

1036 582 1171 616 Dumnor,
1191 582 1299 615 ducare,
1322 592 1373 619 pro
1387 582 1491 616 dubim,
1513 583 1624 613 ducere.
1782 593 1844 615 120.
1865 590 1890 617 b.

1036 620 1148 653 Dulcis,
1171 629 1225 648 vox
1243 620 1370 649 solemnis
1390 622 1424 649 de
1443 621 1546 650 liberis.
1801 627 1844 659 36.
1865 628 1889 655 17.

1036 659 1121 686 Dulci
1135 657 1215 694 afficio
1225 658 1311 696 fungi
1327 662 1441 696 quaudo
1458 662 1586 688 dicantur
1605 667 1743 696 parentes.
1782 662 1846 691 ibid.
1864 673 1891 694 a.

1037 697 1193 730 Dwzmxm,
1214 698 1349 734 particula
1370 699 1436 736 l‘aepe
1452 700 1601 727 omittitur.
1800 704 1845 730 60.
1867 704 1891 731 b.

1037 735 1143 771 Duplex
1164 745 1215 771 pro
1234 736 1321 773 doloso.

1037 775 1224 812 Dyrrachium
1239 774 1286 812 Jus
1306 776 1433 804 Italicum
1448 775 1555 804 habuit.

1828 746 1892 770 210.

1785 784 1846 812 171.
1868 779 1893 809 b.

1449 890 1483 919 E.

1039 931 1093 1003 E
1117 968 1172 996 Pro
1188 975 1217 996 ae
1234 966 1300 1004 saepe
1321 967 1348 995 in
1371 966 1516 995 Pandectis
1530 966 1697 997 Florentinis
1719 969 1849 998 occurrit.
1869 970 1892 999 1.

1038 1045 1156 1074 Eboreae
1172 1043 1297 1072 Taimlae.
1787 1015 1849 1080 gio.
1869 1017 1895 1075 g:

1038 1085 1069 1112 ln
1087 1084 1181 1112 Ebore
1202 1091 1235 1109 au
1256 1082 1335 1110 scribi
1355 1081 1444 1118 poffit.
1788 1084 1851 1112 alud.
1870 1086 1895 1114 b.

1038 1121 1222 1152 Ecclenauae.
1238 1122 1284 1157 qui
1303 1122 1328 1148 in
1345 1120 1500 1149 Hollandia
1516 1120 1634 1158 degunt,
1651 1129 1685 1149 an
1701 1122 1773 1158 apud
1785 1123 1896 1151 Curiam

1078 1160 1221 1188 conveniri
1238 1159 1347 1194 poffint.
1731 1161 1764 1188 ll.
1788 1168 1850 1195 3¹0·
1872 1171 1898 1190 a.

1038 1197 1224 1227 Eccleliussici
1243 1197 1399 1232 Ρυηιίἧςίἰ,
1419 1205 1454 1224 an
1474 1196 1498 1225 ἀ
1518 1204 1655 1234 quatenus
1672 1197 1762 1226 ttstari
1783 1206 1896 1236 qut-ant.

1040 1274 1147 1311 Ecloga
1183 1273 1362 1302 Rhodiorum
1398 1272 1505 1301 navalis
1528 1281 1610 1309 quam
1638 1273 1720 1302 fidem
1748 1241 1897 1304 ωας-31751..

1867 1322 1880 1336 f)

1039 1351 1136 1381 Edicta
1153 1352 1236 1379 etiam
1261 1350 1392 1379 dicuntur
1416 1348 1526 1385 fingulae
1545 1356 1636 1387 partes
1653 1350 1741 1378 Edit‘ti
1759 1321 1898 1387 Perpau-i..

1039 1428 1130 1459 Ediffi
1146 1428 1273 1466 perpetui
1290 1426 1362 1454 ordo
1378 1435 1434 1455 non
1450 1426 1554 1463 semper
1565 1390 1728 1455 servaltusgin
1746 1391 1900 1459 If'aridiletiz.

1039 1506 1138 1535 Edicto
1153 1505 1230 1542 quod
1245 1505 1363 1541 quisque
1376 1503 1447 1541 Juris
1462 1502 1515 1531 διο.
1539 1503 1606 1541 saepe
1623 1471 1897 1541 utunturi’rincing:

1040 1583 1162 1611 Edictum
1186 1579 1305 1620 Augusti
1328 1580 1424 1609 differt
1446 1588 1461 1607 a
1488 1580 1563 1618 Lege
1587 1579 1670 1620 Julia
1690 1544 1857 1620 Julciiciciffi.
1874 1545 1900 1611 Ii.

1041 1659 1137 1689 Edicta
1161 1657 1312 1695 explicata.
1791 1628 1855 1656 197⁵
1875 1630 1901 1650 α’

1043 1714 1118 1720 —-
1143 1697 1239 1726 Caroli
1257 1697 1292 1724 V.
1314 1704 1341 1732 4.
1362 1695 1478 1725 Odobr.
1501 1703 1584 1732 ¹540·
1732 1697 1768 1726 11.
1790 1705 1853 1733 353.
1875 1699 1902 1728 b.

1042 1751 1122 1759 —-
1143 1737 1167 1772 5.
1189 1739 1216 1765 6.
1835 1737 1900 1764 ihm.

1043 1790 1121 1797 -—-—
1143 1775 1167 1811 §.
1191 1782 1236 1802 12.
1473 1797 1475 1800 .
1791 1781 1855 1808 379-
1877 1784 1903 1803 a.

1044 1828 1123 1836 -—-
1143 1813 1230 1842 Caroli
1244 1812 1277 1840 V.
1302 1819 1345 1845 19.
1367 1810 1438 1839 Mai.
1462 1818 1544 1846 1544.
1790 1816 1855 1846 364.
1875 1822 1902 1840 a.

1045 1866 1122 1873 --
1141 1851 1166 1887 §.
1189 1853 1232 1885 38.
1837 1850 1903 1879 ibid.

1044 1905 1121 1912 ---
1143 1890 1274 1918 Ordinum
1283 1887 1596 1922 GeneraliumeoApril.
1607 1890 1686 1922 1589.
1698 1896 1760 1924 331.
1775 1889 1799 1916 b.
1815 1895 1868 1924 332
1877 1897 1903 1918 α.

1045 1943 1123 1950 —-
1145 1928 1277 1957 Ordimtm
1292 1926 1440 1955 Holiarzdioe
1455 1935 1481 1960 9.
1503 1927 1583 1954 Febr.
1606 1935 1688 1962 1593.
1792 1935 1857 1960 299.
1876 1937 1903 1956 a.

1046 1981 1125 1989 —-—-
1147 1975 1173 2002 4.
1194 1965 1267 1994 Mai.
1290 1969 1371 1999 1655.
1666 1973 1730 2000 374.
1751 1967 1775 1994 b.
1794 1968 1858 2000 376.
1879 1966 1904 1994 lv.

1130 2013 1176 2033 22.
1197 2005 1283 2032 Mart.
1307 2008 1388 2037 1657.
1793 2010 1857 2037 299·
1878 2013 1905 2032 a.

1131 2052 1173 2071 11.
1194 2041 1330 2070 Decemb.
1354 2044 1435 2070 1666.
1837 2040 1903 2070 ibid.

1047 2080 1167 2119 Effocare
1186 2087 1296 2115 partum.
1750 2080 1772 2107 Ι.
1793 2081 1855 2114 358.
1876 2081 1902 2107 h.

1046 2115 1165 2153 ἰηεμῶι
1180 2119 1206 2147 &
1218 2116 1361 2152 iysporaev'uv
1376 2118 1447 2146 recte
1462 2118 1580 2146 vertitur
1597 2117 1707 2155 Prostr,
1723 2126 1784 2145 cum
1803 2118 1905 2145 dicitur

1088 2158 1122 2187 de
1141 2158 1326 2186 Prot-aratore
1353 2156 1480 2189 Cael‘aris‚
1504 2165 1566 2184 cum
1588 2156 1732 2185 Praelidiali
1753 2155 1902 2194 potestate.

1290 2214 1295 2217 —
1809 2199 1856 2223 60.
1877 2204 1902 2223 a.

1045 2236 1088 2265 Ei.
1109 2234 1134 2264 δι
1153 2235 1174 2262 I.
1197 2234 1224 2262 in
1243 2233 1346 2262 Graecis
1368 2238 1572 2270 permutantur.
1814 2240 1859 2267 34.
1879 2242 1905 2261 a.

1040 2273 1158 2309 '‘Eapyw‚
1180 2280 1310 2309 exponere.
1796 2274 1860 2305 346.
1881 2272 1905 2299 b.

1046 2310 1201 2347 Ἐνατὲιχεις
1217 2320 1266 2339 cur
1281 2311 1395 2344 AEgeon
1413 2309 1508 2338 dietus.
1798 2312 1861 2344 3¹⁸·
1881 2311 1906 2341 b.

1049 2350 1251 2386 Elaphoneufia
1269 2348 1390 2376 metalla.
1790 2350 1856 2381 426.
1878 2356 1905 2376 a.

1049 2389 1215 2426 Elephanti.
1239 2395 1273 2415 an
1293 2386 1392 2414 bcstiae.
1751 2385 1774 2413 1.
1796 2388 1859 2420 336.
1879 2386 1904 2414 b.

1050 2442 1129 2449 —-
1151 2435 1184 2454 an
1207 2435 1248 2454 res
1269 2425 1400 2460 mancipi.
1793 2430 1856 2457 337.
1879 2424 1905 2451 b.

1050 2481 1125 2487 --
1148 2465 1283 2494 Romanis
1297 2465 1416 2502 primum
1433 2460 1480 2489 visi
1497 2461 1571 2490 bello
1587 2461 1702 2499 Pyrrhi,
1723 2460 1748 2489 ὃ(
1761 2461 1836 2488 hoves
1851 2460 1907 2488 Lu.

1088 2513 1122 2531 cae
1141 2503 1284 2540 appellati.
1837 2499 1903 2528 iln'd.

1051 2543 1234 2578 Emancipato
1249 2542 1333 2569 filium
1344 2561 1351 2572 ‚
1365 2539 1559 2567 inclementius
1574 2547 1590 2566 a
1606 2537 1630 2566 se
1645 2536 1786 2569 habitum.
1807 2535 1906 2566 debuit

1089 2581 1171 2609 Pater
1191 2581 1362 2615 temporibus
1381 2578 1506 2612 'l‘rajzmt
1794 2582 1858 2609 351.
1879 2577 1903 2604 b.

1050 2621 1078 2648 in
1095 2618 1371 2655 1⁴]rnancipationibus
1388 2615 1548 2651 imaginaria
1563 2620 1619 2641 non
1637 2621 1701 2641 vera
1712 2612 1905 2642 celebrabatur

1089 2657 1225 2685 venditio,
1801 2659 1865 2686 347.
1878 2661 1904 2679 a.

1049 2695 1223 2725 Emblemata
1238 2694 1323 2723 Salvii
1345 2692 1445 2730 Juliani
1469 2698 1503 2718 an
1526 2688 1577 2718 fint
1601 2690 1629 2717 in
1643 2690 1742 2718 Edicto
1757 2695 1904 2726 perpetuo.

1811 2735 1857 2761 41.
1877 2737 1903 2756 a.

1049 2772 1223 2800 Emblemata
1243 2769 1412 2798 Triboniani
1431 2766 1539 2802 reiefta.
1654 2767 1677 2794 1.
1700 2774 1745 2801 32.
1767 2767 1791 2794 b.
1813 2774 1857 2800 59.
1877 2774 1903 2794 a.

1091 2814 1137 2845 84.
1161 2814 1205 2844 85.
1229 2817 1273 2843 91.
1294 2810 1318 2836 b.
1340 2815 1386 2841 92.
1408 2814 1453 2840 94.
1474 2815 1498 2832 a.
1522 2808 1585 2833 106.
1606 2805 1630 2833 b.
1653 2808 1717 2833 160.
1739 2813 1766 2832 α.
1788 2812 1851 2831 201.
1877 2805 1903 2832 b.

1089 2856 1153 2881 209.
1181 2858 1205 2876 a.
1229 2855 1293 2880 219.
1316 2847 1339 2874 b.
1361 2852 1425 2872 221.
1455 2845 1478 2871 b.
1501 2851 1565 2877 223.
1594 2852 1618 2871 a.
1649 2851 1713 2877 225.
1740 2843 1765 2870 b.
1786 2848 1850 2875 227.
1875 2851 1903 2870 a.

1090 2895 1157 2919 229.
1184 2896 1208 2913 a.
1239 2892 1303 2918 230.
1331 2893 1356 2911 a.
1378 2890 1442 2917 231.
1469 2892 1493 2909 a.
1516 2889 1580 2916 232.
1607 2891 1631 2908 ιι.
1662 2888 1727 2915 234.
1747 2881 1771 2907 11.
1795 2886 1858 2913 235.
1877 2889 1904 2907 a.

1089 2933 1152 2959 237.
1175 2925 1238 2958 238.
1260 2925 1284 2950 Ι).
1308 2929 1372 2955 240.
1394 2931 1419 2948 a.
1441 2928 1506 2954 241.
1527 2930 1551 2947 α.
1574 2927 1638 2954 243.
1656 2929 1680 2946 a.
1706 2927 1771 2952 244.
1789 2927 1814 2944 a.
1837 2920 1906 2952 264.

1082 2973 1108 2990 a.
1130 2966 1193 2997 265.
1214 2963 1237 2989 b.
1260 2964 1324 2994 267.
1345 2969 1369 2986 α.
1392 2962 1456 2992 269.
1477 2968 1502 2986 a.
1525 2965 1589 2992 270.
1609 2967 1635 2985 a.
1658 2964 1721 2990 271.
1741 2965 1765 2983 a.
1789 2963 1854 2989 274.
1875 2964 1901 2983 a.

1090 3009 1153 3035 275.
1175 3007 1239 3034 277.
1260 3000 1283 3026 b.
1305 3001 1370 3032 278.
1392 3000 1455 3032 293.
1757 2994 1792 3021 ll.
1818 3000 1859 3027 17.
1878 2995 1903 3022 b.

1051 3040 1195 3069 Emhlema
1211 3037 1380 3066 Triboniani
1402 3036 1503 3070 tingere
1523 3035 1550 3062 in
1568 3033 1704 3067 Legibus.
1727 3040 1759 3059 ex
1775 3031 1904 3059 Novellis

1090 3075 1280 3113 interpolatis.
1294 3075 1337 3102 vel
1355 3083 1387 3103 ex
1403 3073 1524 3108 Legibus
1541 3072 1671 3102 Codicis.
1684 3078 1744 3106 quae
1761 3069 1902 3098 Pandcc‘tis

1087 3116 1147 3145 sunt
1169 3114 1336 3152 posteriores
1352 3135 1359 3146 ‚
1387 3119 1520 3150 perquam
1546 3109 1585 3138 est
1604 3108 1759 3138 absurdum.
1789 3110 1812 3136 l.
1836 3114 1902 3172 ²²:2⁰

1792 3153 1855 3180 234.
1893 3165 1900 3173 .

1050 3206 1128 3216 --
1146 3206 1224 3213 ——
1247 3191 1293 3220 cui
1314 3189 1369 3219 sola
1391 3189 1530 3218 Latinitas
1554 3185 1661 3216 causam
1680 3184 1800 3222 praebet,
1822 3183 1902 3248 »alpe

1872 3229 1900 3249 u-
