2008 3436
273 82 842 137 QUAEST.JUR18
893 81 1260 129 PRIVATI‚
1312 87 1608 129 mennon.

47 178 81 218 of
94 176 199 209 andere
217 173 414 217 Pausgefinde
436 175 594 218 geora'ende
611 174 750 216 perssmen
767 174 802 214 of
816 175 904 216 gaser*-

46 221 80 251 de
95 215 254 261 geeflelyke
272 227 392 257 arinen,
415 216 561 259 gestigten
578 217 611 257 of
625 216 803 259 godshuffiffn
815 240 822 251 ,
849 217 902 258 qui

43 261 154 292 titulus
179 260 215 290 ad
235 259 332 293 solam
359 259 535 292 testamenti
558 258 728 291 fastioncm
758 257 903 300 passivam

65 301 199 337 ertinet,
225 299 275 332 sed
301 302 332 334 in
357 299 385 342 §.
409 310 462 340 52.
487 298 629 341 noviffimi
655 299 803 330 Ordimcm
826 299 901 330 Hol-

0 362 15 380 o
55 343 148 375 andiae
165 341 267 373 Edisti·
290 345 323 374 de
346 345 450 374 charra
462 341 619 384 sigillata,
644 349 765 372 mutato
784 341 900 380 titulo,

40 383 235 416 id—Ediftum
252 394 282 424 4.
307 385 387 424 MaJ'.
416 388 504 424 1655.
531 390 664 413 vocatur
678 383 726 413 het
748 382 899 422 Platane,

41 433 127 469 legen
145 426 192 456 het
208 424 330 467 testei-en
345 436 406 457 van
424 427 457 456 de
477 421 674 465 Pausgesina'e
691 425 875 466 geb'nianeert
887 448 897 463 ,

39 468 91 510 qui
109 467 218 499 titulus
236 468 373 509 pertinet
391 467 428 498 ad
447 464 623 497 testamenti
638 465 809 498 factionem
826 465 897 497 atti-

38 517 120 540 vam.
165 508 287 541 Interea
309 509 413 540 omnis
438 505 604 548 praefatio,
629 516 699 548 quae
725 507 818 549 longe
843 516 898 538 ex—

37 549 128 592 ponit
143 551 244 582 varias
260 550 362 582 Ediffi
381 548 505 587 causas,
530 548 624 579 unice
641 548 777 581 refertur
794 549 832 580 ad
855 556 898 580 te—

37 590 177 624 stamenti
203 591 372 624 factionem
395 589 561 631 paffimm,
586 590 616 622 δε
640 590 672 622 in
700 589 766 631 ipso
784 590 898 622 Editio

37 633 76 665 de
100 633 200 664 astiva
220 655 231 671 ,
264 632 349 673 quod
374 632 412 662 ad
443 630 677 663 Ecclefiasticos
706 631 897 664 Pontificios

36 684 99 707 non
120 674 175 706 nisi
199 683 278 706 unus
306 673 476 705 versiculus
500 671 562 711 cst,
587 673 677 712 cuius
704 673 799 704 verba
821 682 898 705 mox

33 725 197 757 apponam.
244 714 410 756 Postquam
428 714 550 745 scilicet
567 714 599 746 in
615 714 747 746 secunda
767 714 896 746 sanctio-

36 767 75 790 ne
100 756 272 789 statuissent
296 756 451 794 Ordines,
476 765 516 787 ne
545 764 688 796 parentes
713 755 894 794 pontificii,

35 798 89 840 qui
117 799 232 830 liberos
255 798 411 829 habebant
442 797 603 839 utriusque
625 797 810 839 religionis,
832 807 895 829 non

32 839 220 873 Pontificios
245 838 297 871 seu
315 839 536 877 Calvinianos,
563 840 593 870 dt
616 838 820 877 Pontificios,
847 839 896 870 his

32 881 102 923 plus
127 881 300 923 relinquere
317 881 459 919 vellent,
484 890 576 921 quam
595 880 676 919 illis,
702 880 745 912 sin
761 889 866 912 autem
882 904 892 918 ,

32 932 95 955 non
120 922 280 954 Pontificii
302 930 423 954 tantum
448 922 616 961 haberent,
641 930 792 963 quantum
815 931 893 954 unus

33 973 74 996 ex
102 963 280 996 Pontificiis
301 987 309 999 .
343 963 392 995 cui
422 964 590 1004 plurimum
619 963 762 995 relictum
788 963 864 994 ess'et
882 987 892 1002 ,

30 1004 196 1048 postquam
212 1028 223 1045 ,
252 1005 376 1047 inquam
393 1029 401 1041 ,
435 1005 477 1036 ita
508 1003 680 1036 statuissent
699 1027 710 1041 ‚
735 1004 782 1035 his
800 1013 892 1036 anne-

30 1047 119 1079 stunt
136 1046 315 1088 sequentem
336 1045 536 1078 versiculum:
563 1045 649 1076 Ende
662 1045 892 1087 belangenn'esb-

30 1090 139 1129 danige
156 1098 218 1120 van
239 1087 360 1119 DESE
383 1088 522 1118 kinderen
535 1110 544 1125 ,
569 1088 614 1117 die
638 1087 713 1117 haar
733 1092 773 1117 lot
791 1088 892 1128 eenige

34 1129 240 1162 GESEIDE
260 1127 441 1171 geestelyken
459 1126 543 1168 stam
564 1127 662 1159 zallen
684 1128 790 1159 hebben
808 1130 890 1170 bege-

30 1181 107 1207 ven.
130 1181 165 1202 en
184 1173 292 1202 binnen
318 1170 352 1209 of
369 1172 474 1210 btcssvten
491 1169 551 1210 defh
581 1170 755 1211 vereenigde
774 1170 890 1201 Nealer-

31 1213 164 1254 lundsche
188 1212 371 1244 Provincz'en
399 1221 504 1242 women
531 1211 564 1250 of
586 1210 727 1249 refidereiz
747 1234 757 1250 ,
781 1212 832 1242 (lac
857 1213 890 1243 de

30 1256 171 1298 goederen
185 1253 219 1294 of
241 1253 401 1294 etsporcc'e,
423 1262 485 1284 van
508 1253 581 1283 haar
598 1253 713 1284 Ouders
731 1253 888 1294 gekomen,

29 1301 82 1338 ayt.
98 1297 202 1338 krcigte
219 1305 281 1326 van
298 1294 381 1335 delen
405 1293 627 1336 zillenjnbje&
645 1294 740 1334 wesen
752 1318 760 1333 ,
785 1305 829 1325 om
851 1305 891 1325 nn.

28 1339 79 1370 der
94 1336 236 1378 voorschr.
262 1338 401 1368 kinderen
418 1337 482 1367 ‹ioot
499 1341 526 1366 te
552 1337 666 1367 koomen
685 1346 744 1366 ann
765 1337 815 1367 der
832 1336 889 1367 zel-

5 1398 9 1399 ν
29 1388 83 1411 ver
101 1377 200 1420 naaste
216 1379 359 1409 vrienden
377 1387 411 1408 etz
428 1377 599 1419 erfgennnm
615 1379 651 1407 ab
665 1376 812 1418 intestato,
854 1377 889 1409 In

28 1420 158 1453 transitu
182 1418 337 1454 observo.
363 1429 435 1451 cum
459 1421 503 1450 ait
529 1418 675 1449 Edietum
690 1443 698 1457 ‚
725 1425 765 1449 tot
789 1421 891 1461 eem'ge

31 1461 237 1495 GESEIDE
253 1459 411 1502 geestdyke
420 1459 506 1501 stant
521 1460 580 1490 ἀς.
606 1469 672 1491 11011
687 1460 764 1492 alios
782 1460 891 1493 hicin-

28 1503 131 1545 telligi
164 1502 351 1535 Pontificios
383 1499 621 1533 Ecclesiasticos
641 1525 650 1539 ,
690 1511 782 1543 quam
808 1512 890 1540 eos,

28 1554 107 1588 quos
121 1545 184 1585 jam
207 1551 510 1576 commemoraverat
524 1542 556 1574 in
580 1542 757 1575 testamenti
778 1542 890 1575 factio*

27 1596 68 1620 ne
83 1585 219 1628 paffiva,
243 1593 338 1627 atque
361 1585 405 1616 ita
429 1584 460 1616 &
485 1583 636 1624 Kloppen,
661 1592 697 1616 ut
717 1587 891 1626 praecedenn'
914 1595 915 1598 ¹

686 1625 695 1631 “
910 1632 915 1647 1
937 1635 987 1666 24.
1007 1624 1090 1657 Dec.
1112 1633 1208 1672 17303
1222 1624 1260 1656 ad
1287 1625 1422 1658 Ordines
1442 1625 1626 1658 Hollandiae
1651 1625 1810 1658 transmis-

30 1629 136 1669 Capite
152 1627 270 1660 dietum
288 1625 343 1658 est.
388 1625 485 1670 Quod
506 1627 544 1657 ad
560 1635 626 1657 rem
642 1626 738 1667 ipsam
754 1628 890 1667 attinet,

27 1670 196 1711 diligenter
221 1668 352 1701 excuffo
370 1690 381 1706 ,
413 1677 504 1708 quem
530 1667 687 1708 exhibui,
724 1667 863 1707 versiculo
880 1691 890 1707 ,

27 1711 133 1745 statim
149 1710 330 1752 apparebit,
356 1709 491 1742 Ordines
514 1709 547 1741 in
569 1709 677 1741 eadem
695 1708 815 1752 specie,
837 1710 891 1742 ubi

29 1752 119 1786 liberi
134 1759 224 1784 erant
249 1751 415 1792 utriusque
439 1750 621 1791 religionis,
644 1760 741 1791 porro
756 1760 892 1790 cavere,

26 1795 51 1829 fi
80 1794 150 1835 quis
178 1803 220 1826 ex
241 1793 349 1825 liberis
376 1791 555 1824 pontificiis
579 1793 617 1824 ad
642 1791 753 1824 statum
778 1793 891 1825 Eccle-

27 1835 182 1871 fiasticum
205 1833 415 1877 pervenisset,
440 1843 480 1865 ne
505 1843 547 1865 ex
563 1834 631 1874 ejus
650 1834 850 1873 haereditate,
875 1844 892 1866 a

26 1877 209 1920 parentibus
229 1875 390 1918 profecta,
413 1875 508 1907 etiam
533 1876 636 1908 minus
652 1885 801 1916 caperent
819 1876 891 1909 Cal-

27 1919 169 1957 viniani,
194 1927 286 1959 quam
304 1916 488 1954 Pontificii,
515 1916 566 1950 sed
590 1918 717 1958 utrique
738 1918 803 1958 pari
824 1918 892 1958 jure

28 1961 68 1994 ab
86 1959 236 1992 intestato
254 1958 456 1991 succederent
468 1957 558 1989 fratri
586 1958 638 1990 vel
664 1958 761 1991 sorori
778 1959 889 1991 Eccle-

27 2002 165 2036 fiasticis.
211 2000 309 2032 Vides
331 2001 448 2041 igitur,
471 2000 555 2041 quod
580 2000 619 2031 de
648 1999 822 2032 hereditate
837 2010 888 2042 pa-

27 2052 154 2077 rentum
181 2042 326 2077 dixerant
349 2041 505 2081 Ordines,
531 2041 626 2072 etiam
650 2042 824 2082 pori-exiise
851 2042 889 2074 ad

27 2085 236 2118 hereditatem
261 2083 434 2115 liberorum
455 2105 465 2121 ,
507 2082 529 2115 fi
556 2083 625 2124 quis
649 2092 688 2115 ex
712 2083 890 2116 Pontificiis

28 2125 200 2160 Ecclesiam
228 2125 394 2157 intraverit
416 2147 426 2162 ‚
462 2132 496 2156 ut
524 2123 766 2156 Pontificiorum
791 2125 890 2157 verbo

12 2176 114 2204 ‚utar‚
124 2167 155 2199 dt
170 2167 277 2204 vides,
289 2175 349 2198 una
365 2166 534 2207 eademque
544 2165 690 2198 oratione
705 2167 780 2198 hunc
789 2166 890 2206 verfiC.

25 2208 275 2253 praecedentibus
292 2207 382 2245 addi,
394 2217 466 2239 nam
481 2208 525 2238 ait
534 2207 679 2250 deanige
695 2218 756 2240 van
772 2208 895 2240 DESE

27 2251 180 2284 Kinderen
202 2249 263 2281 &c.
307 2248 414 2294 Quare
433 2249 567 2281 Ordines
587 2249 701 2296 telam,
724 2260 815 2291 quam
833 2250 893 2282 orfi

26 2299 115 2325 erant
137 2314 146 2329 ,
179 2297 312 2331 pergunt
337 2299 521 2330 pertexere,
552 2298 646 2332 atque
672 2299 714 2323 ita
743 2292 894 2324 continua

27 2334 172 2367 oratione
188 2331 278 2372 loqui
296 2330 335 2362 de
350 2331 456 2362 eadem
476 2330 598 2372 specie,
620 2333 671 2364 ubi
697 2343 811 2374 nempe
831 2333 892 2365 fra-

32 2383 97 2408 tres
121 2375 152 2406 &
169 2372 290 2405 sorores
313 2371 401 2411 sunt,
426 2372 478 2412 qui
495 2383 607 2413 quaeve
633 2374 692 2405 alia
715 2383 810 2420 atque
833 2375 894 2406 alia

27 2416 110 2450 sacra
128 2414 316 2460 sequuntur,
342 2414 373 2445 ἃ
389 2414 464 2445 odio
480 2414 661 2454 religionis,
674 2415 769 2446 etiam
787 2425 818 2447 111
836 2415 907 2456 110--

27 2459 76 2490 nis
93 2465 253 2499 paternis,
284 2455 338 2487 fibi
357 2455 496 2486 invicem
524 2454 619 2486 facile
644 2456 892 2496 praejudicarent.

27 2499 146 2532 Praeter
168 2507 241 2529 eum
255 2496 359 2529 casum
384 2506 448 2528 non
466 2497 560 2528 alium
577 2500 674 2534 novi,
698 2507 758 2538 que
779 2498 890 2529 Eccle-

25 2539 136 2573 fiastici
154 2538 377 2571 testamentum
401 2538 507 2570 facere
525 2537 731 2579 prohibentur
749 2539 782 2571 in
800 2546 893 2578 toto,

29 2591 89 2623 qua
106 2588 215 2622 patet,
239 2579 363 2612 Edicto.

70 2623 104 2655 Si
120 2631 196 2653 vera
209 2621 248 2653 fit
265 2621 334 2652 haec
356 2621 592 2662 interpretatio,
616 2632 711 2661 erras,
736 2623 758 2655 fi
779 2630 891 2664 putes,

0 2663 1 2667 ’
30 2664 110 2697 nihil
136 2661 332 2695 constituisse
358 2662 493 2695 Ordines
516 2663 546 2695 in
572 2664 628 2696 illo
644 2663 718 2705 veis
737 2674 829 2705 quam
852 2674 892 2696 ne

0 2707 2 2735 l
29 2704 170 2738 Ecclesia
187 2703 330 2750 Clericis·
346 2703 512 2744 succedat,
537 2705 686 2747 abrogata
702 2705 745 2737 iic
760 2706 894 2737 Novella

29 2745 69 2779 V.
97 2747 128 2777 C.
146 2754 177 2785 5.
202 2754 296 2785 quam
320 2754 383 2784 Jam
404 2745 503 2785 olim,
528 2747 613 2787 quod
637 2747 674 2778 ad
698 2747 892 2786 immobilia,

30 2787 234 2828 abrogaverat
252 2784 385 2818 Carolus
403 2786 444 2818 V.
468 2797 518 2819 20.
539 2788 616 2829 Maj.
639 2798 730 2829 1524.
756 2789 787 2820 ὅ(
801 2798 893 2827 erras,

30 2828 54 2861 fi
71 2837 183 2870 putes,
204 2834 240 2872 ut
262 2826 444 2859 consulatur
460 2828 610 2869 legitimis
634 2830 818 2870 heredibus,
842 2830 894 2861 ad-

30 2878 169 2911 emptam
192 2868 239 2901 illi
249 2867 312 2899 effe
339 2867 474 2900 Clericis
494 2869 670 2903 testamenti
688 2871 844 2904 condendi
859 2872 896 2903 li-

27 2912 172 2943 centiam.
218 2908 307 2948 Imo,
330 2909 500 2942 secundum
521 2912 556 2943 d..
565 2911 608 2953 vs.
628 2912 730 2945 testari
747 2913 898 2955 possunt,

28 2952 200 2985 dummodo
223 2960 263 2983 ne
287 2952 326 2983 de
351 2960 388 2982 ea
416 2951 598 2992 patrimonii
622 2963 733 2996 parte,
764 2965 857 2997 quam
881 2964 898 2987 a

0 3103 7 3140 g
71 3093 134 3131 (2)
149 3084 242 3130 canfic.
263 3091 339 3121 Han.
364 3090 396 3120 T.
413 3092 450 3121 V.
472 3091 565 3131 confir.
580 3100 646 3129 113.

19 3145 25 3147 Δ
70 3133 130 3170 (3)
150 3131 263 3159 Formul.
286 3129 318 3159 T.
335 3131 371 3160 11.
393 3139 420 3167 p.
440 3137 485 3166 70.

72 3170 134 3207 (4)
154 3169 240 3198 Form.
261 3167 294 3197 T.
314 3169 351 3197 ΙΙ.
373 3178 400 3206 p.
417 3172 463 3203 69.
481 3168 507 3198 δί
529 3177 575 3206 70.

78 3208 140 3278 ’(Γ5)
159 3207 245 3277 Ftirlm.
258 3206 301 3237 T.
319 3207 356 3237 11.
377 3217 405 3246 p.
416 3212 463 3243 69.

105 3256 158 3277 om.
218 3269 224 3276 .

946 170 1136 218 parentibus·
1150 180 1340 213 acceperunt
1350 196 1361 213 ,
1384 175 1475 215 idque
1495 187 1558 210 uno
1574 180 1628 212 illo
1644 174 1734 216 casu.
1760 182 1815 222 qui

947 213 990 244 lbl
1008 213 1167 253 expressus
1187 213 1232 246 cst
1243 218 1456 256 ,caeteroquin
1470 221 1656 258 generaliter
1671 222 1811 262 poll‘unt.

947 254 1053 286 Palam
1082 264 1206 297 quoque
1232 256 1261 287 id
1293 255 1445 298 signifieat
1470 259 1511 298 ‘Lfi
1539 260 1622 292 Ende
1645 272 1724 293 omne
1751 263 1811 294 alle

945 297 1063 328 verdere
1086 303 1176 337 queat
1199 297 1291 328 beleid
1306 320 1318 336 ,
1347 307 1418 330 cum
1440 299 1483 329 ait
1509 299 1652 334 heredem
1677 303 1810 335 Pontifi-

944 338 1051 378 cium,
1083 338 1120 369 ab
1147 337 1348 380 Ecclesiastico
1370 340 1420 372 vel
1448 338 1547 371 Laico
1575 342 1748 376 institutum
1775 344 1809 376 in

943 379 1158 421 praejudicium
1182 380 1327 412 heredum
1363 390 1427 413 non
1452 380 1693 414 Pontificiorum
1714 407 1724 422 ,
1777 385 1809 416 ui

942 421 1082 462 alioquin
1101 421 1138 452 ab
1164 422 1312 454 intestato
1330 421 1548 461 succederent,
1573 424 1670 454 teneri
1690 434 1758 456 man
1785 435 1814 456 a-

944 471 975 494 ta
1002 463 1054 495 sua
1078 463 1254 504 explicare,
1282 472 1317 495 ut
1346 463 1480 503 sciatur,
1505 473 1542 495 an
1568 463 1640 504 quid
1667 463 1753 496 forte
1778 467 1811 498 in

943 504 1085 536 fraudem
1102 504 1204 536 Edicti
1229 505 1502 537 fideicommissum
1529 504 1575 537 iit.
1621 505 1652 537 Si
1671 514 1734 536 non
1753 506 1811 544 sit,

943 545 1170 578 Ecclesiasticis
1190 555 1254 578 non
1272 547 1373 579 minus
1399 547 1519 588 integra
1540 545 1585 577 est
1608 545 1737 578 testandi
1764 546 1813 578 fa-

942 589 1063 625 cultas,
1096 596 1188 629 quam
1207 588 1398 628 quibuslibet
1419 588 1485 620 aliis
1501 612 1510 627 ‚
1544 595 1703 629 excepto,
1727 588 1812 628 quod

942 628 1063 670 semper
1085 628 1272 668 tenendum,
1296 639 1361 662 uno
1378 630 1434 661 illo
1450 629 1540 669 casu,
1565 629 1621 670 qui
1637 629 1814 670 praecellit,

943 671 973 702 ὅ(
992 671 1043 712 qui
1075 669 1139 711 ipse
1165 669 1252 702 casus
1269 671 1402 712 probat,
1434 672 1465 703 in
1487 671 1568 704 statu
1590 669 1812 703 Ecclefiastico

942 712 1022 744 nihil
1038 711 1121 750 ess‘c,
1143 712 1225 752 quod
1252 711 1382 745 testandi
1407 713 1569 745 licentiam
1585 712 1753 753 impediat,
1777 721 1811 743 a-

942 754 1063 794 lioquin
1087 753 1170 785 enim
1197 763 1261 785 non
1285 755 1368 786 recte
1396 753 1582 786 testarentur
1602 753 1713 792 cleiis,
1737 762 1810 794 quat

940 805 957 826 a
973 796 1148 835 parentibus
1165 795 1305 834 profctta
1322 805 1385 827 non
1406 795 1493 834 sunt,
1519 795 1603 836 quod
1619 803 1723 827 tamen
1741 803 1811 836 per-

939 837 1039 869 mittit
1061 838 1090 868 d.
1104 836 1206 876 veifiC.

981 878 1068 922 Quid
1090 879 1186 919 igitur
1204 879 1266 918 cst,
1291 879 1375 921 quod
1397 877 1573 918 Hollandi,
1598 886 1742 919 tanquam
1767 874 1828 911 ex*

937 920 1004 959 jure
1024 921 1208 959 communi,
1231 920 1368 953 scribant
1391 920 1408 960 (
1419 931 1435 952 2
1449 921 1486 961 ),
1507 920 1745 954 Ecclefiasticos
1765 927 1810 951 te-

938 960 1008 992 stari
1031 971 1092 993 non
1121 961 1208 1002 poss'c
1225 985 1235 1001 ,
1265 963 1294 994 δε
1319 962 1395 1003 quid
1425 962 1488 1000 est,
1509 963 1594 1004 quod
1627 961 1688 1004 ipsa
1712 960 1811 993 Curia

937 1001 1116 1034 Hollandiae
1133 1012 1214 1035 anno
1239 1007 1329 1036 1660.
1352 1003 1545 1044 responderit
1567 1004 1663 1046 (3),
1689 1003 1809 1035 Sancti-

938 1044 1126 1075 monialibus
1145 1053 1209 1075 non
1233 1053 1382 1084 oportere
1405 1045 1560 1084 concedi,
1580 1054 1616 1077 ut
1639 1046 1678 1076 de
1702 1044 1809 1085 legiti-

936 1094 1005 1122 ma,
1030 1094 1122 1125 quam
1150 1094 1166 1115 a
1196 1086 1375 1125 parentibus
1400 1094 1609 1127 acceperunt,
1633 1085 1810 1126 testentur,

937 1126 967 1157 dc
986 1126 1070 1167 quod
1095 1125 1203 1157 eadem
1221 1126 1339 1164 Curia,
1363 1126 1549 1158 sententiam
1570 1135 1679 1168 rogata
1696 1127 1734 1158 ab
1744 1128 1808 1159 Or-

936 1167 1062 1199 dinibus
1077 1166 1259 1199 Hollandiae
1276 1167 1315 1199 de
1327 1167 1497 1208 privilegio
1509 1167 1640 1200 testandi
1654 1169 1735 1200 intel·
1744 1167 1810 1200 Co-

934 1217 1047 1250 gnatos
1068 1208 1273 1247 pontificios,
1289 1209 1373 1250 quod
1388 1209 1612 1251 imploraverat
1620 1209 1721 1251 Virgo
1732 1210 1808 1244 San-

934 1250 1151 1288 ttimonialis,
1187 1254 1235 1282 16.
1260 1251 1325 1291 Jan.
1359 1254 1448 1290 1665.
1480 1249 1674 1293 rescripserit
1709 1250 1807 1292 (4),

935 1290 1170 1324 Ecclefiasticos
1196 1292 1372 1324 testamenti
1390 1291 1563 1325 factionem
1588 1302 1652 1325 non
1670 1292 1809 1332 habere,

935 1334 965 1366 ἃ
984 1333 1062 1365 nihil
1084 1332 1166 1372 effe,
1188 1343 1244 1366 cur
1263 1333 1464 1374 privilegium
1487 1334 1520 1366 in
1545 1334 1626 1366 hanc
1652 1343 1719 1366 rem
1747 1335 1807 1366 lar-

933 1376 1058 1416 giantur
1074 1375 1219 1407 Ordines.
1265 1375 1306 1407 Et
1323 1375 1398 1416 quid
1416 1374 1480 1414 est,
1511 1376 1595 1417 quod
1611 1384 1646 1407 ea
1666 1375 1732 1417 ipsa
1742 1374 1808 1407 Cu-

934 1418 980 1448 ria
1003 1426 1053 1456 24.
1077 1417 1175 1449 Mart.
1196 1420 1286 1458 1679.
1310 1417 1462 1457 legatario
1485 1427 1526 1449 ex
1552 1417 1806 1450 Sanffimonialis

934 1457 1122 1490 testamento
1150 1459 1288 1500 legatum
1319 1459 1474 1491 addixerit
1497 1458 1592 1500 (5),
1616 1458 1639 1491 fi
1654 1458 1752 1491 modo
1767 1467 1809 1493 ex

934 1500 1045 1540 boniS,
1075 1509 1143 1542 quae
1159 1509 1222 1532 non
1240 1509 1278 1532 ex
1292 1499 1482 1533 successione
1501 1508 1668 1542 parentum
1684 1500 1738 1533 illa
1755 1509 1809 1533 ac-

935 1549 1082 1583 ceperat,
1104 1541 1204 1583 redigi
1218 1541 1331 1583 poss'et.
1357 1541 1524 1583 Compone
1541 1542 1631 1581 haec,
1654 1541 1679 1574 fi
1695 1547 1810 1583 potes,

935 1584 965 1616 ἅ
982 1592 1140 1624 compone
1161 1593 1232 1615 cum
1264 1584 1323 1616 alia
1347 1583 1484 1624 ejusdem
1509 1582 1612 1616 Curiae
1632 1583 1810 1624 sententia,

935 1667 965 1699 sa
988 1666 1006 1708 (
1014 1670 1035 1698 6
1043 1666 1080 1707 ),
1103 1675 1163 1707 qua
1181 1674 1288 1707 ajunt,
1319 1675 1392 1699 ante
1417 1676 1516 1700 annos
1532 1666 1606 1699 XL.
1625 1666 1810 1700 dubitatum

935 1717 1000 1740 non
1017 1707 1131 1745 fuisse,
1143 1708 1216 1749 quin
1226 1708 1439 1741 Ecclefiastici
1454 1708 1620 1741 habuerint
1638 1707 1808 1741 testamen-

937 1751 959 1782 ti
978 1749 1150 1781 fattionem
1165 1749 1300 1782 activam
1312 1773 1322 1789 ,
1344 1752 1375 1784 &
1393 1750 1438 1782 ita
1452 1759 1574 1792 quoque
1595 1749 1745 1789 Curiam,
1767 1749 1810 1782 de

935 1791 1108 1833 privileorio
1124 1790 1255 1823 testandi
1272 1791 1468 1831 consultam,
1491 1792 1604 1834 saepius
1621 1791 1736 1824 deinde
1757 1798 1809 1823 re-

938 1833 1047 1874 spondi
1075 1842 1093 1863 e
1109 1856 1120 1873 ,
1154 1831 1206 1864 sed
1231 1841 1368 1873 paratam
1385 1833 1416 1866 se
1439 1833 1519 1874 esse,
1542 1833 1581 1865 de
1610 1843 1650 1866 eo
1673 1832 1809 1874 amplius

936 1874 1107 1906 deliberare
1129 1883 1200 1906 cum
1225 1875 1407 1908 Ordinibus.
1452 1875 1534 1907 Haec
1555 1875 1612 1908 sibi
1639 1884 1703 1908 non
1729 1883 1810 1906 con-

937 1916 1036 1955 stant,
1059 1915 1110 1948 sed
1126 1915 1282 1957 postrema
1298 1916 1453 1949 sententia
1469 1927 1544 1949 vera
1561 1915 1626 1956 est,
1646 1916 1670 1949 fi
1688 1925 1809 1954 unum,

936 1967 1029 2000 quem
1047 1957 1134 1997 dixi,
1159 1956 1263 1990 casum
1289 1958 1438 2000 excipias.
1483 1959 1633 1991 Attamen
1654 1959 1685 1991 dt
1713 1957 1812 1990 Sena-

934 2009 984 2032 tus
999 2000 1166 2040 Supremus
1183 2009 1234 2041 30.
1253 2000 1324 2033 Οξὶ.
1348 2004 1438 2040 1685.
1464 2000 1495 2032 &
1510 2000 1630 2041 7.Maj.
1644 2002 1735 2039 1697.
1747 1997 1809 2040 (7)

934 2050 1008 2073 cum
1023 2040 1272 2073 Sanctimonialis
1283 2065 1293 2081 ,
1319 2042 1487 2083 praeteritis
1504 2041 1624 2083 agnatis
1642 2041 1673 2073 δε
1688 2049 1809 2081 cogna-

934 2084 994 2122 tiS,
1026 2090 1151 2114 exteros
1169 2082 1299 2116 heredes
1313 2083 1495 2125 scripfiss'et,
1510 2083 1630 2124 agnatis
1646 2082 1677 2114 ὅτ.
1689 2090 1808 2122 cogna-

936 2125 977 2156 tis
1002 2124 1212 2165 adjudicavit,
1237 2134 1307 2165 quae
1329 2135 1346 2157 a
1363 2125 1545 2166 parentibus
1568 2122 1809 2156 Sanffimoniali

937 2167 1151 2204 obvenerant,
1175 2166 1304 2208 reliquis
1323 2166 1456 2206 negatis.
1487 2165 1675 2207 Perperam,
1699 2173 1808 2205 quam-

938 2209 988 2240 vis
1003 2209 1034 2240 &
1049 2208 1110 2247 ita,
1133 2214 1170 2238 ut
1194 2207 1281 2247 dixi,
1306 2207 1403 2240 Curia
1421 2207 1610 2248 iudicaverit
1632 2216 1682 2246 24.
1704 2205 1811 2237 Mart.-

941 2253 1032 2291 1679.
1050 2250 1081 2282 &
1101 2248 1174 2280 ideo
1189 2258 1367 2291 perperam,
1393 2249 1479 2290 quod
1497 2248 1566 2280 haec
1588 2256 1638 2279 res
1651 2246 1752 2278 aliena
1769 2245 1808 2278 fit

938 2301 956 2323 a
971 2290 1123 2323 sententia
1136 2289 1292 2330 versiculi,
1316 2300 1408 2332 quem
1426 2289 1571 2331 exposui.

978 2333 1040 2365 Sed
1061 2332 1122 2364 alia
1140 2331 1170 2363 <Sc
1184 2332 1316 2364 meliora
1329 2333 1498 2373 sequamur.
1525 2330 1607 2363 Cum
1626 2330 1813 2372 VirgoSan-‘

938 2373 1127 2407 ffimonialis
1138 2396 1147 2410 ,
1158 2374 1326 2414 praeteritis
1340 2372 1522 2416 quibusdam
1536 2371 1708 2414 legitimis,
1726 2371 1809 2403 alios

937 2415 1103 2457 seripfiss'et
1121 2415 1250 2448 heredes
1264 2438 1273 2452 ,
1295 2416 1426 2447 Senatus
1445 2414 1611 2454 Supremus
1632 2422 1682 2452 27.
1701 2413 1802 2444 Mart.

940 2467 1030 2498 1722.
1055 2456 1216 2488 fiduciaria
1230 2456 1386 2488 sententia
1411 2464 1468 2496 pro
1483 2453 1671 2485 testamento
1686 2453 1806 2493 judica-

936 2500 984 2530 vit
1007 2497 1024 2538 (
1034 2497 1101 2540 8),
1126 2506 1161 2529 ut
1181 2506 1214 2529 ut
1236 2498 1317 2529 inter
1335 2496 1517 2537 praeteritos
1535 2495 1631 2527 etiam
1648 2493 1805 2526 Calvinia-

935 2540 968 2571 ni
986 2547 1242 2577 numerarentur,
1254 2539 1284 2571 &
1302 2537 1405 2576 recte,
1427 2546 1501 2569 cum
1518 2546 1583 2569 non
1599 2535 1729 2567 haberet
1740 2535 1806 2568 fra-

936 2589 999 2612 tres
1017 2581 1047 2612 &
1071 2578 1192 2611 sorores
1212 2580 1375 2620 utriusque
1391 2578 1562 2620 religionis.
1591 2577 1635 2609 Et
1651 2586 1724 2609 cum
1740 2586 1807 2609 rur-

936 2621 985 2654 sus
1008 2621 1068 2652 alia
1084 2620 1172 2653 causa
1191 2621 1273 2662 apud
1303 2621 1453 2653 Senatum
1469 2618 1644 2658 incidisset,
1670 2628 1700 2651 2.
1721 2618 1805 2658 Mai.

940 2672 1029 2704 1725.
1053 2662 1071 2704 ζ
1078 2662 1148 2703 9),
1172 2662 1316 2694 nonnulli
1334 2662 1498 2694 Senatores
1523 2670 1587 2693 non
1613 2660 1705 2692 aliter
1726 2668 1805 2700 quo-

936 2715 996 2746 que
1024 2704 1310 2745 interpretabantur
1341 2704 1369 2735 d.
1396 2703 1438 2744 vs}
1471 2702 1558 2734 Ende
1592 2701 1770 2742 belangende
1789 2722 1803 2737 ,

936 2755 1026 2788 quam
1050 2753 1087 2777 ut
1104 2746 1258 2777 duntaxat
1282 2745 1464 2782 obtineret,
1486 2744 1508 2775 fi
1528 2743 1638 2775 fratres
1664 2742 1694 2787 §c
1715 2739 1804 2772 soro-

936 2797 987 2820 res
1002 2787 1062 2819 alia
1078 2794 1173 2828 atque
1184 2787 1244 2819 alia
1265 2786 1349 2818 sacra
1366 2785 1530 2822 colerent,
1552 2791 1693 2825 quamvrs
1710 2781 1749 2812 de
1763 2790 1804 2812 eo

939 2838 1015 2861 tunc
1039 2828 1211 2869 judicatum
1235 2837 1298 2859 non
1316 2826 1432 2865 fuerit,
1455 2835 1525 2857 nam
1545 2834 1598 2866 per
1613 2822 1806 2869 imperitiam

939 2870 1096 2903 Advocati
1113 2870 1196 2901 inter
1211 2869 1324 2900 fratres
1347 2868 1377 2899 ὅ(
1401 2867 1541 2904 sorores,
1567 2874 1675 2902 unius,
1697 2873 1735 2895 an
1756 2863 1806 2895 ἀι-

939 2911 1037 2943 versae
1056 2911 1230 2952 Religionis
1244 2908 1423 2941 distinctum
1440 2917 1505 2939 non
1523 2908 1638 2939 fuerat.
1668 2904 1807 2944 Rursus,

941 2963 1013 2987 cum
1035 2953 1153 2994 Begina
1185 2948 1492 2983 Amsterdammenfis
1519 2955 1690 2991 cognatum
1715 2945 1807 2992 suum

1760 2996 1807 3019 111-

1035 3094 1048 3130 )
1068 3092 1142 3121 Inter
1158 3091 1228 3120 Assa
1243 3090 1377 3119 Ordinum
1391 3090 1426 3118 ad
1438 3097 1498 3119 cum
1511 3096 1608 3123 annum
1623 3084 1660 3121 fg?
1674 3085 1752 3116 diem.

1031 3132 1044 3167 )
1067 3132 1182 3166 Utraque
1193 3129 1325 3168 sententia
1343 3126 1428 3164 exstat
1447 3130 1516 3156 inter
1534 3126 1605 3155 Attea
1623 3125 1744 3158 Senatus.

1034 3173 1045 3204 )
1066 3168 1203 3204 Observat.
1227 3166 1343 3196 Tumulr.
1369 3166 1401 3195 T.
1417 3166 1496 3197 vni.
1516 3174 1544 3197 71.
1560 3166 1647 3202 1835->

1033 3208 1045 3245 )
1064 3206 1137 3236 lbid.
1163 3205 1301 3237 Tom.1x.
1321 3214 1347 3237 n.
1364 3211 1449 3242 2151»

984 3095 1023 3127 (6

985 3134 1022 3206 a

983 3209 1024 3249 ω
1113 3244 1165 3276 Bb
1188 3244 1207 3275 b
