2008 3436
306 114 469 152 LIBRI
520 108 882 149 siNGULARIS
935 109 1012 146 AD
1061 109 1103 144 L.
1156 109 1369 155 LECTA,

672 226 1033 265 CAPUT

1429 111 1524 148 Cir.
1558 114 1620 149 IX.

1794 124 1811 149 Μ

1820 126 1829 135 x

1132 228 1219 265 IX.

104 323 283 375 ¹Qgioesttum
311 321 356 371 ςβ
379 323 417 359 de
443 321 635 367 obligatione
659 313 849 363 usurarum:
874 317 1035 417 quoniams
1049 327 1198 353 numerus
1223 316 1388 364 mensum,
1423 321 1476 365 qui
1490 317 1648 366 solutioni
1671 330 1791 367 compc-

794 372 907 416 zelun,
933 379 1007 407 tran
1024 380 1118 408 ierat.

118 485 274 528 riusquam
305 481 537 517 Controverfiae
573 479 687 526 statum
721 478 897 521 aperiamus
913 502 925 519 ‚

138 528 258 569 placet,
282 526 401 558 ordinis
426 524 547 597 ffratia,
569 528 764 564 praemittere
783 519 922 561 menses,

54 583 131 598 ‘rou'
150 571 286 607 πτέρις,
310 574 344 598 Ut
360 566 405 598 ait
421 577 431 598 1
448 565 492 597 le.

98 610 248 656 Quoniam
271 618 405 640 numerus
430 604 576 647 mensum,
598 606 648 647 qui
656 604 798 647 solutioni
814 610 922 645 compe-

10 660 14 663 ·
53 654 152 689 rebat,
176 649 340 690 transierat.
390 649 426 681 In
440 646 664 688 Manuscripto
683 656 757 678 meo
772 644 836 685 est,
852 647 923 687 quia

51 703 186 725 numerus
201 692 261 724 dte.
287 690 338 723 scd
362 691 425 723 hoc
448 688 587 732 perinde.
633 688 737 720 Etiam
755 687 820 726 ibi,
842 697 920 720 men⁴

44 732 138 774 sium,
171 733 432 775 quemadmodum
458 732 490 763 δε
516 730 549 762 in
566 729 636 762 aliis
655 728 852 768 Codicibus,
876 727 920 760 se-

51 776 189 807 cundum
207 774 365 817 vulgareis
386 771 676 805 Grammaticorum
691 771 823 813 regulas.
846 769 871 802 F
874 770 920 802 lo-

49 817 161 850 rentiae
181 825 287 848 tamen
314 814 441 857 mensum
467 814 542 852 hic,
571 813 602 845 δε
622 813 655 845 in
677 813 698 844 l.
722 822 751 853 7.
775 811 803 854 §.
827 821 858 843 2.
875 810 916 852 ff.

43 858 136 902 stilut.
161 859 293 890 matrim.
317 857 337 888 l.
362 860 413 889 60.
442 862 490 898 pr.
519 853 558 896 ff
591 856 625 886 de
657 854 780 899 legarit,
811 861 860 898 3‘3.
896 853 916 884 l.

55 909 126 932 101.
151 899 193 942 ff.
223 901 256 931 cle
287 898 330 931 R.
363 898 398 939 J.
431 896 563 930 &alibi.
608 895 700 927 Unde
717 893 917 939 Brissonius,

48 942 139 973 velut
163 941 323 983 peculiare
349 939 437 971 Libri
464 936 661 975 Florenfflni,
698 936 777 968 illud
792 937 919 980 mensum

49 989 141 1015 notat
159 983 190 1015 in
206 982 296 1014 Libro
307 980 419 1023 singul.
444 980 590 1018 παρίςγνι,
603 977 652 1024 ⁴de
667 976 845 1018 hujusmodi
863 985 918 1007 vo—

49 1024 181 1057 cabulis.
232 1023 379 1055 Attamen
405 1020 574 1053 lectionem
602 1018 689 1050 illam
709 1017 780 1049 usus
796 1017 919 1049 abunde

48 1065 198 1105 sustinet,
232 1074 293 1095 tam
317 1065 347 1095 in
374 1062 518 1093 oratione
541 1058 669 1106 prorsa,
692 1068 785 1106 quarn
802 1057 917 1100 versa:

48 1108 165 1139 etenim
191 1105 317 1145 mensum
342 1102 533 1136 Censorinus
559 1101 643 1133 dlxlt
668 1101 702 1132 de
728 1099 918 1146 Die-Natal.

51 1149 83 1180 C.
108 1147 166 1181 IX.
192 1147 221 1179 δε
246 1147 292 1178 bis
319 1146 352 1177 C.
374 1143 487 1177 XXII.
510 1142 684 1184 bisitidem
705 1141 841 1175 Ovidius
861 1140 919 1173 Fa-

41 1189 153 1231 storum
176 1188 216 1221 L.
241 1187 282 1219 V.
307 1187 352 1229 vs.
380 1191 450 1226 187.

92 1230 162 1262 Cum
182 1236 234 1262 tua
242 1227 328 1269 fini,
355 1229 517 1269 cedantque
537 1227 592 1258 tibi
610 1224 738 1266 confinia
758 1233 917 1257 MENSUM.

49 1272 80 1305 δε
102 1270 173 1313 post
195 1271 239 1314 ts.
264 1280 337 1312 424.
624 1310 629 1315 .
713 1310 719 1316 ι

90 1314 156 1346 Nec
180 1319 215 1345 tu-
234 1314 295 1344 dux
317 1320 468 1344 MENSUM
493 1311 576 1352 Jane
601 1310 733 1349 biformis
755 1317 831 1339 eras.

45 1355 98 1388 Sic
117 1355 212 1386 etiam
234 1354 354 1386 Auctor
381 1352 538 1385 Carminis
553 1353 586 1384 de
601 1350 765 1392 Paschate‚
787 1349 915 1383 Laetan-

48 1398 96 1429 tio
111 1396 275 1428 attributi:

110 1437 266 1470 Nobilitas
285 1438 378 1476 anni,
401 1443 571 1475 mensum,
596 1434 648 1477 iux
671 1434 750 1466 alma
772 1434 891 1466 dierum.

90 1479 290 1512 Transierant
308 1480 414 1520 itaque
426 1475 548 1509 menses
564 1474 718 1508 solutioni
734 1484 806 1507 com
830 1484 915 1507 eten-

48 1530 104 1554 tes.
140 1520 265 1553 Frustra
279 1530 348 1553 nam
373 1529 414 1551 ue
430 1518 618 1560 Strepfiades
637 1517 718 1559 apud
737 1517 792 1549 Ari
843 1516 915 1558 pha-

45 1563 166 1596 nemin
187 1562 288 1595 Nubib
311 1562 358 1595 Ac
374 1586 382 1594 .
400 1560 440 1593 II.
467 1561 514 1592 Sc.
536 1559 562 1592 Ι.
594 1559 804 1592 meditabatur
824 1559 863 1590 de
878 1557 914 1590 fi-

47 1604 153 1637 stenda
176 1604 339 1637 veneficiis
365 1603 439 1635 luna
454 1626 465 1642 ‚
499 1611 563 1643 quo
585 1600 795 1633 creditoribus
813 1600 912 1641 impo-

43 1655 152 1679 neret:
184 1646 274 1678 venit
297 1645 421 1677 tandem
447 1651 570 1684 tempus
590 1643 621 1675 &
645 1641 848 1684 inelustabile
868 1640 912 1673 fa-

47 1697 124 1724 tum.
170 1688 231 1720 Sed
247 1688 318 1730 quis
331 1685 376 1718 est
396 1686 452 1718 ilie
469 1683 618 1717 decursus
638 1684 789 1716 mensium
808 1692 913 1715 nume-

44 1739 116 1770 rus,
149 1739 243 1772 quem
269 1727 423 1761 solutioni
447 1725 645 1768 competiiss'e
661 1725 776 1757 Paulus
791 1734 911 1757 memo-

42 1770 321 1813 rat?1nterpretes
341 1779 406 1802 non
423 1778 483 1800 una
493 1776 625 1800 utuntur
635 1766 796 1799 sententia.
820 1767 916 1807 Sunt,·

45 1822 125 1855 quos
140 1813 223 1845 inter
246 1811 411 1851 Hocman,
457 1810 489 1842 ui
516 1809 726 1849 solutionem,
751 1818 812 1850 qua
827 1808 866 1841 de
882 1819 912 1841 a-

45 1855 149 1897 gitur,
170 1854 207 1886 ad
226 1854 358 1896 primam
396 1862 435 1885 en
449 1861 556 1884 ionem
576 1851 734 1893 pertinere
751 1851 830 1891 rati,
838 1850 911 1926 [pri-

46 1906 132 1935 mum
157 1895 262 1928 statim
287 1904 359 1927 men
375 1904 426 1926 em
454 1892 605 1935 designari
622 1892 758 1932 volunt,
782 1902 819 1924 ac
876 1892 912 1924 P.

44 1937 204 1976 Maevius,
223 1937 356 1979 diligens
379 1934 629 1973 Paterfamilias,
659 1933 747 1976 lapso
762 1933 830 1977 die,
854 1933 915 1975 pri-

45 1988 106 2011 mae
133 1979 272 2020 pensioni
296 1977 446 2010 condicto
462 1999 473 2014 ‚
503 1976 672 2008 confestim
699 1975 820 2007 adiiss'et
840 1984 914 2007 curn

45 2018 138 2053 sacco
161 2020 197 2053 L.
212 2019 360 2059 Titium,
391 2019 424 2050 in
442 2017 602 2050 solutione
619 2024 804 2049 morantem.
851 2016 913 2049 Ve-

44 2071 114 2095 rum
138 2072 229 2104 quam
256 2062 336 2093 levia
363 2060 434 2092 haec
449 2058 509 2091 sint
523 2059 576 2090 vel
594 2058 666 2091 inde
684 2058 804 2100 liquet,
826 2057 912 2100 quod

45 2113 63 2136 a
79 2103 180 2144 prima
194 2102 397 2144 stipulatione
413 2100 451 2132 ad
468 2110 564 2142 usque
586 2099 710 2133 futuras
735 2099 911 2138 Kalendas,

47 2144 160 2186 quibus
185 2144 284 2185 prima
307 2143 477 2175 debebatur
502 2141 608 2183 pensio
616 2164 628 2180 ‚
645 2142 757 2173 unicus
774 2141 812 2173 ad
831 2140 910 2173 sum-

47 2195 134 2218 mum
152 2184 261 2217 mensis
278 2183 424 2217 transiisse
442 2184 605 2224 potuerit,
630 2183 683 2224 qui
699 2192 764 2215 non
776 2180 833 2215 nisi
841 2192 910 2224 per-

69 2236 139 2259 uam
154 2225 283 2258 absurde
307 2235 325 2256 a
349 2225 431 2266 JCto
451 2224 609 2256 diceretur
626 2234 761 2256 numerus
772 2223 908 2265 mensam.

77 2268 154 2307 dde,
179 2266 263 2308 quod
281 2265 384 2298 mense
398 2265 501 2307 primo
516 2265 675 2297 usurarum
690 2266 757 2297 dies
770 2266 912 2297 nondum

47 2316 194 2347 venerat,
219 2315 332 2349 utpote
346 2317 417 2348 quae
432 2315 472 2337 ex
486 2315 574 2339 mora
587 2306 743 2347 promissae
753 2330 763 2346 ‚
787 2307 911 2346 eodem,

46 2360 112 2392 quo
134 2348 200 2382 sors
218 2373 228 2388 ‚
263 2358 405 2389 tempore
427 2346 534 2378 deberi
559 2357 623 2380 non
640 2347 778 2389 possunt.
823 2347 911 2393 Quo-

47 2391 144 2428 modo
160 2391 256 2432 igitur
274 2399 350 2456 ἕως
366 2390 405 2422 de
420 2397 527 2421 earum
546 2389 740 2430 obligatione
749 2389 912 2430 quaefitum

46 2432 110 2466 effe
125 2433 265 2466 dicemus
281 2458 288 2463 .

89 2474 155 2507 Alii
172 2473 284 2505 melius
299 2473 441 2515 sapiunt,
464 2475 538 2507 dum
557 2472 655 2512 illud,
679 2473 765 2514 quod
781 2472 820 2504 de
829 2471 910 2504 solu-

49 2515 138 2549 tione
152 2515 287 2552 dicitur,
311 2515 349 2546 ad
366 2515 543 2548 universam
567 2513 682 2546 sortem
709 2514 881 2546 referentes
899 2536 911 2552 ,

48 2565 212 2590 antumant
238 2555 391 2588 effluxisse
420 2564 543 2589 tantum
568 2555 735 2596 mensium,
760 2562 910 2598 quantum

49 2607 90 2630 ex
113 2598 203 2640 pasto
227 2598 428 2639 competebat
450 2596 544 2630 sortis
566 2598 595 2629 &
614 2596 772 2628 usurarum
790 2595 911 2638 praesta-

50 2639 132 2671 tioni
157 2637 316 2670 univcrsae.
368 2640 442 2671 Sors
467 2646 571 2671 autem
586 2661 597 2677 ,
627 2638 775 2679 siquidem
799 2638 910 2670 crediti

48 2680 110 2714 fint
124 2688 224 2723 37502
238 2678 352 2712 denarii
362 2689 478 2721 ,prout
493 2690 552 2713 nos
571 2679 911 2721 disputavimus,men-

49 2722 90 2755 fis
106 2720 191 2752 tertii
207 2719 319 2752 decimi
346 2721 469 2754 Idibus:
501 2721 545 2754 fin
564 2731 643 2753 vero
659 2720 828 2753 secundum
846 2720 909 2753 Cu-

47 2762 163 2805 jacium
183 2760 322 2801 aliosque
338 2762 412 2794 XV.
435 2763 595 2795 denarium
607 2762 706 2794 millia
720 2762 840 2794 fuerint
858 2762 910 2794 da-

51 2814 84 2836 ta
100 2810 232 2840 mutu0‚
257 2802 328 2835 anni
343 2803 444 2844 quinti
463 2804 569 2836 mense
592 2803 730 2836 secundo
749 2804 832 2845 exigi
852 2814 908 2846 po-

51 2845 126 2882 terit
159 2844 179 2875 i.
208 2852 236 2874 e.
271 2842 343 2874 casu
358 2845 455 2884 priori
469 2845 539 2887 post
559 2844 679 2877 menses
694 2845 855 2877 duodenos
878 2846 909 2878 ὅ(

50 2885 239 2922 dimidium3
268 2884 449 2926 posteriori,
479 2885 549 2927 post
565 2887 819 2929 quinquagenos,
843 2887 907 2918 vid.

54 2928 126 2967 Cap.
150 2923 238 2970 vm.
281 2924 333 2956 De
346 2923 444 2958 usuris
462 2927 602 2959 omnium
624 2928 807 2969 pensionum
822 2928 909 2960 debi-

51 2969 93 3000 tis
110 2967 192 2998 idem
209 2966 396 3011 dicendum,
413 2968 508 2999 modo
525 2968 653 3001 unicum
667 2970 824 3008 mensem,
835 2979 909 3011 pen-

49 3008 145 3043 fionis
170 3007 290 3038 ultimae
312 3005 434 3039 usuram
463 3008 668 3048 adjiciamus:
704 3019 801 3053 utque
831 3012 910 3043 adeo

51 3050 180 3092 quintus
205 3047 344 3091 decimus
367 3048 433 3081 dies
457 3049 566 3081 mensis
588 3050 701 3083 decimi
736 3053 839 3094 quarti
869 3061 910 3084 ex

51 3089 175 3127 nostra,
197 3098 237 3135 cx
264 3089 398 3121 aliorum
424 3089 575 3136 sententia
597 3092 706 3125 mensis
723 3094 911 3136 quinquage-

53 3132 145 3165 simus
169 3140 286 3171 primus
311 3132 513 3171 competierit
541 3133 571 3163 ἃ
599 3132 728 3175 integrae
743 3134 856 3174 sortis,
881 3136 912 3168 ὅ(

55 3172 212 3204 usurarum
232 3172 373 3203 omnium
389 3171 550 3204 solutioni.

97 3213 128 3244 Si
153 3212 204 3243 cui
230 3221 332 3245 tamen
353 3213 478 3254 relligio
493 3213 530 3246 fit
544 3214 623 3246 certi
641 3215 717 3256 quid
731 3216 858 3250 definire
882 3218 914 3250 in

968 488 1002 511 re
1020 479 1159 518 incerta,
1179 478 1205 510 is
1223 478 1333 514 κ’έυςως
1348 489 1420 513 cum
1439 479 1549 514 Gloss'a
1565 490 1728 514 numerum
1738 491 1833 523 quenu

967 520 1037 553 dam
1060 520 1227 559 mensium,
1259 520 1347 553 forte
1369 523 1464 554 trium
1495 523 1550 564 (ut
1569 522 1614 555 est
1633 523 1713 564 apud
1729 524 1833 556 Basilia

966 561 1043 603 cos)
1052 570 1188 603 quatuor
1196 585 1206 600 ‚
1215 562 1395 603 pluriumve
1410 565 1595 606 praeteriisse
1604 564 1730 604 statuat,
1737 575 1835 606 quum

967 603 1021 635 illa
1035 603 1075 635 de
1102 602 1201 635 usuris
1223 603 1355 645 quaestio
1374 606 1406 638 in
1421 615 1553 638 nervum
1569 606 1726 648 eruperit:
1747 616 1834 639 com—

964 644 1094 686 petebat
1107 645 1191 690 enim
1212 645 1242 676 ὃ(
1261 654 1337 678 tunc
1359 654 1483 689 tempus
1499 646 1672 686 solntioni,
1695 657 1759 680 non
1769 649 1836 689 qui-

964 686 1036 718 dem
1062 693 1163 718 totius
1188 684 1281 719 sortis
1312 687 1416 730 (quod
1433 698 1498 721 non
1516 699 1596 730 opus
1612 688 1657 721 est
1673 689 1834 729 dicamus,

963 727 1216 769 quandoquidem
1251 728 1413 762 indefinite
1444 731 1592 772 loquatur
1624 729 1742 772 JCtus)
1783 730 1833 762 scd

962 769 1146 810 pensionum
1163 778 1221 810 pro
1240 778 1304 802 rata
1330 772 1490 813 temporis.
1511 772 1622 804 Valeat
1640 772 1737 814 igitur
1760 772 1832 805 heic

959 810 1040 842 illud
1058 810 1232 843 Labeonis:
1259 812 1348 843 Suum
1370 815 1470 855 cuique
1495 814 1639 845 ‘udicimm

1004 850 1163 900 Qicaefiiurn
1171 850 1213 898 esp
1220 853 1254 884 de
1263 853 1336 899 olqlig
1341 856 1437 886 atione
1444 824 1595 896 zyz‘cqrarum
1606 867 1615 888 .-
1627 855 1700 887 Post
1712 854 1832 897 lapsum

960 903 1081 925 numeri
1107 896 1248 926 menium
1272 896 1423 928 solutioni
1439 905 1512 928 com
1537 897 1650 929 etentis
1666 897 1705 929 de
1726 897 1829 929 usura-

962 944 1032 966 rum
1062 933 1260 975 obligatione
1290 936 1454 977 quaesitum
1482 947 1500 969 e
1527 947 1544 970 e
1577 938 1676 971 refert
1704 939 1831 980 quidem

961 975 1098 1022 Paulus,
1122 975 1197 1016 quid
1215 985 1320 1008 autem
1339 979 1424 1010 circa
1444 988 1511 1011 eam
1536 980 1700 1021 quaesituin
1720 980 1757 1012 sit
1775 990 1832 1012 no·

962 1017 1011 1049 bis
1027 1016 1231 1049 divinandum
1250 1019 1428 1060 relinquere
1447 1021 1547 1053 videri
1574 1021 1687 1062 potest.
1732 1021 1833 1054 H-unc

961 1058 1050 1090 Pauli
1076 1067 1198 1091 morem
1223 1060 1353 1102 vellicat
1376 1060 1524 1103 CuJacius
1554 1063 1586 1095 in
1611 1063 1769 1095 Commeat.
1792 1063 1830 1095 ad

963 1099 1034 1132 Lib.
1059 1100 1099 1132 V.
1132 1098 1240 1176 ngaest-
1276 1099 1383 1142 Afric.
1413 1103 1444 1135 in
1465 1103 1597 1145 exposit.
1623 1104 1643 1136 l.
1669 1109 1719 1139 88.
1745 1104 1772 1146 ἓ,
1796 1115 1828 1146 3.

956 1141 999 1183 ff.
1022 1142 1061 1173 aci
1085 1141 1125 1173 L.
1170 1143 1266 1184 ‘ascias
1298 1143 1412 1175 Paulus
1439 1155 1498 1176 non
1513 1145 1681 1186 respondet,
1704 1146 1830 1186 inquit,

956 1183 1060 1223 palam
1076 1206 1087 1222 ,
1109 1182 1164 1224 sed
1190 1185 1328 1224 abrupte,
1357 1186 1486 1228 obscure,
1518 1186 1649 1228 concise,
1673 1197 1746 1218 more
1761 1187 1826 1228 fiio.

961 1223 1080 1257 Rursus
1096 1225 1182 1259 idem.
1192 1225 1231 1256 de
1251 1226 1363 1258 eodem
1393 1227 1463 1260 Lib.
1487 1227 1513 1260 Ι.
1538 1229 1608 1269 Cap.
1635 1239 1679 1261 10.
1707 1227 1828 1260 Afferen-

959 1267 1030 1297 torz's
1057 1265 1102 1313 sui
1135 1268 1214 1309 (pro
1229 1266 1283 1308 fico
1309 1268 1393 1300 enim
1409 1268 1558 1310 Cujacius
1574 1269 1774 1302 Mercatorem
1796 1280 1826 1301 a-

959 1306 1085 1349 gnoscit
1111 1309 1233 1351 Observ.
1258 1308 1300 1342 L.
1325 1309 1452 1343 XXIV.
1479 1311 1510 1344 C.
1536 1311 1609 1385 mi)
1633 1311 1687 1343 ubi
1703 1311 1739 1343 ad
1749 1311 1828 1344 Pau-

958 1349 982 1381 li
1005 1349 1025 1381 l.
1051 1359 1101 1383 22.
1127 1349 1155 1393 §.
1180 1361 1210 1384 2.
1228 1350 1270 1392 ff.
1293 1351 1380 1384 locat.
1405 1354 1485 1385 cond.
1515 1353 1560 1386 ita
1592 1353 1706 1385 cribit:
1733 1352 1830 1401 Quem

958 1391 1054 1432 casum
1078 1393 1159 1424 nobis
1186 1394 1374 1435 cogitandum
1398 1395 1540 1436 relinquit
1555 1419 1565 1436 ‚
1593 1396 1661 1436 plus
1667 1395 1826 1437 sentiens,

958 1434 1054 1473 namus
1060 1433 1214 1475 scribens,
1239 1433 1352 1466 Paulus
1371 1445 1445 1468 more
1460 1437 1515 1484 juo
1534 1435 1716 1479 morofiffimo.
1763 1436 1827 1469 Ad*

957 1473 997 1506 de
1024 1475 1053 1507 ἃ
1083 1475 1158 1508 alias
1182 1476 1317 1508 aliorum
1346 1476 1385 1508 de
1410 1477 1602 1511 obscuritate
1632 1488 1705 1511 cum
1727 1479 1829 1511 Paulo

957 1515 1230 1558 expostulationes
1247 1540 1259 1556 ,
1289 1518 1402 1551 relatas
1427 1520 1460 1552 C.
1489 1530 1515 1553 1.
1540 1522 1570 1553 ὃς
1588 1519 1765 1553 Donellum
1789 1520 1828 1561 ad

956 1558 986 1591 h.
1011 1559 1033 1591 l.
1058 1558 1174 1600 paffim.
1220 1557 1371 1592 Diximus
1402 1561 1430 1593 d.
1466 1562 1497 1593 C.
1528 1571 1555 1595 1.
1579 1562 1610 1595 &
1627 1568 1738 1594 verum
1761 1561 1828 1601 est,

957 1599 1090 1633 Paulum
1108 1599 1271 1640 nostrum,
1294 1608 1455 1644 utcunque
1471 1603 1566 1643 alibi,
1589 1602 1764 1645 praesertim
1784 1611 1828 1636 ta-

956 1651 1029 1676 men
1053 1642 1085 1675 in
1112 1640 1333 1717 Qpaestionum
1355 1653 1474 1685 opere,
1505 1645 1655 1676 brevitati
1676 1644 1798 1677 studere
1814 1665 1830 1684 5

956 1684 990 1717 in
1015 1693 1113 1726 eaque
1152 1684 1196 1717 ibi
1242 1684 1364 1724 lacere3
1389 1685 1441 1718 sed
1460 1686 1541 1719 illud
1559 1686 1650 1727 juxta
1668 1696 1740 1718 cum
1756 1687 1827 1719 aliis

956 1723 1045 1767 JCtis
1067 1726 1100 1758 in
1119 1725 1182 1758 suis
1204 1693 1401 1771 Quoestionum
1427 1727 1536 1769 libris,
1559 1728 1613 1768 qui
1629 1728 1828 1770 caeteroquin.

955 1767 998 1799 ob
1013 1777 1078 1810 prae
1100 1774 1226 1800 nantem
1235 1768 1663 1812 controversiaedisputandae
1679 1779 1829 1811 campum

955 1809 1075 1842 immen
1091 1819 1144 1842 um
1169 1808 1356 1842 crescerent.
1409 1806 1502 1843 Nihil
1526 1821 1603 1854 ergo
1627 1810 1679 1843 hic
1708 1811 1825 1848 Paulus

954 1851 1160 1893 praecipuum.
1207 1849 1343 1883 Concisa
1359 1851 1482 1894 dicendi
1500 1854 1602 1891 ratio,
1623 1853 1645 1885 fi
1664 1863 1755 1894 quam
1772 1854 1824 1884 ha-

955 1895 1009 1925 bet
1024 1893 1244 1925 difficultatem
1254 1916 1265 1931 ‚
1289 1893 1322 1925 in
1336 1892 1424 1926 facili
1442 1892 1487 1925 est
1495 1893 1637 1936 superare
1652 1895 1826 1928 verborum

957 1935 988 1968 &
1005 1944 1109 1967 rerum
1126 1934 1271 1967 examine
1285 1942 1422 1967 attento,

998 1976 1035 2009 In
1055 1975 1201 2018 praesenti
1229 1975 1340 2016 utique
1364 1977 1502 2020 Sphinge
1528 1988 1592 2011 non
1619 1977 1665 2010 est
1680 1989 1760 2020 opus
1783 1979 1826 2010 ad-

956 2018 1190 2059 conjiciendum
1214 2016 1447 2050 Controverfiae
1471 2019 1602 2052 statum:
1635 2021 1661 2052 is
1679 2021 1782 2060 enim,
1799 2020 1827 2054 si

956 2069 1020 2092 non
1040 2069 1080 2092 ex
1095 2058 1160 2100 ipsa
1178 2058 1337 2091 Cautione
1351 2059 1467 2100 claret,
1492 2060 1602 2093 saltem
1624 2070 1665 2093 ex
1684 2061 1829 2095 paulinis»

955 2101 991 2133 ad
1009 2101 1187 2148 Quaefitum
1206 2099 1458 2141 responsionibus
1481 2102 1646 2135 manifeste
1664 2103 1737 2136 satis
1753 2104 1821 2136 eol-

954 2143 1075 2184 ligitur.
1101 2142 1290 2174 Cautionem
1306 2142 1444 2175 vidimus
1460 2144 1523 2175 ess'e
1542 2148 1729 2182 vvxe‘ooemw,
1747 2155 1824 2178 con·

954 2183 1087 2216 stantem
1103 2184 1220 2225 quippe
1236 2193 1276 2215 ex
1291 2184 1365 2215 bina
1387 2184 1607 2226 stipulatione,
1633 2187 1664 2219 ὅτ.
1682 2196 1823 2220 eonven-

954 2226 1043 2258 tione
1066 2225 1157 2258 nuda.
1205 2223 1391 2257 Conventio
1415 2228 1437 2260 s1
1457 2226 1643 2269 subsequuta
1661 2237 1725 2261 non
1739 2227 1819 2260 fuis-

955 2267 1018 2307 set,
1042 2276 1092 2299 res
1109 2266 1195 2298 omni
1216 2275 1337 2299 careret
1352 2267 1459 2300 dubio.
1504 2269 1731 2310 Stipulationes
1745 2270 1825 2301 adeo

954 2308 1124 2351 prudenter
1150 2308 1304 2340 ordina-tae
1321 2332 1331 2348 ,
1357 2317 1408 2340 tot
1425 2310 1584 2351 tantisque
1602 2311 1734 2342 cautelis
1753 2320 1820 2342 mu-

955 2351 1031 2383 nitae
1049 2349 1139 2389 sunt,
1161 2357 1196 2391 ut
1213 2350 1402 2382 calumniam
1420 2360 1569 2391 omnem,
1598 2352 1713 2384 nedum
1728 2352 1819 2384 litem

953 2391 1063 2433 justam
1088 2391 1271 2432 praecidant.
1323 2391 1383 2424 Sed
1407 2393 1511 2425 minus
1540 2393 1673 2434 provida
1695 2393 1819 2434 patrio,

955 2434 1033 2465 tanti
1048 2432 1140 2464 causa
1158 2441 1284 2471 metm,
1308 2433 1451 2465 acceffit:
1474 2443 1510 2466 ea
1525 2443 1658 2476 namque
1673 2434 1821 2476 simplici-

955 2483 1002 2506 ter
1021 2474 1192 2513 convenit,
1218 2481 1254 2504 ut
1271 2470 1355 2514 sors,
1379 2484 1449 2516 quae
1468 2485 1509 2508 cx
1534 2475 1738 2518 stipulatione
1754 2476 1816 2516 pri-

952 2526 1002 2548 ma
1023 2515 1171 2548 Kalendis
1188 2515 1343 2556 proximis
1357 2515 1447 2549 simul
1468 2517 1498 2549 &
1518 2516 1612 2550 semel
1629 2525 1696 2550 erat
1712 2517 1819 2550 refun-

953 2557 1071 2597 denda,
1097 2556 1311 2588 diffinderetur
1328 2558 1361 2590 in
1376 2558 1476 2590 varias
1494 2557 1713 2599 praestationes
1728 2568 1813 2591 men-

953 2598 1059 2631 struas.
1105 2596 1157 2629 De
1186 2597 1284 2630 usuris
1308 2607 1433 2638 autem,
1463 2599 1668 2641 stipulatione
1683 2599 1817 2632 secunda

953 2639 1143 2681 comprensis
1158 2662 1168 2678 ‚
1202 2639 1302 2671 altum
1321 2640 1508 2673 silentium.
1557 2641 1645 2674 Hinc
1667 2640 1813 2683 suspicari

953 2691 1018 2714 non
1039 2680 1086 2713 est
1117 2681 1246 2713 difficile
1265 2703 1276 2720 ‚
1307 2681 1517 2724 disceptatum
1544 2682 1637 2715 fuisse
1650 2683 1691 2714 de
1706 2682 1815 2714 valore

953 2723 1038 2755 illius
1052 2722 1131 2764 pacti
1151 2723 1320 2763 conventi,
1344 2733 1420 2755 num
1445 2723 1514 2756 scil.
1530 2723 1763 2763 stipulationem
1782 2732 1815 2755 u-

953 2764 1100 2838 sura-riam
1119 2764 1301 2797 immutaret
1324 2774 1470 2808 quoque,
1503 2775 1562 2807 pro
1579 2772 1700 2797 mutata
1715 2764 1812 2796 ratio-

950 2816 991 2839 ne
1024 2813 1116 2838 ortis.
1739 2815 1741 2817 ’

994 2847 1114 2879 Verum
1135 2857 1199 2880 non
1221 2847 1266 2880 cst
1291 2847 1414 2880 necesse
1429 2871 1440 2887 ‚
1470 2856 1506 2880 ut
1524 2848 1700 2888 hujusmodi
1718 2846 1813 2889 suspi-

952 2889 1098 2920 cionibus
1126 2891 1155 2920 τὶ
1179 2889 1311 2926 κρινόμὲὶμοι
1338 2888 1559 2930 adsequamur,
1584 2899 1656 2921 cum
1682 2899 1724 2921 ex
1745 2890 1783 2921 iis
1799 2913 1811 2929 ,

951 2940 1020 2972 quae
1029 2930 1143 2962 Paulus
1153 2931 1185 2962 in
1192 2931 1262 2962 audi
1268 2930 1352 2962 torio
1360 2929 1518 2971 Papiniani
1529 2930 1683 2970 disputata
1692 2930 1790 2962 refert
1799 2954 1810 2970 ‚

951 2973 1021 3013 plus
1040 2981 1133 3013 quam
1157 2970 1356 3009 manifestum
1378 2971 1426 3003 sit.
1448 2970 1535 3012 Ipsus
1551 2971 1672 3011 ajebat,
1688 2972 1814 3013 paetum

952 3013 1165 3044 incontinenti
1187 3011 1305 3044 factum
1327 3019 1449 3043 tantum
1472 3013 1596 3051 valere,
1631 3021 1666 3044 ut
1684 3013 1813 3054 perinde

952 3054 1009 3094 sit,
1030 3063 1067 3084 ac
1078 3052 1107 3092 fi
1120 3053 1259 3085 creditor
1273 3060 1328 3094 per
1334 3052 1465 3095 fingulos
1484 3054 1588 3095 menses
1606 3060 1714 3086 certam
1725 3060 1812 3095 pecu-

953 3097 1034 3127 niam
1045 3092 1225 3135 stipulatus,
1256 3096 1348 3136 quoad
1370 3095 1482 3126 tardius
1489 3095 1588 3137 stilum
1605 3095 1689 3137 estet,
1710 3096 1815 3138 usfiaeras'

954 3135 1110 3178 adjeciffet.
1156 3135 1256 3177 Igitur
1267 3135 1355 3176 finito
1370 3137 1465 3176 primo
1490 3136 1602 3178 mense,
1622 3139 1724 3177 primae
1741 3143 1811 3177 pen-

949 3176 1040 3216 sionis
1064 3177 1163 3218 usuras
1187 3186 1322 3212 currere,
1356 3177 1385 3209 &
1404 3178 1534 3218 reliqua.
1581 3177 1702 3210 Contra
1718 3178 1813 3209 Anta-
1852 3211 1857 3214 ,

957 3217 1109 3260 gonistae3
1131 3217 1255 3250 Paetum
1271 3217 1586 3260 adfhrtissolutionem
1615 3225 1730 3252 tantum
1743 3225 1812 3260 per-

1785 3262 1821 3290 ti-
