<?xml version="1.0" encoding="UTF-8"?>
<!DOCTYPE html PUBLIC "-//W3C//DTD XHTML 1.0 Transitional//EN"
    "http://www.w3.org/TR/xhtml1/DTD/xhtml1-transitional.dtd">
<html xmlns="http://www.w3.org/1999/xhtml" xml:lang="en" lang="en">
 <head>
  <title>
</title>
<meta http-equiv="Content-Type" content="text/html;charset=utf-8" />
  <meta name='ocr-system' content='tesseract 3.04.00' />
  <meta name='ocr-capabilities' content='ocr_page ocr_carea ocr_par ocr_line ocrx_word'/>
</head>
<body>
  <div class='ocr_page' id='page_1' title='image "./corneliivanbynke00bijn_0151.png"; bbox 0 0 2008 3436; ppageno 0'>
   <div class='ocr_carea' id='block_1_1' title="bbox 422 90 1786 146">
    <p class='ocr_par' dir='ltr' id='par_1_1' title="bbox 422 90 1786 146">
     <span class='ocr_line' id='line_1_1' title="bbox 422 90 1786 146; baseline -0.012 0"><span class='ocrx_word' id='word_1_1' title='bbox 422 90 1371 146; x_wconf 70' lang='lat' dir='ltr'><strong>ADLECTOREM.</strong></span> <span class='ocrx_word' id='word_1_2' title='bbox 1708 98 1786 140; x_wconf 77' lang='lat'>137</span> 
     </span>
    </p>
   </div>
   <div class='ocr_carea' id='block_1_2' title="bbox 13 178 1790 444">
    <p class='ocr_par' dir='ltr' id='par_1_2' title="bbox 13 178 1790 444">
     <span class='ocr_line' id='line_1_2' title="bbox 13 178 1785 239; baseline -0.016 0"><span class='ocrx_word' id='word_1_3' title='bbox 13 212 83 239; x_wconf 90' lang='lat' dir='ltr'>non</span> <span class='ocrx_word' id='word_1_4' title='bbox 100 197 295 237; x_wconf 67' lang='lat' dir='ltr'>exhibuerit</span> <span class='ocrx_word' id='word_1_5' title='bbox 317 197 408 231; x_wconf 83' lang='lat' dir='ltr'>bona</span> <span class='ocrx_word' id='word_1_6' title='bbox 426 192 513 231; x_wconf 80' lang='lat' dir='ltr'>fide,</span> <span class='ocrx_word' id='word_1_7' title='bbox 541 187 597 224; x_wconf 86' lang='lat' dir='ltr'>sed</span> <span class='ocrx_word' id='word_1_8' title='bbox 613 197 692 223; x_wconf 88' lang='lat' dir='ltr'>curn</span> <span class='ocrx_word' id='word_1_9' title='bbox 712 184 794 221; x_wconf 88' lang='lat' dir='ltr'>alias</span> <span class='ocrx_word' id='word_1_10' title='bbox 811 183 858 219; x_wconf 90' lang='lat' dir='ltr'>ob</span> <span class='ocrx_word' id='word_1_11' title='bbox 879 182 1018 225; x_wconf 84' lang='lat' dir='ltr'>causas,</span> <span class='ocrx_word' id='word_1_12' title='bbox 1045 189 1120 216; x_wconf 89' lang='lat' dir='ltr'>tum</span> <span class='ocrx_word' id='word_1_13' title='bbox 1135 179 1311 226; x_wconf 78' lang='lat' dir='ltr'>praecipue</span> <span class='ocrx_word' id='word_1_14' title='bbox 1334 178 1449 224; x_wconf 89' lang='lat' dir='ltr'>objus</span> <span class='ocrx_word' id='word_1_15' title='bbox 1472 189 1605 215; x_wconf 86' lang='lat' dir='ltr'>novum</span> <span class='ocrx_word' id='word_1_16' title='bbox 1631 178 1785 225; x_wconf 83' lang='lat' dir='ltr'>interpo-</span> 
     </span>
     <span class='ocr_line' id='line_1_3' title="bbox 17 226 1789 298; baseline -0.011 -18"><span class='ocrx_word' id='word_1_17' title='bbox 17 252 142 287; x_wconf 63' lang='lat' dir='ltr'>laverit</span> <span class='ocrx_word' id='word_1_18' title='bbox 167 248 317 298; x_wconf 55' lang='grc' dir='ltr'>πςπθέη.</span> <span class='ocrx_word' id='word_1_19' title='bbox 333 271 345 290; x_wconf 86' lang='lat'>‚</span> <span class='ocrx_word' id='word_1_20' title='bbox 382 242 526 290; x_wconf 57' lang='grc' dir='ltr'>μ’φαιςέσκ</span> <span class='ocrx_word' id='word_1_21' title='bbox 553 239 568 279; x_wconf 67' lang='grc' dir='ltr'>ἧ</span> <span class='ocrx_word' id='word_1_22' title='bbox 591 232 744 274; x_wconf 59' lang='lat' dir='ltr'>daneta-&#39;m</span> <span class='ocrx_word' id='word_1_23' title='bbox 759 261 770 278; x_wconf 96' lang='lat'>,</span> <span class='ocrx_word' id='word_1_24' title='bbox 809 233 947 269; x_wconf 79' lang='lat' dir='ltr'>addendo</span> <span class='ocrx_word' id='word_1_25' title='bbox 961 259 972 277; x_wconf 85' lang='lat'><strong>‚</strong></span> <span class='ocrx_word' id='word_1_26' title='bbox 1005 230 1198 266; x_wconf 76' lang='lat' dir='ltr'>detrahendo</span> <span class='ocrx_word' id='word_1_27' title='bbox 1221 229 1275 264; x_wconf 83' lang='lat' dir='ltr'>vel</span> <span class='ocrx_word' id='word_1_28' title='bbox 1296 228 1457 264; x_wconf 77' lang='lat' dir='ltr'>mutando.</span> <span class='ocrx_word' id='word_1_29' title='bbox 1511 229 1607 264; x_wconf 86' lang='lat' dir='ltr'>Olim</span> <span class='ocrx_word' id='word_1_30' title='bbox 1627 226 1789 272; x_wconf 81' lang='lat' dir='ltr'>Papirius</span> 
     </span>
     <span class='ocr_line' id='line_1_4' title="bbox 14 276 1788 344; baseline -0.013 -10"><span class='ocrx_word' id='word_1_31' title='bbox 14 298 254 344; x_wconf 71' lang='lat' dir='ltr'>composuerat</span> <span class='ocrx_word' id='word_1_32' title='bbox 281 297 347 340; x_wconf 79' lang='lat' dir='ltr'>Jus</span> <span class='ocrx_word' id='word_1_33' title='bbox 369 294 471 329; x_wconf 80' lang='lat' dir='ltr'>Civile</span> <span class='ocrx_word' id='word_1_34' title='bbox 490 319 500 334; x_wconf 95' lang='lat'>,</span> <span class='ocrx_word' id='word_1_35' title='bbox 527 288 618 335; x_wconf 91' lang='lat' dir='ltr'>quod</span> <span class='ocrx_word' id='word_1_36' title='bbox 639 287 680 322; x_wconf 88' lang='lat' dir='ltr'>ab</span> <span class='ocrx_word' id='word_1_37' title='bbox 703 297 748 321; x_wconf 90' lang='lat' dir='ltr'>eo</span> <span class='ocrx_word' id='word_1_38' title='bbox 770 284 986 331; x_wconf 81' lang='lat' dir='ltr'>Papirianum</span> <span class='ocrx_word' id='word_1_39' title='bbox 1012 280 1195 316; x_wconf 80' lang='lat' dir='ltr'>dicebatur</span> <span class='ocrx_word' id='word_1_40' title='bbox 1212 305 1222 321; x_wconf 90' lang='lat'><em>‚</em></span> <span class='ocrx_word' id='word_1_41' title='bbox 1250 277 1381 313; x_wconf 83' lang='lat' dir='ltr'>Gnaeus</span> <span class='ocrx_word' id='word_1_42' title='bbox 1405 276 1547 313; x_wconf 85' lang='lat' dir='ltr'>Flavius</span> <span class='ocrx_word' id='word_1_43' title='bbox 1569 277 1639 322; x_wconf 72' lang='lat' dir='ltr'>Jus</span> <span class='ocrx_word' id='word_1_44' title='bbox 1658 277 1762 312; x_wconf 80' lang='lat' dir='ltr'>Civile</span> <span class='ocrx_word' id='word_1_45' title='bbox 1778 303 1788 319; x_wconf 94' lang='lat'>,</span> 
     </span>
     <span class='ocr_line' id='line_1_5' title="bbox 14 326 1790 385; baseline -0.015 1"><span class='ocrx_word' id='word_1_46' title='bbox 14 349 72 385; x_wconf 83' lang='lat' dir='ltr'>cui</span> <span class='ocrx_word' id='word_1_47' title='bbox 87 351 129 384; x_wconf 90' lang='lat' dir='ltr'>ab</span> <span class='ocrx_word' id='word_1_48' title='bbox 155 359 197 383; x_wconf 90' lang='lat' dir='ltr'>eo</span> <span class='ocrx_word' id='word_1_49' title='bbox 214 346 361 382; x_wconf 78' lang='lat' dir='ltr'>Flaviani</span> <span class='ocrx_word' id='word_1_50' title='bbox 380 351 527 379; x_wconf 86' lang='lat' dir='ltr'>nornen,</span> <span class='ocrx_word' id='word_1_51' title='bbox 555 335 613 374; x_wconf 90' lang='lat' dir='ltr'>sed</span> <span class='ocrx_word' id='word_1_52' title='bbox 636 343 760 371; x_wconf 89' lang='lat' dir='ltr'>neuter</span> <span class='ocrx_word' id='word_1_53' title='bbox 775 333 820 369; x_wconf 86' lang='lat' dir='ltr'>de</span> <span class='ocrx_word' id='word_1_54' title='bbox 842 331 902 369; x_wconf 91' lang='lat' dir='ltr'>suo</span> <span class='ocrx_word' id='word_1_55' title='bbox 918 332 1104 379; x_wconf 88' lang='lat' dir='ltr'>quicquam</span> <span class='ocrx_word' id='word_1_56' title='bbox 1126 328 1302 374; x_wconf 88' lang='lat' dir='ltr'>adjecerat</span> <span class='ocrx_word' id='word_1_57' title='bbox 1322 353 1332 370; x_wconf 91' lang='lat'>‚</span> <span class='ocrx_word' id='word_1_58' title='bbox 1359 334 1396 361; x_wconf 85' lang='lat' dir='ltr'>ut</span> <span class='ocrx_word' id='word_1_59' title='bbox 1424 326 1545 361; x_wconf 90' lang='lat' dir='ltr'>retulit</span> <span class='ocrx_word' id='word_1_60' title='bbox 1575 326 1790 373; x_wconf 84' lang='lat' dir='ltr'>Pomponius</span> 
     </span>
     <span class='ocr_line' id='line_1_6' title="bbox 13 373 1786 444; baseline -0.015 -9"><span class='ocrx_word' id='word_1_61' title='bbox 13 399 52 435; x_wconf 87' lang='lat' dir='ltr'>in</span> <span class='ocrx_word' id='word_1_62' title='bbox 76 398 102 433; x_wconf 79' lang='lat'>1.</span> <span class='ocrx_word' id='word_1_63' title='bbox 129 408 162 433; x_wconf 81' lang='lat'>2.</span> <span class='ocrx_word' id='word_1_64' title='bbox 186 397 215 444; x_wconf 82' lang='grc'>5.</span> <span class='ocrx_word' id='word_1_65' title='bbox 247 406 278 431; x_wconf 77' lang='lat'>2.</span> <span class='ocrx_word' id='word_1_66' title='bbox 306 392 347 434; x_wconf 73' lang='lat'>&amp;³</span> <span class='ocrx_word' id='word_1_67' title='bbox 371 402 402 436; x_wconf 85' lang='lat'>7.</span> <span class='ocrx_word' id='word_1_68' title='bbox 420 389 469 438; x_wconf 89' lang='lat' dir='ltr'>ff.</span> <span class='ocrx_word' id='word_1_69' title='bbox 494 390 531 423; x_wconf 79' lang='lat' dir='ltr'>de</span> <span class='ocrx_word' id='word_1_70' title='bbox 559 389 601 422; x_wconf 91' lang='lat' dir='ltr'>O.</span> <span class='ocrx_word' id='word_1_71' title='bbox 626 385 668 431; x_wconf 86' lang='lat' dir='ltr'>J.</span> <span class='ocrx_word' id='word_1_72' title='bbox 709 386 748 420; x_wconf 89' lang='lat' dir='ltr'>In</span> <span class='ocrx_word' id='word_1_73' title='bbox 764 383 831 419; x_wconf 92' lang='lat' dir='ltr'>alia</span> <span class='ocrx_word' id='word_1_74' title='bbox 846 390 963 417; x_wconf 89' lang='lat' dir='ltr'>autem</span> <span class='ocrx_word' id='word_1_75' title='bbox 979 380 1100 415; x_wconf 89' lang='lat' dir='ltr'>omnia</span> <span class='ocrx_word' id='word_1_76' title='bbox 1117 377 1218 414; x_wconf 80' lang='lat' dir='ltr'>ivisse</span> <span class='ocrx_word' id='word_1_77' title='bbox 1237 376 1496 412; x_wconf 84' lang='lat' dir='ltr'>Tribonianum</span> <span class='ocrx_word' id='word_1_78' title='bbox 1513 374 1550 411; x_wconf 72' lang='grc' dir='ltr'><strong>ἃ</strong></span> <span class='ocrx_word' id='word_1_79' title='bbox 1570 375 1666 422; x_wconf 82' lang='lat' dir='ltr'>ajunt</span> <span class='ocrx_word' id='word_1_80' title='bbox 1683 373 1721 410; x_wconf 71' lang='grc' dir='ltr'>δι</span> <span class='ocrx_word' id='word_1_81' title='bbox 1737 375 1786 410; x_wconf 85' lang='lat' dir='ltr'>in-</span> 
     </span>
    </p>
   </div>
   <div class='ocr_carea' id='block_1_3' title="bbox 16 428 1244 495">
    <p class='ocr_par' dir='ltr' id='par_1_3' title="bbox 16 428 1244 495">
     <span class='ocr_line' id='line_1_7' title="bbox 16 428 1244 495; baseline -0.02 -11"><span class='ocrx_word' id='word_1_82' title='bbox 16 447 201 495; x_wconf 85' lang='lat' dir='ltr'>dignantur</span> <span class='ocrx_word' id='word_1_83' title='bbox 216 455 285 480; x_wconf 90' lang='lat' dir='ltr'>non</span> <span class='ocrx_word' id='word_1_84' title='bbox 301 451 434 478; x_wconf 87' lang='lat' dir='ltr'>tantum</span> <span class='ocrx_word' id='word_1_85' title='bbox 450 437 587 486; x_wconf 88' lang='lat' dir='ltr'>superi,</span> <span class='ocrx_word' id='word_1_86' title='bbox 614 434 672 470; x_wconf 92' lang='lat' dir='ltr'>sed</span> <span class='ocrx_word' id='word_1_87' title='bbox 690 432 729 470; x_wconf 74' lang='grc' dir='ltr'><strong>ἃ</strong></span> <span class='ocrx_word' id='word_1_88' title='bbox 750 442 901 480; x_wconf 83' lang='lat' dir='ltr'>pravum</span> <span class='ocrx_word' id='word_1_89' title='bbox 916 442 956 466; x_wconf 89' lang='lat' dir='ltr'>ac</span> <span class='ocrx_word' id='word_1_90' title='bbox 975 428 1090 466; x_wconf 87' lang='lat' dir='ltr'>debile</span> <span class='ocrx_word' id='word_1_91' title='bbox 1108 428 1244 474; x_wconf 82' lang='lat' dir='ltr'>vulgus.</span> 
     </span>
    </p>
   </div>
   <div class='ocr_carea' id='block_1_4' title="bbox 14 520 1793 1317">
    <p class='ocr_par' dir='ltr' id='par_1_4' title="bbox 14 520 1793 1317">
     <span class='ocr_line' id='line_1_8' title="bbox 63 520 1788 590; baseline -0.013 -12"><span class='ocrx_word' id='word_1_92' title='bbox 63 543 113 578; x_wconf 81' lang='lat' dir='ltr'>At</span> <span class='ocrx_word' id='word_1_93' title='bbox 144 540 304 590; x_wconf 87' lang='lat' dir='ltr'>quicquid</span> <span class='ocrx_word' id='word_1_94' title='bbox 328 538 403 585; x_wconf 80' lang='lat' dir='ltr'>eius</span> <span class='ocrx_word' id='word_1_95' title='bbox 426 537 476 573; x_wconf 89' lang='lat' dir='ltr'>rei</span> <span class='ocrx_word' id='word_1_96' title='bbox 505 534 569 578; x_wconf 81' lang='lat' dir='ltr'>sit,</span> <span class='ocrx_word' id='word_1_97' title='bbox 602 530 786 570; x_wconf 72' lang='lat' dir='ltr'>accusandi</span> <span class='ocrx_word' id='word_1_98' title='bbox 812 542 856 567; x_wconf 93' lang='lat' dir='ltr'>eo</span> <span class='ocrx_word' id='word_1_99' title='bbox 882 528 1027 566; x_wconf 90' lang='lat' dir='ltr'>nomine</span> <span class='ocrx_word' id='word_1_100' title='bbox 1049 523 1265 563; x_wconf 83' lang='lat' dir='ltr'>Triboniani</span> <span class='ocrx_word' id='word_1_101' title='bbox 1291 523 1420 560; x_wconf 88' lang='lat' dir='ltr'>nullam</span> <span class='ocrx_word' id='word_1_102' title='bbox 1446 524 1528 559; x_wconf 85' lang='lat' dir='ltr'>sane</span> <span class='ocrx_word' id='word_1_103' title='bbox 1552 523 1690 558; x_wconf 85' lang='lat' dir='ltr'>causam</span> <span class='ocrx_word' id='word_1_104' title='bbox 1717 520 1788 558; x_wconf 75' lang='lat' dir='ltr'>effe</span> 
     </span>
     <span class='ocr_line' id='line_1_9' title="bbox 14 572 1789 639; baseline -0.012 -10"><span class='ocrx_word' id='word_1_105' title='bbox 14 591 95 629; x_wconf 82' lang='lat' dir='ltr'>Viri</span> <span class='ocrx_word' id='word_1_106' title='bbox 123 592 264 639; x_wconf 77' lang='lat' dir='ltr'>egregie</span> <span class='ocrx_word' id='word_1_107' title='bbox 292 587 425 625; x_wconf 83' lang='lat' dir='ltr'>cordati</span> <span class='ocrx_word' id='word_1_108' title='bbox 449 586 522 633; x_wconf 83' lang='lat' dir='ltr'>jam</span> <span class='ocrx_word' id='word_1_109' title='bbox 553 584 682 620; x_wconf 86' lang='lat' dir='ltr'>dudum</span> <span class='ocrx_word' id='word_1_110' title='bbox 709 580 949 617; x_wconf 85' lang='lat' dir='ltr'>observarunt.</span> <span class='ocrx_word' id='word_1_111' title='bbox 999 578 1138 614; x_wconf 79' lang='lat' dir='ltr'>Excute</span> <span class='ocrx_word' id='word_1_112' title='bbox 1154 574 1337 611; x_wconf 86' lang='lat' dir='ltr'>codicillos</span> <span class='ocrx_word' id='word_1_113' title='bbox 1355 599 1366 615; x_wconf 91' lang='lat'>‚</span> <span class='ocrx_word' id='word_1_114' title='bbox 1391 584 1477 621; x_wconf 89' lang='lat' dir='ltr'>quos</span> <span class='ocrx_word' id='word_1_115' title='bbox 1493 572 1534 607; x_wconf 91' lang='lat' dir='ltr'>ad</span> <span class='ocrx_word' id='word_1_116' title='bbox 1553 572 1789 617; x_wconf 85' lang='lat' dir='ltr'>concipienda</span> 
     </span>
     <span class='ocr_line' id='line_1_10' title="bbox 14 620 1793 688; baseline -0.012 -11"><span class='ocrx_word' id='word_1_117' title='bbox 14 639 152 688; x_wconf 84' lang='lat' dir='ltr'>Digesta</span> <span class='ocrx_word' id='word_1_118' title='bbox 170 640 389 675; x_wconf 86' lang='lat' dir='ltr'>Triboniano</span> <span class='ocrx_word' id='word_1_119' title='bbox 414 636 515 671; x_wconf 89' lang='lat' dir='ltr'>ded-it</span> <span class='ocrx_word' id='word_1_120' title='bbox 536 635 699 679; x_wconf 87' lang='lat' dir='ltr'>Princeps</span> <span class='ocrx_word' id='word_1_121' title='bbox 720 629 952 678; x_wconf 87' lang='lat' dir='ltr'>Justinianus,</span> <span class='ocrx_word' id='word_1_122' title='bbox 975 627 1014 663; x_wconf 69' lang='grc' dir='ltr'>ἃ</span> <span class='ocrx_word' id='word_1_123' title='bbox 1036 627 1189 672; x_wconf 84' lang='lat' dir='ltr'>reperies</span> <span class='ocrx_word' id='word_1_124' title='bbox 1214 626 1248 660; x_wconf 93' lang='lat' dir='ltr'>in</span> <span class='ocrx_word' id='word_1_125' title='bbox 1278 620 1509 670; x_wconf 73' lang='lat' dir='ltr'>Constitutione</span> <span class='ocrx_word' id='word_1_126' title='bbox 1526 650 1536 665; x_wconf 94' lang='lat'>,</span> <span class='ocrx_word' id='word_1_127' title='bbox 1563 622 1632 657; x_wconf 79' lang='lat' dir='ltr'>Deo</span> <span class='ocrx_word' id='word_1_128' title='bbox 1655 623 1793 657; x_wconf 66' lang='lat' dir='ltr'>Amore</span> 
     </span>
     <span class='ocr_line' id='line_1_11' title="bbox 14 670 1790 738; baseline -0.012 -11"><span class='ocrx_word' id='word_1_129' title='bbox 14 688 47 738; x_wconf 84' lang='grc'>5.</span> <span class='ocrx_word' id='word_1_130' title='bbox 73 700 106 736; x_wconf 81' lang='grc'>7.</span> <span class='ocrx_word' id='word_1_131' title='bbox 133 690 166 726; x_wconf 88' lang='lat' dir='ltr'>ei</span> <span class='ocrx_word' id='word_1_132' title='bbox 182 689 384 725; x_wconf 87' lang='lat' dir='ltr'>mandatum</span> <span class='ocrx_word' id='word_1_133' title='bbox 413 683 502 728; x_wconf 89' lang='lat' dir='ltr'>esse,</span> <span class='ocrx_word' id='word_1_134' title='bbox 528 693 566 718; x_wconf 92' lang='lat' dir='ltr'>ut</span> <span class='ocrx_word' id='word_1_135' title='bbox 586 693 662 730; x_wconf 82' lang='lat' dir='ltr'>quae</span> <span class='ocrx_word' id='word_1_136' title='bbox 679 681 714 717; x_wconf 93' lang='lat' dir='ltr'>in</span> <span class='ocrx_word' id='word_1_137' title='bbox 735 688 894 715; x_wconf 86' lang='lat' dir='ltr'>veterum</span> <span class='ocrx_word' id='word_1_138' title='bbox 919 676 1111 713; x_wconf 65' lang='lat' dir='ltr'>Auditorum</span> <span class='ocrx_word' id='word_1_139' title='bbox 1128 674 1242 710; x_wconf 84' lang='lat' dir='ltr'>Libris</span> <span class='ocrx_word' id='word_1_140' title='bbox 1263 671 1433 719; x_wconf 79' lang='lat' dir='ltr'>superflua</span> <span class='ocrx_word' id='word_1_141' title='bbox 1448 670 1580 714; x_wconf 73' lang='lat' dir='ltr'>essent,</span> <span class='ocrx_word' id='word_1_142' title='bbox 1601 671 1790 714; x_wconf 78' lang='lat' dir='ltr'>resecaret,</span> 
     </span>
     <span class='ocr_line' id='line_1_12' title="bbox 15 720 1792 787; baseline -0.012 -11"><span class='ocrx_word' id='word_1_143' title='bbox 15 749 196 787; x_wconf 78' lang='lat' dir='ltr'>perperam</span> <span class='ocrx_word' id='word_1_144' title='bbox 218 739 344 782; x_wconf 86' lang='lat' dir='ltr'>scripta</span> <span class='ocrx_word' id='word_1_145' title='bbox 361 732 585 776; x_wconf 80' lang='lat' dir='ltr'>emendaret,</span> <span class='ocrx_word' id='word_1_146' title='bbox 611 736 687 778; x_wconf 76' lang='lat' dir='ltr'>quae</span> <span class='ocrx_word' id='word_1_147' title='bbox 704 727 860 765; x_wconf 77' lang='lat' dir='ltr'>deess&#39;ent</span> <span class='ocrx_word' id='word_1_148' title='bbox 876 755 885 771; x_wconf 91' lang='lat'>,</span> <span class='ocrx_word' id='word_1_149' title='bbox 913 727 1107 773; x_wconf 77' lang='lat' dir='ltr'>suppleret,</span> <span class='ocrx_word' id='word_1_150' title='bbox 1133 724 1253 760; x_wconf 79' lang='lat' dir='ltr'>addito</span> <span class='ocrx_word' id='word_1_151' title='bbox 1277 722 1383 757; x_wconf 82' lang='lat' dir='ltr'>etiam</span> <span class='ocrx_word' id='word_1_152' title='bbox 1409 720 1623 764; x_wconf 54' lang='lat' dir='ltr'>mundium,</span> <span class='ocrx_word' id='word_1_153' title='bbox 1650 733 1694 756; x_wconf 89' lang='lat' dir='ltr'>ne</span> <span class='ocrx_word' id='word_1_154' title='bbox 1716 722 1792 767; x_wconf 87' lang='lat' dir='ltr'>quis</span> 
     </span>
     <span class='ocr_line' id='line_1_13' title="bbox 14 769 1793 834; baseline -0.013 -8"><span class='ocrx_word' id='word_1_155' title='bbox 14 797 176 824; x_wconf 70' lang='lat' dir='ltr'>veter-em</span> <span class='ocrx_word' id='word_1_156' title='bbox 195 788 395 834; x_wconf 79' lang='lat' dir='ltr'>scripturam</span> <span class='ocrx_word' id='word_1_157' title='bbox 414 794 494 820; x_wconf 90' lang='lat' dir='ltr'>curn</span> <span class='ocrx_word' id='word_1_158' title='bbox 509 793 604 817; x_wconf 88' lang='lat' dir='ltr'>nova</span> <span class='ocrx_word' id='word_1_159' title='bbox 620 779 763 815; x_wconf 84' lang='lat' dir='ltr'>auderet</span> <span class='ocrx_word' id='word_1_160' title='bbox 786 787 1020 824; x_wconf 87' lang='lat' dir='ltr'>componere,</span> <span class='ocrx_word' id='word_1_161' title='bbox 1046 776 1122 818; x_wconf 90' lang='lat' dir='ltr'>vel,</span> <span class='ocrx_word' id='word_1_162' title='bbox 1146 772 1169 808; x_wconf 81' lang='lat' dir='ltr'>sl</span> <span class='ocrx_word' id='word_1_163' title='bbox 1188 772 1270 819; x_wconf 79' lang='lat' dir='ltr'>quid</span> <span class='ocrx_word' id='word_1_164' title='bbox 1290 774 1462 806; x_wconf 84' lang='lat' dir='ltr'>mutatum</span> <span class='ocrx_word' id='word_1_165' title='bbox 1481 769 1566 806; x_wconf 71' lang='lat' dir='ltr'>effer</span> <span class='ocrx_word' id='word_1_166' title='bbox 1582 795 1594 815; x_wconf 91' lang='lat'>,</span> <span class='ocrx_word' id='word_1_167' title='bbox 1619 769 1656 805; x_wconf 90' lang='lat' dir='ltr'>id</span> <span class='ocrx_word' id='word_1_168' title='bbox 1678 772 1793 817; x_wconf 68' lang='lat' dir='ltr'>culpae</span> 
     </span>
     <span class='ocr_line' id='line_1_14' title="bbox 16 819 1792 882; baseline -0.011 -8"><span class='ocrx_word' id='word_1_169' title='bbox 16 837 179 874; x_wconf 85' lang='lat' dir='ltr'>tribuere.</span> <span class='ocrx_word' id='word_1_170' title='bbox 233 838 272 872; x_wconf 89' lang='lat' dir='ltr'>ln</span> <span class='ocrx_word' id='word_1_171' title='bbox 289 846 357 882; x_wconf 89' lang='lat' dir='ltr'>quo</span> <span class='ocrx_word' id='word_1_172' title='bbox 376 842 494 869; x_wconf 87' lang='lat' dir='ltr'>tamen</span> <span class='ocrx_word' id='word_1_173' title='bbox 511 830 686 866; x_wconf 85' lang='lat' dir='ltr'>mustaceo</span> <span class='ocrx_word' id='word_1_174' title='bbox 710 837 803 863; x_wconf 90' lang='lat' dir='ltr'>nunc</span> <span class='ocrx_word' id='word_1_175' title='bbox 824 826 931 873; x_wconf 88' lang='lat' dir='ltr'>vulgo</span> <span class='ocrx_word' id='word_1_176' title='bbox 957 824 1212 860; x_wconf 75' lang='lat' dir='ltr'>animadvertas</span> <span class='ocrx_word' id='word_1_177' title='bbox 1240 822 1424 857; x_wconf 73' lang='lat' dir='ltr'>laureolam</span> <span class='ocrx_word' id='word_1_178' title='bbox 1446 820 1563 867; x_wconf 86' lang='lat' dir='ltr'>quaeri.</span> <span class='ocrx_word' id='word_1_179' title='bbox 1614 819 1665 855; x_wconf 92' lang='lat' dir='ltr'>Ut</span> <span class='ocrx_word' id='word_1_180' title='bbox 1693 831 1792 855; x_wconf 85' lang='lat' dir='ltr'>man-</span> 
     </span>
     <span class='ocr_line' id='line_1_15' title="bbox 17 870 1793 929; baseline -0.012 -6"><span class='ocrx_word' id='word_1_181' title='bbox 17 888 137 923; x_wconf 88' lang='lat' dir='ltr'>datum</span> <span class='ocrx_word' id='word_1_182' title='bbox 154 895 249 929; x_wconf 88' lang='lat' dir='ltr'>erat,</span> <span class='ocrx_word' id='word_1_183' title='bbox 274 884 319 920; x_wconf 77' lang='lat' dir='ltr'>sic</span> <span class='ocrx_word' id='word_1_184' title='bbox 339 882 376 919; x_wconf 71' lang='grc' dir='ltr'>δι</span> <span class='ocrx_word' id='word_1_185' title='bbox 395 881 649 917; x_wconf 89' lang='lat' dir='ltr'>Tribonianum</span> <span class='ocrx_word' id='word_1_186' title='bbox 674 877 736 911; x_wconf 87' lang='lat' dir='ltr'>hos</span> <span class='ocrx_word' id='word_1_187' title='bbox 762 876 852 922; x_wconf 86' lang='lat' dir='ltr'>ipsos</span> <span class='ocrx_word' id='word_1_188' title='bbox 875 873 1028 909; x_wconf 85' lang='lat' dir='ltr'>mandati</span> <span class='ocrx_word' id='word_1_189' title='bbox 1049 872 1136 907; x_wconf 88' lang='lat' dir='ltr'>fines</span> <span class='ocrx_word' id='word_1_190' title='bbox 1160 870 1259 907; x_wconf 65' lang='lat' dir='ltr'>fuiffe</span> <span class='ocrx_word' id='word_1_191' title='bbox 1285 870 1516 916; x_wconf 69' lang='lat' dir='ltr'>exsequutu‘m</span> <span class='ocrx_word' id='word_1_192' title='bbox 1533 895 1545 913; x_wconf 94' lang='lat'>,</span> <span class='ocrx_word' id='word_1_193' title='bbox 1578 878 1724 916; x_wconf 87' lang='lat' dir='ltr'>apparet</span> <span class='ocrx_word' id='word_1_194' title='bbox 1746 880 1793 904; x_wconf 80' lang='lat' dir='ltr'>ex</span> 
     </span>
     <span class='ocr_line' id='line_1_16' title="bbox 18 918 1787 982; baseline -0.013 -9"><span class='ocrx_word' id='word_1_195' title='bbox 18 938 150 972; x_wconf 73' lang='lat' dir='ltr'>duabus</span> <span class='ocrx_word' id='word_1_196' title='bbox 168 933 467 982; x_wconf 73' lang='lat' dir='ltr'>constitutionibus,</span> <span class='ocrx_word' id='word_1_197' title='bbox 492 929 615 975; x_wconf 89' lang='lat' dir='ltr'>quibus</span> <span class='ocrx_word' id='word_1_198' title='bbox 642 923 779 972; x_wconf 73' lang='lat' dir='ltr'>Digesta</span> <span class='ocrx_word' id='word_1_199' title='bbox 795 952 804 967; x_wconf 90' lang='lat'>,</span> <span class='ocrx_word' id='word_1_200' title='bbox 832 924 898 969; x_wconf 80' lang='lat' dir='ltr'>jum</span> <span class='ocrx_word' id='word_1_201' title='bbox 925 920 1140 968; x_wconf 79' lang='lat' dir='ltr'>composita,</span> <span class='ocrx_word' id='word_1_202' title='bbox 1168 919 1396 955; x_wconf 77' lang='lat' dir='ltr'>confirmavit</span> <span class='ocrx_word' id='word_1_203' title='bbox 1417 918 1651 965; x_wconf 77' lang='lat' dir='ltr'>Justinianus,</span> <span class='ocrx_word' id='word_1_204' title='bbox 1677 920 1787 954; x_wconf 81' lang='lat' dir='ltr'>altera</span> 
     </span>
     <span class='ocr_line' id='line_1_17' title="bbox 17 967 1788 1024; baseline -0.012 -2"><span class='ocrx_word' id='word_1_205' title='bbox 17 987 61 1023; x_wconf 79' lang='lat' dir='ltr'>ad</span> <span class='ocrx_word' id='word_1_206' title='bbox 80 985 231 1021; x_wconf 80' lang='lat' dir='ltr'>Senatum</span> <span class='ocrx_word' id='word_1_207' title='bbox 254 981 297 1024; x_wconf 61' lang='grc' dir='ltr'>ὅ)</span> <span class='ocrx_word' id='word_1_208' title='bbox 315 988 420 1016; x_wconf 81' lang='lat' dir='ltr'>omnes</span> <span class='ocrx_word' id='word_1_209' title='bbox 440 978 573 1024; x_wconf 71' lang='lat' dir='ltr'>Populos</span> <span class='ocrx_word' id='word_1_210' title='bbox 595 975 626 1024; x_wconf 95' lang='grc'>5.</span> <span class='ocrx_word' id='word_1_211' title='bbox 661 986 714 1009; x_wconf 86' lang='lat'>10.</span> <span class='ocrx_word' id='word_1_212' title='bbox 742 975 850 1009; x_wconf 76' lang='lat' dir='ltr'>alteia</span> <span class='ocrx_word' id='word_1_213' title='bbox 873 972 997 1008; x_wconf 78' lang='lat' dir='ltr'>Groece</span> <span class='ocrx_word' id='word_1_214' title='bbox 1020 969 1139 1006; x_wconf 74' lang='lat' dir='ltr'>emissa</span> <span class='ocrx_word' id='word_1_215' title='bbox 1166 970 1234 1015; x_wconf 56' lang='grc' dir='ltr'>πρὶς</span> <span class='ocrx_word' id='word_1_216' title='bbox 1259 968 1308 1005; x_wconf 68' lang='grc' dir='ltr'>τνῗν</span> <span class='ocrx_word' id='word_1_217' title='bbox 1333 967 1469 1017; x_wconf 70' lang='grc' dir='ltr'>μεγάλην</span> <span class='ocrx_word' id='word_1_218' title='bbox 1493 967 1581 1009; x_wconf 64' lang='grc' dir='ltr'>Βελνζν</span> <span class='ocrx_word' id='word_1_219' title='bbox 1607 969 1658 1004; x_wconf 72' lang='grc' dir='ltr'>καὶ</span> <span class='ocrx_word' id='word_1_220' title='bbox 1683 971 1704 1003; x_wconf 60' lang='grc' dir='ltr'>ἒ·</span> <span class='ocrx_word' id='word_1_221' title='bbox 1726 971 1788 1010; x_wconf 60' lang='lat' dir='ltr'>AV,-</span> 
     </span>
     <span class='ocr_line' id='line_1_18' title="bbox 18 1017 1790 1083; baseline -0.006 -19"><span class='ocrx_word' id='word_1_222' title='bbox 18 1051 73 1083; x_wconf 61' lang='grc' dir='ltr'>μη</span> <span class='ocrx_word' id='word_1_223' title='bbox 96 1036 147 1071; x_wconf 59' lang='lat'>‚02</span> <span class='ocrx_word' id='word_1_224' title='bbox 168 1032 273 1070; x_wconf 57' lang='lat' dir='ltr'>„dmg</span> <span class='ocrx_word' id='word_1_225' title='bbox 296 1029 352 1069; x_wconf 65' lang='grc' dir='ltr'>τὶς</span> <span class='ocrx_word' id='word_1_226' title='bbox 375 1029 402 1065; x_wconf 70' lang='lat'>02⁸</span> <span class='ocrx_word' id='word_1_227' title='bbox 426 1027 582 1074; x_wconf 69' lang='grc' dir='ltr'><strong><em>οἵκεμένης</em></strong></span> <span class='ocrx_word' id='word_1_228' title='bbox 603 1025 722 1065; x_wconf 70' lang='grc' dir='ltr'>πόλεις,</span> <span class='ocrx_word' id='word_1_229' title='bbox 758 1022 881 1058; x_wconf 89' lang='lat' dir='ltr'>itidem</span> <span class='ocrx_word' id='word_1_230' title='bbox 908 1020 940 1068; x_wconf 91' lang='grc'>5.</span> <span class='ocrx_word' id='word_1_231' title='bbox 974 1032 1028 1055; x_wconf 89' lang='lat'>10.</span> <span class='ocrx_word' id='word_1_232' title='bbox 1081 1018 1137 1054; x_wconf 89' lang='lat' dir='ltr'>Ad</span> <span class='ocrx_word' id='word_1_233' title='bbox 1164 1020 1318 1053; x_wconf 77' lang='lat' dir='ltr'>eundem</span> <span class='ocrx_word' id='word_1_234' title='bbox 1347 1017 1419 1053; x_wconf 81' lang='lat' dir='ltr'>fere</span> <span class='ocrx_word' id='word_1_235' title='bbox 1448 1019 1591 1053; x_wconf 84' lang='lat' dir='ltr'>modum</span> <span class='ocrx_word' id='word_1_236' title='bbox 1609 1046 1618 1059; x_wconf 87' lang='lat'><strong><em>‚</em></strong></span> <span class='ocrx_word' id='word_1_237' title='bbox 1654 1031 1722 1065; x_wconf 90' lang='lat' dir='ltr'>quo</span> <span class='ocrx_word' id='word_1_238' title='bbox 1753 1031 1790 1053; x_wconf 94' lang='lat' dir='ltr'>u-</span> 
     </span>
     <span class='ocr_line' id='line_1_19' title="bbox 18 1066 1790 1131; baseline -0.01 -10"><span class='ocrx_word' id='word_1_239' title='bbox 18 1095 175 1131; x_wconf 79' lang='lat' dir='ltr'>trumque</span> <span class='ocrx_word' id='word_1_240' title='bbox 192 1082 359 1118; x_wconf 83' lang='lat' dir='ltr'>Codicern</span> <span class='ocrx_word' id='word_1_241' title='bbox 377 1078 453 1113; x_wconf 81' lang='lat' dir='ltr'>fieri</span> <span class='ocrx_word' id='word_1_242' title='bbox 476 1078 697 1112; x_wconf 85' lang='lat' dir='ltr'>mandaverat</span> <span class='ocrx_word' id='word_1_243' title='bbox 720 1068 990 1119; x_wconf 80' lang='lat' dir='ltr'>Justinianus‚&amp;</span> <span class='ocrx_word' id='word_1_244' title='bbox 1007 1080 1076 1115; x_wconf 93' lang='lat' dir='ltr'>quo</span> <span class='ocrx_word' id='word_1_245' title='bbox 1097 1079 1218 1104; x_wconf 82' lang='lat' dir='ltr'>revera</span> <span class='ocrx_word' id='word_1_246' title='bbox 1240 1066 1349 1101; x_wconf 63' lang='lat' dir='ltr'>faetus</span> <span class='ocrx_word' id='word_1_247' title='bbox 1371 1066 1421 1102; x_wconf 82' lang='lat' dir='ltr'>est</span> <span class='ocrx_word' id='word_1_248' title='bbox 1435 1094 1445 1109; x_wconf 91' lang='lat'>,</span> <span class='ocrx_word' id='word_1_249' title='bbox 1472 1076 1508 1101; x_wconf 86' lang='lat' dir='ltr'>ut</span> <span class='ocrx_word' id='word_1_250' title='bbox 1530 1066 1601 1113; x_wconf 89' lang='lat' dir='ltr'>ipse</span> <span class='ocrx_word' id='word_1_251' title='bbox 1618 1077 1732 1103; x_wconf 85' lang='lat' dir='ltr'>narrat</span> <span class='ocrx_word' id='word_1_252' title='bbox 1752 1068 1790 1103; x_wconf 85' lang='lat' dir='ltr'>in</span> 
     </span>
     <span class='ocr_line' id='line_1_20' title="bbox 18 1115 1792 1181; baseline -0.011 -11"><span class='ocrx_word' id='word_1_253' title='bbox 18 1131 280 1181; x_wconf 76' lang='lat' dir='ltr'>Praefaetionihus.</span> <span class='ocrx_word' id='word_1_254' title='bbox 331 1129 366 1164; x_wconf 87' lang='lat' dir='ltr'>Si</span> <span class='ocrx_word' id='word_1_255' title='bbox 385 1127 465 1173; x_wconf 87' lang='lat' dir='ltr'>quid</span> <span class='ocrx_word' id='word_1_256' title='bbox 482 1126 608 1160; x_wconf 82' lang='lat' dir='ltr'>addere</span> <span class='ocrx_word' id='word_1_257' title='bbox 626 1124 681 1158; x_wconf 79' lang='lat' dir='ltr'>vel</span> <span class='ocrx_word' id='word_1_258' title='bbox 701 1121 883 1157; x_wconf 79' lang='lat' dir='ltr'>detrahere</span> <span class='ocrx_word' id='word_1_259' title='bbox 896 1118 1038 1166; x_wconf 84' lang='lat' dir='ltr'>jufferat</span> <span class='ocrx_word' id='word_1_260' title='bbox 1054 1119 1266 1164; x_wconf 76' lang='lat' dir='ltr'>Imperator,</span> <span class='ocrx_word' id='word_1_261' title='bbox 1294 1117 1517 1151; x_wconf 85' lang='lat' dir='ltr'>&#39;l&#39;riboniano</span> <span class='ocrx_word' id='word_1_262' title='bbox 1539 1115 1693 1162; x_wconf 87' lang='lat' dir='ltr'>obsequii</span> <span class='ocrx_word' id='word_1_263' title='bbox 1717 1117 1792 1164; x_wconf 83' lang='lat' dir='ltr'>glo-</span> 
     </span>
     <span class='ocr_line' id='line_1_21' title="bbox 17 1164 1792 1222; baseline -0.011 -3"><span class='ocrx_word' id='word_1_264' title='bbox 17 1183 68 1219; x_wconf 79' lang='lat' dir='ltr'>ria</span> <span class='ocrx_word' id='word_1_265' title='bbox 81 1191 154 1217; x_wconf 83' lang='lat' dir='ltr'>erat</span> <span class='ocrx_word' id='word_1_266' title='bbox 169 1180 310 1222; x_wconf 64' lang='lat' dir='ltr'>relifiia,</span> <span class='ocrx_word' id='word_1_267' title='bbox 330 1176 371 1213; x_wconf 70' lang='grc' dir='ltr'><strong>ἃ</strong></span> <span class='ocrx_word' id='word_1_268' title='bbox 392 1176 412 1212; x_wconf 86' lang='lat' dir='ltr'>li</span> <span class='ocrx_word' id='word_1_269' title='bbox 438 1175 518 1222; x_wconf 84' lang='lat' dir='ltr'>quid</span> <span class='ocrx_word' id='word_1_270' title='bbox 538 1173 669 1210; x_wconf 76' lang='lat' dir='ltr'>addidit</span> <span class='ocrx_word' id='word_1_271' title='bbox 690 1171 741 1206; x_wconf 60' lang='lat' dir='ltr'>vel</span> <span class='ocrx_word' id='word_1_272' title='bbox 761 1170 938 1212; x_wconf 84' lang='lat' dir='ltr'>detraxit,</span> <span class='ocrx_word' id='word_1_273' title='bbox 963 1167 1060 1202; x_wconf 90' lang='lat' dir='ltr'>omni</span> <span class='ocrx_word' id='word_1_274' title='bbox 1080 1169 1181 1214; x_wconf 79' lang='lat' dir='ltr'>culpa</span> <span class='ocrx_word' id='word_1_275' title='bbox 1201 1175 1324 1207; x_wconf 82' lang='lat' dir='ltr'>vacat,</span> <span class='ocrx_word' id='word_1_276' title='bbox 1352 1165 1414 1200; x_wconf 86' lang='lat' dir='ltr'>nisi</span> <span class='ocrx_word' id='word_1_277' title='bbox 1433 1166 1534 1211; x_wconf 85' lang='lat' dir='ltr'>culpa</span> <span class='ocrx_word' id='word_1_278' title='bbox 1562 1164 1713 1200; x_wconf 87' lang='lat' dir='ltr'>dicenda</span> <span class='ocrx_word' id='word_1_279' title='bbox 1729 1165 1792 1207; x_wconf 83' lang='lat' dir='ltr'>fit,</span> 
     </span>
     <span class='ocr_line' id='line_1_22' title="bbox 18 1214 1788 1268; baseline -0.011 0"><span class='ocrx_word' id='word_1_280' title='bbox 18 1230 188 1268; x_wconf 83' lang='lat' dir='ltr'>custodire</span> <span class='ocrx_word' id='word_1_281' title='bbox 204 1229 290 1265; x_wconf 88' lang='lat' dir='ltr'>fines</span> <span class='ocrx_word' id='word_1_282' title='bbox 306 1226 486 1267; x_wconf 87' lang='lat' dir='ltr'>mandati,</span> <span class='ocrx_word' id='word_1_283' title='bbox 511 1223 548 1259; x_wconf 75' lang='grc' dir='ltr'>ἃ</span> <span class='ocrx_word' id='word_1_284' title='bbox 569 1221 734 1266; x_wconf 86' lang='lat' dir='ltr'>Principis</span> <span class='ocrx_word' id='word_1_285' title='bbox 753 1219 799 1254; x_wconf 87' lang='lat' dir='ltr'>sui</span> <span class='ocrx_word' id='word_1_286' title='bbox 820 1217 907 1264; x_wconf 79' lang='lat' dir='ltr'>juffa</span> <span class='ocrx_word' id='word_1_287' title='bbox 931 1217 1127 1264; x_wconf 78' lang='lat' dir='ltr'>capescere.</span> <span class='ocrx_word' id='word_1_288' title='bbox 1157 1216 1273 1250; x_wconf 85' lang='lat' dir='ltr'>Licuit</span> <span class='ocrx_word' id='word_1_289' title='bbox 1290 1215 1398 1261; x_wconf 83' lang='lat' dir='ltr'>igitur</span> <span class='ocrx_word' id='word_1_290' title='bbox 1420 1214 1788 1262; x_wconf 78' lang='lat' dir='ltr'>Triboniano,quod,</span> 
     </span>
     <span class='ocr_line' id='line_1_23' title="bbox 15 1263 1791 1317; baseline -0.01 0"><span class='ocrx_word' id='word_1_291' title='bbox 15 1281 86 1317; x_wconf 82' lang='lat' dir='ltr'>fine</span> <span class='ocrx_word' id='word_1_292' title='bbox 96 1280 240 1316; x_wconf 83' lang='lat' dir='ltr'>crimine</span> <span class='ocrx_word' id='word_1_293' title='bbox 256 1275 328 1314; x_wconf 84' lang='lat' dir='ltr'>falli</span> <span class='ocrx_word' id='word_1_294' title='bbox 340 1303 348 1317; x_wconf 83' lang='lat'>,</span> <span class='ocrx_word' id='word_1_295' title='bbox 366 1276 401 1312; x_wconf 91' lang='lat' dir='ltr'>in</span> <span class='ocrx_word' id='word_1_296' title='bbox 419 1271 667 1317; x_wconf 83' lang='lat' dir='ltr'>componendo</span> <span class='ocrx_word' id='word_1_297' title='bbox 679 1272 761 1317; x_wconf 85' lang='lat' dir='ltr'>Jure</span> <span class='ocrx_word' id='word_1_298' title='bbox 777 1266 1244 1312; x_wconf 85' lang='lat' dir='ltr'>Pontificio,Gratianon0n</span> <span class='ocrx_word' id='word_1_299' title='bbox 1260 1264 1378 1310; x_wconf 87' lang='lat' dir='ltr'>licuit,</span> <span class='ocrx_word' id='word_1_300' title='bbox 1406 1274 1443 1300; x_wconf 90' lang='lat' dir='ltr'>ut</span> <span class='ocrx_word' id='word_1_301' title='bbox 1463 1263 1557 1300; x_wconf 61' lang='lat' dir='ltr'>reste</span> <span class='ocrx_word' id='word_1_302' title='bbox 1572 1265 1680 1300; x_wconf 86' lang='lat' dir='ltr'>etiam</span> <span class='ocrx_word' id='word_1_303' title='bbox 1698 1265 1791 1300; x_wconf 85' lang='lat' dir='ltr'>Con·</span> 
     </span>
    </p>
   </div>
   <div class='ocr_carea' id='block_1_5' title="bbox 19 1319 847 1367">
    <p class='ocr_par' dir='ltr' id='par_1_5' title="bbox 19 1319 847 1367">
     <span class='ocr_line' id='line_1_24' title="bbox 19 1319 847 1367; baseline -0.016 -2"><span class='ocrx_word' id='word_1_304' title='bbox 19 1331 86 1366; x_wconf 84' lang='lat' dir='ltr'>tius</span> <span class='ocrx_word' id='word_1_305' title='bbox 102 1326 302 1367; x_wconf 85' lang='lat' dir='ltr'>observavit</span> <span class='ocrx_word' id='word_1_306' title='bbox 329 1325 368 1362; x_wconf 89' lang='lat' dir='ltr'>L.</span> <span class='ocrx_word' id='word_1_307' title='bbox 397 1325 425 1360; x_wconf 90' lang='lat'>1.</span> <span class='ocrx_word' id='word_1_308' title='bbox 451 1323 541 1359; x_wconf 61' lang='lat' dir='ltr'>Le&amp;-</span> <span class='ocrx_word' id='word_1_309' title='bbox 569 1319 698 1367; x_wconf 75' lang='lat' dir='ltr'>Subsec.</span> <span class='ocrx_word' id='word_1_310' title='bbox 728 1319 762 1353; x_wconf 87' lang='lat' dir='ltr'>C.</span> <span class='ocrx_word' id='word_1_311' title='bbox 791 1327 847 1353; x_wconf 90' lang='lat'>10.</span> 
     </span>
    </p>
   </div>
   <div class='ocr_carea' id='block_1_6' title="bbox 13 1412 1793 2061">
    <p class='ocr_par' dir='ltr' id='par_1_6' title="bbox 13 1412 1793 2061">
     <span class='ocr_line' id='line_1_25' title="bbox 65 1412 1793 1479; baseline -0.01 -14"><span class='ocrx_word' id='word_1_312' title='bbox 65 1428 180 1479; x_wconf 85' lang='lat' dir='ltr'>Quare</span> <span class='ocrx_word' id='word_1_313' title='bbox 209 1425 294 1462; x_wconf 86' lang='lat' dir='ltr'>scire</span> <span class='ocrx_word' id='word_1_314' title='bbox 316 1424 421 1461; x_wconf 89' lang='lat' dir='ltr'>velim</span> <span class='ocrx_word' id='word_1_315' title='bbox 440 1449 451 1467; x_wconf 89' lang='lat'>,</span> <span class='ocrx_word' id='word_1_316' title='bbox 476 1433 537 1458; x_wconf 89' lang='lat' dir='ltr'>cur</span> <span class='ocrx_word' id='word_1_317' title='bbox 557 1430 627 1456; x_wconf 90' lang='lat' dir='ltr'>non</span> <span class='ocrx_word' id='word_1_318' title='bbox 649 1418 814 1455; x_wconf 81' lang='lat' dir='ltr'>Censores</span> <span class='ocrx_word' id='word_1_319' title='bbox 837 1414 1087 1452; x_wconf 73' lang='lat' dir='ltr'>Emblematici</span> <span class='ocrx_word' id='word_1_320' title='bbox 1110 1414 1145 1450; x_wconf 90' lang='lat' dir='ltr'>in</span> <span class='ocrx_word' id='word_1_321' title='bbox 1169 1412 1278 1461; x_wconf 83' lang='lat' dir='ltr'>ipsum</span> <span class='ocrx_word' id='word_1_322' title='bbox 1297 1413 1415 1461; x_wconf 91' lang='lat' dir='ltr'>potius</span> <span class='ocrx_word' id='word_1_323' title='bbox 1432 1412 1665 1461; x_wconf 80' lang='lat' dir='ltr'>Justinianum</span> <span class='ocrx_word' id='word_1_324' title='bbox 1686 1413 1793 1449; x_wconf 88' lang='lat' dir='ltr'>insur-</span> 
     </span>
     <span class='ocr_line' id='line_1_26' title="bbox 17 1462 1793 1525; baseline -0.009 -11"><span class='ocrx_word' id='word_1_325' title='bbox 17 1488 127 1525; x_wconf 74' lang='lat' dir='ltr'>gant,</span> <span class='ocrx_word' id='word_1_326' title='bbox 152 1475 242 1524; x_wconf 85' lang='lat' dir='ltr'>quod</span> <span class='ocrx_word' id='word_1_327' title='bbox 259 1484 387 1520; x_wconf 88' lang='lat' dir='ltr'>nempe</span> <span class='ocrx_word' id='word_1_328' title='bbox 402 1473 453 1509; x_wconf 89' lang='lat' dir='ltr'>ita</span> <span class='ocrx_word' id='word_1_329' title='bbox 466 1468 716 1507; x_wconf 78' lang='lat' dir='ltr'>mandaverit?</span> <span class='ocrx_word' id='word_1_330' title='bbox 743 1477 845 1512; x_wconf 86' lang='lat' dir='ltr'>nam,</span> <span class='ocrx_word' id='word_1_331' title='bbox 871 1464 895 1501; x_wconf 88' lang='lat' dir='ltr'>fi</span> <span class='ocrx_word' id='word_1_332' title='bbox 916 1475 1041 1501; x_wconf 83' lang='lat' dir='ltr'>verum</span> <span class='ocrx_word' id='word_1_333' title='bbox 1061 1471 1216 1500; x_wconf 76' lang='lat' dir='ltr'>amamus</span> <span class='ocrx_word' id='word_1_334' title='bbox 1236 1491 1246 1507; x_wconf 89' lang='lat'>,</span> <span class='ocrx_word' id='word_1_335' title='bbox 1273 1474 1345 1500; x_wconf 90' lang='lat' dir='ltr'>non</span> <span class='ocrx_word' id='word_1_336' title='bbox 1371 1471 1495 1510; x_wconf 83' lang='lat' dir='ltr'>parurn</span> <span class='ocrx_word' id='word_1_337' title='bbox 1518 1464 1653 1500; x_wconf 88' lang='lat' dir='ltr'>laborat</span> <span class='ocrx_word' id='word_1_338' title='bbox 1677 1462 1793 1510; x_wconf 84' lang='lat' dir='ltr'>digni-</span> 
     </span>
     <span class='ocr_line' id='line_1_27' title="bbox 17 1511 1791 1571; baseline -0.009 -8"><span class='ocrx_word' id='word_1_339' title='bbox 17 1537 70 1563; x_wconf 89' lang='lat' dir='ltr'>tas</span> <span class='ocrx_word' id='word_1_340' title='bbox 89 1525 218 1562; x_wconf 79' lang='lat' dir='ltr'>veteris</span> <span class='ocrx_word' id='word_1_341' title='bbox 235 1521 540 1571; x_wconf 65' lang='lat' dir='ltr'>Jurssprudendae,</span> <span class='ocrx_word' id='word_1_342' title='bbox 566 1518 590 1554; x_wconf 86' lang='lat' dir='ltr'>fi</span> <span class='ocrx_word' id='word_1_343' title='bbox 608 1517 820 1560; x_wconf 85' lang='lat' dir='ltr'>nesciamus,</span> <span class='ocrx_word' id='word_1_344' title='bbox 846 1524 961 1551; x_wconf 88' lang='lat' dir='ltr'>utrum</span> <span class='ocrx_word' id='word_1_345' title='bbox 981 1513 1178 1557; x_wconf 85' lang='lat' dir='ltr'>Labeonis,</span> <span class='ocrx_word' id='word_1_346' title='bbox 1205 1511 1348 1556; x_wconf 78' lang='lat' dir='ltr'>Alfeni,</span> <span class='ocrx_word' id='word_1_347' title='bbox 1373 1513 1541 1549; x_wconf 87' lang='lat' dir='ltr'>Scaevolae</span> <span class='ocrx_word' id='word_1_348' title='bbox 1557 1541 1568 1558; x_wconf 92' lang='lat'><strong><em>‚</em></strong></span> <span class='ocrx_word' id='word_1_349' title='bbox 1594 1512 1791 1559; x_wconf 85' lang='lat' dir='ltr'>Papiniani,</span> 
     </span>
     <span class='ocr_line' id='line_1_28' title="bbox 16 1561 1792 1624; baseline -0.009 -12"><span class='ocrx_word' id='word_1_350' title='bbox 16 1575 182 1624; x_wconf 77' lang='lat' dir='ltr'>Ulpiani,</span> <span class='ocrx_word' id='word_1_351' title='bbox 206 1573 326 1616; x_wconf 83' lang='lat' dir='ltr'>Pauli,</span> <span class='ocrx_word' id='word_1_352' title='bbox 351 1572 494 1607; x_wconf 85' lang='lat' dir='ltr'>aliorum</span> <span class='ocrx_word' id='word_1_353' title='bbox 515 1568 678 1604; x_wconf 82' lang='lat' dir='ltr'>maximae</span> <span class='ocrx_word' id='word_1_354' title='bbox 695 1565 907 1614; x_wconf 82' lang='lat' dir='ltr'>dignationis</span> <span class='ocrx_word' id='word_1_355' title='bbox 924 1563 1091 1611; x_wconf 90' lang='lat' dir='ltr'>JCtorum</span> <span class='ocrx_word' id='word_1_356' title='bbox 1119 1563 1262 1599; x_wconf 85' lang='lat' dir='ltr'>oracula</span> <span class='ocrx_word' id='word_1_357' title='bbox 1284 1564 1440 1609; x_wconf 82' lang='lat' dir='ltr'>legamus</span> <span class='ocrx_word' id='word_1_358' title='bbox 1456 1588 1468 1605; x_wconf 86' lang='lat'><em>‚</em></span> <span class='ocrx_word' id='word_1_359' title='bbox 1507 1572 1550 1599; x_wconf 90' lang='lat' dir='ltr'>an</span> <span class='ocrx_word' id='word_1_360' title='bbox 1582 1561 1642 1598; x_wconf 92' lang='lat' dir='ltr'>sub</span> <span class='ocrx_word' id='word_1_361' title='bbox 1668 1573 1792 1598; x_wconf 89' lang='lat' dir='ltr'>eorum</span> 
     </span>
     <span class='ocr_line' id='line_1_29' title="bbox 15 1611 1790 1671; baseline -0.008 -10"><span class='ocrx_word' id='word_1_362' title='bbox 15 1625 162 1671; x_wconf 84' lang='lat' dir='ltr'>persona</span> <span class='ocrx_word' id='word_1_363' title='bbox 182 1622 344 1671; x_wconf 85' lang='lat' dir='ltr'>quasdam</span> <span class='ocrx_word' id='word_1_364' title='bbox 375 1619 465 1656; x_wconf 87' lang='lat' dir='ltr'>male</span> <span class='ocrx_word' id='word_1_365' title='bbox 484 1617 646 1656; x_wconf 91' lang='lat' dir='ltr'>consutas</span> <span class='ocrx_word' id='word_1_366' title='bbox 664 1614 876 1652; x_wconf 87' lang='lat' dir='ltr'>Triboniani</span> <span class='ocrx_word' id='word_1_367' title='bbox 897 1614 1051 1650; x_wconf 86' lang='lat' dir='ltr'>lacinias.</span> <span class='ocrx_word' id='word_1_368' title='bbox 1106 1613 1197 1657; x_wconf 86' lang='lat' dir='ltr'>Cui,</span> <span class='ocrx_word' id='word_1_369' title='bbox 1223 1613 1359 1659; x_wconf 86' lang='lat' dir='ltr'>inquies</span> <span class='ocrx_word' id='word_1_370' title='bbox 1376 1639 1386 1655; x_wconf 95' lang='lat'>,</span> <span class='ocrx_word' id='word_1_371' title='bbox 1411 1613 1508 1648; x_wconf 92' lang='lat' dir='ltr'>bono</span> <span class='ocrx_word' id='word_1_372' title='bbox 1533 1621 1694 1649; x_wconf 90' lang='lat' dir='ltr'>veterum</span> <span class='ocrx_word' id='word_1_373' title='bbox 1717 1611 1790 1646; x_wconf 86' lang='lat' dir='ltr'>Au-</span> 
     </span>
     <span class='ocr_line' id='line_1_30' title="bbox 17 1660 1790 1717; baseline -0.008 -7"><span class='ocrx_word' id='word_1_374' title='bbox 17 1673 149 1710; x_wconf 63' lang='lat' dir='ltr'>storum</span> <span class='ocrx_word' id='word_1_375' title='bbox 169 1671 309 1709; x_wconf 85' lang='lat' dir='ltr'>nomina</span> <span class='ocrx_word' id='word_1_376' title='bbox 330 1670 484 1717; x_wconf 87' lang='lat' dir='ltr'>Legibus</span> <span class='ocrx_word' id='word_1_377' title='bbox 503 1666 711 1710; x_wconf 86' lang='lat' dir='ltr'>inscribere,</span> <span class='ocrx_word' id='word_1_378' title='bbox 734 1663 771 1701; x_wconf 72' lang='grc' dir='ltr'><strong>ἃ</strong></span> <span class='ocrx_word' id='word_1_379' title='bbox 787 1670 940 1708; x_wconf 67' lang='lat' dir='ltr'>tantum,</span> <span class='ocrx_word' id='word_1_380' title='bbox 966 1672 1006 1699; x_wconf 87' lang='lat' dir='ltr'>ut</span> <span class='ocrx_word' id='word_1_381' title='bbox 1024 1661 1233 1711; x_wconf 74' lang='lat' dir='ltr'>justinianus</span> <span class='ocrx_word' id='word_1_382' title='bbox 1250 1660 1417 1710; x_wconf 84' lang='lat' dir='ltr'>praefatur</span> <span class='ocrx_word' id='word_1_383' title='bbox 1438 1661 1475 1697; x_wconf 91' lang='lat' dir='ltr'>in</span> <span class='ocrx_word' id='word_1_384' title='bbox 1492 1670 1658 1708; x_wconf 90' lang='lat' dir='ltr'>utroque,</span> <span class='ocrx_word' id='word_1_385' title='bbox 1684 1672 1790 1708; x_wconf 87' lang='lat' dir='ltr'>quem</span> 
     </span>
     <span class='ocr_line' id='line_1_31' title="bbox 15 1710 1792 1771; baseline -0.008 -12"><span class='ocrx_word' id='word_1_386' title='bbox 15 1722 116 1766; x_wconf 85' lang='lat' dir='ltr'>dixi,</span> <span class='ocrx_word' id='word_1_387' title='bbox 142 1721 174 1771; x_wconf 84' lang='grc'>5.</span> <span class='ocrx_word' id='word_1_388' title='bbox 203 1732 259 1757; x_wconf 89' lang='lat'>10.</span> <span class='ocrx_word' id='word_1_389' title='bbox 284 1720 481 1766; x_wconf 75' lang='lat' dir='ltr'>antiquitati</span> <span class='ocrx_word' id='word_1_390' title='bbox 497 1718 613 1753; x_wconf 82' lang='lat' dir='ltr'>habere</span> <span class='ocrx_word' id='word_1_391' title='bbox 628 1715 840 1752; x_wconf 82' lang='lat' dir='ltr'>reverentiam</span> <span class='ocrx_word' id='word_1_392' title='bbox 852 1739 864 1758; x_wconf 95' lang='lat'>,</span> <span class='ocrx_word' id='word_1_393' title='bbox 888 1711 913 1749; x_wconf 87' lang='lat' dir='ltr'>fi</span> <span class='ocrx_word' id='word_1_394' title='bbox 930 1713 990 1749; x_wconf 88' lang='lat' dir='ltr'>sub</span> <span class='ocrx_word' id='word_1_395' title='bbox 1009 1711 1126 1749; x_wconf 88' lang='lat' dir='ltr'>fallaci</span> <span class='ocrx_word' id='word_1_396' title='bbox 1139 1711 1242 1748; x_wconf 86' lang='lat' dir='ltr'>titulo</span> <span class='ocrx_word' id='word_1_397' title='bbox 1261 1711 1503 1747; x_wconf 87' lang='lat' dir='ltr'>Tribonianus</span> <span class='ocrx_word' id='word_1_398' title='bbox 1519 1711 1645 1759; x_wconf 85' lang='lat' dir='ltr'>aliquis</span> <span class='ocrx_word' id='word_1_399' title='bbox 1662 1710 1792 1746; x_wconf 75' lang='lat' dir='ltr'>lateat?</span> 
     </span>
     <span class='ocr_line' id='line_1_32' title="bbox 17 1759 1790 1816; baseline -0.008 -7"><span class='ocrx_word' id='word_1_400' title='bbox 17 1772 251 1809; x_wconf 83' lang='lat' dir='ltr'>Tribonianus</span> <span class='ocrx_word' id='word_1_401' title='bbox 265 1797 274 1813; x_wconf 93' lang='lat'><strong>‚</strong></span> <span class='ocrx_word' id='word_1_402' title='bbox 300 1781 405 1816; x_wconf 89' lang='lat' dir='ltr'>quern</span> <span class='ocrx_word' id='word_1_403' title='bbox 424 1777 529 1803; x_wconf 87' lang='lat' dir='ltr'>nemo</span> <span class='ocrx_word' id='word_1_404' title='bbox 546 1777 629 1802; x_wconf 89' lang='lat' dir='ltr'>cura</span> <span class='ocrx_word' id='word_1_405' title='bbox 646 1764 684 1802; x_wconf 72' lang='grc' dir='ltr'><strong>ἃ</strong></span> <span class='ocrx_word' id='word_1_406' title='bbox 700 1763 865 1801; x_wconf 87' lang='lat' dir='ltr'>industria</span> <span class='ocrx_word' id='word_1_407' title='bbox 881 1762 939 1799; x_wconf 91' lang='lat' dir='ltr'>sua</span> <span class='ocrx_word' id='word_1_408' title='bbox 956 1762 1104 1810; x_wconf 87' lang='lat' dir='ltr'>dignum</span> <span class='ocrx_word' id='word_1_409' title='bbox 1119 1761 1319 1798; x_wconf 78' lang='lat' dir='ltr'>censuerit?</span> <span class='ocrx_word' id='word_1_410' title='bbox 1345 1761 1607 1804; x_wconf 69' lang='lat' dir='ltr'>Trffionianus,</span> <span class='ocrx_word' id='word_1_411' title='bbox 1626 1771 1698 1796; x_wconf 88' lang='lat' dir='ltr'>non</span> <span class='ocrx_word' id='word_1_412' title='bbox 1716 1759 1790 1806; x_wconf 86' lang='lat' dir='ltr'>jam</span> 
     </span>
     <span class='ocr_line' id='line_1_33' title="bbox 16 1809 1790 1867; baseline -0.008 -9"><span class='ocrx_word' id='word_1_413' title='bbox 16 1831 63 1857; x_wconf 75' lang='lat' dir='ltr'>ex</span> <span class='ocrx_word' id='word_1_414' title='bbox 83 1830 182 1867; x_wconf 84' lang='lat' dir='ltr'>parte</span> <span class='ocrx_word' id='word_1_415' title='bbox 196 1847 206 1863; x_wconf 92' lang='lat'>,</span> <span class='ocrx_word' id='word_1_416' title='bbox 233 1819 369 1866; x_wconf 54' lang='lat' dir='ltr'>adjecia</span> <span class='ocrx_word' id='word_1_417' title='bbox 388 1817 482 1853; x_wconf 81' lang='lat' dir='ltr'>forte</span> <span class='ocrx_word' id='word_1_418' title='bbox 504 1815 650 1852; x_wconf 87' lang='lat' dir='ltr'>clausula</span> <span class='ocrx_word' id='word_1_419' title='bbox 671 1813 835 1851; x_wconf 89' lang='lat' dir='ltr'>nonnulla</span> <span class='ocrx_word' id='word_1_420' title='bbox 849 1839 860 1855; x_wconf 90' lang='lat'>,</span> <span class='ocrx_word' id='word_1_421' title='bbox 886 1812 943 1849; x_wconf 90' lang='lat' dir='ltr'>sed</span> <span class='ocrx_word' id='word_1_422' title='bbox 963 1821 1057 1848; x_wconf 87' lang='lat' dir='ltr'>totus</span> <span class='ocrx_word' id='word_1_423' title='bbox 1076 1812 1257 1860; x_wconf 75' lang='lat' dir='ltr'>quantus?</span> <span class='ocrx_word' id='word_1_424' title='bbox 1284 1809 1330 1846; x_wconf 86' lang='lat' dir='ltr'>sic</span> <span class='ocrx_word' id='word_1_425' title='bbox 1355 1811 1451 1846; x_wconf 89' lang='lat' dir='ltr'>enim</span> <span class='ocrx_word' id='word_1_426' title='bbox 1476 1810 1684 1858; x_wconf 88' lang='lat' dir='ltr'>quibusdam</span> <span class='ocrx_word' id='word_1_427' title='bbox 1709 1821 1790 1855; x_wconf 69' lang='lat' dir='ltr'>per-⁴</span> 
     </span>
     <span class='ocr_line' id='line_1_34' title="bbox 15 1858 1789 1912; baseline -0.008 -5"><span class='ocrx_word' id='word_1_428' title='bbox 15 1870 146 1908; x_wconf 85' lang='lat' dir='ltr'>suasum</span> <span class='ocrx_word' id='word_1_429' title='bbox 171 1869 241 1912; x_wconf 85' lang='lat' dir='ltr'>est,</span> <span class='ocrx_word' id='word_1_430' title='bbox 268 1879 306 1905; x_wconf 91' lang='lat' dir='ltr'>ut</span> <span class='ocrx_word' id='word_1_431' title='bbox 323 1868 402 1904; x_wconf 88' lang='lat' dir='ltr'>sane</span> <span class='ocrx_word' id='word_1_432' title='bbox 422 1866 471 1903; x_wconf 84' lang='lat' dir='ltr'>est</span> <span class='ocrx_word' id='word_1_433' title='bbox 492 1865 650 1903; x_wconf 87' lang='lat' dir='ltr'>Antonio</span> <span class='ocrx_word' id='word_1_434' title='bbox 669 1864 783 1901; x_wconf 89' lang='lat' dir='ltr'>Fabro</span> <span class='ocrx_word' id='word_1_435' title='bbox 803 1862 976 1899; x_wconf 79' lang='lat' dir='ltr'>sexcentis</span> <span class='ocrx_word' id='word_1_436' title='bbox 996 1862 1106 1906; x_wconf 89' lang='lat' dir='ltr'>locis,</span> <span class='ocrx_word' id='word_1_437' title='bbox 1133 1870 1203 1896; x_wconf 89' lang='lat' dir='ltr'>non</span> <span class='ocrx_word' id='word_1_438' title='bbox 1227 1869 1364 1896; x_wconf 85' lang='lat' dir='ltr'>tantum</span> <span class='ocrx_word' id='word_1_439' title='bbox 1381 1860 1639 1895; x_wconf 84' lang='lat' dir='ltr'>Tribonianum</span> <span class='ocrx_word' id='word_1_440' title='bbox 1665 1858 1724 1894; x_wconf 86' lang='lat' dir='ltr'>hic</span> <span class='ocrx_word' id='word_1_441' title='bbox 1749 1858 1789 1893; x_wconf 92' lang='lat' dir='ltr'>il-</span> 
     </span>
     <span class='ocr_line' id='line_1_35' title="bbox 13 1908 1790 1968; baseline -0.009 -11"><span class='ocrx_word' id='word_1_442' title='bbox 13 1919 83 1963; x_wconf 85' lang='lat' dir='ltr'>lic,</span> <span class='ocrx_word' id='word_1_443' title='bbox 106 1918 250 1968; x_wconf 63' lang='lat' dir='ltr'>adjefi’tis</span> <span class='ocrx_word' id='word_1_444' title='bbox 266 1915 534 1955; x_wconf 87' lang='lat' dir='ltr'>emblematibus</span> <span class='ocrx_word' id='word_1_445' title='bbox 551 1941 562 1960; x_wconf 92' lang='lat'><em>‚</em></span> <span class='ocrx_word' id='word_1_446' title='bbox 588 1911 811 1960; x_wconf 76' lang='lat' dir='ltr'>interpolasse</span> <span class='ocrx_word' id='word_1_447' title='bbox 836 1921 998 1947; x_wconf 89' lang='lat' dir='ltr'>veterum</span> <span class='ocrx_word' id='word_1_448' title='bbox 1022 1911 1188 1959; x_wconf 88' lang='lat' dir='ltr'>JCtorum</span> <span class='ocrx_word' id='word_1_449' title='bbox 1210 1909 1409 1956; x_wconf 75' lang='lat' dir='ltr'>fragmenta</span> <span class='ocrx_word' id='word_1_450' title='bbox 1424 1934 1435 1952; x_wconf 92' lang='lat'>,</span> <span class='ocrx_word' id='word_1_451' title='bbox 1463 1908 1522 1943; x_wconf 90' lang='lat' dir='ltr'>sed</span> <span class='ocrx_word' id='word_1_452' title='bbox 1546 1908 1583 1943; x_wconf 74' lang='grc' dir='ltr'><strong>ἃ</strong></span> <span class='ocrx_word' id='word_1_453' title='bbox 1599 1937 1608 1949; x_wconf 83' lang='grc'>,</span> <span class='ocrx_word' id='word_1_454' title='bbox 1636 1908 1790 1943; x_wconf 88' lang='lat' dir='ltr'>mentito</span> 
     </span>
     <span class='ocr_line' id='line_1_36' title="bbox 14 1956 1787 2017; baseline -0.008 -12"><span class='ocrx_word' id='word_1_455' title='bbox 14 1969 157 2017; x_wconf 85' lang='lat' dir='ltr'>alicujus</span> <span class='ocrx_word' id='word_1_456' title='bbox 181 1968 259 2015; x_wconf 91' lang='lat' dir='ltr'>JCti</span> <span class='ocrx_word' id='word_1_457' title='bbox 275 1967 441 2009; x_wconf 90' lang='lat' dir='ltr'>nomine,</span> <span class='ocrx_word' id='word_1_458' title='bbox 464 1966 603 2011; x_wconf 86' lang='lat' dir='ltr'>integra</span> <span class='ocrx_word' id='word_1_459' title='bbox 618 1964 734 2009; x_wconf 87' lang='lat' dir='ltr'>capita</span> <span class='ocrx_word' id='word_1_460' title='bbox 749 1960 978 2009; x_wconf 71' lang='lat' dir='ltr'>supposuisse,</span> <span class='ocrx_word' id='word_1_461' title='bbox 1002 1961 1160 2007; x_wconf 88' lang='lat' dir='ltr'>integros</span> <span class='ocrx_word' id='word_1_462' title='bbox 1178 1958 1461 1995; x_wconf 80' lang='lat' dir='ltr'>Commentarios</span> <span class='ocrx_word' id='word_1_463' title='bbox 1481 1956 1664 2005; x_wconf 76' lang='lat' dir='ltr'>scripsisse,</span> <span class='ocrx_word' id='word_1_464' title='bbox 1682 1968 1787 2004; x_wconf 85' lang='lat' dir='ltr'>atque</span> 
     </span>
     <span class='ocr_line' id='line_1_37' title="bbox 15 2007 1271 2061; baseline -0.007 -8"><span class='ocrx_word' id='word_1_465' title='bbox 15 2017 66 2054; x_wconf 83' lang='lat' dir='ltr'>ita</span> <span class='ocrx_word' id='word_1_466' title='bbox 85 2019 172 2055; x_wconf 85' lang='lat' dir='ltr'>fines</span> <span class='ocrx_word' id='word_1_467' title='bbox 192 2016 345 2053; x_wconf 87' lang='lat' dir='ltr'>mandati</span> <span class='ocrx_word' id='word_1_468' title='bbox 365 2043 375 2060; x_wconf 91' lang='lat'>‚</span> <span class='ocrx_word' id='word_1_469' title='bbox 411 2014 581 2051; x_wconf 88' lang='lat' dir='ltr'>codicillis</span> <span class='ocrx_word' id='word_1_470' title='bbox 605 2011 749 2061; x_wconf 76' lang='lat' dir='ltr'>expressi</span> <span class='ocrx_word' id='word_1_471' title='bbox 766 2038 776 2054; x_wconf 93' lang='lat'>,</span> <span class='ocrx_word' id='word_1_472' title='bbox 802 2011 910 2058; x_wconf 86' lang='lat' dir='ltr'>longe</span> <span class='ocrx_word' id='word_1_473' title='bbox 927 2011 1066 2058; x_wconf 90' lang='lat' dir='ltr'>lateque</span> <span class='ocrx_word' id='word_1_474' title='bbox 1084 2007 1271 2046; x_wconf 78' lang='lat' dir='ltr'>exceffiffe.</span> 
     </span>
    </p>
   </div>
   <div class='ocr_carea' id='block_1_7' title="bbox 8 2106 1790 2996">
    <p class='ocr_par' dir='ltr' id='par_1_7' title="bbox 8 2106 1790 2996">
     <span class='ocr_line' id='line_1_38' title="bbox 68 2106 1790 2160; baseline -0.006 -9"><span class='ocrx_word' id='word_1_475' title='bbox 68 2115 136 2152; x_wconf 90' lang='lat' dir='ltr'>Sed</span> <span class='ocrx_word' id='word_1_476' title='bbox 162 2114 184 2151; x_wconf 79' lang='lat' dir='ltr'>sl</span> <span class='ocrx_word' id='word_1_477' title='bbox 201 2114 367 2152; x_wconf 74' lang='lat' dir='ltr'>accusasse</span> <span class='ocrx_word' id='word_1_478' title='bbox 388 2113 552 2157; x_wconf 89' lang='lat' dir='ltr'>sufficiat,</span> <span class='ocrx_word' id='word_1_479' title='bbox 577 2112 653 2160; x_wconf 88' lang='lat' dir='ltr'>quis</span> <span class='ocrx_word' id='word_1_480' title='bbox 671 2111 738 2147; x_wconf 90' lang='lat' dir='ltr'>erit</span> <span class='ocrx_word' id='word_1_481' title='bbox 761 2110 930 2146; x_wconf 88' lang='lat' dir='ltr'>innocens</span> <span class='ocrx_word' id='word_1_482' title='bbox 943 2109 961 2144; x_wconf 75' lang='lat'>¹?</span> <span class='ocrx_word' id='word_1_483' title='bbox 987 2108 1126 2145; x_wconf 85' lang='lat' dir='ltr'>Siccine</span> <span class='ocrx_word' id='word_1_484' title='bbox 1143 2106 1383 2145; x_wconf 87' lang='lat' dir='ltr'>Tribonianus</span> <span class='ocrx_word' id='word_1_485' title='bbox 1401 2106 1532 2153; x_wconf 81' lang='lat' dir='ltr'>absque</span> <span class='ocrx_word' id='word_1_486' title='bbox 1547 2114 1645 2141; x_wconf 89' lang='lat' dir='ltr'>metu</span> <span class='ocrx_word' id='word_1_487' title='bbox 1665 2115 1790 2153; x_wconf 83' lang='lat' dir='ltr'>poenae,</span> 
     </span>
     <span class='ocr_line' id='line_1_39' title="bbox 17 2154 1788 2213; baseline -0.007 -12"><span class='ocrx_word' id='word_1_488' title='bbox 17 2177 94 2213; x_wconf 77' lang='lat' dir='ltr'>quae</span> <span class='ocrx_word' id='word_1_489' title='bbox 113 2165 359 2201; x_wconf 84' lang='lat' dir='ltr'>mandatarium</span> <span class='ocrx_word' id='word_1_490' title='bbox 378 2172 515 2206; x_wconf 83' lang='lat' dir='ltr'>manet,</span> <span class='ocrx_word' id='word_1_491' title='bbox 540 2161 563 2197; x_wconf 89' lang='lat' dir='ltr'>s1</span> <span class='ocrx_word' id='word_1_492' title='bbox 589 2161 663 2208; x_wconf 87' lang='lat' dir='ltr'>ipse</span> <span class='ocrx_word' id='word_1_493' title='bbox 677 2160 842 2206; x_wconf 88' lang='lat' dir='ltr'>Princeps</span> <span class='ocrx_word' id='word_1_494' title='bbox 865 2157 1022 2195; x_wconf 88' lang='lat' dir='ltr'>mandati</span> <span class='ocrx_word' id='word_1_495' title='bbox 1042 2157 1174 2194; x_wconf 65' lang='lat' dir='ltr'>direEta</span> <span class='ocrx_word' id='word_1_496' title='bbox 1192 2166 1272 2204; x_wconf 80' lang='lat' dir='ltr'>agat</span> <span class='ocrx_word' id='word_1_497' title='bbox 1286 2183 1296 2198; x_wconf 91' lang='lat'>‚</span> <span class='ocrx_word' id='word_1_498' title='bbox 1322 2154 1359 2191; x_wconf 82' lang='lat'>&amp;</span> <span class='ocrx_word' id='word_1_499' title='bbox 1377 2157 1494 2193; x_wconf 88' lang='lat' dir='ltr'>vincat</span> <span class='ocrx_word' id='word_1_500' title='bbox 1511 2156 1529 2190; x_wconf 69' lang='grc' dir='ltr'>ἱ)</span> <span class='ocrx_word' id='word_1_501' title='bbox 1556 2155 1683 2190; x_wconf 74' lang='lat' dir='ltr'>siccine</span> <span class='ocrx_word' id='word_1_502' title='bbox 1706 2155 1788 2189; x_wconf 87' lang='lat' dir='ltr'>Tri—</span> 
     </span>
     <span class='ocr_line' id='line_1_40' title="bbox 16 2204 1789 2259; baseline -0.007 -9"><span class='ocrx_word' id='word_1_503' title='bbox 16 2215 203 2256; x_wconf 81' lang='lat' dir='ltr'>bonianus,</span> <span class='ocrx_word' id='word_1_504' title='bbox 228 2213 284 2259; x_wconf 89' lang='lat' dir='ltr'>qui</span> <span class='ocrx_word' id='word_1_505' title='bbox 301 2213 335 2248; x_wconf 85' lang='lat' dir='ltr'>in</span> <span class='ocrx_word' id='word_1_506' title='bbox 357 2211 534 2248; x_wconf 72' lang='lat' dir='ltr'>Pandeffis</span> <span class='ocrx_word' id='word_1_507' title='bbox 552 2210 646 2246; x_wconf 73' lang='lat' dir='ltr'>silere</span> <span class='ocrx_word' id='word_1_508' title='bbox 662 2237 673 2254; x_wconf 94' lang='lat'>,</span> <span class='ocrx_word' id='word_1_509' title='bbox 696 2207 732 2244; x_wconf 70' lang='grc' dir='ltr'><strong>ἃ</strong></span> <span class='ocrx_word' id='word_1_510' title='bbox 751 2209 895 2245; x_wconf 79' lang='lat' dir='ltr'>Novellis</span> <span class='ocrx_word' id='word_1_511' title='bbox 916 2209 1059 2255; x_wconf 84' lang='lat' dir='ltr'>Legibus</span> <span class='ocrx_word' id='word_1_512' title='bbox 1082 2207 1117 2242; x_wconf 90' lang='lat' dir='ltr'>se</span> <span class='ocrx_word' id='word_1_513' title='bbox 1136 2215 1275 2254; x_wconf 86' lang='lat' dir='ltr'>poterat</span> <span class='ocrx_word' id='word_1_514' title='bbox 1293 2204 1476 2241; x_wconf 89' lang='lat' dir='ltr'>ostendere</span> <span class='ocrx_word' id='word_1_515' title='bbox 1492 2205 1509 2240; x_wconf 72' lang='lat'>‘3</span> <span class='ocrx_word' id='word_1_516' title='bbox 1535 2204 1708 2251; x_wconf 88' lang='lat' dir='ltr'>ejusmodi</span> <span class='ocrx_word' id='word_1_517' title='bbox 1724 2204 1789 2239; x_wconf 85' lang='lat' dir='ltr'>cri-</span> 
     </span>
     <span class='ocr_line' id='line_1_41' title="bbox 15 2253 1789 2307; baseline -0.007 -8"><span class='ocrx_word' id='word_1_518' title='bbox 15 2275 95 2300; x_wconf 83' lang='lat' dir='ltr'>men</span> <span class='ocrx_word' id='word_1_519' title='bbox 115 2263 218 2299; x_wconf 88' lang='lat' dir='ltr'>citius</span> <span class='ocrx_word' id='word_1_520' title='bbox 235 2263 316 2297; x_wconf 90' lang='lat' dir='ltr'>licet</span> <span class='ocrx_word' id='word_1_521' title='bbox 333 2261 487 2307; x_wconf 83' lang='lat' dir='ltr'>fingere,</span> <span class='ocrx_word' id='word_1_522' title='bbox 511 2272 613 2307; x_wconf 88' lang='lat' dir='ltr'>quarn</span> <span class='ocrx_word' id='word_1_523' title='bbox 638 2260 799 2306; x_wconf 89' lang='lat' dir='ltr'>probare.</span> <span class='ocrx_word' id='word_1_524' title='bbox 850 2259 926 2305; x_wconf 81' lang='lat' dir='ltr'>Ego</span> <span class='ocrx_word' id='word_1_525' title='bbox 947 2265 1046 2294; x_wconf 91' lang='lat' dir='ltr'>certe</span> <span class='ocrx_word' id='word_1_526' title='bbox 1069 2258 1318 2302; x_wconf 88' lang='lat' dir='ltr'>probationem</span> <span class='ocrx_word' id='word_1_527' title='bbox 1339 2253 1498 2291; x_wconf 79' lang='lat' dir='ltr'>desidero</span> <span class='ocrx_word' id='word_1_528' title='bbox 1514 2279 1527 2297; x_wconf 91' lang='lat'>,</span> <span class='ocrx_word' id='word_1_529' title='bbox 1560 2253 1597 2289; x_wconf 72' lang='grc' dir='ltr'>ἃ</span> <span class='ocrx_word' id='word_1_530' title='bbox 1627 2264 1720 2300; x_wconf 84' lang='lat' dir='ltr'>nego</span> <span class='ocrx_word' id='word_1_531' title='bbox 1746 2253 1789 2287; x_wconf 90' lang='lat' dir='ltr'>li-</span> 
     </span>
     <span class='ocr_line' id='line_1_42' title="bbox 17 2302 1789 2358; baseline -0.007 -10"><span class='ocrx_word' id='word_1_532' title='bbox 17 2323 144 2358; x_wconf 88' lang='lat' dir='ltr'>quere,</span> <span class='ocrx_word' id='word_1_533' title='bbox 172 2312 228 2347; x_wconf 89' lang='lat' dir='ltr'>vel</span> <span class='ocrx_word' id='word_1_534' title='bbox 250 2311 350 2346; x_wconf 87' lang='lat' dir='ltr'>ullam</span> <span class='ocrx_word' id='word_1_535' title='bbox 369 2311 401 2345; x_wconf 91' lang='lat' dir='ltr'>in</span> <span class='ocrx_word' id='word_1_536' title='bbox 419 2308 602 2346; x_wconf 62' lang='lat' dir='ltr'>PandeStis</span> <span class='ocrx_word' id='word_1_537' title='bbox 620 2308 678 2343; x_wconf 83' lang='lat' dir='ltr'>vel</span> <span class='ocrx_word' id='word_1_538' title='bbox 699 2306 830 2343; x_wconf 89' lang='lat' dir='ltr'>Codice</span> <span class='ocrx_word' id='word_1_539' title='bbox 854 2307 988 2355; x_wconf 87' lang='lat' dir='ltr'>Legem</span> <span class='ocrx_word' id='word_1_540' title='bbox 1015 2305 1152 2342; x_wconf 82' lang='lat' dir='ltr'>exstare</span> <span class='ocrx_word' id='word_1_541' title='bbox 1167 2333 1176 2348; x_wconf 91' lang='lat'>,</span> <span class='ocrx_word' id='word_1_542' title='bbox 1203 2313 1279 2352; x_wconf 85' lang='lat' dir='ltr'>quae</span> <span class='ocrx_word' id='word_1_543' title='bbox 1305 2305 1444 2351; x_wconf 79' lang='lat' dir='ltr'>integra</span> <span class='ocrx_word' id='word_1_544' title='bbox 1464 2303 1634 2338; x_wconf 90' lang='lat' dir='ltr'>debeatur</span> <span class='ocrx_word' id='word_1_545' title='bbox 1657 2302 1789 2338; x_wconf 82' lang='lat' dir='ltr'>Tribo-</span> 
     </span>
     <span class='ocr_line' id='line_1_43' title="bbox 15 2351 1786 2404; baseline -0.006 -8"><span class='ocrx_word' id='word_1_546' title='bbox 15 2362 130 2398; x_wconf 83' lang='lat' dir='ltr'>niano.</span> <span class='ocrx_word' id='word_1_547' title='bbox 162 2359 314 2396; x_wconf 80' lang='lat' dir='ltr'>Excedit</span> <span class='ocrx_word' id='word_1_548' title='bbox 331 2372 370 2394; x_wconf 87' lang='lat' dir='ltr'>ea</span> <span class='ocrx_word' id='word_1_549' title='bbox 386 2370 440 2394; x_wconf 90' lang='lat' dir='ltr'>res</span> <span class='ocrx_word' id='word_1_550' title='bbox 456 2357 646 2394; x_wconf 84' lang='lat' dir='ltr'>notiffimos</span> <span class='ocrx_word' id='word_1_551' title='bbox 664 2355 945 2402; x_wconf 87' lang='lat' dir='ltr'>interpolationis</span> <span class='ocrx_word' id='word_1_552' title='bbox 959 2383 969 2399; x_wconf 94' lang='lat'>‚</span> <span class='ocrx_word' id='word_1_553' title='bbox 994 2356 1099 2392; x_wconf 91' lang='lat' dir='ltr'>unice</span> <span class='ocrx_word' id='word_1_554' title='bbox 1117 2353 1286 2404; x_wconf 80' lang='lat' dir='ltr'>permiffae</span> <span class='ocrx_word' id='word_1_555' title='bbox 1299 2380 1308 2395; x_wconf 91' lang='lat'>,</span> <span class='ocrx_word' id='word_1_556' title='bbox 1333 2353 1503 2389; x_wconf 88' lang='lat' dir='ltr'>terminos</span> <span class='ocrx_word' id='word_1_557' title='bbox 1518 2380 1527 2394; x_wconf 93' lang='lat'>‚</span> <span class='ocrx_word' id='word_1_558' title='bbox 1555 2357 1669 2399; x_wconf 83' lang='lat' dir='ltr'>neque</span> <span class='ocrx_word' id='word_1_559' title='bbox 1691 2351 1786 2387; x_wconf 89' lang='lat' dir='ltr'>enim</span> 
     </span>
     <span class='ocr_line' id='line_1_44' title="bbox 16 2399 1786 2464; baseline -0.006 -19"><span class='ocrx_word' id='word_1_560' title='bbox 16 2409 283 2456; x_wconf 84' lang='lat' dir='ltr'>interpolamus,</span> <span class='ocrx_word' id='word_1_561' title='bbox 310 2408 490 2464; x_wconf 26' lang='lat' dir='ltr'>nist-opus,</span> <span class='ocrx_word' id='word_1_562' title='bbox 517 2406 610 2455; x_wconf 92' lang='lat' dir='ltr'>quod</span> <span class='ocrx_word' id='word_1_563' title='bbox 631 2404 754 2441; x_wconf 85' lang='lat' dir='ltr'>exstat.</span> <span class='ocrx_word' id='word_1_564' title='bbox 790 2405 895 2441; x_wconf 91' lang='lat' dir='ltr'>Unde</span> <span class='ocrx_word' id='word_1_565' title='bbox 912 2406 1003 2451; x_wconf 90' lang='lat' dir='ltr'>apud</span> <span class='ocrx_word' id='word_1_566' title='bbox 1027 2406 1183 2441; x_wconf 86' lang='lat' dir='ltr'>Plautum</span> <span class='ocrx_word' id='word_1_567' title='bbox 1212 2400 1354 2449; x_wconf 87' lang='lat' dir='ltr'>Mostell.</span> <span class='ocrx_word' id='word_1_568' title='bbox 1379 2403 1471 2437; x_wconf 67' lang='grc' dir='ltr'><em>ὅσση.</em></span> <span class='ocrx_word' id='word_1_569' title='bbox 1497 2401 1559 2438; x_wconf 78' lang='lat'><em>111.</em></span> <span class='ocrx_word' id='word_1_570' title='bbox 1584 2402 1657 2438; x_wconf 65' lang='lat' dir='ltr'>Aa.</span> <span class='ocrx_word' id='word_1_571' title='bbox 1682 2400 1710 2436; x_wconf 92' lang='grc' dir='ltr'>Ι.</span> <span class='ocrx_word' id='word_1_572' title='bbox 1739 2399 1786 2436; x_wconf 90' lang='lat' dir='ltr'>fic</span> 
     </span>
     <span class='ocr_line' id='line_1_45' title="bbox 16 2449 1786 2505; baseline -0.006 -10"><span class='ocrx_word' id='word_1_573' title='bbox 16 2458 84 2495; x_wconf 82' lang='lat' dir='ltr'>est:</span> <span class='ocrx_word' id='word_1_574' title='bbox 109 2460 198 2495; x_wconf 78' lang='lat' dir='ltr'>Scita</span> <span class='ocrx_word' id='word_1_575' title='bbox 214 2459 336 2505; x_wconf 80' lang='lat' dir='ltr'>quidem</span> <span class='ocrx_word' id='word_1_576' title='bbox 352 2470 386 2492; x_wconf 83' lang='lat' dir='ltr'>es</span> <span class='ocrx_word' id='word_1_577' title='bbox 404 2466 458 2500; x_wconf 86' lang='lat' dir='ltr'>tu,</span> <span class='ocrx_word' id='word_1_578' title='bbox 485 2456 676 2502; x_wconf 78' lang='lat' dir='ltr'>interpolare</span> <span class='ocrx_word' id='word_1_579' title='bbox 691 2456 743 2490; x_wconf 82' lang='lat' dir='ltr'>vis</span> <span class='ocrx_word' id='word_1_580' title='bbox 763 2466 845 2490; x_wconf 84' lang='lat' dir='ltr'>nova</span> <span class='ocrx_word' id='word_1_581' title='bbox 858 2456 985 2501; x_wconf 57' lang='lat' dir='ltr'>pistura</span> <span class='ocrx_word' id='word_1_582' title='bbox 1000 2465 1075 2502; x_wconf 82' lang='lat' dir='ltr'>opus</span> <span class='ocrx_word' id='word_1_583' title='bbox 1101 2454 1195 2501; x_wconf 81' lang='lat' dir='ltr'>lepidi</span> <span class='ocrx_word' id='word_1_584' title='bbox 1223 2464 1333 2488; x_wconf 73' lang='lat' dir='ltr'>rmum.</span> <span class='ocrx_word' id='word_1_585' title='bbox 1386 2453 1504 2498; x_wconf 86' lang='lat' dir='ltr'>Atque</span> <span class='ocrx_word' id='word_1_586' title='bbox 1528 2451 1562 2486; x_wconf 93' lang='lat' dir='ltr'>id</span> <span class='ocrx_word' id='word_1_587' title='bbox 1581 2450 1693 2497; x_wconf 85' lang='lat' dir='ltr'>ipsum</span> <span class='ocrx_word' id='word_1_588' title='bbox 1714 2449 1786 2492; x_wconf 88' lang='lat' dir='ltr'>est,</span> 
     </span>
     <span class='ocr_line' id='line_1_46' title="bbox 17 2499 1786 2556; baseline -0.005 -13"><span class='ocrx_word' id='word_1_589' title='bbox 17 2506 108 2554; x_wconf 85' lang='lat' dir='ltr'>quod</span> <span class='ocrx_word' id='word_1_590' title='bbox 128 2508 367 2556; x_wconf 88' lang='lat' dir='ltr'>prudentiores</span> <span class='ocrx_word' id='word_1_591' title='bbox 383 2507 596 2551; x_wconf 86' lang='lat' dir='ltr'>Interpretes</span> <span class='ocrx_word' id='word_1_592' title='bbox 613 2505 718 2540; x_wconf 89' lang='lat' dir='ltr'>unice</span> <span class='ocrx_word' id='word_1_593' title='bbox 739 2504 763 2538; x_wconf 92' lang='grc' dir='ltr'>Ί</span> <span class='ocrx_word' id='word_1_594' title='bbox 775 2504 960 2542; x_wconf 83' lang='lat' dir='ltr'>riboniano</span> <span class='ocrx_word' id='word_1_595' title='bbox 976 2505 1144 2540; x_wconf 89' lang='lat' dir='ltr'>occinunt</span> <span class='ocrx_word' id='word_1_596' title='bbox 1160 2514 1169 2539; x_wconf 72' lang='grc' dir='ltr'>ε</span> <span class='ocrx_word' id='word_1_597' title='bbox 1193 2504 1302 2538; x_wconf 63' lang='lat' dir='ltr'>&amp;citus</span> <span class='ocrx_word' id='word_1_598' title='bbox 1316 2502 1439 2547; x_wconf 85' lang='lat' dir='ltr'>quidem</span> <span class='ocrx_word' id='word_1_599' title='bbox 1455 2512 1487 2536; x_wconf 87' lang='lat' dir='ltr'>es</span> <span class='ocrx_word' id='word_1_600' title='bbox 1504 2509 1540 2536; x_wconf 81' lang='lat' dir='ltr'>tu</span> <span class='ocrx_word' id='word_1_601' title='bbox 1551 2527 1560 2544; x_wconf 92' lang='lat'><strong>‚</strong></span> <span class='ocrx_word' id='word_1_602' title='bbox 1583 2499 1620 2535; x_wconf 73' lang='grc' dir='ltr'><strong>ἃ</strong></span> <span class='ocrx_word' id='word_1_603' title='bbox 1637 2510 1714 2547; x_wconf 88' lang='lat' dir='ltr'>quae</span> <span class='ocrx_word' id='word_1_604' title='bbox 1735 2499 1786 2534; x_wconf 90' lang='lat' dir='ltr'>se-</span> 
     </span>
     <span class='ocr_line' id='line_1_47' title="bbox 17 2549 1786 2604; baseline -0.005 -13"><span class='ocrx_word' id='word_1_605' title='bbox 17 2566 184 2601; x_wconf 72' lang='lat' dir='ltr'>quuntur3</span> <span class='ocrx_word' id='word_1_606' title='bbox 207 2557 383 2604; x_wconf 87' lang='lat' dir='ltr'>quamvis,</span> <span class='ocrx_word' id='word_1_607' title='bbox 409 2555 430 2590; x_wconf 82' lang='lat' dir='ltr'>fi</span> <span class='ocrx_word' id='word_1_608' title='bbox 450 2556 627 2597; x_wconf 86' lang='lat' dir='ltr'>dicamus,</span> <span class='ocrx_word' id='word_1_609' title='bbox 654 2552 746 2601; x_wconf 85' lang='lat' dir='ltr'>quod</span> <span class='ocrx_word' id='word_1_610' title='bbox 769 2565 821 2589; x_wconf 86' lang='lat' dir='ltr'>res</span> <span class='ocrx_word' id='word_1_611' title='bbox 839 2553 907 2596; x_wconf 86' lang='lat' dir='ltr'>est,</span> <span class='ocrx_word' id='word_1_612' title='bbox 935 2553 1020 2589; x_wconf 86' lang='lat' dir='ltr'>nihil</span> <span class='ocrx_word' id='word_1_613' title='bbox 1041 2553 1187 2589; x_wconf 88' lang='lat' dir='ltr'>omnino</span> <span class='ocrx_word' id='word_1_614' title='bbox 1207 2550 1249 2587; x_wconf 85' lang='lat' dir='ltr'>fit</span> <span class='ocrx_word' id='word_1_615' title='bbox 1264 2550 1388 2598; x_wconf 77' lang='lat' dir='ltr'>scitum</span> <span class='ocrx_word' id='word_1_616' title='bbox 1413 2551 1449 2587; x_wconf 92' lang='lat' dir='ltr'>in</span> <span class='ocrx_word' id='word_1_617' title='bbox 1474 2550 1572 2585; x_wconf 88' lang='lat' dir='ltr'>omni</span> <span class='ocrx_word' id='word_1_618' title='bbox 1601 2549 1786 2584; x_wconf 87' lang='lat' dir='ltr'>molimine</span> 
     </span>
     <span class='ocr_line' id='line_1_48' title="bbox 18 2597 1785 2650; baseline -0.005 -10"><span class='ocrx_word' id='word_1_619' title='bbox 18 2605 272 2642; x_wconf 86' lang='lat' dir='ltr'>emblematico.</span> <span class='ocrx_word' id='word_1_620' title='bbox 324 2604 501 2641; x_wconf 85' lang='lat' dir='ltr'>Praestaret</span> <span class='ocrx_word' id='word_1_621' title='bbox 518 2612 658 2639; x_wconf 89' lang='lat' dir='ltr'>veteres</span> <span class='ocrx_word' id='word_1_622' title='bbox 681 2601 872 2638; x_wconf 56' lang='lat' dir='ltr'>Annorum</span> <span class='ocrx_word' id='word_1_623' title='bbox 890 2603 1020 2639; x_wconf 84' lang='lat' dir='ltr'>habere</span> <span class='ocrx_word' id='word_1_624' title='bbox 1035 2610 1144 2650; x_wconf 85' lang='lat' dir='ltr'>puros</span> <span class='ocrx_word' id='word_1_625' title='bbox 1164 2612 1268 2648; x_wconf 90' lang='lat' dir='ltr'>putos</span> <span class='ocrx_word' id='word_1_626' title='bbox 1283 2628 1292 2643; x_wconf 98' lang='lat'>,</span> <span class='ocrx_word' id='word_1_627' title='bbox 1324 2612 1427 2647; x_wconf 84' lang='lat' dir='ltr'>quam</span> <span class='ocrx_word' id='word_1_628' title='bbox 1451 2599 1597 2635; x_wconf 88' lang='lat' dir='ltr'>aliorum</span> <span class='ocrx_word' id='word_1_629' title='bbox 1625 2597 1785 2633; x_wconf 86' lang='lat' dir='ltr'>manibus</span> 
     </span>
     <span class='ocr_line' id='line_1_49' title="bbox 18 2646 1784 2702; baseline -0.005 -14"><span class='ocrx_word' id='word_1_630' title='bbox 18 2653 248 2690; x_wconf 68' lang='lat' dir='ltr'>contrectatos</span> <span class='ocrx_word' id='word_1_631' title='bbox 265 2653 303 2690; x_wconf 76' lang='lat' dir='ltr'>&lt;St</span> <span class='ocrx_word' id='word_1_632' title='bbox 321 2653 572 2702; x_wconf 88' lang='lat' dir='ltr'>devirginatos.</span> <span class='ocrx_word' id='word_1_633' title='bbox 618 2650 798 2693; x_wconf 77' lang='lat' dir='ltr'>Praestaret</span> <span class='ocrx_word' id='word_1_634' title='bbox 815 2650 885 2688; x_wconf 85' lang='lat' dir='ltr'>fine</span> <span class='ocrx_word' id='word_1_635' title='bbox 902 2652 1036 2688; x_wconf 89' lang='lat' dir='ltr'>laciniis</span> <span class='ocrx_word' id='word_1_636' title='bbox 1055 2652 1225 2700; x_wconf 88' lang='lat' dir='ltr'>JCtorum</span> <span class='ocrx_word' id='word_1_637' title='bbox 1245 2659 1405 2686; x_wconf 86' lang='lat' dir='ltr'>veterum</span> <span class='ocrx_word' id='word_1_638' title='bbox 1423 2648 1624 2696; x_wconf 81' lang='lat' dir='ltr'>fragmenta</span> <span class='ocrx_word' id='word_1_639' title='bbox 1648 2646 1784 2692; x_wconf 83' lang='lat' dir='ltr'>legere,</span> 
     </span>
     <span class='ocr_line' id='line_1_50' title="bbox 18 2694 1784 2749; baseline -0.005 -12"><span class='ocrx_word' id='word_1_640' title='bbox 18 2713 118 2747; x_wconf 83' lang='lat' dir='ltr'>quam</span> <span class='ocrx_word' id='word_1_641' title='bbox 139 2702 190 2738; x_wconf 83' lang='lat' dir='ltr'>his</span> <span class='ocrx_word' id='word_1_642' title='bbox 207 2703 304 2739; x_wconf 73' lang='lat' dir='ltr'>leffis</span> <span class='ocrx_word' id='word_1_643' title='bbox 320 2703 447 2739; x_wconf 86' lang='lat' dir='ltr'>haerere</span> <span class='ocrx_word' id='word_1_644' title='bbox 468 2729 480 2746; x_wconf 94' lang='lat'>,</span> <span class='ocrx_word' id='word_1_645' title='bbox 507 2701 588 2749; x_wconf 88' lang='lat' dir='ltr'>quid</span> <span class='ocrx_word' id='word_1_646' title='bbox 611 2702 667 2737; x_wconf 92' lang='lat' dir='ltr'>cui</span> <span class='ocrx_word' id='word_1_647' title='bbox 684 2701 905 2737; x_wconf 88' lang='lat' dir='ltr'>tribuendum</span> <span class='ocrx_word' id='word_1_648' title='bbox 921 2700 972 2737; x_wconf 87' lang='lat' dir='ltr'>sit.</span> <span class='ocrx_word' id='word_1_649' title='bbox 998 2701 1290 2738; x_wconf 79' lang='lat' dir='ltr'>Si&#39;rribonianus</span> <span class='ocrx_word' id='word_1_650' title='bbox 1307 2699 1448 2745; x_wconf 84' lang='lat' dir='ltr'>corpori</span> <span class='ocrx_word' id='word_1_651' title='bbox 1468 2695 1617 2743; x_wconf 77' lang='lat' dir='ltr'>aptasset</span> <span class='ocrx_word' id='word_1_652' title='bbox 1639 2694 1784 2742; x_wconf 85' lang='lat' dir='ltr'>propria</span> 
     </span>
     <span class='ocr_line' id='line_1_51' title="bbox 20 2745 1785 2798; baseline -0.003 -13"><span class='ocrx_word' id='word_1_653' title='bbox 20 2752 196 2793; x_wconf 83' lang='lat' dir='ltr'>membra,</span> <span class='ocrx_word' id='word_1_654' title='bbox 220 2763 337 2787; x_wconf 87' lang='lat' dir='ltr'>eorum</span> <span class='ocrx_word' id='word_1_655' title='bbox 358 2752 524 2798; x_wconf 84' lang='lat' dir='ltr'>dignitati</span> <span class='ocrx_word' id='word_1_656' title='bbox 538 2752 648 2798; x_wconf 81' lang='lat' dir='ltr'>magis</span> <span class='ocrx_word' id='word_1_657' title='bbox 664 2749 892 2787; x_wconf 83' lang='lat' dir='ltr'>consuluiffet.</span> <span class='ocrx_word' id='word_1_658' title='bbox 920 2751 988 2787; x_wconf 90' lang='lat' dir='ltr'>Sed</span> <span class='ocrx_word' id='word_1_659' title='bbox 1008 2751 1077 2786; x_wconf 88' lang='lat' dir='ltr'>boc</span> <span class='ocrx_word' id='word_1_660' title='bbox 1098 2751 1234 2786; x_wconf 86' lang='lat' dir='ltr'>Catone</span> <span class='ocrx_word' id='word_1_661' title='bbox 1256 2749 1415 2785; x_wconf 87' lang='lat' dir='ltr'>contenti</span> <span class='ocrx_word' id='word_1_662' title='bbox 1428 2746 1555 2788; x_wconf 80' lang='lat' dir='ltr'>fimus,</span> <span class='ocrx_word' id='word_1_663' title='bbox 1581 2754 1660 2780; x_wconf 90' lang='lat' dir='ltr'>cum</span> <span class='ocrx_word' id='word_1_664' title='bbox 1678 2745 1785 2780; x_wconf 84' lang='lat' dir='ltr'>alium</span> 
     </span>
     <span class='ocr_line' id='line_1_52' title="bbox 19 2791 1785 2847; baseline -0.003 -13"><span class='ocrx_word' id='word_1_665' title='bbox 19 2798 148 2835; x_wconf 85' lang='lat' dir='ltr'>habere</span> <span class='ocrx_word' id='word_1_666' title='bbox 167 2810 234 2836; x_wconf 88' lang='lat' dir='ltr'>non</span> <span class='ocrx_word' id='word_1_667' title='bbox 253 2800 366 2836; x_wconf 87' lang='lat' dir='ltr'>liceat.</span> <span class='ocrx_word' id='word_1_668' title='bbox 417 2801 534 2837; x_wconf 82' lang='lat' dir='ltr'>Alium</span> <span class='ocrx_word' id='word_1_669' title='bbox 557 2811 673 2835; x_wconf 88' lang='lat' dir='ltr'>tamen</span> <span class='ocrx_word' id='word_1_670' title='bbox 693 2801 885 2845; x_wconf 81' lang='lat' dir='ltr'>exoptabat</span> <span class='ocrx_word' id='word_1_671' title='bbox 900 2801 1070 2847; x_wconf 87' lang='lat' dir='ltr'>Josephus</span> <span class='ocrx_word' id='word_1_672' title='bbox 1088 2800 1242 2847; x_wconf 84' lang='lat' dir='ltr'>Scaliger</span> <span class='ocrx_word' id='word_1_673' title='bbox 1257 2798 1378 2844; x_wconf 82' lang='lat' dir='ltr'>Scalig.</span> <span class='ocrx_word' id='word_1_674' title='bbox 1403 2798 1430 2831; x_wconf 89' lang='lat'>1.</span> <span class='ocrx_word' id='word_1_675' title='bbox 1465 2795 1569 2830; x_wconf 92' lang='lat' dir='ltr'>Voce</span> <span class='ocrx_word' id='word_1_676' title='bbox 1588 2793 1677 2829; x_wconf 79' lang='lat' dir='ltr'>Cato.</span> <span class='ocrx_word' id='word_1_677' title='bbox 1697 2791 1785 2828; x_wconf 76' lang='lat' dir='ltr'>Prae-</span> 
     </span>
     <span class='ocr_line' id='line_1_53' title="bbox 8 2843 1784 2898; baseline -0.003 -16"><span class='ocrx_word' id='word_1_678' title='bbox 8 2846 137 2894; x_wconf 78' lang='lat' dir='ltr'>staret,</span> <span class='ocrx_word' id='word_1_679' title='bbox 162 2848 292 2893; x_wconf 85' lang='lat' dir='ltr'>inquit,</span> <span class='ocrx_word' id='word_1_680' title='bbox 318 2861 372 2884; x_wconf 84' lang='lat' dir='ltr'>nos</span> <span class='ocrx_word' id='word_1_681' title='bbox 386 2848 521 2898; x_wconf 64' lang='lat' dir='ltr'>amififfie</span> <span class='ocrx_word' id='word_1_682' title='bbox 538 2858 640 2886; x_wconf 83' lang='lat' dir='ltr'>totum</span> <span class='ocrx_word' id='word_1_683' title='bbox 656 2847 725 2893; x_wconf 80' lang='lat' dir='ltr'>Jus</span> <span class='ocrx_word' id='word_1_684' title='bbox 746 2849 868 2892; x_wconf 78' lang='lat' dir='ltr'>Civile,</span> <span class='ocrx_word' id='word_1_685' title='bbox 894 2858 930 2886; x_wconf 74' lang='lat' dir='ltr'>ut</span> <span class='ocrx_word' id='word_1_686' title='bbox 951 2851 1039 2886; x_wconf 83' lang='lat' dir='ltr'>hodie</span> <span class='ocrx_word' id='word_1_687' title='bbox 1054 2851 1189 2884; x_wconf 79' lang='lat' dir='ltr'>habetur</span> <span class='ocrx_word' id='word_1_688' title='bbox 1206 2846 1278 2893; x_wconf 84' lang='lat' dir='ltr'>fine</span> <span class='ocrx_word' id='word_1_689' title='bbox 1299 2847 1439 2893; x_wconf 81' lang='lat' dir='ltr'>integris</span> <span class='ocrx_word' id='word_1_690' title='bbox 1453 2843 1664 2884; x_wconf 65' lang='lat' dir='ltr'>Auaorihus,</span> <span class='ocrx_word' id='word_1_691' title='bbox 1690 2853 1784 2888; x_wconf 84' lang='lat' dir='ltr'>quam</span> 
     </span>
     <span class='ocr_line' id='line_1_54' title="bbox 20 2891 1782 2946; baseline -0.002 -15"><span class='ocrx_word' id='word_1_692' title='bbox 20 2896 168 2932; x_wconf 78' lang='lat' dir='ltr'>Catonem</span> <span class='ocrx_word' id='word_1_693' title='bbox 182 2895 223 2936; x_wconf 76' lang='lat'>&amp;³</span> <span class='ocrx_word' id='word_1_694' title='bbox 231 2897 414 2934; x_wconf 83' lang='lat' dir='ltr'>Varronem.</span> <span class='ocrx_word' id='word_1_695' title='bbox 440 2901 518 2946; x_wconf 83' lang='lat' dir='ltr'>Ego</span> <span class='ocrx_word' id='word_1_696' title='bbox 538 2911 625 2934; x_wconf 85' lang='lat' dir='ltr'>vero</span> <span class='ocrx_word' id='word_1_697' title='bbox 644 2899 701 2933; x_wconf 84' lang='lat' dir='ltr'>vel</span> <span class='ocrx_word' id='word_1_698' title='bbox 719 2908 860 2934; x_wconf 86' lang='lat' dir='ltr'>centum</span> <span class='ocrx_word' id='word_1_699' title='bbox 878 2899 1028 2935; x_wconf 89' lang='lat' dir='ltr'>Catones</span> <span class='ocrx_word' id='word_1_700' title='bbox 1047 2898 1085 2934; x_wconf 88' lang='lat'>&amp;</span> <span class='ocrx_word' id='word_1_701' title='bbox 1107 2898 1360 2936; x_wconf 89' lang='lat' dir='ltr'>Anticatones,</span> <span class='ocrx_word' id='word_1_702' title='bbox 1386 2893 1422 2929; x_wconf 71' lang='grc' dir='ltr'>ἃ</span> <span class='ocrx_word' id='word_1_703' title='bbox 1440 2892 1590 2928; x_wconf 90' lang='lat' dir='ltr'>totidem</span> <span class='ocrx_word' id='word_1_704' title='bbox 1601 2891 1782 2927; x_wconf 81' lang='lat' dir='ltr'>varrones</span> 
     </span>
     <span class='ocr_line' id='line_1_55' title="bbox 18 2939 1686 2996; baseline -0.004 -15"><span class='ocrx_word' id='word_1_705' title='bbox 18 2946 155 2981; x_wconf 87' lang='lat' dir='ltr'>mallem</span> <span class='ocrx_word' id='word_1_706' title='bbox 178 2945 335 2991; x_wconf 82' lang='lat' dir='ltr'>periiffe,</span> <span class='ocrx_word' id='word_1_707' title='bbox 361 2959 460 2995; x_wconf 88' lang='lat' dir='ltr'>quam</span> <span class='ocrx_word' id='word_1_708' title='bbox 478 2949 538 2996; x_wconf 89' lang='lat' dir='ltr'>Jus</span> <span class='ocrx_word' id='word_1_709' title='bbox 555 2949 777 2992; x_wconf 84' lang='lat' dir='ltr'>Romanum,</span> <span class='ocrx_word' id='word_1_710' title='bbox 803 2957 842 2983; x_wconf 91' lang='lat' dir='ltr'>ut</span> <span class='ocrx_word' id='word_1_711' title='bbox 864 2960 884 2984; x_wconf 90' lang='lat' dir='ltr'>a</span> <span class='ocrx_word' id='word_1_712' title='bbox 902 2948 1123 2985; x_wconf 86' lang='lat' dir='ltr'>Triboniano</span> <span class='ocrx_word' id='word_1_713' title='bbox 1145 2944 1356 2991; x_wconf 89' lang='lat' dir='ltr'>descriptum</span> <span class='ocrx_word' id='word_1_714' title='bbox 1378 2943 1416 2979; x_wconf 70' lang='grc' dir='ltr'>ἃ</span> <span class='ocrx_word' id='word_1_715' title='bbox 1435 2940 1608 2988; x_wconf 81' lang='lat' dir='ltr'>digestum</span> <span class='ocrx_word' id='word_1_716' title='bbox 1624 2939 1686 2976; x_wconf 86' lang='lat' dir='ltr'>est.</span> 
     </span>
    </p>
   </div>
   <div class='ocr_carea' id='block_1_8' title="bbox 15 3037 1784 3189">
    <p class='ocr_par' dir='ltr' id='par_1_8' title="bbox 15 3037 1784 3189">
     <span class='ocr_line' id='line_1_56' title="bbox 68 3037 1784 3090; baseline -0.003 -12"><span class='ocrx_word' id='word_1_717' title='bbox 68 3042 136 3079; x_wconf 87' lang='lat' dir='ltr'>Sed</span> <span class='ocrx_word' id='word_1_718' title='bbox 160 3043 242 3089; x_wconf 88' lang='lat' dir='ltr'>quid</span> <span class='ocrx_word' id='word_1_719' title='bbox 270 3043 410 3080; x_wconf 86' lang='lat' dir='ltr'>tandem</span> <span class='ocrx_word' id='word_1_720' title='bbox 433 3045 476 3081; x_wconf 91' lang='lat' dir='ltr'>de</span> <span class='ocrx_word' id='word_1_721' title='bbox 495 3045 762 3082; x_wconf 87' lang='lat' dir='ltr'>emblematibus</span> <span class='ocrx_word' id='word_1_722' title='bbox 788 3045 946 3081; x_wconf 86' lang='lat' dir='ltr'>dicemus</span> <span class='ocrx_word' id='word_1_723' title='bbox 963 3046 982 3080; x_wconf 69' lang='grc' dir='ltr'><strong><em>ἓ</em></strong></span> <span class='ocrx_word' id='word_1_724' title='bbox 1008 3053 1110 3080; x_wconf 84' lang='lat' dir='ltr'>vetus</span> <span class='ocrx_word' id='word_1_725' title='bbox 1130 3041 1353 3090; x_wconf 84' lang='lat' dir='ltr'>proverbium</span> <span class='ocrx_word' id='word_1_726' title='bbox 1378 3039 1450 3082; x_wconf 91' lang='lat' dir='ltr'>est,</span> <span class='ocrx_word' id='word_1_727' title='bbox 1476 3038 1589 3086; x_wconf 90' lang='lat' dir='ltr'>inquit</span> <span class='ocrx_word' id='word_1_728' title='bbox 1611 3037 1784 3085; x_wconf 88' lang='lat' dir='ltr'>Ulpianus</span> 
     </span>
     <span class='ocr_line' id='line_1_57' title="bbox 15 3088 1781 3142; baseline -0.006 -10"><span class='ocrx_word' id='word_1_729' title='bbox 15 3092 51 3128; x_wconf 71' lang='lat' dir='ltr'>in</span> <span class='ocrx_word' id='word_1_730' title='bbox 80 3094 98 3127; x_wconf 86' lang='lat' dir='ltr'>l·</span> <span class='ocrx_word' id='word_1_731' title='bbox 121 3095 154 3127; x_wconf 85' lang='grc'>6-</span> <span class='ocrx_word' id='word_1_732' title='bbox 182 3091 212 3139; x_wconf 97' lang='grc'>5</span> <span class='ocrx_word' id='word_1_733' title='bbox 231 3104 260 3128; x_wconf 90' lang='lat'>1.</span> <span class='ocrx_word' id='word_1_734' title='bbox 281 3091 328 3140; x_wconf 88' lang='lat' dir='ltr'><strong><em>ff</em></strong></span> <span class='ocrx_word' id='word_1_735' title='bbox 361 3094 397 3128; x_wconf 82' lang='lat' dir='ltr'>de</span> <span class='ocrx_word' id='word_1_736' title='bbox 422 3092 518 3140; x_wconf 88' lang='lat' dir='ltr'>Offic.</span> <span class='ocrx_word' id='word_1_737' title='bbox 548 3095 691 3142; x_wconf 85' lang='lat' dir='ltr'>Procons.</span> <span class='ocrx_word' id='word_1_738' title='bbox 717 3093 767 3132; x_wconf 59' lang='grc' dir='ltr'>ἐἴτε</span> <span class='ocrx_word' id='word_1_739' title='bbox 792 3097 916 3140; x_wconf 67' lang='grc' dir='ltr'><em>πάντα,</em></span> <span class='ocrx_word' id='word_1_740' title='bbox 941 3094 992 3130; x_wconf 60' lang='lat' dir='ltr'>§rs</span> <span class='ocrx_word' id='word_1_741' title='bbox 1016 3108 1167 3136; x_wconf 72' lang='grc' dir='ltr'>παντοτε,</span> <span class='ocrx_word' id='word_1_742' title='bbox 1193 3089 1246 3128; x_wconf 62' lang='lat' dir='ltr'>§re</span> <span class='ocrx_word' id='word_1_743' title='bbox 1269 3093 1359 3138; x_wconf 67' lang='grc' dir='ltr'>πικραὶ</span> <span class='ocrx_word' id='word_1_744' title='bbox 1379 3088 1514 3133; x_wconf 65' lang='grc' dir='ltr'>πάντων,</span> <span class='ocrx_word' id='word_1_745' title='bbox 1540 3099 1638 3135; x_wconf 81' lang='lat' dir='ltr'>neque</span> <span class='ocrx_word' id='word_1_746' title='bbox 1652 3088 1781 3128; x_wconf 82' lang='lat' dir='ltr'>omnia,</span> 
     </span>
     <span class='ocr_line' id='line_1_58' title="bbox 15 3136 1781 3189; baseline -0.005 -11"><span class='ocrx_word' id='word_1_747' title='bbox 15 3153 111 3187; x_wconf 78' lang='lat' dir='ltr'>neque</span> <span class='ocrx_word' id='word_1_748' title='bbox 125 3139 239 3188; x_wconf 80' lang='lat' dir='ltr'>paffim</span> <span class='ocrx_word' id='word_1_749' title='bbox 253 3167 265 3186; x_wconf 96' lang='lat'>,</span> <span class='ocrx_word' id='word_1_750' title='bbox 289 3153 384 3189; x_wconf 78' lang='lat' dir='ltr'>neque</span> <span class='ocrx_word' id='word_1_751' title='bbox 399 3143 440 3179; x_wconf 87' lang='lat' dir='ltr'>ab</span> <span class='ocrx_word' id='word_1_752' title='bbox 454 3145 607 3180; x_wconf 73' lang='lat' dir='ltr'>omnibus,</span> <span class='ocrx_word' id='word_1_753' title='bbox 635 3146 691 3180; x_wconf 91' lang='lat' dir='ltr'>Sic</span> <span class='ocrx_word' id='word_1_754' title='bbox 707 3146 744 3181; x_wconf 75' lang='grc' dir='ltr'>ὅι</span> <span class='ocrx_word' id='word_1_755' title='bbox 762 3157 822 3180; x_wconf 82' lang='lat' dir='ltr'>nos</span> <span class='ocrx_word' id='word_1_756' title='bbox 839 3149 882 3180; x_wconf 91' lang='lat' dir='ltr'>de</span> <span class='ocrx_word' id='word_1_757' title='bbox 901 3144 1186 3180; x_wconf 76' lang='lat' dir='ltr'>emblematibus:</span> <span class='ocrx_word' id='word_1_758' title='bbox 1205 3143 1311 3177; x_wconf 86' lang='lat' dir='ltr'>omnia</span> <span class='ocrx_word' id='word_1_759' title='bbox 1333 3141 1520 3186; x_wconf 78' lang='lat' dir='ltr'>agnoscere</span> <span class='ocrx_word' id='word_1_760' title='bbox 1537 3136 1781 3177; x_wconf 76' lang='lat' dir='ltr'>stultissimum,</span> 
     </span>
    </p>
   </div>
   <div class='ocr_carea' id='block_1_9' title="bbox 13 3185 1781 3276">
    <p class='ocr_par' dir='ltr' id='par_1_9' title="bbox 13 3185 1781 3276">
     <span class='ocr_line' id='line_1_59' title="bbox 13 3185 1781 3276; baseline -0.002 -49"><span class='ocrx_word' id='word_1_761' title='bbox 13 3189 376 3276; x_wconf 38' lang='grc' dir='ltr'>μβῐιιᾶὦὲτρὶἰίῖῑῐῃυω</span> <span class='ocrx_word' id='word_1_762' title='bbox 393 3219 404 3238; x_wconf 87' lang='grc'><strong><em>,</em></strong></span> <span class='ocrx_word' id='word_1_763' title='bbox 439 3190 476 3229; x_wconf 74' lang='grc' dir='ltr'><strong>ἃ</strong></span> <span class='ocrx_word' id='word_1_764' title='bbox 498 3194 539 3230; x_wconf 84' lang='lat' dir='ltr'>ab</span> <span class='ocrx_word' id='word_1_765' title='bbox 561 3195 705 3231; x_wconf 80' lang='lat' dir='ltr'>omnibus</span> <span class='ocrx_word' id='word_1_766' title='bbox 728 3192 1090 3241; x_wconf 86' lang='lat' dir='ltr'>imprudentiffimum.</span> <span class='ocrx_word' id='word_1_767' title='bbox 1111 3185 1452 3276; x_wconf 78' lang='lat' dir='ltr'>SQuemadmodum</span> <span class='ocrx_word' id='word_1_768' title='bbox 1476 3199 1560 3224; x_wconf 83' lang='lat' dir='ltr'>vero</span> <span class='ocrx_word' id='word_1_769' title='bbox 1583 3212 1596 3233; x_wconf 92' lang='lat'><em>‚</em></span> <span class='ocrx_word' id='word_1_770' title='bbox 1623 3196 1659 3222; x_wconf 83' lang='lat' dir='ltr'>ut</span> <span class='ocrx_word' id='word_1_771' title='bbox 1683 3186 1781 3269; x_wconf 44' lang='grc' dir='ltr'>Ἐζᾶ</span> 
     </span>
    </p>
   </div>
  </div>
 </body>
</html>
