2008 3436
161 119 205 158 86

157 197 226 230 ssrae
243 194 351 227 aanor
367 191 429 231 est,
459 192 653 233 Ulpianum,
682 191 714 223 in
739 190 849 221 eodem
868 189 972 230 Opere
988 190 1025 221 ad

155 237 325 271 Ethelum,
354 243 547 275 permenam
570 236 733 265 militarem
759 233 789 263 in
820 232 841 262 s.
857 241 887 272 3.
915 237 964 270 pr.
983 231 1024 273 ff.

156 279 208 312 Ne
224 279 273 309 vis
295 275 352 317 fiac
374 277 422 313 ei,
442 278 539 317 quiin
554 276 625 316 poff.
650 273 839 306 intellexiss'e
857 274 919 303 hoc
936 282 1026 314 appa-

153 321 290 353 ritorum
313 327 446 358 corpus,
477 327 550 348 cum
568 318 648 357 ajat,
673 325 744 346 eum
758 339 766 353 ‚
792 314 844 355 qui
861 312 968 344 missus
983 313 1028 345 cst

156 362 188 392 in
208 359 423 402 possessionem
437 382 446 398 ,
477 357 529 390 sed
545 368 608 390 non
630 356 794 394 admiss'us,
819 354 1028 386 inducendum

156 401 219 433 effe
233 400 379 442 potestate
400 401 467 441 ejus
480 423 490 437 ‚
519 401 571 441 qni
593 399 670 437 nzz'fic
684 421 694 435 ‚
733 396 872 436 alioquin
890 395 919 426 &
939 403 1029 426 extra

157 443 301 475 ordinem
318 443 349 474 id
368 442 530 473 decretum
546 440 659 481 exequi
676 439 781 481 posse,
808 446 1029 476 nonnumquam

157 487 251 516 etiarn
269 491 324 525 per
346 493 465 515 manum
486 484 660 513 militarem.
717 479 825 511 videri
861 479 964 519 potest
986 478 1029 509 di-

160 526 316 568 stinguere
332 526 413 557 inter
433 524 644 564 apparitores,
669 522 721 563 qui
733 519 878 560 potestate
890 521 1006 561 judicis
1020 542 1030 557 ‚

160 568 213 599 via
228 567 400 605 ordinaria,
426 565 457 596 in
473 564 689 606 poffeffionem
705 562 857 593 inducunt
868 584 877 599 ,
903 562 932 592 ἃ
949 561 1029 592 mili-

162 617 228 640 tare
266 608 438 645 raesidium,
464 605 548 647 quod
567 612 655 636 extra
670 603 812 634 ordinem
829 602 960 633 concedi
984 600 1030 632 so-

161 651 226 689 let,
248 660 257 682 1
273 648 428 690 apparitio
446 647 551 677 civilis
571 655 635 677 non
653 644 797 676 sufficiat.
829 643 1033 684 Audi,quem

162 692 305 723 ordinem
322 689 423 721 servet
440 686 503 728 ipse
520 687 575 718 ille
596 686 750 726 Ulpianus
766 685 797 715 in
828 685 849 714 l.
865 695 896 724 5.
935 684 962 725 §.
983 693 1031 723 27.

158 733 197 775 ff
224 732 267 763 Ut
286 733 317 762 in
333 728 438 770 poffeff.
458 729 550 769 legat.
576 728 704 768 Miffus,
736 726 858 766 inquit,
884 724 1033 766 z’npoffes-

156 774 287 815 fiunem,
305 771 333 811 fi
356 782 412 802 non
428 773 612 802 admittatur
627 794 635 808 ‚
658 770 741 799 habet
758 767 952 798 interdictum
967 774 1033 806 pro-

159 816 287 858 positum
299 837 307 850 .
331 820 384 844 ant
396 819 449 853 per
466 814 613 842 viatorem
624 834 633 848 ‚
656 817 708 842 aut
720 817 774 850 per
787 807 939 850 officialem
952 808 1034 839 Prae-

163 857 256 898 fecii,
293 862 346 887 aut
370 862 425 895 per
450 852 656 894 Magistratus
685 853 919 882 introducendus
937 849 979 890 ess
1003 852 1036 880 in

163 896 364 941 poffeffionenzi
410 896 557 927 Viatores
590 895 620 926 δί
649 894 800 926 officiales
822 892 844 924 fi
869 902 933 924 non
954 890 1034 923 suffi-

165 941 267 978 ciant,
301 949 317 970 a
334 936 523 978 erlagis‘tratu
549 944 740 977 quocunque
756 934 851 965 modo
869 934 929 964 erit
948 933 1035 964 indu-

165 981 282 1013 cendus
299 1005 308 1019 ,
340 979 424 1021 quod
451 978 512 1010 sine
536 987 630 1008 manu
657 976 784 1008 militari
807 984 869 1006 non
898 974 942 1006 est
961 998 970 1013 ‚
1002 982 1038 1004 ut

164 1022 370 1057 commodum
396 1020 462 1052 sieri
485 1019 588 1060 poffit.
634 1017 748 1058 Neque
766 1017 849 1047 enim
867 1025 901 1046 ea
922 1016 1039 1046 utimur

168 1063 323 1096 sententia
334 1072 420 1103 ,quae
436 1069 540 1092 tamen
559 1060 657 1101 vulgo
674 1060 777 1100 placet
787 1067 826 1088 ex
838 1060 865 1088 d.
881 1058 900 1088 l.
918 1067 941 1088 1>
963 1057 995 1088 C.
1006 1060 1040 1087 de

169 1104 368 1147 Offic.jndic.
385 1104 475 1133 milit.
499 1101 621 1133 nullum
647 1100 777 1131 omnino
803 1099 912 1130 militis
931 1097 992 1129 esse
1007 1107 1039 1128 u-

168 1146 255 1185 sum,
291 1153 479 1187 quocunque
505 1152 553 1174 res
577 1142 744 1183 procedat,
776 1140 806 1171 in
824 1139 920 1171 causis
936 1139 1038 1170 civili-

167 1189 227 1220 bus
252 1188 281 1219 ὅ(
305 1186 437 1228 privatis
455 1196 462 1216 :
488 1193 558 1216 nam
578 1183 652 1224 quid
667 1183 688 1214 fi
703 1183 865 1213 damnatus
879 1188 1040 1212 contuma-

168 1239 239 1261 cem
255 1228 285 1260 se
301 1227 437 1269 praebeat
447 1249 458 1265 ‚
489 1226 537 1264 &,
570 1223 703 1256 colleua
717 1223 811 1254 etiam
827 1231 939 1261 manu,
965 1231 1039 1253 con-

169 1269 377 1302 tumaciorem
394 1292 403 1307 ,
434 1277 526 1308 quam
549 1274 584 1297 ut
606 1275 662 1306 per
684 1264 876 1305 apparitores
896 1262 1040 1294 coerceri

167 1310 287 1354 possit?
311 1309 411 1341 adhuc
435 1308 616 1350 negabimus
632 1306 749 1337 milites
770 1304 986 1336 adhibendos?
1009 1313 1038 1334 e-

169 1362 212 1395 go
231 1361 295 1383 non
315 1360 443 1391 negem,
467 1349 519 1381 vel
536 1348 625 1380 simul
642 1347 810 1384 affirmem,
837 1345 948 1376 cuneta
961 1344 1040 1386 judi-

169 1394 219 1425 cia
244 1392 309 1424 sola
333 1391 532 1423 contumacia
551 1389 638 1431 poss'e
659 1388 760 1426 eludi,
785 1388 914 1428 ejusque
931 1393 1041 1418 contu-

169 1435 279 1470 maciae
304 1433 467 1472 praemium
487 1431 548 1463 effe
563 1454 573 1470 ,
605 1439 690 1468 rem,
720 1428 884 1461 restituere
903 1427 1012 1468 juss'am
1031 1451 1040 1466 ,

171 1485 237 1509 non
261 1474 433 1506 restituere.
479 1472 592 1514 Vergit
618 1480 694 1503 tunc
717 1478 753 1502 ea
780 1479 828 1501 res
844 1469 882 1501 acl
897 1469 1042 1510 vigorem

172 1515 359 1556 Disciplinae
385 1514 539 1556 publicae,
571 1522 671 1554 neque
693 1519 755 1543 tam
773 1511 896 1552 privata
910 1510 1042 1551 amplius

173 1556 264 1589 causa
279 1554 343 1595 est,
364 1565 456 1597 quam
473 1555 620 1596 publica;
653 1554 682 1585 ἀ
696 1553 735 1584 de
751 1553 875 1594 privata
889 1552 1043 1583 duntaxat

170 1598 218 1632 cst
240 1600 270 1630 d.
295 1599 316 1630 l.
335 1606 361 1630 1.
384 1596 538 1630 militibus
554 1595 763 1634 interdicens,
787 1593 873 1636 quod
887 1593 1042 1636 apparito-

790 1693 1150 1729 CAPUT

579 1784 750 1821 Sententia
782 1781 823 1816 L.
849 1791 907 1826 40.
941 1780 1050 1828 princ.

263 1900 336 1923 uum
355 1890 408 1932 qui
425 1890 462 1921 ad
481 1898 607 1920 manum
625 1887 715 1926 sunt,
742 1895 806 1918 non
821 1885 903 1917 reue
914 1884 1041 1916 videan-

286 1941 336 1964 tur
351 1930 519 1972 explicasse
545 1929 632 1960 Pauli
661 1928 768 1960 locum
785 1937 825 1958 ex
841 1926 988 1967 Alpheno
1011 1926 1043 1956 in

283 1974 300 2004 l.
322 1985 373 2014 40.
396 1974 496 2012 princ.
517 1971 555 2012 ff.
580 1974 615 2002 de
638 1971 739 2001 contr.
760 1975 848 2008 empt.
870 1967 1041 2005 videamus,

175 2028 213 2049 an
231 2016 345 2048 reffius
364 2015 430 2055 ejus
444 2013 597 2045 sententia
612 2011 704 2053 poffit
720 2010 880 2042 constitui.
926 2008 978 2040 Sic
992 2017 1043 2039 au-

177 2067 241 2090 tem
258 2057 343 2089 infit:
371 2056 577 2101 Qcifundznn
593 2055 800 2089 verzdehai‚in
817 2053 878 2092 lege
897 2051 941 2080 ita
960 2052 1044 2080 dixe·

175 2106 226 2132 rat
242 2123 250 2135 ,
274 2108 321 2130 UT
341 2107 482 2129 EMPTOR
499 2105 537 2127 IN
553 2104 675 2127 DIEuUs
693 2101 866 2125 TRIGINTA
882 2100 1045 2123 rRoxIMis

177 2149 328 2173 FUNDUM
346 2147 553 2170 METmETUR
567 2160 575 2175 ‚
603 2145 647 2167 ΕΤ
663 2144 708 2167 DE
726 2144 826 2166 MODO
848 2140 1044 2164 RENUNTIA-

178 2191 247 2214 RET
260 2205 269 2221 ,
303 2190 348 2211 ET
372 2190 400 2211 s1
423 2188 517 2211 ANTE
536 2186 610 2208 EAM
631 2186 721 2208 DIEM
740 2185 813 2207 NON
829 2181 1042 2206 RENUN‘riAs-

177 2232 255 2261 SET,
281 2221 327 2253 'UT
344 2229 556 2252 VENoiToius
574 2227 672 2249 FIDEs
690 2225 822 2248 SOLUTA
841 2224 949 2247 ESSET.
990 2213 1045 2244 Ait

177 2267 211 2296 in
231 2265 331 2296 diebus
358 2261 471 2295 XXX.
504 2260 538 2291 Id
565 2258 610 2290 est
631 2266 796 2298 antequam
828 2255 941 2289 XXX.
981 2254 1046 2285 dies

178 2305 377 2342 transierint,
411 2303 454 2334 ita
480 2310 515 2333 ut
539 2300 654 2331 ultimo
678 2299 728 2330 die
746 2299 900 2329 minorem
919 2296 1047 2327 modum

177 2346 288 2378 dixisse
305 2345 456 2383 sufficiat,
480 2342 662 2382 neutiquam
679 2349 757 2370 vero
773 2338 843 2380 post
856 2339 937 2369 diem
956 2337 1048 2377 trige-

176 2388 286 2421 simum
300 2411 309 2425 ‚
334 2395 369 2417 ut
383 2395 459 2416 mox
477 2383 624 2425 sequitur.
671 2381 777 2421 Atque
793 2381 836 2411 ita
853 2382 884 2410 in
899 2389 989 2410 annos
1001 2383 1047 2408 ile-

179 2440 259 2465 cem.
283 2427 368 2469 quod
384 2425 474 2458 estin
499 2426 520 2456 l.
537 2434 586 2463 49.
604 2423 644 2464 ff.
669 2425 702 2453 de
727 2423 816 2453 Concl.
840 2419 1047 2460 &demusin

178 2472 370 2511 interpretor
394 2468 432 2499 de
452 2474 642 2508 quocunque
666 2472 728 2495 tem
753 2473 808 2494 ore
823 2462 984 2501 decennii,
1010 2461 1050 2493 sie

180 2519 217 2543 ut
233 2509 400 2542 novissimo
425 2509 475 2540 die
502 2508 639 2548 legatum
659 2515 722 2546 prae
751 2505 794 2536 ari
812 2504 915 2546 poffit.
961 2504 1050 2548 Quo-

181 2552 279 2584 modo
298 2551 327 2582 &
343 2550 487 2582 Scaevola
504 2547 659 2580 libertatis
676 2547 780 2578 dilatae
799 2546 942 2577 meminit
955 2547 984 2574 in
998 2555 1050 2574 sin·

181 2604 233 2625 nos
250 2593 310 2624 otio
331 2593 420 2631 l.41.
444 2591 472 2631 §.
498 2599 544 2629 ¹5·
571 2590 612 2631 ff.
644 2590 679 2619 de
707 2588 818 2620 Fideic.
840 2588 937 2618 libert.
963 2594 1048 2616 utro-

182 2636 279 2675 bique
295 2635 326 2664 in
339 2642 431 2663 annos
448 2632 564 2663 dicitur
581 2639 639 2672 pro
654 2631 685 2660 in
703 2631 791 2661 amn‘s
808 2631 903 2660 decem
920 2628 1048 2658 voiono.

183 2676 298 2717 Neque
314 2675 416 2713 enim,
441 2673 482 2704 ob
499 2673 727 2710 mutationem,
744 2671 865 2712 placet,
884 2669 968 2710 quOd
986 2668 1048 2699 Ha-

183 2717 312 2750 loander
327 2716 358 2747 in
388 2718 416 2746 d.
444 2715 454 2745 l
483 2723 534 2752 49.
558 2723 615 2754 pro
636 2715 668 2744 in
690 2713 773 2753 legat
788 2714 892 2748 intra,
915 2719 985 2741 nam
1004 2711 1049 2740 in-

184 2766 236 2790 tra
255 2760 318 2788 dies
333 2764 450 2788 centnm
465 2756 566 2794 dicas,
591 2764 628 2786 an
648 2756 680 2785 in
694 2755 795 2785 diebus
814 2759 951 2789 centum,
972 2750 1051 2781 nihil

185 2798 331 2832 interesse
363 2796 482 2839 scripsit
514 2795 668 2837 Ulpianus
700 2796 731 2826 in
755 2795 775 2825 l.
796 2804 822 2826 ι.
852 2794 879 2835 §.
904 2802 934 2830 9.
954 2792 994 2834 ff.
1018 2794 1052 2823 [ie

186 2839 313 2881 Succeff.
334 2840 438 2871 Eaiet.
468 2837 548 2869 unde
565 2847 640 2868 mox
658 2835 722 2878 ipsc
740 2836 771 2867 in
796 2835 823 2877 §.
846 2845 891 2867 10.
917 2835 946 2864 d.
976 2835 996 2864 l.
1025 2843 1051 2865 1.

185 2882 268 2914 dixit
290 2884 323 2913 in
346 2883 447 2914 diebus
466 2878 596 2920 statutis
617 2888 676 2920 pro
709 2880 794 2909 inira
821 2879 882 2908 dies
905 2875 1049 2916 statutos.

184 2920 282 2955 Recte
304 2923 397 2955 etiam
422 2923 452 2954 se
478 2922 522 2953 ita
540 2920 633 2952 habet
654 2919 899 2961 Jurisprudentia
915 2916 993 2949 Celsi
1020 2917 1051 2948 in

185 2966 214 2995 d.
238 2966 258 2994 l.
280 2973 332 3003 49.
362 2965 435 3005 quia
463 2965 495 2994 in
518 2972 608 2993 annos
631 2965 726 2993 decem
753 2960 831 2991 liber
854 2959 916 2990 effe
936 2957 1049 2998 jnss‘us,

185 3006 263 3036 licet
286 3014 474 3046 quocunque
495 3004 637 3035 decennii
670 3010 811 3049 tempore
831 3010 869 3032 ex
885 3000 1052 3031 voluntate

185 3045 315 3078 hcm-edis
328 3046 406 3077 liber
420 3045 481 3076 esl'e
501 3045 609 3086 possit,
634 3043 800 3076 novisiimo
819 3050 922 3073 tamen
939 3041 1049 3071 decen-

187 3085 230 3130 nii
248 3086 298 3116 die
316 3087 393 3118 liber
407 3087 468 3118 esse
482 3086 593 3125 debet,
619 3086 649 3117 &
668 3085 731 3116 hoc
749 3083 810 3123 cst,
837 3082 921 3124 quod
943 3080 1052 3113 Celsus

187 3133 251 3164 ait,
276 3126 423 3168 novzffimo
447 3130 492 3158 die
517 3129 649 3167 legatum
677 3127 804 3163 deberi,
832 3124 1053 3159 &libertatem

187 3167 346 3206 obtingere.
390 3168 509 3200 Contra
528 3167 665 3208 disputat
681 3167 827 3207 Cujacius
843 3166 879 3197 ad
898 3165 956 3196 Tic.
973 3163 1049 3204 Just.

447 110 849 148 CORNELII
900 120 1006 145 van
1054 105 1658 145 BYNKERSHOEK

1068 198 1137 219 rum
1152 187 1215 227 est,
1240 195 1276 218 ut
1294 187 1395 218 turbae
1410 186 1589 225 evitentur,
1609 185 1689 217 ordo
1706 184 1940 227 exsequutionis

1069 229 1229 268 servetur,
1252 229 1443 269 judiciorum
1460 227 1595 267 denique
1610 226 1778 258 auctoritas
1795 237 1857 259 non
1875 239 1939 270 per-

1069 278 1211 302 vertatur
1228 294 1239 309 ‚
1280 269 1328 301 sed
1359 269 1576 300 confirmetur.
1621 267 1781 300 Caeterum
1810 270 1940 303 militare

1071 313 1223 343 auxilium
1239 310 1429 349 succeffisl'e,
1451 309 1503 341 ubi
1519 312 1669 350 apparitio
1685 310 1788 341 civilis
1801 320 1865 341 non
1884 310 1941 344 suf*—

1980 0 1994 51 l

1975 55 1994 115 vl

1991 118 1993 164 τ

1983 187 1987 200 l

1978 203 2004 248 fi.

1071 353 1218 392 ficiebat,
1244 351 1355 384 illustri
1373 351 1521 392 exemplo
1537 351 1650 392 probat
1674 353 1704 382 d.
1741 351 1762 382 l.
1785 360 1833 384 10.
1858 352 1888 383 C.
1908 355 1942 387 de
1987 368 1990 376 Δ

1072 394 1172 435 Episc.
1195 394 1231 428 εξ
1254 395 1329 425 ezer.
1940 423 1943 426 Α

1114 435 1174 467 Sed
1183 445 1227 481 ⁴ea
1246 445 1309 467 non
1326 434 1516 476 proponitur
1532 444 1595 467 non
1614 434 1862 476 obtemperantis
1870 446 1942 470 con-

1073 485 1209 508 tumama
1234 477 1265 508 in
1286 478 1313 508 h.
1337 477 1356 506 l.
1376 480 1430 509 68.
1450 484 1485 507 ut
1508 476 1663 508 militibus
1692 477 1867 508 coercenda
1883 478 1944 519 fit;

1072 519 1169 559 igitur
1188 519 1402 559 apparitorum
1427 516 1457 547 &
1478 518 1660 548 officialium
1683 517 1743 548 erit
1757 539 1768 555 ,
1791 517 1945 558 possessio-

1074 569 1146 590 nem
1165 558 1331 590 transferre
1344 582 1353 597 ,
1380 558 1409 589 ὅ(
1429 557 1469 589 fic
1489 558 1532 590 est
1543 582 1554 597 ,
1579 559 1599 590 si
1624 558 1707 589 recte
1725 558 1946 600 interpretatus

1075 600 1129 646 sim
1151 600 1245 646 verba
1263 599 1344 639 JCti.
1390 599 1506 631 Eadem
1533 609 1657 641 quoque
1682 599 1807 640 Ulpiani
1827 599 1945 634 senten-

1077 649 1121 672 tia
1137 648 1224 686 crit,
1243 641 1263 672 fi
1284 641 1327 672 ita
1345 641 1428 681 legas
1442 641 1495 672 vel
1513 641 1730 682 intel-pungas:
1755 651 1867 681 manu,
1891 645 1946 675 mi-

1078 683 1163 713 litari
1179 682 1270 722 officio
1290 683 1423 724 judicis.
1461 682 1521 713 Vel
1537 683 1596 714 ita:
1622 692 1711 714 manu
1734 683 1881 715 militaris
1902 685 1946 725 of-

1073 723 1142 764 ficii
1152 725 1279 765 judicis.
1307 723 1435 755 Mutata
1448 723 1619 763 pandione
1638 722 1783 764 dixisset,
1807 735 1871 757 non
1886 724 1948 758 suf-

1078 765 1173 797 ficere
1196 764 1309 805 jussum
1325 787 1334 803 ,
1367 772 1401 795 ut
1421 773 1470 795 res
1487 763 1684 804 restituatur,
1709 764 1761 796 sed
1776 766 1818 798 ob
1835 775 1947 800 contu-

1078 807 1211 837 maciam
1238 815 1305 837 rem
1329 805 1390 836 ess'e
1415 803 1614 837 auferendam
1641 816 1731 838 manu
1746 830 1756 845 ‚
1779 808 1810 839 id
1827 809 1890 848 est,
1915 818 1950 840 re

1080 846 1143 888 ipsa
1162 848 1191 878 ὃς
1206 846 1311 885 fatto,
1335 847 1363 878 ὅ(
1386 845 1427 878 fic
1451 857 1542 877 manu
1560 848 1701 879 occurrit
1718 848 1750 880 in
1774 849 1794 879 l.
1818 859 1848 881 2.
1870 849 1899 891 §.
1921 859 1948 882 1.

1076 889 1112 930 ff.
1137 892 1170 920 de
1195 889 1235 920 O.
1254 888 1290 929 J.
1319 888 1349 920 &
1364 888 1444 929 apud
1466 887 1682 920 Cassiodorum
1707 889 1743 919 L.
1766 889 1823 922 IV.
1847 890 1950 932 Epist.

1085 941 1133 963 10.
1178 930 1240 962 Pro
1271 929 1500 970 apparitoribus
1533 938 1638 960 autem
1663 929 1790 962 dixisset
1816 933 1950 966 militare

1081 971 1206 1013 officium
1224 972 1340 1013 judicis
1357 994 1366 1007 ,
1397 970 1656 1011 quemadmodum
1681 971 1740 1003 hos
1771 971 1855 1013 ipsos
1879 973 1951 1006 Ale-

1081 1014 1217 1051 xander,
1242 1012 1367 1054 Ulpiani
1385 1013 1530 1052 aequalis,
1563 1014 1696 1044 ''nisi-'care
1713 1011 1840 1054 officium
1854 1023 1951 1048 vocat

1082 1056 1114 1087 in
1138 1056 1158 1086 l.
1181 1065 1210 1086 2.
1234 1055 1315 1086 CfSi
1330 1064 1423 1084 manc.
1445 1057 1490 1084 ita
1507 1064 1574 1084 ven.
1593 1064 1628 1084 ne
1644 1056 1737 1096 prost-
1782 1054 1837 1087 Ait
1847 1063 1951 1088 autem

1083 1097 1231 1133 militari,
1255 1095 1412 1141 velhquia,
1438 1105 1510 1126 cum
1528 1105 1574 1127 res
1592 1095 1673 1135 fert,
1700 1096 1793 1128 armis
1810 1097 1951 1130 instructi

1083 1138 1173 1177 sunt,
1199 1138 1251 1169 vel
1267 1146 1338 1183 qma
1355 1135 1435 1177 apud
1445 1136 1617 1168 Praetorem
1636 1138 1791 1176 militant3
1815 1139 1910 1170 alicui
1922 1148 1951 1170 e·
1973 1168 1976 1170 ,

1083 1180 1147 1211 nim
1156 1178 1358 1221 praestoesse,
1370 1177 1399 1208 id
1416 1186 1542 1219 quoque
1560 1180 1693 1210 militare
1714 1178 1767 1211 cst.
1793 1179 1954 1221 Atqueita

1082 1230 1131 1252 res
1147 1219 1313 1252 auferenda
1334 1218 1412 1257 erit,
1437 1228 1501 1250 non
1525 1221 1647 1260 privata
1670 1219 1876 1260 auctoritate,
1902 1219 1954 1252 sed

1083 1262 1225 1303 publica,
1258 1270 1312 1301 per
1335 1259 1472 1299 judicem
1525 1263 1545 1292 ί.
1571 1266 1621 1295 80.
1645 1262 1673 1292 h.
1691 1261 1725 1292 Τ.
1763 1270 1803 1293 ex
1830 1262 1956 1293 ratione

1085 1305 1104 1335 t.
1126 1308 1193 1344 176.
1210 1302 1249 1344 ff.
1278 1304 1312 1332 cle
1334 1301 1373 1332 R.
1398 1301 1434 1341 J.
1459 1300 1530 1334 sunt
1548 1303 1632 1334 enim
1652 1302 1721 1335 haec
1738 1303 1768 1329 πὶ
1785 1307 1830 1331 τῶ
1845 1303 1954 1340 ’inexh-

1084 1358 1145 1383 συν,
1170 1352 1206 1376 ut
1222 1342 1329 1375 Graeci
1352 1342 1529 1388 appellant,
1562 1354 1632 1385 quae
1648 1353 1751 1375 tamen
1768 1352 1824 1385 per
1837 1343 1953 1375 officia-

1084 1387 1129 1418 les
1155 1385 1226 1418 suos
1250 1384 1398 1426 expedire
1420 1382 1501 1415 solet
1521 1383 1734 1426 Magistratus.
1781 1385 1826 1416 Ut
1848 1391 1954 1416 autem

1080 1427 1165 1469 pvffic
1191 1428 1225 1459 in
1252 1429 1282 1458 d.
1305 1427 1324 1458 l.
1348 1430 1418 1466 176.
1439 1424 1484 1456 est
1509 1436 1569 1468 pro
1590 1428 1712 1461 debeat.
1741 1426 1783 1458 sic
1805 1426 1835 1457 &
1857 1425 1890 1458 in
1922 1426 1952 1458 b.

1085 1472 1104 1501 t.
1122 1473 1171 1504 68.
1191 1467 1267 1510 poffe
1288 1477 1345 1510 pro
1366 1468 1477 1499 debere.
1501 1468 1561 1499 alia
1585 1467 1729 1509 exempla
1750 1467 1866 1508 ubique
1883 1465 1955 1500 sunt

1085 1511 1189 1543 obvia.
1237 1510 1423 1547 Caeterum,
1454 1518 1552 1550 quum
1577 1509 1797 1551 interpretatio
1814 1529 1826 1546 ,
1862 1516 1954 1549 quam

1085 1552 1174 1591 dedi,
1201 1550 1351 1590 sufficiat,
1376 1550 1476 1582 nolim
1493 1551 1637 1592 cuiquam
1656 1548 1842 1583 mutationis
1858 1572 1871 1589 ‚
1901 1548 1956 1582 vel

1089 1594 1242 1632 tantillae‚
1266 1592 1328 1625 effe
1344 1592 1461 1625 auetor.

1248 1693 1343 1729 XV.

1090 1779 1129 1815 ff.
1173 1779 1217 1816 de
1243 1778 1409 1816 Contrah.
1435 1788 1543 1826 empt.

1087 1882 1139 1915 sed
1163 1893 1324 1925 perperam
1344 1894 1353 1922 3
1386 1892 1457 1915 curn
1487 1882 1613 1915 libertas
1636 1884 1677 1916 ibi
1692 1882 1790 1916 fuerit
1803 1894 1901 1926 pura,
1924 1884 1956 1916 δε

1086 1925 1158 1956 data
1171 1935 1187 1957 a
1205 1924 1351 1956 testatore
1375 1924 1508 1966 praesens
1524 1948 1533 1963 ,
1564 1934 1597 1955 at
1617 1926 1648 1957 in
1669 1928 1697 1956 d.
1722 1927 1741 1956 l.
1758 1935 1809 1965 49.
1832 1925 1870 1956 ab
1897 1934 1955 1956 vo-

1088 1967 1209 1998 luntate
1233 1966 1363 1998 haercdiS
1385 1965 1547 2006 suspensa:
1574 1976 1632 2007 qua
1652 1966 1775 2008 specie,
1800 1974 1835 1998 ut
1852 1966 1956 2007 primo

1087 2007 1138 2038 die
1152 2007 1257 2039 servus
1281 2008 1359 2039 liber
1377 2007 1438 2039 csse
1453 2008 1554 2048 potest
1566 2031 1577 2047 ,
1611 2008 1670 2048 fic,
1695 2016 1730 2040 ut
1747 2008 1809 2040 effe
1825 2007 1956 2046 debeat,

1087 2048 1185 2080 haeres
1203 2049 1274 2089 cogi
1295 2049 1414 2090 nequit.

1129 2090 1188 2122 Sed
1205 2090 1241 2120 ad
1256 2099 1330 2121 rem.
1377 2089 1547 2121 Prudentes
1563 2088 1683 2122 scilicet
1691 2100 1794 2122 rerum
1810 2089 1956 2121 vendito-

1088 2142 1136 2163 res
1153 2132 1196 2162 ita
1212 2130 1326 2171 pacisci
1344 2130 1503 2170 solebant,
1536 2132 1795 2171 quemadmodum
1815 2131 1868 2163 hic
1883 2139 1955 2172 pro-

1087 2173 1179 2215 ponit
1195 2182 1235 2203 ex
1253 2172 1400 2212 Alpheno
1417 2172 1548 2210 Paulus3
1572 2172 1723 2212 ejusmodi
1749 2172 1852 2213 pactio
1867 2171 1912 2203 est
1926 2171 1959 2203 &

1089 2214 1170 2255 apud
1188 2213 1344 2245 Catonem
1363 2216 1396 2243 de
1414 2213 1452 2244 R.
1474 2213 1513 2244 R.
1535 2214 1606 2254 Cap.
1636 2218 1703 2252 148.
1734 2214 1764 2245 &
1781 2213 1823 2245 fic
1840 2221 1957 2244 conve-

1090 2255 1166 2287 nisse
1185 2254 1284 2285 videri
1299 2254 1403 2295 potest
1420 2255 1450 2286 in
1467 2253 1586 2295 specie,
1612 2265 1704 2296 quam
1719 2254 1915 2295 Pomponius
1927 2252 1959 2284 &

1092 2296 1245 2337 Ulpianus
1262 2296 1394 2327 tractant
1414 2296 1445 2327 in
1470 2298 1480 2325 l
1516 2306 1547 2335 5.
1575 2303 1624 2336 pr.
1647 2297 1688 2337 ff.
1719 2296 1752 2327 Si
1775 2297 1864 2334 mens.
1879 2293 1959 2334 fals.

1092 2340 1166 2384 nevil.
1190 2339 1256 2368 dix.
1299 2336 1375 2368 Hoc
1406 2338 1498 2378 pauo
1518 2348 1525 2368 :
1557 2338 1737 2379 placuerat,
1761 2337 1961 2368 venditorem

1095 2387 1176 2410 intra
1191 2386 1312 2409 certum
1328 2386 1450 2419 tempus
1467 2378 1557 2410 fundi
1574 2378 1701 2410 modum
1719 2377 1960 2418 adfignaturum‚

1094 2419 1263 2461 adsignavit
1288 2418 1462 2451 mensorem
1483 2443 1492 2458 ,
1529 2420 1580 2460 qui
1604 2419 1736 2450 fundum
1758 2417 1893 2459 emptori
1909 2417 1960 2449 ad-

1092 2463 1275 2499 metiretur,
1300 2469 1424 2501 emptor
1441 2461 1611 2501 compellat
1623 2459 1816 2498 mensorem,
1834 2458 1962 2490 illenon

1092 2503 1222 2535 metitur
1240 2526 1249 2541 ,
1280 2511 1338 2533 nce
1363 2501 1489 2532 modum
1513 2501 1671 2532 renuntiat
1690 2501 1771 2532 intra
1787 2499 1866 2532 illud
1883 2507 1961 2531 tem-

1092 2554 1168 2586 pus,
1192 2542 1276 2583 quod
1290 2543 1390 2574 effluit
1408 2542 1543 2573 interca:
1566 2551 1606 2573 ex
1655 2542 1724 2573 atto
1744 2549 1906 2573 convento
1926 2541 1962 2572 li-

1094 2590 1214 2617 beratus
1232 2583 1273 2623 est
1294 2583 1450 2615 venditor.
1497 2583 1583 2623 Ergo
1607 2593 1623 2614 a
1661 2581 1835 2614 mensorem
1852 2582 1960 2614 decur-

1093 2628 1136 2659 rit
1157 2632 1298 2666 emptor,
1322 2625 1375 2666 qui
1400 2624 1476 2655 dolo
1502 2625 1599 2655 traxit
1622 2624 1906 2662 renuntiationem,
1931 2622 1962 2655 &

1094 2669 1158 2709 agit
1177 2667 1214 2698 de
1233 2666 1329 2704 dolo,
1362 2674 1425 2696 non
1458 2675 1497 2696 ex
1522 2665 1634 2697 Edicto
1652 2689 1662 2705 ,
1696 2665 1768 2706 quia
1790 2664 1821 2696 id
1845 2673 1961 2706 propo-

1094 2710 1185 2742 situm
1207 2707 1251 2739 est
1268 2707 1306 2738 de
1322 2717 1381 2746 ρο,
1407 2707 1458 2747 qui
1475 2705 1586 2738 falsum
1609 2706 1736 2738 modum
1755 2705 1961 2744 renuntiavit,

1093 2761 1157 2782 non
1173 2750 1211 2780 de
1224 2759 1282 2787 co,
1307 2749 1358 2789 qui
1378 2748 1470 2789 plane
1486 2757 1549 2779 non
1567 2747 1768 2779 renuntiavit.
1814 2745 1905 2778 Fecit
1923 2745 1960 2777 il-

1094 2793 1141 2830 le,
1155 2799 1190 2822 ut
1209 2790 1357 2821 venditor
1376 2792 1538 2826 liberetur,
1561 2790 1632 2829 quia
1649 2786 1822 2820 mensorem
1839 2795 1961 2829 empto-

1094 2834 1118 2864 ri
1137 2831 1306 2871 adsiqnavit
1322 2855 1331 2869 ‚
1365 2830 1428 2871 ipse
1453 2831 1535 2862 enim
1554 2839 1608 2871 per
1625 2829 1655 2861 se
1671 2827 1832 2861 mensurus
1849 2837 1913 2860 non
1929 2837 1960 2860 e-

1095 2883 1152 2906 rat.
1234 2882 1269 2902 ac
1294 2872 1416 2903 ratione
1439 2871 1562 2903 defendi
1590 2871 1690 2912 poll'ct
1712 2870 1895 2902 Florentina
1918 2870 1962 2902 le-

1095 2916 1159 2946 Ctio
1180 2916 1209 2944 d.
1231 2914 1251 2943 ἰ.
1270 2922 1300 2952 5.
1324 2922 1509 2954 quamquam
1527 2912 1545 2944 si
1565 2922 1622 2953 pro
1647 2914 1791 2944 liberetur
1806 2912 1962 2953 legeretur

1096 2958 1272 2993 lederetur,
1296 2962 1330 2986 ut
1352 2954 1427 2994 legit
1452 2953 1521 2995 post
1535 2954 1748 2986 Zoannettum
1763 2951 1961 2993 CujaciusL.

1095 2997 1166 3029 Vll.
1201 2997 1330 3036 Observ.
1363 2997 1394 3026 C.
1411 3007 1464 3035 ,⁹35-
1492 2996 1647 3036 legeretur
1672 3004 1735 3026 non
1755 2994 1836 3025 male
1852 3017 1862 3033 ,
1902 3001 1962 3025 nec

1096 3047 1233 3076 temere;
1268 3047 1338 3068 cum
1351 3060 1360 3075 ‚
1392 3038 1486 3068 etiam
1513 3044 1644 3068 notante
1661 3035 1826 3067 Charonda
1844 3058 1854 3074 ,
1872 3033 1961 3068 Libri

1098 3080 1191 3111 MSS.
1217 3079 1293 3117 sint,
1320 3078 1348 3109 in
1366 3078 1478 3119 quibus
1495 3078 1539 3108 est
1558 3080 1726 3109 [cederetur.
1745 3094 1746 3097 =
1956 3110 1960 3113 7

1137 3121 1210 3153 Post
1228 3120 1328 3160 legem
1348 3119 1541 3150 venditionis
1556 3119 1706 3160 proponit
1727 3119 1755 3150 h.
1778 3118 1798 3149 l.
1821 3127 1872 3157 40.
1896 3126 1959 3150 em·

1095 3172 1219 3203 ptorem
1238 3161 1317 3191 intra
1334 3160 1416 3191 diem
1439 3159 1589 3192 mens'urae
1609 3158 1796 3191 renuntiasse
1818 3158 1959 3197 modum,

186 3209 220 3240 de
242 3206 286 3240 V.
303 3208 342 3239 O.
371 3217 410 3239 ex
437 3210 522 3250 b.41.
546 3208 573 3250 §.
597 3219 623 3241 2.
642 3209 691 3249 ff.
721 3213 755 3241 ae
767 3207 906 3240 Manum.
933 3205 1047 3247 tellum.
1091 3214 1155 3246 quo
1172 3204 1327 3236 minorem
1342 3200 1402 3232 effe
1417 3201 1567 3241 credidit,
1600 3209 1721 3244 proque
1739 3210 1778 3232 co
1796 3200 1959 3241 pecuniam
