2008 3436
20 2684 24 2693 s
41 2667 108 2691 ram
133 2653 364 2688 liberalitatem.-

257 113 821 172 QUAEST.JUR18
870 114 1225 158 PRlVAT1‚
1277 115 1589 157 LIB.Il.C.V[l.

18 228 20 231 ,
46 199 133 239 effe,
149 198 178 231 δι
199 210 238 232 eo
253 199 389 233 deducio
406 200 531 234 demum
549 196 715 230 ineundam
735 194 796 226 effe
813 194 907 227 ratio-

45 251 114 274 nem
139 243 295 281 portionis
323 243 480 284 legitimae.
536 239 596 274 Sed
621 247 726 271 tamen
751 236 843 283 habet
871 247 907 269 ca

45 285 198 321 sententia
217 284 437 317 difficultatem
454 307 465 323 ,
485 291 572 316 certe
602 280 691 326 sunt,
721 288 793 320 quae
818 288 850 310 in
872 289 905 310 u-

45 335 185 367 tramque
203 334 322 366 partem
345 327 407 359 dici
435 325 582 368 possunt,
607 323 637 354 &
653 321 718 353 dici
734 329 903 354 merentur.

42 370 75 402 Si
100 377 164 400 non
187 367 406 400 deducendum
431 375 520 410 putes
546 364 717 403 Doarium,
741 371 811 394 ante
827 372 903 404 nup-

42 412 100 443 tias
123 407 304 450 promiss'um
319 432 328 449 ‚
353 418 463 452 urgere
490 415 599 450 poteS,
623 404 778 437 Doarium
791 427 802 443 ,
826 414 903 445 quo-

41 451 264 491 modocunque
281 451 487 484 constitutum
498 447 598 488 ‚nihil
616 446 700 479 aliud
715 446 794 486 ell‘e,
813 456 905 488 quam

41 493 285 533 liberalitatem,
307 502 398 535 quam
426 490 551 531 Coniux
574 488 712 530 conjugi
737 487 807 530 post
823 498 905 519 nior-

41 544 106 568 tem
121 534 204 566 suain
222 534 358 575 praestari
376 534 466 573 vult,
491 533 529 564 ad
551 531 732 571 exemplum
756 529 824 562 fere
849 530 904 560 do-

39 577 179 609 nationis
197 577 308 608 mortis
326 573 436 614 eausa,
459 573 581 606 mavult
609 573 693 604 enim
711 572 860 616 Conjux2
882 570 904 603 fi

39 620 104 661 ipl'e
128 617 279 660 superstes
302 617 357 656 sit,
379 617 436 649 fibi
458 616 609 654 retinere,
632 613 717 661 quod
734 614 765 645 in
782 614 905 644 caulam

39 663 152 698 Doarii
167 659 350 702 promiffum
367 657 431 698 est,
453 667 546 699 quam
562 657 774 701 tranlmittere
789 655 826 685 ad
845 654 905 700 liae-

37 705 126 739 redes
152 700 359 744 praedefuncti
388 699 542 741 Conjugis
564 721 575 738 ,
600 698 630 731 &
657 699 761 728 rurlus
785 695 902 741 ConJu-

37 756 108 789 gem
133 743 331 786 superstitem
362 742 472 774 habere
489 763 498 781 ,
532 749 624 813 qluam
650 738 788 770 haeredes
813 738 905 775 suos,

37 797 111 820 cum
128 786 265 817 maxime
282 783 304 816 sl
321 784 435 816 liberos
457 793 520 815 non
570 782 679 820 abeat,
704 789 774 826 nam
797 788 837 810 eo
856 776 903 824 fe-

37 839 72 862 re
95 826 167 860 casu
193 826 312 858 Doaria
339 827 592 867 promittuntur,
616 831 759 864 quamvis
781 820 812 852 &
836 829 901 866 eiti-

38 870 191 904 stentibus
217 868 324 899 liberis
351 866 486 909 stipulari
513 865 593 897 nihil
617 871 728 909 vetet..
762 863 835 908 Sic,
856 870 902 892 in·

36 913 144 960 quies,
167 908 322 941 Doarium
338 908 457 950 semper
478 906 524 939 est
540 907 570 939 δε
586 913 690 937 manet
709 903 897 941 liberalitas,

35 958 101 988 live
118 960 227 985 mutua
243 952 273 984 δε
289 951 452 992 reciproca
471 949 508 981 sit
520 971 531 988 ‚
555 947 619 981 five
642 946 681 979 ab
697 955 756 977 una
775 952 898 990 tantum

35 1004 124 1038 parte
148 992 391 1034 proficiscatur,
415 999 555 1024 mutuam
575 989 658 1020 enim
687 985 898 1023 constituere,

35 1038 88 1068 vel
116 1045 179 1068 non
206 1033 418 1072 constituere,
442 1031 558 1074 pendet
579 1039 597 1062 a
619 1038 705 1061 mera
731 1027 900 1059 voluntate

35 1076 283 1121 paciscentium,
307 1075 458 1114 nulloque
476 1072 507 1104 id
521 1071 559 1104 fit
573 1070 642 1111 iure
657 1076 805 1114 cogente.
828 1065 900 1112 Nec

35 1121 139 1153 minus
164 1117 332 1148 liberalitas
356 1114 508 1146 censenda
532 1111 579 1144 est
595 1133 606 1150 ‚
635 1119 779 1156 quamvis
801 1107 900 1150 pac'tis

33 1158 300 1199 antenuptialibus
317 1155 547 1196 constituatur,
560 1153 684 1199 origine
698 1151 819 1184 scilicet
837 1149 899 1196 sua,

35 1211 146 1235 verum
174 1199 299 1239 quidem
322 1198 368 1231 est
385 1221 394 1238 ,
420 1198 440 1230 si
466 1195 632 1229 contr-astu
655 1201 699 1226 ita
722 1193 899 1234 placuerit,

34 1245 88 1283 id,
110 1241 196 1283 quod
215 1241 252 1272 ad
273 1240 451 1281 Conjugem
476 1235 694 1282 superstitem,
717 1242 827 1281 parere
844 1231 899 1263 ob-

35 1285 217 1328 ligationem
236 1284 266 1314 &
282 1283 454 1320 actionem,
480 1279 531 1311 sed
547 1278 628 1310 nibil
643 1277 681 1309 ad
703 1277 838 1321 llberos,
862 1274 901 1305 de

34 1335 169 1369 quorum
196 1324 337 1365 legitima
360 1323 411 1354 hic
435 1321 538 1363 agitur
559 1342 570 1358 ,
605 1319 717 1351 horum
745 1325 828 1363 enim
853 1324 900 1347 re-

33 1368 142 1412 spectu
168 1373 293 1403 manet,
319 1373 354 1396 ut
378 1364 416 1396 ab
443 1363 537 1394 initio
561 1359 646 1400 fuit,
671 1360 802 1391 donatio
830 1355 900 1398 post

34 1418 172 1444 mortem
195 1406 377 1448 praestanda,
422 1403 621 1436 Generaliter
644 1409 770 1443 quoque
793 1407 898 1439 recep-

34 1461 103 1486 tum
127 1449 173 1482 est
196 1457 395 1489 quaecunque
426 1446 464 1478 de
498 1443 741 1488 succellionibus
768 1448 901 1481 aguntur

34 1493 134 1537 pastis
159 1490 447 1531 antenuptialibus,
470 1487 507 1518 ad
525 1484 619 1518 instar
645 1484 764 1516 ultima:
787 1480 900 1513 volun-

17 1527 110 1570 ⁴tatis
126 1532 222 1573 redigi
237 1555 244 1569 ‚
272 1532 300 1563 ὅ(
324 1530 365 1563 sic
394 1530 424 1562 in
444 1529 591 1560 omnibus
616 1526 744 1564 haberi,
767 1530 904 1564 excepta

35 1575 233 1617 obligatione
260 1573 291 1605 ὃ(
314 1571 475 1614 praestandi
501 1568 693 1615 necestitate.
738 1566 793 1598 Sin
813 1565 903 1596 aliter

35 1619 138 1656 dicas,
163 1625 201 1647 an
219 1624 283 1646 non
299 1615 358 1645 erit
379 1615 410 1645 in
427 1610 585 1654 potestate
604 1609 805 1655 Conjugum,
826 1615 901 1653 con-

35 1659 155 1695 stitutis
174 1666 229 1697 per
257 1655 345 1698 paCRa
369 1653 540 1687 luculentis
569 1651 713 1689 Doariis,
739 1649 901 1695 haeredita-

36 1711 101 1736 tem
114 1697 281 1731 exhaurire
295 1721 304 1733 ‚
326 1698 357 1730 &
377 1694 478 1728 effuso
493 1703 601 1726 amore
616 1694 737 1734 integra
754 1698 901 1732 patrimo-

35 1745 88 1778 nia
106 1740 268 1774 effundere
288 1739 319 1771 in
344 1737 539 1778 superstitem
564 1734 768 1780 Conjugem‘g’
792 1731 836 1764 Et
860 1728 902 1777 sic

34 1785 208 1828 aperiemus
236 1781 359 1822 januam
396 1778 568 1820 legitimam
603 1775 796 1814 minuendi,
825 1781 902 1820 quin

35 1827 89 1859 vel
115 1832 217 1857 totam
241 1821 428 1854 absorbendi
445 1821 462 1852 ζ)
494 1819 593 1861 Atqui
623 1817 772 1864 constat,
806 1814 903 1847 etiarn

35 1867 222 1902 donationes
241 1864 323 1901 inter
349 1864 443 1894 vivos
461 1886 470 1901 ‚
508 1861 530 1894 fi
555 1857 822 1905 immodicaeqfint
837 1856 903 1903 ,βε

35 1912 71 1944 in
95 1906 313 1951 praejudicium
336 1904 484 1944 legitimae
513 1910 665 1944 vergant,
687 1909 721 1933 ut
744 1899 901 1931 lnofficlo·

20 1953 82 1987 ·sas
107 1947 259 1984 rescindi,
286 1947 350 1979 imo
379 1946 427 1982 &‚
451 1944 559 1976 eadem
583 1944 724 1981 ratione,
747 1939 827 1982 ipsas
848 1938 903 1970 do-

37 2003 106 2031 tes,
129 1996 195 2038 toti.
222 1987 295 2020 Tire.
323 1988 354 2020 C.
380 1988 413 2019 de
443 1984 552 2028 Inoffic.
577 1986 724 2018 [zonarion.
750 1984 781 2015 ἃ
802 1983 836 2014 de
855 1982 901 2012 in-

39 2033 249 2115 ffSeddvttiffod
274 2061 314 2105 de
337 2083 420 2107 mera
446 2073 636 2105 liberalitate
661 2058 903 2109 audio,'fateor

20 2110 22 2113 ¹
38 2119 185 2152 obtinere
198 2116 230 2147 in
247 2114 394 2155 Doariis‚
414 2124 484 2156 quae
502 2114 690 2146 testamento
706 2109 902 2144 constituun-

39 2171 108 2199 tur,
134 2157 186 2189 sed
211 2166 275 2189 non
300 2157 332 2189 in
358 2157 395 2190 iis
410 2180 420 2196 ,
443 2166 512 2197 quae
539 2164 612 2188 ante
640 2154 767 2196 nuptias
790 2160 902 2185 mutuo

37 2201 132 2244 pasto
155 2199 399 2240 promittuntur.
446 2198 497 2230 Ob
526 2207 564 2228 ea
587 2196 656 2228 fere
682 2196 802 2236 nuptiae
829 2203 903 2240 eon-

37 2243 222 2279 trahuntur,
247 2239 278 2270 &
301 2248 424 2271 tantum
448 2238 554 2276 abest,
580 2246 615 2270 ut
643 2236 707 2270 sola
734 2235 905 2269 liberalitas

39 2285 92 2318 hic
114 2281 228 2319 subsit,
261 2288 295 2313 ut
314 2279 382 2312 fere
406 2280 459 2311 vel
481 2280 620 2321 nuptiis,
646 2289 721 2320 quas
745 2277 815 2319 quis
841 2287 904 2309 am-

37 2327 106 2366 bit,
130 2324 184 2355 vel
200 2321 323 2354 Doario
348 2321 515 2354 carendum
535 2321 582 2353 fit.
627 2320 671 2352 Ut
696 2320 838 2352 virorum
861 2318 904 2351 sa-

39 2369 131 2410 gittae
153 2364 234 2403 saepe
251 2373 268 2395 a
283 2363 359 2395 dote
386 2363 518 2394 veniunt
531 2386 540 2400 ‚
563 2361 604 2395 fic
625 2362 655 2394 &
681 2361 849 2394 mulierum
866 2360 904 2391 ab

39 2409 151 2451 amplis
178 2405 316 2438 Doariis.
362 2404 407 2436 Ut
432 2413 546 2445 equum
569 2403 730 2434 obtineam
750 2425 760 2441 ,
792 2401 904 2433 licebit

39 2450 229 2495 promittere
245 2445 433 2487 pecuniam,
458 2444 529 2486 post
548 2453 684 2476 mortem
702 2442 903 2481 solvendam,

39 2494 104 2527 fine
119 2491 203 2527 ulla,
226 2487 311 2530 quod
335 2487 372 2518 ad
389 2486 562 2527 legitimam
574 2511 584 2525 ‚
608 2486 779 2518 liberorum
796 2493 905 2526 quere-

40 2535 95 2573 la,
119 2533 150 2564 &
177 2539 234 2562 cur
253 2539 318 2561 non
341 2528 468 2566 licebit,
493 2537 528 2559 ut
550 2527 710 2559 obtineam
743 2525 904 2557 uxorem?

40 2575 150 2608 Habet
164 2581 202 2603 ea
217 2580 266 2602 res
288 2568 410 2602 causam
437 2570 467 2601 Gt
495 2569 735 2601 aestimationern
756 2567 904 2607 pecunia-

39 2618 139 2654 riam,
162 2614 193 2646 &
207 2611 351 2649 falleris,
374 2610 395 2642 fi
417 2619 525 2652 putes,
547 2620 616 2642 eam
632 2609 768 2641 incidere
786 2609 817 2639 in
842 2617 906 2640 me-

418 2652 499 2685 Cum
516 2651 640 2684 Doario
662 2648 908 2691 compensantur

42 2697 184 2732 mulieris
207 2695 332 2735 elegans
355 2692 477 2733 forma,
501 2693 600 2726 molle
623 2692 803 2733 ingenium,
836 2689 907 2723 terfi

42 2749 168 2776 mores,
191 2736 275 2768 lauta
291 2734 371 2773 dos,
395 2735 424 2766 ὅ(
443 2735 563 2776 reliqua
587 2744 655 2775 quae
681 2733 779 2765 vitam
805 2731 908 2764 solent

42 2781 174 2815 reddere
197 2778 332 2808 beatam.
383 2776 489 2814 Sunt,
521 2776 574 2816 qui
607 2775 761 2807 Doarium
793 2773 909 2806 habent

41 2832 101 2866 pro
126 2820 195 2853 solo
213 2819 326 2855 lucro,
352 2817 381 2849 &
408 2817 479 2848 inde
504 2817 664 2856 efficiunt,
688 2817 782 2847 etiam
804 2825 843 2849 ex
868 2823 911 2846 eo·

0 2870 1 2898 i
45 2864 216 2905 legitimam
242 2858 369 2897 deberi,
393 2857 412 2898 (
428 2857 473 2904 ι)
504 2858 574 2890 sunt
589 2881 601 2897 ,
631 2859 685 2900 qui
710 2857 826 2889 habent
849 2864 912 2898 pro'

10 2980 26 2993 ⁴
45 2990 76 3022 Si
93 2985 221 3029 praecise
236 2983 421 3028 loquamur*³
443 2981 593 3027 quicquid
608 2980 762 3027 superstiti
778 2988 911 3022 promit-

45 2907 115 2940 solo
138 2912 200 2935 aere
228 2901 332 2932 alieno
348 2923 358 2938 ‚
392 2900 421 2930 ὅ(
450 2899 520 2931 inde
543 2899 720 2940 disputant,
743 2897 908 2930 detrahen-

45 2949 118 2980 dum
142 2943 223 2982 esse,
248 2950 417 2981 antequam
436 2940 518 2972 ratio
533 2941 687 2982 legitimae
705 2938 908 2985 ineatur(2·).

48 3032 128 3062 titur
154 3026 238 3057 ultra
263 3033 357 3065 quam
381 3032 448 3062 ejus
467 3023 614 3061 interest,
640 3031 765 3064 nuptias
785 3022 846 3054 effe
865 3021 911 3053 fa-

47 3072 128 3107 &as‚
147 3068 179 3099 in
199 3075 302 3097 veram
329 3064 534 3097 donationem
556 3064 721 3096 incideret.
764 3063 826 3096 Sed
848 3071 917 3106 tan-⁴

20 3100 120 3145 ”tum
135 3118 198 3141 non
217 3104 404 3149 impossibile
417 3103 462 3136 est
483 3105 516 3138 id
547 3105 720 3146 aestirnare‚
744 3112 810 3141 tam
829 3104 915 3151 varia

89 3212 150 3249 (1)
170 3211 261 3249 Confil.
285 3212 319 3241 B.
344 3210 377 3240 T.
399 3212 421 3239 1.
447 3208 539 3247 Θου-[Π.
559 3217 622 3246 134.

90 3250 266 3321 (ll-{ELCTls-il.
289 3251 326 3280 B.
350 3249 382 3280 T.
401 3251 439 3279 ll.
460 3247 552 3286 Confi).
575 3258 618 3285 14,

1741 109 1808 167 353

951 197 982 228 in
1006 195 1131 236 singulis
1157 194 1253 227 causis
1277 203 1471 236 occurrunt,
1496 209 1563 239 quse
1592 201 1622 231 in
1649 196 1809 241 utramque

950 246 1069 280 partein
1086 246 1217 268 movere
1233 236 1376 277 possent,
1396 239 1426 269 ἃ
1439 242 1509 269 idco
1523 240 1694 273 consultius
1714 244 1742 274 ἃ
1762 251 1807 272 tu-

950 280 1011 313 tius
1034 277 1079 310 est
1103 277 1181 310 stare
1208 277 1405 310 testimationi
1425 303 1434 317 ,
1459 289 1549 319 quam
1574 282 1627 320 ipli
1652 284 1809 323 Conjuges

949 320 1045 363 pactis
1068 320 1334 360 antenuptialibus
1359 320 1520 357 inserunt,
1551 329 1689 361 tantum,
1713 334 1807 364 quan—

949 372 1016 396 tum
1035 362 1248 402 promittunt,
1270 361 1323 393 sua
1345 361 1489 393 inter-elle
1511 362 1580 392 rati.
1627 363 1668 394 Et
1691 375 1722 395 rc
1747 365 1807 405 ipsa

948 404 1101 437 Doarium
1128 403 1272 434 haberem
1302 412 1360 443 pro
1383 413 1444 434 aere
1465 403 1587 440 aliene,
1610 406 1692 444 quod
1715 406 1808 437 dedu-

947 446 1082 477 cendum
1101 443 1177 475 ess'et
1193 453 1266 476 ante
1283 446 1553 485 computationem
1573 446 1733 486 legitimae.
1760 448 1809 478 At-

948 497 1009 528 que
1037 487 1093 518 liae
1123 485 1186 518 sola
1210 487 1331 518 ratione
1356 488 1458 526 probo
1478 509 1489 524 ‚
1515 488 1596 527 quod
1631 486 1810 527 responsum

947 529 992 561 est
1012 527 1110 570 (3),
1135 527 1287 560 Doarium
1305 528 1390 565 poll'e
1409 529 1498 570 capi,
1523 528 1578 560 etsi
1600 529 1644 560 ita
1669 530 1744 568 putri
1767 529 1809 560 le-

947 571 1057 612 gitima
1087 578 1149 601 non
1174 569 1250 601 eil'et
1278 569 1387 608 salva,
1420 580 1491 602 nam
1517 571 1576 602 alia
1599 570 1682 602 ratio
1698 594 1707 606 ‚
1740 579 1810 610 quae

948 613 991 645 ibi
1017 610 1169 649 additur,
1202 611 1382 651 parentibus
1410 611 1531 643 scilicet
1557 621 1619 644 non
1653 621 1743 651 acque
1774 621 1811 642 ac

947 653 1054 687 liberis
1075 651 1257 684 hereditatis
1282 661 1419 693 paternae
1444 653 1615 695 legitimam
1634 653 1740 685 deberi
1755 676 1762 687 ,
1787 653 1809 684 l.

948 693 1027 768 ἧς.
1051 704 1081 736 3.
1100 693 1140 734 ff.
1171 694 1257 726 Unde
1279 696 1360 726 liber.
1385 705 1456 737 qua:
1485 694 1662 734 refutetur,
1684 694 1811 735 indigna

946 738 977 769 es
995 761 1002 768 .
1338 765 1339 768 ,
1383 766 1385 768 .

989 778 1117 817 Titius,
1142 779 1194 820 qui
1209 779 1341 811 habebat
1361 779 1391 813 in
1410 780 1501 813 bonis
1518 781 1560 813 X.
1575 780 1699 819 nuptias
1716 778 1814 810 fatiu-

946 830 1019 860 rus,
1045 819 1163 861 sponsa·
1183 821 1214 852 in
1237 820 1391 854 Doarium
1415 823 1575 862 promittit
1594 822 1649 854 lll.
1674 820 1812 853 Sublatis

946 872 985 895 ex
1010 871 1051 893 eo
1072 862 1276 893 matrimonio
1304 863 1410 894 liberis
1433 863 1554 896 duobus
1573 889 1581 897 ,
1604 862 1812 894 facultatibus

946 902 1048 944 lapsus
1061 926 1069 939 ,
1096 904 1230 935 moriens
1250 904 1379 944 reliquit
1396 914 1457 936 non
1483 905 1538 937 nisi
1558 905 1596 937 V.
1660 904 1709 935 uid
1724 903 1810 934 dice-

944 944 1039 977 mus?
1063 943 1257 984 Responsum
1283 945 1378 976 video
1395 946 1489 987 (4),
1513 947 1682 978 liberorum
1706 944 1810 986 legiti-

946 995 1028 1018 mam
1050 984 1172 1017 Doario
1194 985 1438 1026 praeferendam,
1462 987 1522 1019 esl'c
1543 989 1626 1019 enim
1644 986 1785 1018 debitum
1800 1010 1811 1026 ,

945 1027 998 1057 cui
1015 1026 1134 1058 cedunt
1150 1025 1267 1058 Doaria
1295 1027 1335 1058 e'x
1353 1029 1380 1068 ξ.
1405 1032 1435 1061 6.
1462 1028 1560 1060 Edi&
1589 1029 1686 1060 Caroli
1715 1028 1753 1060 V.
1778 1039 1811 1070 4.

947 1066 1016 1099 Oct.
1035 1076 1124 1107 1540.
1150 1077 1191 1098 ex
1209 1070 1318 1099 mortis
1341 1078 1481 1111 tempore
1499 1070 1736 1102 :estimationem
1756 1069 1811 1101 bo-

942 1118 1053 1140 norum
1072 1108 1236 1140 ineundam
1259 1109 1344 1147 esse,
1368 1110 1397 1142 ἃ
1427 1110 1579 1142 Doarium
1599 1121 1656 1151 pro
1676 1111 1742 1143 solo
1762 1112 1810 1143 lu-

942 1159 998 1181 ero
1014 1149 1199 1181 habendum.
1246 1150 1305 1182 Sed
1326 1160 1387 1193 ego
1404 1161 1439 1183 ea
1459 1151 1611 1183 sententia
1632 1161 1695 1183 non
1714 1161 1810 1190 utor,

942 1191 1008 1225 scio
1031 1191 1202 1232 improprie
1226 1193 1392 1234 aliquando
1416 1193 1527 1224 lucrum
1551 1193 1726 1234 appellari,
1759 1193 1811 1225 sed

942 1241 1052 1264 revera
1078 1242 1142 1278 non
1168 1232 1235 1272 est,
1259 1233 1279 1265 s1
1299 1232 1483 1274 subsistant,
1506 1244 1575 1275 quae
1601 1234 1690 1276 supra
1706 1234 1809 1276 dispu-

943 1274 1017 1306 tavi.
1063 1274 1097 1320 ξι
1141 1284 1176 1305 ro
1194 1274 1262 1306 solo
1285 1275 1375 1306 lucro
1394 1274 1532 1308 habenda
1551 1275 1650 1308 essent
1668 1275 1809 1316 Doaria,

942 1316 1047 1348 curin
1066 1316 1114 1349 iis.
1133 1315 1268 1350 “alcidiae
1291 1325 1354 1348 non
1379 1317 1456 1349 esset
1482 1318 1588 1354 locus,
1614 1325 1649 1349 ut
1673 1317 1705 1350 in
1723 1319 1811 1350 omni

944 1367 983 1389 eo
996 1381 1005 1394 ‚
1029 1357 1113 1398 quod
1130 1366 1170 1389 ex
1188 1356 1376 1390 testamento
1391 1359 1421 1390 ἃ
1440 1368 1526 1390 mera
1542 1359 1728 1391 liberalitate
1740 1369 1811 1401 pro-

943 1397 1095 1431 ficiscitur
1113 1422 1123 1438 ‚
1147 1401 1243 1436 etiarn
1273 1401 1305 1431 in
1329 1398 1554 1432 donationibus
1580 1400 1692 1432 mortis
1720 1399 1811 1432 causa

945 1440 966 1472 l.
991 1450 1040 1481 27.
1060 1438 1099 1481 ff.
1124 1441 1157 1471 de
1183 1439 1277 1472 Mori.
1303 1441 1378 1482 causi
1403 1443 1501 1473 donat.
1527 1442 1557 1473 &
1582 1449 1686 1473 tamen
1708 1441 1809 1474 Falci-

944 1482 1005 1514 diae
1021 1483 1052 1513 in
1073 1480 1200 1514 Doariis
1218 1482 1326 1514 locum
1342 1482 1405 1515 effe
1427 1492 1474 1515 res
1489 1482 1534 1515 est
1553 1483 1654 1515 saeclis
1670 1483 1811 1516 inaudita

945 1522 1113 1565 prioribus.
1160 1522 1222 1561 Et,
1245 1522 1266 1556 si
1281 1533 1339 1565 pro
1357 1523 1426 1557 solo
1452 1525 1543 1557 lucro
1567 1524 1696 1564 habeas,
1720 1524 1811 1565 quid-

945 1564 977 1596 ni
998 1564 1150 1606 subessent
1166 1565 1198 1597 vi
1221 1565 1324 1598 esimae
1357 1566 1592 1606 hereditatum,
1615 1576 1687 1607 quae
1714 1566 1744 1598 &
1760 1566 1811 1607 Ju-

943 1616 977 1639 re
999 1606 1145 1639 Romano
1161 1607 1191 1639 &
1226 1616 1282 1638 ure
1299 1606 1496 1641 Hollandico
1519 1606 1652 1640 solvitur
1667 1617 1708 1640 ex
1722 1608 1812 1641 omni

944 1648 1057 1695 luero,
1082 1647 1169 1689 quod
1192 1646 1261 1690 post
1284 1657 1422 1682 mortem
1446 1650 1602 1688 obvenit,
1622 1648 1645 1681 si
1663 1649 1746 1681 bona
1764 1650 1811 1681 vi-

944 1692 1067 1731 gelnnae
1088 1690 1228 1722 obnoxia
1246 1689 1334 1723 sint?
1347 1691 1378 1723 ὄι
1406 1701 1453 1723 res
1473 1700 1598 1733 quoque
1626 1690 1688 1724 fine
1706 1700 1813 1725 exem-

944 1731 1000 1773 plo
1017 1730 1082 1771 est,
1106 1741 1147 1764 ex
1163 1730 1292 1771 Doariis
1314 1732 1494 1774 vigesimam
1521 1732 1613 1765 solvi.
1657 1731 1736 1765 Noli
1757 1733 1812 1764 ob-

943 1773 1042 1815 jicere
1065 1772 1112 1815 ius
1139 1773 1292 1815 singulare
1315 1773 1349 1805 in
1370 1776 1400 1806 d.
1424 1773 1453 1816 §.
1477 1778 1509 1807 6.
1540 1773 1640 1806 Ειὶὶἑῗ.
1671 1784 1704 1815 4.
1740 1774 1809 1807 Off.

949 1824 1042 1856 1540.
1063 1823 1127 1856 quo
1146 1814 1188 1847 ob
1206 1814 1391 1857 singularem
1407 1840 1416 1855 ,
1441 1825 1533 1858 quarn
1558 1816 1603 1848 ibi
1628 1816 1737 1855 vides,
1763 1826 1811 1848 ra-

946 1858 1068 1888 tionem
1091 1856 1244 1889 duntaxat
1264 1856 1470 1890 constitutum
1496 1856 1560 1897 est,
1585 1867 1698 1891 uxores
1719 1858 1749 1890 ὅ(
1765 1858 1814 1890 vi-

945 1898 1014 1930 duae
1036 1898 1257 1932 Mercator-um
1282 1908 1340 1939 pro
1364 1898 1486 1932 Doario
1512 1898 1658 1933 adversus
1685 1900 1813 1938 marito-

945 1949 1014 1971 rum
1049 1938 1175 1972 suorum
1211 1940 1385 1974 creditores
1418 1942 1487 1983 jure
1522 1941 1632 1974 crediti
1668 1951 1708 1974 ne
1744 1950 1814 1974 ute-

945 1989 1064 2014 rentur.
1114 1981 1255 2015 Dimiffis
1274 1981 1385 2024 utique
1407 1982 1618 2016 creditoribus
1641 1992 1701 2024 pro
1729 1982 1816 2015 Doa-

946 2024 995 2056 rio
1012 2023 1136 2056 mulieri
1162 2023 1298 2066 superest
1324 2025 1407 2057 attio
1434 2024 1580 2057 adversus
1605 2024 1815 2057 hereditatem

946 2066 1063 2098 mariti.
1108 2064 1152 2097 Et
1171 2064 1352 2097 Creditorum
1374 2076 1505 2099 numero
1523 2067 1554 2098 in
1572 2066 1599 2098 d.
1626 2064 1655 2106 ὃ.
1677 2069 1708 2098 6.
1734 2066 1812 2098 libe-

946 2117 997 2139 ros
1019 2116 1113 2139 nemo
1135 2105 1233 2148 JCtus
1257 2107 1406 2148 babebit,-
1428 2107 1693 2149 quemadmodum
1718 2107 1813 2140 etiam

946 2158 1100 2191 nunquam
1110 2171 1123 2188 ,
1144 2158 1242 2189 quum
1263 2158 1337 2180 cum
1363 2149 1573 2182 creditoribus
1595 2156 1813 2186 concurrunt,

946 2200 987 2222 eo
1003 2192 1070 2231 jure
1090 2191 1266 2222 censentur.
1313 2189 1473 2233 Legitima
1515 2200 1620 2232 uoque
1647 2200 1712 2222 non
1728 2191 1815 2231 capit

946 2232 1103 2274 originem
1134 2239 1186 2264 aut
1209 2231 1410 2266 substantiam
1427 2257 1437 2273 ,
1462 2233 1495 2265 ni
1542 2242 1582 2263 ex
1605 2232 1716 2271 bonis,
1741 2241 1813 2272 quae

946 2283 1077 2315 parens,
1103 2283 1163 2305 aere
1178 2274 1283 2306 alieno
1306 2273 1461 2313 deducto,
1485 2273 1651 2315 relinquit,
1676 2272 1757 2304 unde
1776 2282 1816 2305 ex

948 2316 987 2348 iis
1009 2315 1038 2347 &
1056 2314 1211 2347 Doarium
1228 2315 1463 2356 deducendum,
1488 2315 1511 2348 fi
1529 2325 1571 2347 aes
1593 2315 1730 2346 alienum
1755 2323 1811 2354 pu-

947 2364 1014 2395 tes,
1039 2365 1075 2388 ut
1096 2354 1162 2398 ipse
1184 2360 1273 2397 puto.
1318 2355 1399 2389 Noli
1423 2358 1518 2389 etiam
1543 2356 1700 2397 obilcere,
1727 2354 1811 2387 Doa-

946 2399 1045 2437 rium,
1070 2397 1207 2430 secundo
1218 2397 1355 2439 Coniugi
1371 2398 1572 2440 promissum,
1597 2396 1708 2436 utique
1726 2405 1813 2427 com-

946 2440 1073 2481 putari,
1096 2439 1118 2472 si
1140 2445 1340 2480 quaeratur,1
1351 2448 1389 2470 an
1415 2439 1485 2480 plus
1511 2438 1647 2469 secundo
1673 2436 1812 2477 Conjugi

946 2481 1055 2512 datum
1070 2478 1108 2512 fit
1119 2502 1131 2520 ,
1153 2489 1244 2522 quam
1264 2480 1341 2512 licet
1359 2489 1414 2520 per
1429 2479 1449 2511 l.
1475 2479 1545 2511 Hac
1566 2477 1700 2510 Eszittali
1717 2481 1748 2510 6.
1776 2479 1811 2510 C.

947 2523 981 2554 de
1003 2522 1127 2553 Secund.
1149 2527 1232 2561 nupt.
1252 2518 1321 2552 nam
1340 2529 1378 2553 ex
1395 2522 1425 2553 d.
1448 2519 1468 2552 l.
1487 2520 1735 2561 computandum
1753 2518 1812 2557 est,

971 2562 1123 2604 uicquid,
1156 2562 1376 2603 qualicumque
1411 2563 1537 2600 titulo,
1567 2561 1606 2592 ad
1641 2560 1815 2593 secundum

947 2573 1127 2644 {oniuffem
1147 2603 1346 2645 pervenerit3
1370 2603 1464 2645 idque
1487 2603 1582 2645 longe
1600 2603 1738 2635 alienum
1765 2600 1812 2633 est

949 2656 967 2678 a
984 2628 1157 2687 quaeslione
1168 2667 1177 2681 ,
1200 2653 1293 2686 quarn
1309 2644 1362 2676 hic
1380 2645 1555 2677 traCtamus.

991 2687 1052 2720 Sed
1069 2686 1139 2726 fac,
1161 2685 1282 2718 Doaria
1297 2695 1355 2726 pro
1369 2685 1614 2724 donationibus,
1636 2686 1732 2717 etiam
1750 2693 1814 2716 me-

950 2730 1013 2768 ris,
1037 2727 1098 2760 effe
1116 2728 1275 2766 habenda,
1301 2727 1331 2759 &
1347 2728 1399 2760 vel
1417 2727 1459 2759 fic
1477 2728 1533 2759 tibi
1557 2727 1736 2764 succurrat,
1760 2727 1815 2756 do-

950 2771 1095 2803 nationes
1107 2779 1172 2802 non
1184 2768 1316 2802 rescindi
1335 2768 1391 2800 nisi
1407 2768 1593 2800 inofficiosas
1605 2789 1616 2805 ,
1637 2768 1666 2799 ὅ(
1678 2765 1814 2807 inofficio-

942 2814 995 2855 με
1010 2810 1076 2844 nori
1096 2811 1180 2848 dici,
1204 2810 1259 2842 nisi
1281 2818 1352 2850 quae
1375 2809 1453 2841 fiunt
1479 2810 1510 2841 in
1535 2809 1706 2842 liberorum
1730 2808 1814 2840 frau-

950 2854 1045 2892 dem,
1067 2852 1099 2885 in
1125 2851 1342 2893 praejudicium
1367 2851 1539 2891 legitimae,
1561 2858 1595 2881 ut
1620 2849 1666 2881 est
1687 2849 1719 2881 in
1737 2849 1757 2880 l.
1786 2858 1814 2880 1.

952 2894 989 2931 &
995 2895 1075 2937 seqq.
1104 2894 1136 2925 C.
1155 2895 1183 2925 d.
1207 2890 1312 2932 inoffi&
1326 2892 1426 2923 donat.
1449 2893 1481 2923 in
1499 2890 1642 2923 fraudem
1661 2899 1741 2922 vero
1760 2899 1815 2920 eo-

952 2940 1048 2975 rum',
1069 2935 1121 2976 qui
1145 2934 1225 2967 nulli
1250 2935 1320 2966 sunt
1338 2956 1348 2972 ,
1381 2933 1546 2973 quicquam
1577 2931 1641 2963 sieri
1666 2930 1717 2963 cu'i
1744 2929 1818 2962 sano

953 2978 1060 3010 veniat
1081 2986 1112 3007 in
1137 2984 1276 3007 mentem
1291 2974 1308 3005 ‚9
1337 2974 1442 3013 Atque
1474 2973 1517 3004 ita
1540 2971 1604 3011 est,
1628 2972 1648 3004 si
1669 2972 1756 3013 pacta
1775 2973 1820 3003 in-

954 3018 1117 3051 tercedant
1139 3025 1213 3048 ante
1243 3015 1355 3056 primas
1381 3014 1505 3055 nuptias
1521 3038 1530 3053 ‚
1570 3014 1625 3046 vel
1649 3014 1746 3047 etiam
1775 3013 1826 3045 se-'

955 3058 1121 3097 cundas,si
1135 3056 1223 3088 liberi
1241 3065 1304 3087 non
1320 3053 1452 3087 exstent.
1472 3054 1626 3100 Quinimo
1644 3053 1665 3086 s1
1681 3053 1819 3093 exstent,

956 3111 996 3135 an
1012 3102 1045 3134 in
1061 3098 1204 3133 fraudem
1223 3097 1374 3140 legitimae
1390 3095 1542 3129 donatum
1557 3095 1716 3136 dicimus,
1735 3105 1820 3132 cum,

1729 3146 1821 3179 quan—

1130 3203 1222 3242 Constl.
1244 3203 1279 3232 B.
1303 3201 1336 3231 Τ.
1355 3201 1393 3230 11.
1416 3199 1507 3239 Corfil.
1529 3207 1574 3234 14.

1129 3243 1222 3282 Confil.
1236 3242 1282 3289 rB.
1305 3240 1338 3271 T.
1360 3242 1382 3270 Ι,
1403 3239 1495 3278 Confit.
1517 3246 1581 3274 134.

1047 3202 1108 3242 με

1050 3245 1109 3283 >a.
1217 3281 1282 3322 Xy

1024 3215 1038 3243 3

1024 3255 1041 3281 4
