2008 3436
266 100 546 150 QUAEST.
599 101 828 147 JURIS
878 100 1246 146 PRIVATQ

32 189 158 225 {animos
183 187 416 220 circumveniat
444 189 473 220 δε
501 188 669 228 perducat,
692 196 756 227 quo
782 189 908 227 pcrc'uci

39 241 101 265 non
131 229 304 267 debebant3
331 229 452 262 honesti
483 231 594 261 :uxoris
611 229 820 269 quodcunque
839 230 908 268 est,

31 272 209 311 neminem,
234 280 327 311 quam
349 280 520 304 amatorem
539 269 657 311 ipsum,
680 269 830 310 perficere
844 281 905 302 nic-

30 315 116 352 ,lius3
142 313 335 344 tantumdem
367 313 533 344 dicendum
560 311 622 342 ess'c
642 312 673 343 in
699 312 906 344 conciliandis

37 355 204 388 Parentum
221 354 352 392 animis,
376 364 447 386 cum
465 355 495 385 in
512 353 558 385 liis
575 353 680 383 eadem
699 353 735 385 fit
749 354 848 391 ratim
875 355 904 386 in

31 396 122 428 :omni
148 404 181 426 rc
199 417 209 431 ‚
243 405 311 436 quae
348 395 587 428 :estimationem
610 394 727 426 nullam
759 396 902 435 recipit,

37 447 130 478 turpe
159 436 221 468 ell'c
256 438 407 478 cujusque
432 436 584 467 mercedis
603 445 716 467 nomen
732 459 741 474 ‚
766 438 903 468 maxime

34 488 130 523 quum
148 488 256 511 omncs
275 479 336 510 illac
364 477 607 509 conciliationes
627 486 815 518 peragantur
838 478 902 520 spc-

35 521 85 552 cie
115 520 283 558 amicitiae,
310 520 339 551 in
368 528 428 559 qua
457 518 496 549 de
525 519 670 550 mci-cede
699 529 816 559 nenio,
846 521 902 552 nili

27 559 282 599 Tcelestissiinus,
305 559 461 602 cogitavit
486 569 633 600 unquam.

75 603 129 641 Si,
154 611 221 642 quae
239 601 274 633 lit
297 603 417 643 optima
437 602 519 632 ratio
533 625 541 640 ,
567 602 649 633 inter
670 612 780 635 omncs
800 604 901 637 homi-

28 654 91 678 .ncs
111 643 318 682 conveniret,
343 642 436 675 facile
453 642 530 675 ess'ct
551 653 656 675 carere
674 645 750 686 legis
766 647 900 683 auxilio.

27 681 86 719 'sed
109 685 180 725 quia
207 684 302 716 Titio
330 685 456 716 videtur
493 695 637 726 aequum,
664 686 749 727 quod
775 687 901 719 Maevio

30 728 196 768 iniquum,
222 726 288 766 ejus
313 725 482 758 austoricus
505 725 673 759 necess'aria
695 727 756 759 ess‘e
781 728 902 769 coepit,

24 769 73 802 ,fic
89 767 172 799 enim
192 767 340 808 Princeps
365 767 496 805 definit,
521 768 604 808 quod
625 769 680 800 libi
699 770 819 810 aequius
837 779 900 800 mc-

27 809 94 843 ]ius
112 809 258 848 videtur,
281 811 310 842 ὅ(
327 809 456 840 subditis
472 809 553 841 nihil
578 810 727 851 relinquit
742 810 796 842 nifi
813 810 899 842 obse-

28 851 96 893 quii
116 851 260 890 gloriani.
305 850 454 892 Sepositis
477 850 575 892 igitur
598 851 751 892 paulisper
771 852 899 884 rationi-

26 892 88 926 bus
105 892 145 923 de·
159 892 228 933 lege
254 902 449 934 quaeramus,
476 894 505 924 ὅ(
531 892 599 924 liaec
625 893 755 924 inventa
772 893 850 932 erit,
876 893 898 926 fi

27 944 84 977 per
103 943 304 981 proxenetam
333 935 506 965 conditionis
530 934 610 974 apud
632 933 803 975 Ulpianum
823 935 854 966 in
874 935 895 966 l.

29 986 58 1018 3.
80 975 120 1016 ff.
145 976 178 1006 de
197 975 352 1007 Proxenet.
378 976 589 1016 intelligamus
603 984 808 1017 proxenetam
825 982 897 1016 imp-

24 1019 157 1055 ticini-n,
185 1027 254 1048 nam
282 1017 354 1047 huic
379 1026 438 1057 pro
461 1025 557 1056 opera
581 1015 722 1056 praestita
748 1016 792 1047 ibi
821 1016 894 1048 sala-

27 1059 108 1091 rium
126 1057 330 1099 permittitur.
379 1058 510 1088 Condicio
540 1056 723 1097 {impliciter
746 1066 804 1097 pro
821 1063 894 1098 nup-

27 1101 96 1137 tiis,
122 1109 156 1130 ut
173 1098 254 1140 apud
271 1099 348 1130 alios
374 1097 527 1130 Auctores
555 1097 634 1139 saepe
652 1098 828 1139 accipitur,
853 1099 897 1130 ita

24 1141 59 1174 ἀ
74 1140 153 1180 apud
171 1139 311 1179 nosti-os,
337 1139 417 1180 apud
434 1139 568 1171 eundem
586 1149 711 1180 quoque
724 1140 897 1180 Ulpianum

25 1183 60 1217 „in
87 1182 106 1213 l.
131 1182 185 1213 ult.
206 1181 246 1222 ff.
271 1182 305 1212 cle
333 1180 463 1222 Spoizffii.
491 1181 521 1214 &
547 1181 626 1221 apud
643 1181 845 1214 Marcianum
863 1183 896 1213 in

29 1225 52 1256 l.
81 1233 129 1261 19.
157 1222 198 1264 ff.
223 1224 255 1254 cle
284 1223 326 1254 R.
358 1223 403 1254 N.
437 1223 467 1254 ὃ(
491 1223 572 1262 apud
597 1221 837 1256 Diocletianum
867 1223 896 1255 ἂι

23 1265 262 1299 M'axinitanum
281 1264 312 1296 in
333 1264 353 1296 l.
382 1273 408 1296 1.
438 1264 470 1296 C.
494 1265 528 1295 de
551 1263 679 1305 Spmifiil.
727 1263 782 1296 Est
800 1264 896 1296 etiam

25 1306 139 1339 Graesa
167 1308 255 1344 Lex,
288 1315 378 1347 quani
405 1315 423 1337 e
447 1305 584 1338 Bafilicis
605 1306 722 1337 extulit
747 1304 896 1346 Cujacius

24 1349 66 1382 L.
92 1347 152 1381 XI.
180 1347 336 1389 Observa&
365 1348 397 1379 C.
426 1352 474 1382 18.
499 1348 530 1378 in
548 1347 667 1388 Ecloga
682 1347 897 1386 Basilicomm,

25 1389 57 1424 δι
75 1389 156 1430 apud
185 1388 459 1430 Harmenopulum
486 1398 614 1429 quoque
638 1389 752 1430 partim
778 1390 897 1428 relata,

24 1441 94 1473 quae
113 1431 212 1472 vulgo
239 1440 325 1462 nunc
351 1431 446 1472 prol.
472 1431 525 1462 ult.
555 1431 586 1462 C.
611 1431 645 1461 de
662 1430 794 1471 Sponsal.
823 1440 893 1472 pro-

23 1472 162 1505 truditur
180 1496 189 1509 ,
227 1482 382 1512 quamque
409 1471 559 1503 perezius
583 1471 620 1503 ad
647 1473 674 1503 d.
717 1471 779 1504 Tit.
813 1482 892 1504 num.

41 1524 89 1546 cn.
135 1513 308 1554 Justiniano
334 1513 464 1554 adfingit
483 1537 494 1552 ,
526 1513 710 1545 Pancirolus
732 1521 835 1546 autem
853 1513 895 1545 L.

42 1556 65 1588 I.
99 1556 225 1588 Variar.
251 1554 335 1587 Lec‘t.
373 1555 405 1586 C.
443 1564 513 1596 207.
559 1554 705 1587 Romano
732 1554 861 1597 Capeno
884 1577 895 1593 ,

23 1599 77 1630 vel
92 1598 220 1639 potius,
243 1606 279 1628 ut
304 1604 434 1638 putem,
459 1596 593 1627 Romano
621 1596 790 1638 Lacapeno.
813 1595 893 1635 Est,

21 1639 172 1680 inquam,
195 1638 289 1670 etiam
308 1637 421 1670 Graeca
437 1637 524 1674 Lex,
550 1647 621 1679 quae
646 1639 751 1670 vetuit
769 1638 895 1680 quidem

24 1680 165 1723 nuptiale
181 1680 378 1721 proxenicon
401 1680 566 1720 accipere,
592 1679 613 1711 fi
633 1687 737 1713 tamen
756 1679 896 1721 express'e

24 1721 211 1765 promissum
237 1721 275 1754 sit
291 1745 301 1762 ‚
335 1720 373 1752 ad
399 1721 526 1753 modum
551 1722 736 1762 permittit,
765 1721 896 1754 modum

22 1773 89 1799 non
116 1761 279 1799 describo,
302 1763 374 1804 quia
396 1763 462 1803 ejus
486 1762 581 1804 Legis
608 1762 798 1795 aurftoritate
831 1773 897 1796 non

22 1806 162 1844 utimur3
187 1805 331 1845 quamvis
356 1812 460 1836 autem
486 1813 552 1836 non
576 1812 715 1844 utamur,
740 1805 778 1836 ad
802 1803 895 1837 instar

21 1853 128 1879 tamen
152 1846 219 1887 ejus
243 1845 424 1878 Hollandos
449 1846 599 1887 quosdam
622 1845 719 1886 JCtos
749 1849 797 1879 16.
822 1846 893 1879 Ost.

23 1891 119 1920 1626.
143 1886 332 1928 respondiffe
358 1887 453 1918 video
476 1887 566 1928 (1):
590 1886 658 1918 Een
675 1887 893 1929 hylik-maker‚

21 1929 189 1971 inquiunt,
201 1929 285 1960 werd
302 1938 360 1969 zyn
381 1927 595 1969 Hylik-maker
610 1929 679 1971 gezez
690 1929 890 1971 coegewesen,

21 1981 72 2003 zoo
90 1971 128 2012 hy
144 1972 181 2012 by
197 1971 262 2001 eede
290 1969 444 2001 verklaart
467 1970 531 2000 hem
548 1971 631 2001 zulkr
645 1970 751 2012 belooft
768 1978 795 2002 te
811 1981 892 2013 zyn,

23 2022 61 2044 en
72 2011 291 2054 gequalificeert
308 2012 342 2042 is.
379 2009 471 2042 Unde
489 2011 525 2042 sit
541 2011 594 2043 illa
610 2010 692 2042 farra
715 2022 735 2043 ο
753 2012 893 2054 Respon-

12 2052 148 2092 ;sorum‚
174 2054 226 2086 cui
247 2053 277 2084 id
296 2061 422 2094 quoque
447 2051 641 2094 Responsum
659 2053 689 2084 in
707 2062 808 2085 ertum
827 2053 892 2092 est,

23 2094 154 2134 nescio,
179 2104 239 2126 nec
263 2095 358 2126 etiam
385 2093 472 2132 scio,
497 2103 535 2125 an
563 2094 602 2125 ad
628 2094 834 2136 Sybekarspel
863 2096 894 2128 ὅτ.

22 2134 265 2177 Benningbroek
280 2135 434 2166 duntaxat
451 2137 630 2176 pertineant
647 2136 700 2168 illa
717 2136 890 2178 Responsa.

27 2187 68 2210 an
90 2177 128 2208 ad
155 2185 256 2209 totam
276 2175 497 2215 Hollandiam,
523 2177 553 2209 δι
580 2178 611 2208 in
629 2177 692 2208 hoc
716 2179 893 2219 proclivior

28 2218 144 2258 essem,
168 2218 240 2259 quia
263 2217 302 2249 de
326 2217 374 2248 his
397 2219 580 2259 proxenetis
605 2217 707 2250 sermo
722 2219 785 2251 esse
805 2221 891 2252 vide-

27 2268 79 2292 tur
99 2282 109 2298 ,
145 2260 197 2301 qui
225 2260 256 2291 in
284 2258 389 2290 album
415 2268 657 2299 proxenetarum
683 2261 771 2293 relati
799 2261 858 2293 fint
881 2285 891 2301 ,

24 2301 114 2343 quod
131 2310 218 2333 certe
237 2301 284 2332 his
301 2299 387 2340 pagis
407 2309 471 2332 non
490 2301 572 2333 recte
597 2301 724 2334 videtur
740 2303 892 2335 conveni—

26 2352 70 2375 re.
332 2373 336 2375 ,

68 2384 227 2416 Antonius
238 2382 419 2416 Hotmanus
430 2384 464 2415 de
477 2385 584 2416 Veteri
597 2384 675 2416 Ritu
687 2385 785 2426 Nupt.
801 2386 833 2417 C.
849 2386 887 2418 ΙΙ.

26 2426 78 2459 ubi
95 2425 135 2457 de
150 2429 333 2467 proxenetis
348 2425 530 2465 nuptiarum
544 2427 626 2467 agit,
638 2426 678 2457 de
692 2435 801 2458 eorum
817 2426 891 2458 sala-

25 2469 75 2500 rio
94 2468 172 2499 nihil
199 2468 366 2508 quicquam
392 2466 502 2498 definit
514 2491 524 2506 ,
549 2476 722 2499 contentus
737 2477 888 2508 provoca-

25 2519 60 2541 re
77 2509 115 2540 ad
132 2509 153 2540 l.
169 2519 196 2540 2.
203 2508 243 2549 ff.
257 2510 290 2539 de
307 2508 435 2540 Proxen.
449 2508 499 2539 ubi
514 2508 553 2540 de
567 2509 750 2550 proxenetis
764 2509 887 2550 nuptia-

22 2560 94 2583 rum
109 2550 213 2581 nullus
237 2549 338 2581 sermo
355 2549 423 2587 est,
468 2550 520 2582 uin
538 2550 567 2582 &
589 2550 694 2582 nullus
712 2550 750 2581 de
767 2549 888 2582 salario.

23 2589 56 2626 Si
73 2601 114 2623 ex
131 2590 198 2624 sola
218 2591 342 2623 ratione
367 2601 414 2623 res
431 2600 448 2621 e
475 2599 507 2622 et
529 2590 748 2629 conficienda,
772 2591 887 2632 procli-

23 2631 206 2669 yioress'em
224 2632 254 2663 in
272 2631 459 2664 ,sententiam
476 2632 599 2673 Cujacii
611 2656 621 2671 ,
647 2633 786 2673 putantis
800 2634 827 2664 d.
846 2632 888 2665 L.

24 2673 86 2709 XI.
122 2673 243 2714 obser-v.
271 2673 303 2704 C.
338 2679 386 2708 18.
409 2672 537 2705 facilius
558 2674 609 2714 jus
629 2673 692 2706 esse
719 2674 888 2706 dicendum

22 2715 64 2751 [de
88 2715 216 2756 parariis
239 2715 436 2756 nuptiarum,
468 2725 561 2757 quam
581 2716 624 2747 de
646 2716 694 2747 his
709 2739 719 2755 ,
750 2716 802 2756 qui
825 2725 888 2747 em-

23 2756 188 2799 ptionibus
197 2779 207 2794 ‚
218 2755 452 2787 venditionibus
462 2778 474 2796 ,
483 2757 684 2789 commerciis
692 2780 704 2796 ,
719 2757 888 2789 contracti-

25 2798 84 2830 bus
104 2798 134 2829 &
161 2795 341 2828 nominibus
361 2795 515 2829 faciendis
540 2797 736 2830 adhibentur.
789 2798 822 2830 Si
849 2807 888 2830 ex

24 2840 94 2880 iure
118 2839 206 2870 malis
232 2847 358 2869 manum
388 2837 570 2877 conserere,
593 2838 708 2880 praesto
731 2840 776 2872 est
799 2841 828 2872 d.
865 2839 886 2871 l.

25 2890 57 2922 3.
82 2880 146 2917 ita,
163 2887 198 2910 ut
210 2879 298 2918 dixi,
317 2888 335 2909 a
350 2888 400 2910 me
415 2879 594 2920 explicata,
613 2890 703 2921 quam
723 2881 840 2913 vellem
856 2890 886 2911 e-

26 2923 104 2954 tiam
121 2921 153 2952 in
176 2929 279 2961 partes
304 2919 371 2951 suas
393 2920 574 2952 advocasset
600 2921 770 2961 Cujacius,
794 2922 824 2954 &
843 2921 886 2954 fic

24 2965 132 2995 'carere
147 2961 306 3003 possumus
324 2960 560 2993 Constitutione
577 2962 630 2994 illa
646 2962 761 2994 Graeca
783 2963 813 2995 ἀ
829 2963 887 2994 illo

24 3000 178 3047 JCtorum
202 3001 385 3044 Respouso,
411 3003 441 3034 δε
466 3002 520 3034 vel
537 3003 612 3035 ideo
637 3005 735 3046 magis
759 3013 888 3044 carere,

67 3133 81 3170 ζ
92 3132 129 3168 1)
149 3132 320 3171 Handvqslen
328 3143 380 3164 van
389 3133 553 3173 Sybekarspel
566 3144 597 3164 en
605 3135 803 3174 Benningbroek
817 3145 846 3174 p.
855 3145 891 3166 m.

28 3174 128 3248 4⁷{2AJ'
148 3210 362 3248 Groenewegen
376 3211 410 3241 ad
424 3212 443 3241 1.
456 3219 500 3246 19.
516 3212 545 3240 C.
561 3212 593 3242 de
610 3211 693 3251 Inoff.
707 3209 807 3249 testam.
827 3213 853 3243 ἂ
871 3215 890 3244 1.

1300 104 1442 142 LIBAEI.
1468 110 1505 146 C.
1520 113 1584 148 Vl.
1737 124 1802 158 351

952 187 1036 229 quo„¹
1060 187 1250 228 distinguant
1270 190 1350 222 inter
1374 199 1578 232 proxcnctica
1598 201 1743 240 promissli
1759 201 1811 231 vel

951 238 1013 261 non
1041 230 1183 269 promissa
1200 255 1209 268 ,
1243 232 1294 263 illu
1322 233 1488 275 largientes
1506 262 1515 274 ,
1550 240 1616 271 lia-1.-
1649 251 1810 273 neo-antes.

951 271 1047 317 Quod
1076 272 1258 311 promill'um
1283 273 1326 306 cst
1346 297 1356 312 ,
1388 278 1470 317 exigi
1503 280 1624 319 potest,
1646 267 1718 321 qui}
1744 292 1813 322 pro-

950 312 1071 359 niilluin
1088 311 1153 350 cst,
1179 324 1238 345 nec
1255 316 1408 356 amplius,
1433 328 1524 359 quain
1547 323 1722 358 promiil'um
1747 323 1811 360 cst,

950 355 1067 401 iotsqui
1085 364 1125 385 cx
1142 356 1289 388 mandato
1318 358 1457 398 parandis
1480 362 1597 400 nuptiis
1616 372 1740 401 operam
1759 366 1811 395 dc-

948 396 1028 428 dci-it
1045 417 1057 433 ‚
1078 405 1137 442 cur
1161 406 1225 429 non
1249 408 1289 430 ex
1314 399 1521 432 aestimatione
1545 402 1663 442 judicis
1693 415 1811 436 merce-

946 437 1015 484 dem
1031 445 1139 484 eXigct
1157 447 1213 478 pro
1232 441 1353 472 ratione
1373 441 1503 474 adhibiti
1532 443 1665 483 laboris,
1692 453 1812 485 tempo-

946 489 995 521 ris
1005 486 1159 518 contriti,
1184 480 1214 512 ὃς
1233 480 1431 523 sumptuum,
1458 484 1488 516 in
1504 494 1572 516 cam
1594 494 1658 517 rem
1681 486 1811 518 honeste

945 519 1129 552 factorum?
1151 520 1203 553 Ex
1232 523 1379 555 mandato
1406 525 1513 566 utique
1541 525 1636 557 hodie
1664 527 1745 558 actio
1763 527 1808 559 est

946 561 983 592 ad
1009 562 1203 608 mercedem,
1230 562 1371 597 salai-iuni
1404 566 1454 598 vel
1484 567 1707 606 honorarium,
1733 578 1809 609 quo-

945 612 1070 644 cunque
1093 612 1223 650 nomine
1247 606 1401 647 appellare
1420 608 1525 648 placet
1538 632 1547 646 ‚
1574 609 1670 640 niodo
1688 611 1812 641 manda-

946 651 1012 675 tum
1041 644 1078 676 fit
1104 654 1148 676 rei
1180 646 1278 678 licitae
1297 670 1307 686 ,
1332 655 1366 679 ut
1390 658 1483 689 quam
1511 650 1647 683 maxime
1676 649 1721 682 est
1750 651 1811 682 hoc

946 685 1155 733 mundat-um,
1182 686 1212 719 δε
1246 698 1343 729 quum
1368 698 1463 730 opera
1488 691 1623 732 praestita
1646 692 1692 724 est
1717 692 1809 724 causa

945 726 1151 773 obligationis
1169 752 1178 763 .
1206 729 1386 769 promiss'um
1417 731 1452 764 fit
1478 734 1727 773 proxeneticon,
1752 744 1814 766 nce

946 778 985 799 nc
998 791 1007 807 ,
1032 769 1111 800 nihil
1128 768 1245 809 refert,
1271 772 1300 804 ὃς
1318 781 1354 803 ca
1369 782 1495 814 quoquc
1513 775 1636 815 Cujacii
1656 775 1809 808 sententia

946 809 991 841 est
1011 811 1040 841 d.
1066 810 1120 842 loc.
1144 820 1246 852 neque
1271 813 1355 844 enim
1378 815 1542 856 distinguit
1566 816 1620 848 nifi
1647 817 1728 848 inter
1750 827 1807 849 no-

947 860 1017 924 iinpn
1032 852 1061 897 ᾃ
1076 861 1173 893 genus
1190 853 1339 894 actionis,
1357 864 1425 895 quae
1440 857 1599 890 dillinfflo
1615 858 1647 890 in
1659 857 1735 890 foro
1756 859 1811 891 ob-

962 902 980 923 O
997 901 1075 924 emt.

983 933 1102 966 Verum
1124 935 1202 967 illud
1228 937 1384 978 moribus,
1410 939 1463 980 qui
1492 950 1576 974 nunc
1597 942 1666 975 sunt
1682 966 1693 982 ,
1716 943 1807 975 nullo

940 975 1037 1006 modo
1054 976 1248 1022 probandum
1273 978 1354 1018 eise,
1381 981 1460 1014 bona
1484 982 1545 1014 fide
1570 985 1621 1016 alii
1638 984 1714 1026 (2)
1730 994 1805 1016 con-

940 1016 1093 1061 tendunt,
1114 1025 1170 1048 rati
1191 1040 1202 1055 ,
1233 1023 1438 1058 proxenetica
1477 1025 1627 1064 nupti-„ilia
1662 1027 1804 1058 moribus

939 1056 1066 1102 quidem
1085 1058 1255 1105 Italorum,
1268 1060 1479 1101 Hispanorum
1489 1086 1499 1102 ,
1511 1066 1703 1107 aliarumque
1719 1067 1804 1099 Gen-

940 1105 1035 1144 tium,
1057 1108 1125 1140 qua:
1146 1099 1291 1141 Virgines
1309 1101 1374 1134 suas
1401 1104 1543 1137 occlusas
1563 1106 1704 1147 servant,
1729 1119 1806 1142 con-

938 1149 1069 1186 venii-e,
1093 1139 1143 1172 sed
1160 1150 1224 1174 non
1240 1145 1412 1176 convenire
1428 1147 1570 1179 moribus
1585 1147 1785 1182 Hollaiidicis
1796 1173 1808 1189 ‚

963 1182 1054 1213 uibus
1070 1181 1108 1228 agl
1130 1182 1314 1229 prensandas
1333 1187 1450 1227 puellas
1467 1188 1547 1220 haud
1572 1189 1650 1221 adeo
1667 1191 1805 1224 difficilis

954 1223 1023 1254 olet
1047 1222 1108 1254 elle
1132 1224 1243 1271 aditus.
1290 1226 1334 1258 At
1359 1229 1412 1269 qui
1435 1229 1476 1261 fic
1502 1229 1664 1269 sentiunt,
1690 1233 1806 1265 erroris

940 1273 1118 1311 coarguunt
1142 1266 1196 1312 alii
1222 1266 1241 1307 ζ
1247 1268 1312 1309 3),
1336 1269 1510 1302 dummodo
1535 1282 1574 1303 ne
1603 1275 1806 1313 proxenetici

934 1305 1099 1352 ,promiffio
1115 1306 1285 1348 quidquam
1307 1317 1357 1341 tur
1382 1311 1406 1344 is
1427 1319 1480 1343 aut
1502 1312 1600 1354 iniqui
1617 1316 1780 1348 contineat
1794 1340 1806 1353 ,

941 1348 971 1380 dc
993 1347 1034 1379 fic
1059 1347 1121 1388 ipse
1144 1358 1271 1396 quoque
1298 1352 1364 1384 exii
1382 1353 1508 1385 imarem
1539 1364 1668 1396 propter
1688 1357 1809 1390 utiliffi-

940 1398 1023 1421 marn
1043 1398 1140 1422 etiam
1161 1391 1256 1422 hodie
1273 1392 1304 1424 in
1323 1394 1529 1427 conciliandis
1552 1398 1672 1437 nuptiis
1690 1408 1806 1439 proxe-

937 1439 1082 1462 netarum
1098 1440 1236 1472 operam.
1281 1432 1353 1466 Nec
1375 1445 1509 1468 moveor
1529 1438 1560 1470 in
1587 1441 1804 1481 contrarium,

939 1472 1024 1518 quo—d
1041 1477 1092 1503 πῒς
1116 1474 1289 1520 Cuppelaars
1305 1486 1342 1507 en
1368 1477 1601 1520 Coppelareffin‚
1628 1481 1704 1513 loco
1724 1491 1805 1515 mer-

939 1513 1025 1560 cedis
1041 1523 1228 1560 pecuniariae
1241 1540 1251 1555 ,
1274 1520 1450 1558 corporalis
1473 1529 1583 1560 poena‚
1609 1520 1690 1563 saepe
1709 1524 1807 1557 etiam

938 1557 1082 1595 capitalis
1101 1578 1112 1594 ,
1143 1555 1258 1591 statuta
1282 1558 1319 1591 fit
1338 1559 1366 1602 §.
1390 1570 1441 1602 34.
1468 1560 1505 1596 ὃ
1527 1571 1579 1604 35.
1604 1562 1700 1597 Polit.
1747 1565 1807 1598 Or-

935 1596 1034 1630 .donn.
1059 1606 1119 1644 van
1145 1598 1285 1633 Zeeland
1314 1605 1344 1636 8.
1370 1601 1464 1635 Febr.
1490 1609 1581 1646 1583.
1607 1605 1638 1637 ἀ
1660 1605 1690 1646 §.
1713 1616 1744 1648 3.
1769 1607 1808 1643 δ’

937 1647 969 1678 4.
992 1637 1133 1685 Ampliat
1162 1640 1191 1672 d.
1212 1641 1250 1674 L.
1271 1646 1319 1677 18.
1339 1643 1439 1677 Mart.
1465 1648 1554 1678 1666.
1582 1655 1685 1688 rquum
1707 1657 1748 1680 ex
1769 1659 1806 1680 o-

936 1679 1061 1712 mnibus
1080 1680 1143 1713 illis
1160 1681 1209 1756 R&
1222 1682 1295 1716 satis
1311 1683 1454 1726 constat,
1478 1686 1523 1718 ibi
1547 1686 1723 1721 sei-monem
1739 1690 1807 1722 >ess'e

938 1730 1003 1753 non
1021 1721 1061 1753 de
1075 1722 1158 1755 hone
1187 1734 1204 1756 a
1217 1725 1445 1759 conciliatione
1461 1729 1645 1768 nuptiarum
1658 1753 1670 1768 ‚
1693 1730 1744 1763 sed
1758 1732 1806 1763 «de

936 1764 1196 1803 procuratoribus
1220 1766 1314 1808 stupri
1334 1768 1386 1800 vcl
1408 1769 1573 1810 adulterii,
1597 1780 1662 1812 quo
1682 1773 1712 1804 &
1732 1775 1803 1814 qui-

938 1804 1009 1836 dam
1032 1804 1195 1847 referunt,
1217 1809 1302 1850 quod
1327 1808 1372 1842 est
1398 1811 1430 1845 in
1457 1811 1626 1854 Pervigilio
1653 1813 1804 1856 Veneris,

937 1854 1000 1878 non
1018 1847 1130 1887 procul
1147 1848 1185 1880 ab
1197 1849 1313 1883 initio:

981 1888 1054 1919 Cras
1065 1898 1198 1936 *amorum
1212 1893 1379 1934 copulatrix
1394 1895 1474 1928 inter
1493 1897 1610 1929 umbras
1623 1898 1759 1930 arborum

982 1928 1121 1971 Implicat
1142 1932 1202 1965 &c.

936 1971 997 2004 Sed
1015 1973 1100 2012 quod
1119 1972 1163 2005 ibi
1178 1975 1315 2016 dieitur,
1335 1977 1375 2009 de
1398 1978 1463 2011 sola
1479 1980 1604 2013 Venere
1620 1980 1800 2022 intelligen-

936 2013 1022 2059 dum.
1067 2014 1147 2046 Sane
1162 2016 1201 2048 de
1216 2018 1391 2064 largienda,
1416 2021 1458 2052 ob
1476 2023 1598 2063 nuptias
1614 2023 1802 2054 conciliatas

936 2054 1283 2101 athone-proxenetica
1302 2060 1418 2093 dii-ecta
1431 2072 1497 2095 non
1519 2063 1723 2103 dubitarunt,
1747 2065 1802 2104 qui

934 2104 1145 2143 contrariam,
1169 2100 1209 2131 de
1226 2110 1286 2142 qua
1313 2101 1537 2143 disputaretur,
1563 2104 1800 2146 proposuerunt.

936 2135 1063 2182 Quaerit
1086 2149 1200 2182 nempe
1222 2142 1357 2183 jacobus
1385 2144 1516 2177 Curtius
1539 2146 1579 2178 L.
1614 2145 1671 2178 ΠΙ.
1697 2147 1799 2188 Conje-

936 2180 1047 2227 &jiir..C.
1077 2190 1124 2213 12.
1150 2191 1189 2214 an
1208 2192 1378 2224 proxeneta
1397 2194 1540 2218 teneatur
1556 2187 1594 2219 de
1611 2186 1719 2227 sponsa
1734 2197 1800 2220 non

935 2230 1079 2267 virgine,
1102 2224 1155 2255 vel
1181 2225 1220 2256 de
1247 2224 1360 2265 sponso
1386 2227 1556 2266 morboso,
1579 2226 1748 2261 obaerato‘?
1771 2230 1802 2262 &

935 2270 996 2302 ait,
1020 2263 1060 2294 de
1078 2265 1262 2306 virginitate
1284 2266 1437 2300 actionem
1457 2278 1521 2301 non
1539 2268 1619 2308 effe,
1643 2279 1745 2311 neque
1759 2271 1799 2302 de

935 2305 1069 2350 morbo,
1092 2308 1187 2338 etiam
1212 2307 1341 2340 Gallico
1358 2332 1368 2347 ‚
1402 2319 1499 2351 quum
1530 2320 1643 2351 corpus
1667 2312 1799 2344 liberum

936 2345 1177 2380 aestimationem
1197 2349 1316 2381 nullam
1338 2351 1490 2391 recipiat,
1513 2352 1544 2383 ὅς
1562 2352 1676 2383 habere
1691 2361 1798 2393 quem-

933 2396 993 2427 que
1009 2411 1018 2426 ‚
1050 2389 1135 2429 quod
1163 2388 1304 2421 stultitiae
1331 2390 1392 2423 suae
1417 2399 1585 2432 acceptum
1610 2392 1692 2424 fei-at
1707 2415 1718 2431 ‚
1746 2394 1799 2434 qui

931 2437 997 2459 rem
1019 2430 1098 2461 adeo
1115 2430 1225 2462 seriam
1249 2439 1311 2462 tam
1335 2431 1429 2463 stulte
1455 2434 1539 2473 egit,
1565 2432 1616 2464 sed
1634 2443 1735 2474 neque
1757 2435 1798 2466 de

933 2478 995 2500 aere
1009 2470 1114 2503 alieno
1132 2471 1270 2503 acturum
1282 2494 1292 2510 ‚
1316 2472 1372 2504 nifi
1388 2473 1465 2504 dolo
1480 2473 1595 2506 fecerit
1611 2484 1796 2515 proxeneta.

932 2510 995 2541 Res
1030 2512 1170 2544 breviter
1200 2513 1391 2554 expedienda
1423 2514 1494 2546 est:
1530 2514 1569 2546 de
1602 2517 1797 2557 turpitudine

932 2549 983 2583 sua
997 2561 1091 2597 nemo
1109 2553 1264 2585 actionem
1274 2554 1389 2593 habet,
1414 2564 1529 2597 quare,
1553 2564 1589 2588 ut
1606 2566 1796 2598 proxeneta,

934 2599 1068 2633 turpiter
1097 2595 1278 2627 mandatum
1301 2596 1491 2637 exsequutus
1508 2619 1518 2635 ‚
1547 2607 1612 2630 non
1637 2600 1726 2640 agit,
1751 2601 1796 2632 ita

930 2642 1031 2680 neque
1046 2635 1192 2669 adversus
1205 2645 1332 2678 agetur,
1357 2637 1378 2670 fi
1390 2659 1401 2676 ,
1424 2639 1477 2679 qui
1494 2638 1559 2679 ejus
1577 2649 1703 2680 operam
1720 2650 1797 2673 con-

930 2674 1045 2721 lduisst,
1069 2677 1131 2718 ipse
1155 2687 1279 2719 quoque
1308 2678 1339 2711 in
1365 2680 1558 2720 turpitudine
1582 2679 1721 2714 versatus
1743 2681 1793 2714 fit.

932 2716 987 2748 Sin
1006 2727 1112 2751 autem
1131 2718 1309 2760 Conjugum
1325 2721 1404 2751 alter
1417 2730 1434 2751 a
1457 2729 1632 2760 proxeneta
1659 2722 1795 2764 indignis

928 2758 1023 2798 plane
1037 2761 1155 2801 nuptiis
1169 2761 1199 2792 in
1216 2760 1299 2792 suam
1317 2761 1489 2802 perniciem
1508 2761 1616 2793 fraude
1633 2764 1712 2795 mala
1731 2765 1795 2796 elu-

931 2798 982 2831 sus
997 2799 1055 2840 fit,
1077 2811 1143 2834 non
1161 2801 1398 2840 animadverto,
1421 2811 1477 2835 cur
1494 2812 1556 2834 non
1571 2802 1696 2835 actione
1712 2814 1796 2838 man-

929 2840 994 2872 dati
1021 2843 1186 2875 conveniri
1213 2842 1304 2882 poffit
1326 2843 1363 2874 ad
1388 2843 1418 2874 id
1437 2867 1446 2882 ,
1478 2843 1563 2883 quod
1586 2841 1639 2875 sua
1664 2845 1794 2878 interest

930 2880 1050 2915 elusum
1071 2894 1135 2916 non
1154 2883 1227 2915 esse.
1271 2883 1340 2915 Imo
1355 2893 1415 2916 nec
1429 2884 1590 2922 dubitem,
1615 2885 1692 2926 quin
1716 2887 1794 2927 ejus-

929 2923 1016 2996 {nodi
1034 2933 1206 2967 proxeneta
1228 2924 1356 2965 publice
1373 2925 1514 2957 coerceri
1533 2925 1564 2957 ἃ
1582 2926 1675 2966 poffit
1690 2927 1724 2960 ·&
1742 2929 1795 2960 de-

953 2973 1015 2996 eat.

979 3005 1100 3049 Accipe
1117 3016 1200 3039 nunc
1215 3004 1356 3046 causam,
1379 3017 1448 3050 quae
1465 3007 1547 3049 apud
1564 3006 1693 3044 Curiam
1713 3010 1796 3044 Hol-

1730 3053 1796 3086 lan-

935 3136 1021 3173 vulgo
1036 3141 1064 3167 6.
1088 3136 1119 3167 C.
1141 3137 1172 3167 de
1190 3137 1303 3175 Sponfizl.

972 3177 1034 3212 (3)
1059 3176 1215 3213 Cyprianus
1227 3177 1373 3212 Regnerus
1386 3177 1421 3209 ab
1433 3177 1582 3218 oosterga.
1597 3178 1701 3222 Censur.
1717 3181 1796 3221 Belg.

933 3213 967 3243 ad
986 3214 1013 3244 d.
1033 3215 1053 3243 l.
1068 3218 1096 3244 6.
1119 3214 1150 3245 C.
1160 3215 1197 3244 -de
1211 3214 1326 3254 Spoiifal.
1759 3216 1762 3223 ⁴
