2008 3436
459 100 859 141 CORNELII
923 108 1031 140 VAN

186 183 385 219 Generalium
394 184 505 228 Legati
516 184 680 227 urgebant,
689 193 748 226 pro
757 184 854 225 pirata
864 183 926 216 esse
935 183 1047 215 haben-

179 228 280 264 dum,
302 228 355 268 qui
377 227 440 259 fine
454 227 598 269 legitimo
617 226 772 266 Principis
790 225 936 257 mandato
953 223 1048 256 hosti-

179 272 214 304 le.
232 269 307 308 quid
326 269 508 307 moliretur,
523 268 728 308 omniumque
744 265 897 298 Gentium
911 266 959 306 jus
974 265 1048 304 effe,

184 317 260 340 eum
279 310 382 349 puniri
406 309 493 351 posse
508 319 525 341 a
542 317 733 349 quocunque
754 307 919 348 Principe,
943 307 975 338 in
994 315 1048 337 cu-

177 349 235 388 jus
251 350 439 390 potestatem
452 349 560 382 fuisset
578 349 719 381 redaCtus
731 372 739 382 .
756 348 883 389 ejusque
901 348 1048 388 reiquam

186 391 320 431 plurima
347 392 442 424 etiarn
469 390 591 423 exstare
615 389 770 430 exempla.
816 389 902 421 ldem
922 398 1049 429 quoque

185 431 348 471 Francicis
375 433 503 474 Legatis
531 441 606 462 tunc
632 430 784 470 temporis
803 429 904 461 visum
929 429 993 466 est,
1020 430 1050 471 <St

186 472 231 504 ita
249 473 331 505 inter
346 474 466 516 Anglos
477 474 506 506 &
526 472 660 504 Ordines
677 471 847 503 Gener-ales
860 471 955 502 etiam
974 478 1051 501 tunc

186 514 326 546 obtinuit
349 516 452 557 (14).
478 515 538 546 Sed
563 514 661 553 pirata
678 512 746 552 quis
763 511 818 548 fit,
844 521 903 544 nec
922 521 981 549 ne,
1004 511 1050 542 in-

187 555 226 586 de
246 557 379 596 pendet,
402 567 439 588 an
462 555 642 587 mandatum
662 553 821 594 praedandi
841 553 1004 590 habuerit,
1028 551 1052 584 si

187 596 350 636 habuerit,
374 598 405 629 δε
429 603 576 637 arguatur
605 595 637 626 id
660 593 838 633 excellisse,
861 603 923 626 non
948 593 1050 624 conti-

185 647 251 669 nuo
268 647 338 669 eum
365 638 523 670 habuerim
542 645 600 677 pro
616 636 726 676 pirata.
751 635 857 676 Vulgo
874 636 913 666 de
928 634 1051 666 manda-

189 679 230 710 tis
248 678 307 710 suis
322 679 464 719 judicant
483 677 537 718 ipsi
557 677 717 718 Principes
728 698 739 714 ‚
755 676 828 717 quia
842 684 932 717 capta
949 675 986 707 ad
995 685 1050 707 eos

188 719 397 757 deferuntur,
419 718 515 750 facile
541 724 644 749 tamen
670 718 775 759 patior
793 739 805 755 ,
836 726 907 748 euin
934 716 1050 748 Princi-

188 770 281 802 pem,
305 761 394 800 cujus
414 759 526 791 subditi
554 759 592 790 de
613 760 719 800 rapina
735 766 925 799 queruntur,
948 758 986 789 de
1015 766 1051 788 ea

186 801 253 841 ipsa
275 802 430 842 judicare,
454 800 494 838 fi,
518 801 570 842 qui
594 809 662 831 eam
686 800 766 831 fecit
782 822 791 836 ‚
813 799 851 830 ad
867 808 939 830 eum
963 798 1053 830 adve-

190 843 277 880 t‘tus,
301 842 354 873 vel
373 842 454 883 apud
470 851 540 873 eum
563 840 771 882 deprehensus
787 839 894 872 fuerit.
932 839 1054 880 Simpli-

187 884 269 915 citer
287 884 318 914 in
341 883 371 924 §.
383 893 432 915 22.
459 882 548 915 Pacis
564 883 646 914 inter
664 883 781 924 Regem
798 881 936 913 Franciae
954 881 982 912 ἃ
996 880 1054 912 Or-

188 924 277 956 dines
305 923 474 956 Gener-ales
498 933 546 964 27.
565 924 641 964 Apr.
663 927 753 955 1662.
777 921 857 963 (15)
881 922 1055 960 convenit,

190 965 230 998 de
254 965 385 997 navibus
408 966 445 997 ab
475 966 533 1004 iis,
558 966 609 1006 qui
627 965 806 996 mandatum
833 963 985 1005 Principis
1006 962 1055 993 ha·

190 1006 321 1045 herent,
339 1006 504 1047 occupatis
528 1015 566 1037 ne
585 1015 729 1047 ageretur
748 1004 842 1043 alibi,
866 1013 958 1045 quam
974 1003 1056 1044 apud

191 1057 282 1086 eum,
307 1048 356 1088 qui
376 1048 554 1080 mandatum
573 1047 712 1079 dedisset.

236 1088 271 1120 In
288 1098 420 1127 extem,
454 1089 507 1130 qui
527 1096 656 1120 exteros
677 1088 871 1129 depraedatus
897 1087 961 1127 est,
985 1087 1056 1127 plus

190 1129 236 1163 est
263 1130 482 1169 difficultatis,
507 1139 545 1161 an
571 1138 681 1171 nempe
699 1130 744 1168 is,
769 1139 785 1161 a
809 1130 849 1160 ud
874 1138 931 1161 nos
948 1129 1055 1169 depre-

190 1171 321 1210 hensus,
346 1181 362 1202 a
378 1171 469 1203 nobis
486 1171 618 1211 judicari
634 1167 726 1211 poffit
739 1171 756 1203 ⁶?
781 1139 874 1202 Knno
891 1173 980 1201 1661.
1003 1169 1056 1201 du-

191 1213 326 1244 bitatum
341 1211 385 1244 est
403 1213 434 1243 in
450 1221 509 1250 eo,
533 1212 586 1252 qui
603 1221 619 1242 a
636 1212 722 1252 Rege
737 1211 903 1254 Lyfitaniae
926 1210 1057 1242 habebat

190 1253 346 1294 praedandi
367 1253 544 1284 mandatum
561 1276 570 1292 ,
606 1252 636 1284 δι
662 1254 769 1285 amicis
796 1251 977 1293 quibusdam
1000 1260 1056 1282 no-

191 1294 263 1326 stris
279 1318 286 1331 ‚
309 1294 493 1336 quibuscum
514 1293 592 1334 Regi
610 1293 777 1334 Lyfitaniae
794 1293 914 1325 nullum
932 1301 1059 1333 quoque

193 1335 312 1368 bellum
333 1344 416 1373 erat,
443 1335 473 1366 in
498 1336 571 1365 mari
595 1335 732 1374 rapinam
751 1333 889 1372 fecerat,
913 1332 964 1365 sed
979 1342 1056 1373 prae-

191 1377 276 1410 done
304 1376 428 1408 interim
456 1383 602 1412 mortuo,
624 1374 705 1406 nihil
723 1382 799 1406 tunc
825 1374 991 1406 definitum
1015 1372 1060 1406 est

193 1418 214 1458 <
219 1418 285 1459 16).
331 1417 400 1448 Rex
427 1423 532 1448 tamen
561 1415 682 1458 Angliae
715 1425 797 1448 anno
832 1419 921 1450 1668.
953 1414 1059 1447 navim

195 1457 419 1490 Ostendensem
431 1482 439 1495 ‚
465 1467 537 1490 cum
556 1457 704 1489 mandato
721 1457 814 1498 Regis
839 1455 1059 1497 Hispaniarum

194 1500 383 1541 praedantem
394 1522 402 1536 ‚
417 1508 487 1540 quae
502 1498 609 1530 navim
625 1497 848 1530 Hollandicam
865 1505 1057 1538 occuparat,

193 1542 231 1573 ad
246 1541 435 1582 petitionem
452 1539 639 1581 Legatorum
659 1539 812 1571 Ordinum
835 1538 1057 1577 Generalium,

193 1581 345 1620 detineri,
379 1582 409 1614 &
437 1582 520 1622 leges
549 1587 660 1612 contra
687 1579 890 1613 Navarchum
918 1580 1058 1612 exerceri

196 1623 279 1664 juffit
302 1622 393 1664 (17).
430 1622 523 1656 Plane
540 1621 562 1655 fi
577 1622 699 1663 legibus
711 1630 837 1656 cautum
851 1621 888 1656 fit
899 1644 909 1662 ,
933 1629 969 1655 ut
986 1630 1057 1654 cau-

189 115 260 150 224.

1092 99 1699 139 BYNKERSHOEK

1092 190 1160 216 tum
1183 183 1229 216 est
1250 183 1371 229 duobus
1396 181 1550 214 Ordinum
1581 180 1786 215 Generalium
1809 182 1946 228 Ediffis3

1091 235 1162 266 quae
1183 225 1276 256 retuli
1293 224 1329 255 ad
1351 223 1445 255 finem
1471 224 1503 255 C.
1522 222 1596 255 XV.
1621 232 1662 254 ne
1675 223 1743 264 quis
1764 233 1803 258 ex
1824 227 1943 260 mandria
1985 240 1987 249 ¹

1092 275 1128 298 to
1148 266 1248 298 exteri
1270 265 1425 306 Principis
1458 273 1564 304 captas
1592 269 1688 296 naves
1716 274 1874 299 mercesve
1894 269 1945 301 hic
1982 283 2000 302 ἐ

1093 307 1292 346 vendat,nis1
1310 307 1341 338 in
1361 305 1465 340 suum,
1479 305 1560 336 unde
1578 305 1746 345 praedatum
1765 309 1946 349 enavigarit,

1091 355 1216 389 portum
1233 347 1397 385 decumas,
1420 346 1526 386 ibique
1541 346 1716 386 publicatas
1728 347 1885 388 ,iniquum
1901 352 1946 382 vi-

1092 388 1158 420 deri
1186 388 1306 431 pollet,
1327 390 1436 420 conti-'a
1459 396 1550 424 eum,
1573 387 1628 426 qui
1651 388 1754 428 cepit,
1777 389 1828 421 vel
1855 389 1946 424 Fisco

1094 430 1146 461 hic
1168 431 1322 462 actionem
1345 430 1417 461 dare
1442 429 1480 460 de
1502 428 1651 466 crimine,
1677 429 1728 460 vel
1755 430 1870 464 exteris
1894 442 1946 465 na-

1094 471 1182 502 vium
1200 472 1414 511 merciumque
1429 469 1567 501 dominis
1589 469 1628 500 de
1651 469 1764 501 damno
1779 470 1863 505 dato.
1905 473 1947 506 U-

1095 512 1235 552 triusque
1249 512 1350 543 exteri
1369 511 1513 542 conditio
1532 510 1562 541 in
1576 510 1640 551 pari
1652 509 1743 542 causa
1757 510 1795 543 fit
1811 522 1950 554 oportet,

1094 562 1148 585 aut
1165 562 1276 585 contra
1295 553 1502 593 praedatorem
1517 550 1570 582 hic
1587 551 1634 592 agi
1656 552 1773 593 poterit
1784 576 1793 590 ‚
1811 562 1869 592 ,aut
1885 564 1950 589 non
1992 571 1993 574 ¹

1095 594 1236 633 poterit,
1258 594 1280 626 si
1299 593 1409 634 possit,
1432 593 1525 624 etiam
1553 593 1597 631 is,
1621 594 1674 634 qui
1702 593 1854 634 praedatus
1883 595 1950 636 est,
1992 610 1993 621 ἢ

1096 635 1147 667 hic
1163 644 1254 676 agere
1271 635 1389 676 poterit
1405 634 1472 673 jure
1488 632 1544 664 suo
1557 656 1567 671 ‚
1591 634 1621 666 ὅ(
1641 635 1850 675 contendere,
1874 645 1950 678 ρης.

1092 677 1186 714 dam,
1208 685 1300 715 quam
1325 675 1436 716 cepit,
1469 675 1554 706 reete
1577 683 1699 715 captam
1726 675 1799 708 effe.
1842 676 1884 710 Et
1907 686 1951 710 ta«

1094 726 1164 750 men
1193 716 1320 755 durum,
1346 718 1375 748 ὅ(
1401 714 1462 748 sine
1483 717 1631 756 exemplo
1645 715 1742 755 ess'et,
1764 717 1887 751 navium
1903 728 1950 751 re-

1094 765 1225 799 rumque
1248 758 1385 789 dominis
1410 766 1457 788 res
1483 757 1549 789 suas
1579 757 1630 788 hic
1655 758 1735 799 apud
1758 760 1952 800 peregrinum

1096 809 1201 841 quem,
1211 808 1287 830 mox
1300 798 1417 830 nescias
1426 808 1489 839 quo
1508 798 1664 831 abiturum
1677 799 1951 839 ,deprehendenti-

1095 841 1153 872 bus
1178 840 1423 880 iurisdictionem
1454 848 1585 880 negare;
1608 848 1699 880 quam
1721 840 1742 872 si
1758 850 1820 872 non
1839 851 1878 873 ne
1899 851 1953 883 es,
2002 861 2003 869 κ

1096 881 1357 923 quemadmodum
1376 880 1540 921 praedatori
1565 881 1718 920 negabis?
1740 881 1781 914 fic
1800 889 1835 914 ut
1850 892 1890 914 ve
1919 893 1956 916 ea
2002 876 2003 911 j

1098 924 1219 954 ratione
1236 922 1309 953 mihi
1337 932 1400 954 non
1426 921 1498 953 satis
1518 922 1659 962 placeant
1682 922 1744 955 duo
1767 923 1822 955 illa
1841 945 1854 963 ‚
1885 933 1964 966 quae2
2002 920 2003 927 ¹

1098 964 1186 1002 dixi,
1204 963 1358 995 Ordinum
1376 962 1578 994 Generalium
1597 961 1716 996 Edicta.
1958 963 1965 998 ᾗ
2003 987 2005 991 .

1140 1005 1286 1045 Vulgaris
1302 1005 1469 1042 piratarum
1492 1014 1584 1045 poena
1605 1002 1649 1035 est
1665 1005 1776 1047 capitis
1791 1006 1958 1041 bonorum-

1100 1055 1161 1120 {ue
1188 1045 1395 1087 supplicium,
1418 1046 1503 1086 quod
1530 1045 1601 1076 satis
1621 1046 1758 1079 indicant
1776 1048 1881 1080 omnia
1902 1048 1957 1082 illa
2003 1053 2004 1056 ’

1130 1087 1210 1119 dieta
1227 1109 1238 1125 ,
1262 1096 1332 1127 quae
1358 1086 1446 1127 supra
1468 1085 1625 1125 recensui,
1649 1086 1730 1119 fafta
1755 1088 1794 1119 de
1819 1089 1880 1129 iis,
1904 1090 1976 1131 quiv

1101 1129 1143 1160 ob
1168 1128 1366 1160 atrocitatem
1381 1127 1487 1159 delic'ti
1506 1127 1675 1168 piratarum
1698 1128 1773 1160 loco
1792 1129 1955 1165 habentur.
2004 1129 2006 1166 ἶ

1101 1170 1160 1202 Sed
1179 1179 1258 1201 vero
1282 1176 1393 1200 contra
1408 1168 1492 1209 ipsos
1508 1169 1642 1209 piratas,
1664 1178 1836 1212 eorumque
1851 1181 1958 1214 recep-

1102 1217 1187 1242 tores
1202 1210 1232 1242 &
1249 1210 1406 1249 adjutores
1423 1209 1555 1250 speciale
1573 1208 1672 1241 exstat
1690 1210 1844 1243 Ordinum
1857 1211 1958 1246 Gene-
2006 1227 2008 1231 ·

1101 1251 1213 1283 ralium
1236 1250 1382 1282 Edictum
1405 1259 1456 1289 25.
1486 1250 1567 1291 Aug.
1594 1255 1683 1282 1611.
1710 1249 1805 1294 (18)
1830 1263 1871 1286 ex
1895 1264 1959 1296 quo

1101 1292 1275 1333 puniuntur
1293 1300 1352 1322 aan
1369 1291 1420 1332 lyf
1432 1301 1468 1322 en
1478 1293 1548 1332 goed
1557 1312 1568 1329 ‚
1584 1298 1672 1331 parte
1686 1292 1779 1323 tertia
1790 1294 1958 1335 bonorum,

1101 1342 1170 1374 quae
1187 1331 1441 1374 publicarentur,
1466 1332 1601 1363 delatori
1617 1332 1696 1363 data.
1741 1332 1892 1375 Capitalis
1906 1337 1961 1378 igi-

1101 1381 1154 1406 tur
1170 1383 1263 1415 poena
1280 1372 1326 1405 est
1337 1395 1347 1412 ,
1371 1382 1430 1405 nec
1450 1372 1561 1413 judicis
1580 1371 1625 1404 est
1641 1372 1795 1405 minorem
1810 1374 1961 1418 statuere;
2006 1369 2008 1379 ⁴

1101 1424 1138 1447 ea
1157 1422 1262 1447 autern
1285 1414 1338 1446 vel
1367 1414 1474 1447 durius
1501 1413 1553 1445 vel
1577 1414 1684 1446 mitius
1715 1414 1796 1447 solet
1820 1420 1960 1452 exerceri

1102 1465 1159 1497 pro
1182 1454 1358 1497 frequentia
1381 1455 1525 1497 piraticae
1542 1479 1552 1494 ,
1585 1455 1717 1502 aliisque
1744 1455 1857 1498 facitis,
1887 1468 1959 1501 quae

1102 1497 1251 1530 incidunt.
1298 1497 1341 1530 Et
1364 1495 1453 1536 sane,
1478 1497 1574 1528 modo
1604 1497 1746 1538 capitalis
1769 1498 1826 1538 fit,
1846 1499 1963 1540 judicis

1102 1538 1231 1570 arbitrio
1251 1548 1287 1570 ea
1303 1548 1352 1570 res
1371 1538 1578 1579 relinquitur,
1598 1546 1633 1570 ut
1648 1539 1680 1570 in
1697 1540 1810 1572 ceteris
1824 1539 1893 1573 fere
1901 1543 1961 1574 cri-

1101 1579 1244 1626 minibus
1263 1579 1390 1611 obtinet
1400 1603 1411 1619 ,
1433 1580 1466 1613 in
1481 1579 1594 1621 quibus
1609 1579 1789 1622 fimpliciter
1799 1591 1891 1624 poena
1908 1593 1959 1616 ca-

1101 1629 1176 1665 pitis
1195 1620 1310 1656 statuta
1330 1619 1386 1656 est.
1883 1622 1886 1624 ’

749 1732 778 1770 c
826 1732 860 1769 A
908 1731 935 1769 P
983 1716 1107 1770 ur
1184 1730 1415 1772 xv111.

863 1822 915 1858 De
938 1823 1135 1860 Praedatoria
1155 1825 1302 1871 privata.

197 1914 434 2000 Praedat01·ia
457 1916 580 1959 privata
606 1918 642 1950 ad
668 1919 721 1960 Jus
745 1919 908 1961 publicum
935 1930 1059 1962 quoque

281 1966 440 2004 pertinet,
463 1968 523 1991 non
547 1967 688 2000 tantuin,
714 1961 798 2002 quod
815 1971 882 1993 eam
912 1971 1060 1994 exercere

196 2011 262 2033 non
280 2000 374 2032 liceat
400 2000 472 2046 fine⁴
485 2001 612 2042 publica
632 2001 840 2041 auctoritate,
863 2002 915 2035 sed
932 2004 962 2036 ὃς
975 2004 1059 2045 quod

196 2040 442 2079 controverfiae‚
465 2042 537 2073 inde
552 2050 634 2074 natae
647 2064 658 2079 ‚
682 2042 764 2084 saepe
782 2044 908 2076 turbent
926 2045 1060 2085 Rempu-

197 2082 331 2120 blicam,
356 2082 386 2113 &
406 2082 566 2124 Principes
585 2083 722 2115 invicem
740 2085 950 2116 committant.
996 2086 1060 2118 Ro-

198 2133 258 2156 niae
275 2122 401 2163 quidem
417 2123 493 2154 olim
510 2124 666 2162 obtinuit,
688 2126 740 2165 qui
758 2125 848 2157 miles
866 2125 978 2167 Populi
997 2126 1060 2158 Ro-

197 2164 281 2196 mani
307 2172 372 2194 non
397 2161 492 2202 esset,
515 2173 587 2195 eum
612 2173 713 2205 neque
727 2166 796 2205 jure
811 2165 930 2198 hostem
946 2167 1061 2208 Populi

195 2204 333 2238 Romani
360 2204 482 2235 caedere
512 2204 598 2245 poffe
615 2227 624 2243 ,
661 2214 697 2237 ut
724 2205 880 2239 Catonem
909 2203 1061 2240 censuiss'e

198 2246 308 2278 auctor
324 2243 370 2276 est
386 2243 502 2276 Cicero
525 2247 559 2277 de
587 2245 671 2287 Offic.
697 2246 738 2279 L.
763 2246 788 2279 Ι.
815 2249 846 2280 C.
871 2251 922 2291 36.
946 2248 983 2284 &⁹
1008 2258 1058 2291 37.

199 2287 232 2324 ἃ
247 2285 433 2318 Plutarchus
457 2285 556 2334 Quas}
578 2287 665 2320 Rom.
710 2298 738 2325 9.
765 2287 818 2320 sed
839 2289 952 2321 deinde
980 2300 996 2321 a
1020 2290 1061 2321 ud

199 2327 364 2360 Romanos
390 2336 516 2368 recepta
537 2328 664 2360 videtur
689 2298 756 2361 {ex
776 2330 925 2369 Solonis,
946 2341 964 2362 a
1010 2331 1060 2371 ajo

199 2377 376 2402 memorata
399 2368 431 2399 in
453 2369 474 2400 l.
505 2379 535 2409 4.
554 2368 599 2410 ff.
626 2371 659 2401 de
686 2371 794 2414 Colleg.
819 2371 855 2406 ἐξ·
881 2378 987 2412 corpor.
1019 2381 1060 2404 ex

198 2420 262 2452 qna
288 2409 372 2441 valet
397 2410 588 2450 privatorum
617 2409 776 2451 societas,
799 2413 836 2444 ad
863 2413 1061 2455 praedandum

197 2450 372 2483 contracta.
398 2450 466 2482 Diu
482 2450 552 2483 sane
571 2450 616 2483 est
627 2474 637 2489 ,
661 2461 703 2483 ex
719 2463 783 2494 quo
800 2463 883 2486 nunc
900 2454 1061 2495 Principes

199 2502 265 2524 non
281 2491 416 2532 publicis
432 2491 603 2531 duntaxat,
628 2492 679 2525 sed
696 2494 726 2526 ἀ
742 2495 938 2535 privatorum
952 2496 1065 2536 opibus

200 2531 347 2563 adversus
371 2531 475 2564 hostes
503 2532 574 2565 suos
592 2542 734 2567 utuntur.
781 2536 869 2568 Olim
898 2537 931 2568 in
953 2536 1064 2578 Belgio

200 2573 370 2606 Foederato
397 2569 527 2605 fuerunt
546 2575 685 2614 privati,
715 2579 768 2617 qui
789 2576 844 2617 ipsi
859 2586 955 2609 naves
975 2577 1063 2610 belli-

201 2624 254 2646 cas
271 2612 460 2645 exercebant
473 2635 484 2651 ,
506 2615 697 2655 quibusque,
721 2625 833 2656 praeter-
851 2619 998 2658 praemia,
1023 2628 1063 2650 ex

201 2656 303 2697 captis
321 2655 351 2685 ἃ
371 2654 563 2694 recuperatis
589 2655 722 2686 navibus
738 2658 879 2697 redacta,
903 2668 943 2690 ex
961 2659 1063 2700 publi-

203 2706 244 2728 co
262 2695 369 2728 aerario
393 2693 614 2726 numerabatur
628 2702 714 2727 certa
737 2698 866 2736 pecunia
893 2708 951 2739 pro
968 2700 1079 2730 modo'

203 2736 428 2778 expensarum,
452 2736 482 2767 δε
506 2744 564 2776 pro
590 2735 685 2766 modo
711 2737 879 2778 temporis,
901 2748 964 2779 quo
989 2749 1061 2780 ope-

205 2788 269 2810 ram
286 2777 430 2809 bellicam
450 2775 644 2817 praestabant.
670 2776 736 2808 111ae
754 2787 847 2809 naves
866 2780 1063 2819 privatorum

205 2820 387 2851 dicebantur
412 2817 478 2849 Kru
491 2816 563 2857 ffers
580 2841 590 2856 ,
615 2817 714 2858 iisque
737 2818 882 2851 adversus
905 2819 1064 2860 Hispanos

206 2870 279 2892 curn
295 2860 430 2890 maxime
445 2869 465 2890 u
477 2870 487 2890 i
504 2855 575 2890 sunt
591 2858 727 2899 Ordines
744 2858 924 2891 Generales.
972 2861 1063 2893 Varia

204 2902 243 2932 de
264 2901 310 2932 his
333 2898 403 2932 sunt
434 2899 590 2931 Ordinum
614 2898 816 2931 Gener-alium
842 2900 970 2940 Edicta,
995 2912 1062 2943 quae

205 2941 323 2973 referre
348 2941 425 2973 nihil
452 2941 576 2972 attinet.
622 2940 686 2972 Alii
713 2941 743 2972 ὅ(
768 2942 845 2973 olim
861 2964 873 2979 ‚
906 2943 935 2974 ot
959 2952 1063 2981 nune,

207 2992 280 3014 cum
296 2982 415 3014 bellum
439 2981 574 3021 exarsit,
611 2981 672 3014 suis
695 2980 750 3023 ipfi
767 2982 920 3023 navibus,
943 2984 1062 3024 nautis,

244 3104 322 3140 (ω)
341 3104 446 3133 Norat
469 3104 526 3133 liaec
547 3104 674 3133 Aitzema
694 3103 862 3135 L.XLV11.
883 3114 910 3144 p.
926 3112 977 3142 97.-

245 3142 324 3177 (¹5)
345 3143 471 3171 Aitzema
492 3143 526 3170 L.
541 3143 630 3172 XLll.
651 3152 677 3180 p.
695 3151 758 3178 310.

243 3182 320 3214 (ic)
341 3180 387 3207 Sic
405 3180 490 3209 xcfert
510 3180 585 3211 idem
604 3181 640 3212 L.
657 3181 734 3212 XLI.
753 3189 782 3220 p.
797 3188 844 3218 97.

1102 1921 1274 1960 militibus,
1299 1913 1535 1961 sumptibusque
1556 1919 1588 1952 in
1613 1916 1735 1952 hostem
1758 1919 1878 1959 agunt„
1894 1913 1963 1948 sola

1102 1963 1121 1995 s
1138 1972 1155 1993 e
1172 1963 1289 2004 praedae
1307 1962 1470 1993 maritimae
1480 1982 1491 1999 ,
1514 1970 1607 2001 quam
1623 1959 1751 2002 capturi*
1763 1958 1850 1996 sunt,
1867 1964 1964 1998 atque

1103 2004 1168 2036 ilae
1189 2013 1284 2036 naves
1311 2011 1467 2038 vocantur
1501 2002 1637 2042 Kapers,
1669 2001 1850 2041 Vryhuyters
1864 2018 1877 2036 ‚
1906 1996 1961 2029 vel

1104 2044 1283 2076 honestiore
1310 2043 1438 2074 nomine
1464 2041 1797 2084 Commzffi'efvaarders.
1843 2037 1893 2070 An
1921 2037 1963 2070 de

1103 2093 1143 2117 eo
1176 2084 1339 2116 hominurn
1395 2092 1487 2115 enere
1515 2083 1648 2124 intelligi
1679 2080 1770 2123 poflit
1809 2079 1829 2111 l.
1860 2082 1892 2110 6.
1918 2078 1961 2120 ff.

1103 2128 1136 2158 de
1163 2127 1245 2166 Capt.
1272 2124 1308 2159 ὅ)
1326 2093 1450 2165 pofflim.
1479 2133 1543 2155 rev.
1567 2124 1620 2155 ubi
1645 2121 1805 2155 latrunculi
1827 2119 1962 2162 appelia-

1104 2175 1230 2206 rentur,
1254 2165 1400 2203 subfisto,
1423 2173 1481 2196 nec
1498 2164 1562 2202 est,
1580 2164 1661 2196 unde
1681 2171 1753 2195 tuto
1769 2162 1838 2208 sciri
1859 2159 1963 2203 ponit.-

1105 2208 1202 2254 Quod
1223 2216 1328 2239 autem
1339 2206 1504 2239 Albericus
1518 2205 1656 2238 Gentilis
1675 2206 1706 2237 in
1725 2203 1829 2237 Libris
1850 2205 1883 2234 de
1901 2201 1965 2240 Ad-

1104 2251 1253 2281 vocatione
1279 2248 1446 2289 Hispanica
1465 2269 1475 2286 ,
1506 2247 1602 2278 variis
1631 2245 1712 2278 locis
1732 2267 1742 2284 ,
1772 2245 1866 2276 etiarn
1890 2251 1963 2276 cuin

1102 2291 1142 2321 de
1155 2291 1241 2330 J'ure‚
1265 2290 1350 2330 quod
1365 2289 1421 2320 usu
1439 2287 1597 2326 servatur,
1619 2287 1673 2328 ipfi
1691 2286 1792 2319 sermo
1805 2283 1869 2324 est,
1886 2284 1965 2324 ejus-

1105 2332 1190 2363 modi
1209 2331 1353 2363 homines
1368 2329 1473 2371 pasfim
1498 2329 1633 2370 appellat
1642 2330 1779 2369 piratas,
1803 2335 1863 2359 nec
1881 2325 1967 2371 alio,

1104 2382 1195 2413 quarn
1221 2373 1412 2413 piratarum,
1436 2371 1512 2403 loco
1535 2370 1629 2402 habet
1646 2392 1656 2407 ,
1681 2369 1788 2409 utique
1807 2365 1965 2411 absurdius

1105 2412 1170 2453 est,
1193 2422 1286 2454 quam
1318 2421 1353 2445 ut
1376 2411 1550 2444 constituta
1581 2410 1804 2452 Disputatione
1829 2405 1965 2439 refutari

1105 2460 1251 2496 oporteat
1262 2478 1272 2492 ‚
1291 2453 1438 2495 quicquid
1454 2453 1537 2485 enim
1553 2452 1600 2484 illi
1617 2457 1732 2493 agunt,
1748 2455 1843 2489 agunt
1859 2447 1964 2479 aucto—

1106 2497 1202 2528 ritate
1220 2495 1347 2537 publica
1360 2518 1371 2534 ,
1392 2504 1493 2536 neque
1508 2493 1674 2525 enavioant
1690 2489 1744 2535 nili
1759 2498 1799 2520 ex
1817 2488 1964 2534 mandato

1111 2537 1265 2568 Ordinum
1293 2535 1494 2568 Generalium
1518 2534 1570 2565 vel
1594 2518 1736 2564 131aefeth
1766 2539 1858 2562 maris
1878 2552 1888 2568 ,
1911 2528 1965 2576 ad-

1106 2578 1215 2618 iuneto
1232 2577 1405 2619 diplomate
1421 2575 1539 2608 Vicarii
1551 2596 1560 2611 ‚
1585 2571 1714 2604 Attache
1735 2581 1796 2603 van
1813 2572 1870 2616 der}
1887 2569 1964 2602 Lm-

1107 2624 1212 2651 tenant
1229 2618 1388 2650 Admiraal
1403 2626 1464 2648 van
1484 2616 1506 2646 ’c
1524 2613 1666 2660 Qua-reim
1679 2635 1692 2658 ,
1715 2612 1745 2644 &
1762 2610 1901 2654 praestito
1918 2611 1964 2651 ju—

1106 2660 1287 2700 rejurand0‚
1303 2657 1498 2700 praestitaque
1515 2662 1660 2686 cautione
1676 2653 1806 2692 idonea,
1829 2662 1893 2686 non
1908 2652 1964 2684 lio-

1106 2700 1203 2733 stibus
1228 2701 1373 2731 damnum
1400 2697 1505 2728 datum
1526 2704 1590 2726 non
1621 2695 1669 2726 iri.
1715 2693 1799 2726 Haee
1830 2695 1860 2728 &
1883 2694 1963 2735 alia,

1107 2751 1176 2783 quae
1192 2740 1229 2771 ad
1243 2738 1458 2780 praedatoi·iam
1476 2736 1662 2768 maritimam
1686 2736 1866 2776 pertinent,
1887 2744 1964 2768 cori-

1107 2783 1245 2814 tinentur
1267 2779 1379 2811 Forma
1400 2777 1652 2810 Admiralitatum
1685 2777 1779 2815 vai-iis
1809 2776 1965 2813 Ordinum

1107 2821 1307 2854 Generalium
1325 2819 1443 2851 Editus
1455 2842 1464 2858 ,
1488 2818 1566 2859 quin·
1581 2818 1610 2849 ἂ
1636 2816 1822 2859 specialibus
1839 2817 1964 2859 legibus

1105 2863 1123 2904 (
1134 2862 1347 2904 Reglementen
1369 2866 1402 2900 op
1425 2860 1457 2890 de
1496 2857 1670 2900 Commiffie-
1683 2858 1862 2931 Vaara'ersg
1890 2867 1966 2899 quas

1108 2913 1170 2942 non
1189 2902 1280 2941 lemel
1296 2900 1489 2942 praedatoriis
1508 2900 1640 2932 navibus
1663 2899 1813 2932 dederunt
1865 2900 1965 2932 rdines

1108 2942 1297 2981 Generales,
1324 2951 1396 2973 cum
1416 2941 1508 2972 variae
1534 2939 1655 2974 Gentes
1676 2941 1715 2972 de
1737 2940 1840 2981 iniqua
1860 2948 1966 2973 earum

1106 2985 1214 3026 rapina
1235 2982 1333 3015 essent
1357 2981 1485 3024 qucstae.
1540 2982 1600 3014 Sed
1625 2982 1691 3014 haec
1727 2983 1832 3013 omnia
1850 3005 1859 3020 ‚
1893 2990 1962 3028 qu?

1896 3030 1966 3054 ciii⁴

1145 3104 1226 3180 517)
1247 3105 1289 3133 lta
1310 3103 1348 3132 est
1368 3103 1442 3142 apud
1461 3102 1581 3132 eundem
1599 3101 1636 3133 L.
1651 3101 1783 3134 vaiii.
1804 3110 1833 3140 p.
1851 3102 1894 3132 1&

1171 3146 1225 3180 18)
1246 3142 1322 3173 Plac.
1342 3144 1363 3172 1.
1386 3150 1412 3173 2.
1437 3149 1481 3177 14.
1504 3150 1529 3171 1.
1551 3146 1577 3176 3.
