2008 3436
202 113 272 154 256

197 196 273 230 pant
294 196 403 220 eorum
416 186 565 229 Delegati
585 190 666 223 inter
682 190 759 222 alios
775 189 960 230 Delegatos.
984 188 1063 235 Qui-

200 239 323 270 cunque
341 230 522 270 delegantur
540 230 571 261 in
587 230 784 272 Collegium,
809 231 851 262 ibi
870 238 996 261 tuentur
1012 229 1064 260 de-

200 271 372 311 legantium
392 270 518 307 sporum
541 272 801 313 praerogativam,
824 271 916 311 idque
936 272 965 302 ἂ
983 271 1065 301 ratio

201 311 327 350 suadet,
352 321 391 343 ne
409 321 470 352 qua
484 311 628 344 confusio
644 313 782 351 oriatur,
795 312 824 343 δε
843 311 914 343 usus
930 312 1064 351 ubique,

201 353 234 384 ni
248 352 364 392 fallor,
391 353 544 385 Gentium
561 353 719 394 probavit.
763 353 823 384 Sed
842 353 895 384 ubi
910 352 941 384 in
959 353 1068 384 locum

199 402 345 426 exterum
361 395 448 427 attor
462 395 655 431 dimittitur,
680 403 729 425 res
746 403 901 435 quasque,
925 401 960 424 ut
972 403 1066 434 expe-

198 435 285 474 diet,
308 445 491 474 curaturus,
514 444 577 466 non
594 435 810 467 animadverto
823 458 832 473 ,
858 442 893 466 ut
913 433 995 475 ipse,
1014 434 1066 475 qui

198 477 286 508 domi
311 476 372 509 sua:
394 477 533 508 subditus
559 475 605 507 est
620 498 631 514 ,
665 476 734 507 aliis
758 475 954 516 Principibus
969 498 978 514 ,
1014 475 1068 514 qui

199 516 338 559 perfecte
357 517 401 549 sui
419 518 492 558 juris
507 516 578 548 sunt
590 539 601 555 ‚
622 517 775 558 dignitate
798 518 828 548 ἃ
846 516 955 548 ordine
977 515 1069 556 possit

204 559 401 590 antecedere.

243 600 303 631 Sed
328 600 358 631 ὃς
380 601 511 632 ulterius
539 606 691 640 evagatur
715 598 842 640 ineptia.

201 640 372 672 strumenta
394 641 504 682 Legati
528 651 569 672 eo
593 641 730 678 honore,
754 649 816 681 quo
839 639 904 681 ipse
930 639 1068 680 Legatus

201 680 367 720 censetur,v
393 681 464 714 sunt
480 705 491 721 ,
524 682 580 723 qui
607 680 759 713 censenda
782 688 906 722 putant.
960 681 1068 713 Rheda

888 598 994 630 Etiam
1019 599 1064 630 in-

832 789 861 824 C
909 788 941 823 A
990 787 1016 822 P
1066 788 1099 822 U
1153 786 1189 821 T

342 877 397 912 De
415 875 579 924 servanda
597 875 665 923 fide
688 877 851 923 patiorum
875 876 1092 922 publicorum,

269 973 334 1005 atta
364 973 559 1015 privatorum
585 980 691 1006 tuetur
720 973 773 1014 Jus
807 972 913 1005 Civile
931 995 942 1011 ‚
981 973 1068 1014 paCta

284 1014 464 1056 Principum
488 1016 571 1048 bona
590 1016 675 1048 fides.
721 1015 813 1047 Hanc
831 1014 852 1046 fi
871 1014 983 1053 tollas,
1009 1015 1068 1046 tol-

200 1057 239 1090 lis
265 1064 374 1088 mutua
394 1057 477 1088 inter
501 1057 663 1098 Principes
688 1055 878 1088 commercia
897 1077 908 1093 ,
938 1065 1005 1096 quae
1035 1065 1068 1086 o-

203 1099 328 1130 riuntur
357 1107 374 1128 e
394 1098 491 1139 pactis
514 1098 680 1140 expreffis,
703 1097 778 1139 quin
805 1097 834 1128 &
858 1096 945 1127 tollis
969 1095 1067 1137 ipsum

200 1139 255 1180 Jus
272 1138 425 1170 Gentium
436 1140 540 1180 ,quod
559 1140 661 1171 oritur
679 1148 697 1169 e
712 1138 809 1180 pastis
829 1137 935 1169 tacitis
951 1137 1067 1178 &prae-

200 1180 352 1221 sumptis,
376 1189 445 1221 quae
463 1181 545 1212 ratio
571 1182 601 1214 &
624 1179 694 1212 usus
718 1179 883 1211 inducunt.
928 1177 980 1209 Ne
999 1178 1067 1210 haec

198 1222 306 1253 omnia
331 1221 443 1260 tollas,
468 1221 561 1254 fidem
585 1221 748 1263 mitorum
772 1219 833 1251 effe
863 1218 1066 1257 servandam,

197 1263 293 1294 etiam
317 1262 364 1293 illi
388 1261 484 1294 facile
511 1263 700 1305 largientur,
723 1261 775 1302 qui
800 1270 866 1292 non
890 1259 1068 1291 didicerunt

198 1303 256 1336 nifi
282 1303 374 1335 fidem
403 1302 533 1343 fallere,
574 1303 626 1335 fed
649 1303 787 1343 regulam
814 1300 971 1332 servandae
994 1300 1066 1332 fidei

197 1344 355 1378 sexcentis
375 1344 616 1385 exceptionibus
631 1350 753 1374 tanturn
774 1352 838 1374 non
851 1341 994 1373 eludunt.
1018 1341 1068 1373 An

197 1393 302 1418 autem
320 1385 409 1426 pafta
426 1384 553 1425 publica
576 1384 698 1425 semper
724 1385 753 1416 &
778 1383 894 1424 ubique
922 1381 981 1414 fint
1006 1381 1066 1414 ser-

196 1427 298 1459 vanda
309 1448 320 1465 ‚
344 1425 474 1459 molesta
495 1426 526 1458 in
546 1426 655 1468 primis
670 1424 716 1457 est
730 1424 913 1465 disputatio.
945 1422 997 1455 De
1015 1433 1066 1456 an-

197 1468 296 1509 tiquis
311 1465 434 1498 Parthis
449 1466 586 1507 Justinus
602 1467 685 1499 dixit
701 1466 741 1498 L.
757 1465 846 1498 XLI.
859 1462 973 1506 Histor.
992 1465 1023 1497 C.
1036 1476 1067 1507 3.

193 1508 268 1550 fides
291 1506 375 1540 ditiis
395 1507 535 1550 promiffis
555 1519 588 1540 ue
610 1509 716 1546 nulla,
739 1505 795 1546 nifi
819 1512 960 1549 quatenus
985 1513 1067 1548 expe-

197 1551 262 1588 dit,-
285 1550 315 1582 &
354 1549 520 1581 eneraliter
535 1519 574 1581 de
594 1549 718 1581 Gener-e
737 1549 874 1580 humano
892 1548 1008 1579 Seneca
1033 1550 1067 1580 de

201 1559 367 1633 Tranquffl.
393 1592 487 1622 animi
514 1592 547 1624 C.
565 1591 642 1624 XV.
668 1591 736 1623 Vix
759 1600 798 1621 un
817 1599 904 1627 uam,
926 1588 982 1628 nist
1002 1599 1066 1621 cum

196 1634 333 1674 expedit,
353 1631 438 1673 fider.
493 1632 528 1665 Id
551 1631 651 1674 ipsum
677 1632 773 1664 licere
825 1631 996 1671 rincipibus
1020 1631 1064 1663 in-

196 1675 303 1705 culcat
330 1673 478 1714 nequitiae
506 1672 658 1716 Magister
689 1673 721 1705 in
745 1672 886 1713 Principe
918 1672 950 1704 C.
977 1671 1063 1704 VIII.

196 1725 271 1746 cum
297 1715 360 1754 ait,
391 1723 517 1746 omnem
546 1715 702 1747 rationem
731 1713 930 1755 expediendae
960 1712 1066 1745 salutis

194 1756 330 1798 publicae
354 1755 515 1788 honestam
540 1756 618 1796 effe,
652 1755 748 1788 modo
782 1753 902 1787 honesti
931 1753 1067 1796 speciem

195 1807 262 1839 prae
280 1797 310 1828 se
327 1797 420 1830 ferat.
465 1797 508 1830 At
527 1808 606 1829 vero
629 1807 696 1829 eam
721 1796 925 1835 sententiam,
949 1796 1066 1828 dudum

195 1837 357 1880 explosam
368 1856 384 1877 ,-
394 1838 523 1880 excepit
537 1839 617 1877 alia,
628 1838 837 1870 verecundior
854 1837 978 1878 quidem
988 1847 1066 1870 non-

193 1880 294 1919 nihil,
321 1878 373 1911 sed
388 1879 515 1919 nescio,
535 1890 573 1912 an
592 1879 713 1920 iustior.
753 1879 834 1911 Haec
855 1879 952 1919 pactis
966 1879 1066 1910 omni-

196 1922 255 1953 bus
286 1920 382 1953 inesse
403 1921 503 1953 credit
526 1921 693 1954 clausulam
719 1920 902 1958 salutarem,
925 1922 1006 1952 rebus
1021 1919 1065 1960 fic
1100 1923 1102 1925 '

190 1961 355 2004 flantibus,
381 1970 476 2003 atque
494 1963 572 1994 adeo
589 1973 606 1994 a
623 1962 720 2004 paCtis
743 1961 848 1993 recedi
869 1961 956 2002 posse
985 1962 1009 1993 Ι.
1032 1963 1064 1994 Si

196 2013 257 2045 qua
276 2012 360 2035 nova
376 2002 484 2041 causa,
509 2003 580 2036 satis
605 2004 740 2042 idonea,
762 2002 921 2034 obveniat.
968 2002 1007 2034 II.
1033 2004 1065 2036 Si

195 2055 245 2077 res
262 2054 301 2075 eo
317 2044 448 2075 deducta
462 2045 519 2084 sit,
535 2045 616 2077 unde
633 2045 773 2086 incipere
789 2053 854 2076 non
873 2043 985 2085 poffet.
1011 2044 1064 2076 III.

195 2086 227 2118 Si
251 2085 314 2126 ipsa
337 2085 499 2125 pafilorum
518 2087 600 2118 ratio
621 2085 727 2117 cesset.
774 2085 830 2117 IV.
851 2085 882 2116 Si
906 2084 1066 2118 neceffitas

194 2136 232 2158 ac
251 2122 371 2158 utilitas
389 2126 584 2167 Reipublicae
601 2127 685 2158 aliud
701 2126 856 2167 flagitent.
901 2125 1014 2158 Exstat
1030 2129 1064 2158 de

196 2167 260 2200 illis
279 2168 493 2207 exceptionibus
517 2169 617 2198 tacitis
633 2169 665 2199 in
678 2167 776 2208 pastis
794 2168 922 2207 publicis
943 2166 1062 2200 Diam*-

196 2211 227 2241 be
248 2207 414 2241 Christiani
437 2208 590 2241 Otthonis
614 2219 631 2240 a
645 2209 825 2246 Boekelen,
848 2208 972 2240 doCtior
994 2208 1064 2241 sane

197 2251 228 2282 &
248 2250 443 2291 elegantior,
469 2260 560 2291 quam
581 2260 598 2281 a
615 2250 736 2291 Juvene
752 2249 819 2289 ejus
836 2250 936 2282 aetatis
957 2250 1065 2292 exspe-

197 2290 316 2323 Ctasses.
369 2291 431 2323 Sed
453 2292 595 2332 quamvis
623 2290 771 2322 adhibeas
804 2300 855 2323 eas
881 2292 1065 2330 cautiones,

197 2333 309 2374 quibus
325 2332 532 2373 exceptiones
553 2331 618 2365 suas
639 2331 871 2364 circumscribit
887 2332 1064 2370 Boekelen‚

195 2375 254 2406 vix
273 2382 376 2406 tamen
395 2374 446 2405 vel
467 2374 510 2405 ita
531 2373 657 2405 cavebis
683 2383 699 2404 a
720 2373 1018 2411 Machiavellismo,
1041 2374 1063 2406 fi

196 2415 245 2447 his
273 2415 411 2455 perfidiae
439 2415 566 2447 latebris
588 2414 681 2448 semel
706 2414 832 2456 adrepas
852 2415 1064 2455 prurientibus

196 2456 379 2497 Principum
397 2456 523 2488 auribus
543 2457 573 2488 <Sc
590 2456 710 2488 animis.

236 2497 396 2529 Postrema
411 2497 521 2537 utique
538 2497 689 2538 exceptio
703 2519 713 2535 ,
737 2507 806 2539 quae
826 2507 867 2530 ex
882 2497 1064 2530 neeeffitate

194 2546 289 2579 atque
306 2539 447 2570 utilitate
467 2538 663 2580 Reipublicae
689 2538 781 2570 fidem
805 2538 917 2572 fallere
936 2539 1064 2581 permit-

193 2580 253 2618 tit,
277 2579 371 2620 quid,
393 2578 547 2619 obsecro,
570 2580 654 2612 aliud
668 2579 731 2619 est,
745 2590 837 2622 quam
856 2583 954 2620 ratio,
971 2589 1064 2621 quam

193 2628 331 2659 vocant,
350 2619 448 2661 statur
464 2643 474 2658 ,
502 2620 606 2652 bellua
628 2620 682 2651 illa
706 2622 880 2654 multorum
903 2622 1060 2663 capitum,

195 2662 246 2693 cui
264 2670 359 2693 nemo
376 2661 444 2693 fere
458 2660 606 2702 Princeps
623 2660 688 2698 est,
707 2662 759 2701 qui
780 2662 922 2695 refistat?
945 2663 974 2694 ἃ
1010 2662 1063 2693 uid

195 2711 260 2734 tres
275 2702 396 2744 priores
413 2704 619 2743 exceptiones
641 2701 696 2733 nili
715 2702 848 2735 totidem
866 2711 967 2744 ruptae
1012 2702 1063 2733 dei

195 2744 399 2775 velamenta?
423 2743 576 2786 Quisquis
592 2752 652 2774 una
663 2751 703 2773 ex
716 2742 763 2774 his
781 2744 926 2775 omnibus
944 2744 1044 2774 utitur
1056 2765 1067 2781 ,

192 2795 270 2816 rnox
296 2783 475 2823 existimat,
511 2793 527 2815 a
543 2784 638 2825 pastis
658 2784 761 2815 recedi
779 2783 884 2824 posse,
909 2785 929 2816 fi
953 2793 1065 2815 eorum

193 2826 315 2859 servata
333 2826 433 2864 fides,
457 2825 548 2858 rebus
573 2825 716 2864 mutatis,
742 2825 771 2856 in
790 2825 987 2866 Reipublicae
1012 2825 1062 2855 de-

195 2868 379 2899 trimentum
400 2874 528 2908 vergat,
554 2867 584 2898 ὅ(
600 2866 652 2907 qui
678 2866 719 2897 sic
742 2864 920 2904 existimat,
944 2866 1061 2897 incedit

196 2918 251 2950 per
268 2909 356 2950 ignes
372 2908 545 2949 suppositos
559 2907 657 2939 cineri
673 2907 798 2939 doloso:
823 2907 854 2938 id
871 2908 955 2939 enim
975 2907 994 2939 li
1015 2907 1057 2938 se-

194 2950 256 2981 mel
271 2949 429 2990 largi-aris,
453 2949 539 2981 nulla
560 2949 690 2981 omnino
709 2947 798 2980 causa
817 2947 884 2988 est,
908 2948 951 2979 ob
966 2957 1058 2988 quam

193 3000 257 3022 non
279 2991 404 3031 impune
425 2991 515 3022 sallas
539 2990 632 3022 fidem
654 2990 769 3022 datam.
822 2990 885 3029 At,
918 2989 1058 3030 inquies,

190 3042 262 3062 cum
284 3033 312 3063 in
328 3042 367 3063 eo
389 3032 466 3063 {latu
484 3031 669 3072 Respublica
687 3030 764 3062 esset
777 3054 786 3070 ,
812 3031 842 3061 id
854 3030 1058 3073 paCtumcon-

190 3072 348 3111 duct-liat,
372 3073 505 3114 ideoque
523 3081 599 3104 tunc
623 3072 724 3111 inivi,
747 3081 828 3103 nunc
845 3080 969 3108 autem,
994 3081 1058 3102 mu-

192 3120 255 3142 tata
272 3124 381 3156 ‚rt—runi
408 3114 511 3152 facie,
537 3114 660 3154 paetum
683 3121 802 3151 nocet,
835 3113 930 3145 ccss'at
961 3112 1057 3154 igitur

190 3156 360 3192 pat-ilecmi
388 3156 499 3193 caula,
531 3164 633 3196 neque
651 3156 746 3194 adeo,
778 3164 815 3186 ex
839 3163 973 3192 eventu,
1001 3162 1055 3194 pu-

189 3194 296 3225 tandus
316 3194 377 3225 sum
398 3196 426 3226 iu
455 3197 484 3227 id
504 3194 693 3229 conitnfiss'c.
742 3195 904 3242 Quicquid
929 3193 1055 3236 pacisci-

500 107 901 146 CORNELII
951 119 1056 145 van
1104 107 1699 146 BYNKERSHOEK

1107 186 1256 234 pensilis,
1275 198 1345 229 quae
1375 187 1534 220 Comitem
1556 189 1728 222 Straatman
1741 212 1752 229 ,
1775 191 1969 233 Imperator-:⁸2
1988 205 2002 218 ,·

1108 229 1289 275 Germanici
1312 229 1464 270 Legatum
1476 253 1485 268 ,
1500 230 1698 272 Ryswicum,
1712 232 1762 262 ubi
1782 242 1864 264 anno
1883 239 1966 278 1697.
1993 239 1996 249 ¹

1108 270 1146 301 de
1173 279 1248 310 pace
1280 278 1361 302 inter
1394 269 1577 302 Foederatos
1609 272 1637 303 δε
1671 271 1781 305 Gallos
1808 274 1970 316 agebatur,
1989 282 1991 291 '

1108 318 1255 350 vexerat,
1280 312 1310 344 δε
1330 310 1563 356 ναςυ3.Η3ἓᾱιῃ
1583 312 1684 343 rediit.
1710 313 1878 359 Quumque
1897 325 1969 350 tunc

1109 351 1195 384 forte
1214 352 1341 393 Legatis
1357 352 1511 384 Ordinum
1537 351 1736 385 Gener-alium
1749 378 1758 393 ,
1782 357 1889 388 eodem
1905 366 1968 391 ten-

1110 393 1272 431 dentibus,
1304 394 1431 424 obviam
1458 393 1535 424 esset
1561 393 1643 425 faeta
1660 417 1669 433 ,
1695 404 1745 425 me
1770 396 1918 436 praesente
1939 400 1969 432 ἀ
1997 425 1999 428 ,

1110 433 1325 474 aspectante,
1351 434 1401 465 via
1419 434 1529 465 cedere
1553 435 1666 466 noluit.
1714 435 1821 477 Legati
1842 439 1971 472 mittunt

1111 474 1149 506 ad
1163 474 1346 521 Comitem,
1373 483 1408 506 ut
1434 477 1612 513 mandaret,
1638 477 1731 508 rheda
1749 478 1800 509 via
1824 479 1968 522 cederet,

1113 516 1143 547 &
1161 515 1191 546 id
1210 515 1377 547 confestim
1398 517 1530 549 mandat.
1576 517 1655 548 Sunt
1683 526 1803 564 tamen,
1826 522 1875 560 qui
1896 521 1970 554 illud

1112 556 1290 588 mandatum
1310 558 1494 589 humanitati
1515 558 1732 599 magis,quam
1749 561 1807 599 Juri
1821 562 1969 596 tribuunt.
1999 564 2008 587 :¹

1111 597 1232 629 Mirum
1250 597 1336 637 sane,
1363 598 1447 644 quod
1465 608 1527 630 non
1547 600 1575 631 dt
1591 600 1706 630 calceis
1723 600 1870 641 dignioris
1887 602 1970 636 Prin·
2000 608 2002 612 ’

1111 638 1188 679 cipis
1209 638 1320 684 Legati
1344 648 1494 684 majorem
1522 640 1672 671 honorem
1694 640 1800 673 deberi
1826 643 1969 684 credant,

1111 688 1201 720 quam
1220 681 1276 720 ipsi
1294 680 1433 720 Principi
1444 703 1455 719 ,
1479 681 1532 721 qui
1551 682 1654 713 minor
1673 681 1728 714 est.

1287 787 1330 822 X.

1120 873 1161 915 ὅ)
1186 886 1228 910 an
1255 886 1320 921 quae
1347 887 1452 912 eorum
1475 877 1587 913 tacicce
1616 878 1846 924 exceptiones?

1113 981 1162 1005 tur
1178 973 1344 1013 Princeps,
1368 973 1535 1014 paciscitur
1554 974 1590 1006 ad
1609 975 1778 1007 utilitatem
1814 974 1970 1017 Reipubli-

1111 1025 1156 1046 cae
1173 1013 1255 1052 suae,
1279 1016 1309 1046 ὅ(
1326 1023 1366 1045 ex
1379 1015 1436 1045 hac
1450 1015 1514 1054 ejus
1532 1025 1636 1047 mente
1655 1016 1831 1058 obligatur,
1855 1017 1875 1049 si
1890 1017 1973 1052 secus

1110 1065 1158 1086 res
1177 1055 1285 1093 cadat,
1310 1064 1372 1086 non
1395 1055 1569 1096 obligatur,
1595 1057 1666 1097 quia
1686 1067 1793 1089 revera
1813 1068 1875 1090 non
1898 1068 1972 1092 con·

1109 1096 1218 1142 sensit,
1239 1095 1406 1128 deficiente
1418 1105 1522 1128 autem
1542 1097 1691 1130 consensu
1705 1099 1810 1130 deficit
1823 1099 1885 1140 ipsa
1897 1100 1972 1133 obli·

1132 1145 1207 1169 atio.

1110 1147 1130 1179 g
1151 1179 1183 1210 Si
1203 1179 1247 1210 ita
1271 1179 1426 1219 disputes,
1448 1179 1584 1220 disputas
1610 1180 1776 1219 subtilius,
1806 1190 1894 1222 quam
1925 1192 1977 1215 ve-

1110 1220 1199 1264 rius,
1225 1219 1255 1251 ὃ(
1282 1219 1371 1251 fimul
1389 1229 1584 1261 quaecunque
1607 1221 1704 1260 Acta,
1735 1231 1920 1264 quacunque
1937 1225 1974 1256 li—

1110 1260 1217 1290 buer1t
1238 1260 1421 1298 occafione‚
1452 1260 1628 1293 rescindes:
1661 1263 1746 1293 nulla
1767 1263 1850 1295 enim
1870 1265 1975 1305 pastio

1111 1300 1173 1333 fine
1200 1299 1350 1331 consensu
1376 1300 1422 1331 est
1438 1324 1448 1340 ,
1478 1301 1643 1334 consensus
1667 1303 1772 1334 nullus
1795 1303 1857 1335 fine
1883 1305 1974 1338 causa

1111 1341 1346 1378 consentiendi,
1366 1342 1501 1373 mutatio
1517 1343 1690 1376 voluntatis
1709 1344 1889 1384 nulla‚quae
1905 1355 1974 1378 cau·

1111 1383 1172 1416 sam
1195 1392 1258 1415 non
1271 1381 1366 1414 habet
1384 1392 1450 1414 eain
1462 1405 1473 1421 ,
1495 1393 1564 1425 quae
1585 1392 1727 1425 tempore
1744 1386 1907 1417 contrariae
1917 1396 1972 1419 vo·

1110 1425 1240 1457 luntatis
1282 1433 1346 1455 non
1383 1423 1494 1456 adfuit.
1541 1424 1588 1456 Ita
1625 1426 1698 1464 fiet,
1744 1426 1973 1466 promiffionem

1111 1474 1329 1507 quamcunque
1358 1475 1421 1497 non
1443 1465 1603 1507 obligare,
1636 1467 1692 1499 nifi
1721 1476 1788 1508 quae
1813 1476 1853 1499 ex
1879 1477 1972 1502 even·

1112 1515 1146 1539 tu
1162 1507 1249 1539 utilis
1268 1506 1316 1538 fit.
1361 1506 1428 1545 Ita,
1451 1507 1473 1539 fi
1493 1507 1611 1539 bellum
1628 1508 1736 1540 utilius
1759 1507 1813 1548 fit,
1843 1516 1903 1550 pax
1928 1509 1973 1544 fa·

1111 1549 1159 1580 tta
1177 1547 1366 1590 displicebit.
1412 1547 1459 1579 Ita
1482 1556 1608 1589 emptor
1635 1549 1809 1586 mercium,
1830 1550 1973 1584 imminu-

1111 1598 1146 1622 to
1169 1599 1274 1621 earum
1295 1589 1421 1629 pretio,
1452 1591 1643 1631 emptionem
1665 1589 1820 1622 rescindet
1835 1613 1846 1631 ,
1877 1600 1974 1625 muta-

1111 1639 1142 1664 ta
1164 1631 1330 1664 voluntate
1354 1630 1396 1661 ob
1419 1638 1573 1663 mutatum
1601 1632 1745 1673 pretium.
1798 1632 1857 1664 Sed
1880 1633 1910 1665 δε
1931 1634 1974 1666 ita

1109 1673 1184 1711 fiet3
1217 1682 1252 1705 ut
1280 1670 1455 1712 obligatio,
1488 1682 1555 1714 quae
1583 1673 1668 1704 omni
1691 1673 1759 1713 jure
1790 1681 1910 1714 cogat,
1941 1675 1974 1708 in

1109 1715 1202 1788 {equs
1218 1723 1292 1746 cum
1311 1713 1464 1753 publicis,
1489 1722 1556 1746 tum
1578 1714 1729 1756 privatis,
1753 1715 1884 1746 omnino
1903 1715 1972 1748 nul—

1123 1765 1139 1787 a
1167 1764 1201 1788 1t.

1153 1797 1237 1831 Inter
1262 1795 1400 1830 diversas
1422 1796 1546 1837 quidem
1568 1795 1708 1836 Gentes,
1741 1807 1811 1838 quae
1835 1796 1973 1838 suijuris

1109 1837 1181 1871 sunt
1192 1861 1203 1878 ,
1225 1839 1303 1872 nihil
1322 1837 1386 1876 est,
1408 1838 1493 1878 quod
1509 1838 1575 1878 jure
1591 1848 1702 1880 cogat,
1725 1838 1814 1871 filent
1828 1839 1910 1871 enim
1927 1839 1971 1871 le-

1130 1890 1179 1920 es,
1205 1881 1236 1913 dt
1251 1890 1290 1912 ex
1309 1880 1429 1920 legibus
1448 1878 1512 1910 sola
1528 1879 1576 1911 vis
1592 1879 1724 1921 cogendi
1735 1903 1744 1918 ,
1771 1879 1821 1911 sed
1838 1888 1873 1911 ut
1889 1880 1971 1911 inter

1144 1929 1232 1953 entes
1249 1920 1400 1963 promiffis
1414 1920 1530 1960 stetur,
1552 1920 1658 1952 suadet
1674 1921 1754 1952 bona
1769 1920 1844 1953 fides
1861 1921 1890 1953 ὅς
1909 1921 1971 1952 uti-

1108 1964 1178 1996 litas
1194 1963 1337 2004 publica,
1363 1963 1392 1994 ἅ
1410 1961 1533 2002 utrique
1552 1962 1732 1994 tantundem
1752 1962 1970 2000 tribuendum,

1108 2013 1258 2045 quantum
1285 2003 1471 2044 obligationi
1492 2003 1701 2042 validiffimae,
1737 2003 1766 2035 ὅ(
1795 2002 1863 2034 sane
1886 2003 1971 2035 nulla

1109 2044 1153 2077 est
1171 2045 1321 2083 validior,
1345 2053 1436 2085 quam
1453 2052 1522 2083 quae
1539 2043 1651 2074 nititur
1663 2043 1727 2076 sola
1740 2044 1834 2076 animi
1852 2044 1970 2085 magni·

1110 2086 1227 2118 tudine.
1271 2085 1353 2117 Haec
1369 2085 1488 2122 virtuS,
1509 2084 1651 2116 omnium
1672 2085 1835 2126 princeps,
1856 2085 1887 2117 in
1907 2085 1971 2126 pri·

1108 2128 1166 2159 mis
1184 2127 1358 2168 principem
1374 2133 1466 2156 ornat
1490 2125 1519 2156 ἃ
1539 2125 1757 2164 commendat,
1782 2126 1811 2157 ἃ
1839 2125 1896 2157 hac
1917 2135 1971 2159 ex·

1107 2168 1232 2206 stinffita,
1257 2167 1368 2199 cuncta
1387 2166 1425 2197 ab
1439 2166 1509 2197 imis
1525 2166 1638 2198 turbari
1662 2166 1784 2198 neccsse
1801 2166 1855 2198 est.
1890 2166 1973 2212 Quis

1106 2209 1253 2250 Princeps
1269 2207 1467 2240 contraxerit
1486 2216 1558 2238 cum
1579 2207 1742 2248 Principe,
1767 2208 1856 2248 cujus
1878 2207 1970 2240 Puni-

1108 2260 1144 2282 ca
1165 2250 1240 2282 fides
1263 2248 1430 2281 innotuit?
1460 2247 1546 2293 Quid
1564 2248 1714 2280 valebunt
1730 2249 1816 2289 pacta
1842 2249 1881 2280 de
1903 2257 1969 2281 rnu-

1108 2291 1171 2323 tuis
1192 2290 1411 2328 commerciis,
1434 2289 1473 2320 de
1491 2289 1619 2321 auxiliis
1639 2288 1888 2330 praestandis.de
1903 2298 1970 2331 per·

1107 2332 1284 2364 mutatione
1301 2332 1330 2363 &
1348 2330 1566 2371 redemptione
1582 2331 1776 2371 captivorum
1787 2331 1803 2363 ἲ)
1815 2331 1880 2362 haec
1895 2331 1971 2362 alio·

1107 2374 1182 2414 quin
1201 2373 1296 2405 etiam
1314 2372 1396 2404 inter
1419 2370 1521 2403 hostes
1544 2371 1671 2409 valent,
1694 2370 1835 2413 sedquid
1855 2371 1900 2403 rei
1923 2369 1969 2403 est

1107 2414 1228 2446 hostem
1245 2414 1374 2452 fallere,
1398 2412 1420 2445 fi
1436 2413 1466 2444 &
1484 2413 1617 2444 amicum
1634 2411 1752 2444 fallas?

1149 2455 1237 2502 Quin
1253 2456 1329 2487 &in
1353 2454 1415 2495 ipsa
1433 2454 1592 2486 Societate
1617 2452 1736 2491 Civili,
1759 2451 1779 2484 fi
1803 2451 1881 2485 adeo
1903 2462 1970 2486 mo-

1106 2497 1210 2529 rosum
1229 2503 1260 2527 te
1277 2496 1432 2538 praebeas,
1456 2494 1650 2526 contradices
1673 2492 1759 2524 forte
1779 2494 1865 2526 omni
1887 2495 1968 2527 obli-

1105 2538 1246 2579 gationi,
1277 2546 1367 2576 nam,
1400 2536 1422 2568 si
1441 2536 1569 2573 dixero,
1599 2534 1783 2574 obligationi
1804 2535 1892 2567 civili
1918 2545 1970 2577 pa-

1105 2579 1233 2611 rendum
1251 2578 1333 2616 effe,
1357 2577 1429 2618 quia
1447 2576 1497 2609 lex
1514 2576 1621 2615 jubet,
1645 2583 1720 2606 mox
1747 2576 1890 2615 rotrabis,
1913 2586 1973 2610 cur

1105 2621 1166 2661 legi
1188 2619 1353 2662 parendum
1370 2618 1425 2657 sit,
1449 2617 1477 2649 &
1492 2618 1556 2656 ejus
1579 2615 1623 2646 rei
1641 2624 1759 2647 certam
1778 2600 1967 2650 cl'emonstra-

1107 2663 1228 2693 tionem
1244 2659 1436 2705 desiderabis.
1467 2657 1499 2689 Si
1516 2657 1647 2694 dixero,
1670 2655 1758 2688 suum
1774 2658 1888 2698 cuique
1906 2658 1968 2691 effe

1108 2701 1325 2738 tribuendum,
1349 2708 1420 2740 quia
1436 2697 1581 2730 dominus
1598 2696 1662 2735 est,
1685 2698 1757 2737 quia
1773 2698 1814 2730 sic
1832 2699 1862 2730 in
1879 2698 1967 2732 Civi-

1109 2751 1174 2775 tate
1189 2742 1336 2780 habetur,
1362 2749 1437 2771 mox
1453 2739 1595 2779 rogabis,
1622 2747 1678 2769 cur
1695 2738 1736 2770 sic
1755 2738 1918 2780 habeatur,
1937 2740 1970 2774 ἀ

1107 2785 1138 2816 in
1159 2783 1311 2823 originem
1330 2780 1462 2812 dominii
1482 2780 1628 2820 inquires.
1674 2779 1788 2819 Titio,
1812 2781 1968 2820 ajes,n0n

1106 2825 1204 2865 magis
1224 2832 1293 2854 eum
1315 2821 1445 2853 fundum
1463 2830 1571 2852 natura
1588 2820 1695 2858 dedit,
1718 2830 1808 2861 quam
1824 2821 1968 2862 Maevio‚

1104 2866 1126 2899 fi
1141 2863 1311 2904 occupavit
1327 2861 1437 2894 Titius
1447 2884 1458 2900 ‚
1470 2861 1542 2902 quia
1558 2861 1729 2902 occupavit
1743 2870 1806 2893 rem
1821 2871 1968 2895 commu-

1103 2915 1195 2943 nem,
1221 2903 1364 2944 urgebis,
1386 2903 1509 2935 'l'itium
1527 2903 1587 2934 line
1608 2902 1694 2934 sacto
1713 2903 1826 2935 Maevii
1849 2904 1877 2935 ci
1903 2913 1968 2937 non

1103 2945 1237 2989 potuisse
1254 2945 1375 2985 eripere
1392 2944 1472 2976 suam
1490 2953 1619 2984 partem.
1666 2944 1713 2976 Ad
1732 2942 1880 2976 summum
1900 2944 1966 2977 sor-

1105 2998 1136 3020 te
1155 2986 1330 3024 concedes,
1354 2984 1500 3025 quamdiu
1519 2985 1652 3016 fundum
1674 2985 1855 3016 naturaliter
1877 2984 1966 3027 pessi-

1101 3030 1157 3060 det
1171 3027 1302 3065 Titius,
1325 3026 1481 3058 Maevium
1499 3027 1565 3067 ejus
1580 3026 1754 3066 occupandi
1771 3026 1818 3066 jus
1837 3036 1898 3058 non
1915 3026 1964 3058 ha·

1102 3071 1198 3106 bere,
1221 3068 1306 3109 quod
1332 3068 1512 3099 tantundem
1532 3067 1628 3108 juris,
1652 3074 1798 3108 quantum
1822 3063 1964 3107 Maevio,

1100 3111 1196 3142 etiam
1217 3109 1312 3141 'I'itio
1339 3116 1519 3149 competat,
1544 3110 1573 3140 ὁ(
1600 3109 1629 3139 in
1658 3108 1721 3148 pari
1746 3108 1833 3140 causa
1855 3108 1964 3140 melior

1100 3152 1135 3185 fit
1152 3151 1294 3182 conditio
1316 3149 1513 3191 pollitlcntis,
1537 3149 1730 3190 quodetiam
1750 3150 1825 3181 nihil
1845 3157 1964 3180 movea-

1101 3201 1172 3231 tur,
1198 3192 1253 3225 uisi
1281 3202 1296 3223 a
1321 3191 1462 3232 leniori,
1485 3191 1629 3232 quodque
1652 3190 1744 3228 idco,
1772 3190 1822 3222 ubi
1847 3199 1900 3231 par
1921 3187 1964 3262 qil:

1872 3240 1928 3261 cau
1945 3239 1962 3261 a
