2008 3436
446 103 848 139 CORNELII
923 104 1031 139 vAn

203 179 272 213 fans
291 204 302 220 ,
331 184 381 215 cui
409 184 541 216 nutricis
571 184 710 218 officium
745 195 806 216 ron
832 183 1011 222 accerserit,
1033 192 1068 215 ut

203 221 296 269 Philo
311 223 418 258 scribit
438 235 477 256 eo
496 227 588 266 loco,
620 237 713 268 quem
736 228 765 259 ἃ
785 226 1004 258 Gothofredus
1025 234 1068 256 at-

203 264 278 295 tulit
302 267 340 297 ad
370 270 399 300 a'.
431 268 451 298 l.
479 277 503 299 1.
549 268 609 301 Sed
631 279 668 300 an
690 269 715 300 is
733 278 820 300 error
833 271 928 299 etiam
944 275 1067 297 veteres

201 304 300 350 JCtos
317 310 557 351 occupaverat?
589 309 729 351 nuspiam
746 310 887 351 reperio,
912 308 988 350 quin
1006 317 1064 339 nec

200 345 368 381 Philonem
394 349 493 393 ipsum
518 352 700 393 occupaffe,
732 352 796 393 ipse
818 351 993 382 luculenter
1013 352 1063 382 de-

198 389 352 435 monstrat
366 402 406 424 eo
421 393 514 433 loco,
540 402 631 434 quem
651 393 739 434 supra
756 393 928 424 indicabam
945 403 984 424 ex
1008 393 1064 424 Le-

199 430 285 475 gzbar
295 435 473 472 specialibus
492 458 502 474 ,
536 435 588 466 ubi
611 444 700 472 eum,
720 435 772 474 qui
793 441 923 465 matrem
937 434 1065 465 foetum-

198 479 238 500 ve
257 481 290 503 in
312 483 403 506 utero
419 476 581 517 percussit,
608 484 642 506 ut
660 476 730 506 inde
749 480 877 505 abortus
902 473 1066 515 sequatur,

201 519 278 543 tunc
302 524 359 555 pro
385 517 543 548 homicida
571 516 744 547 habendum
768 515 873 548 censet
888 538 898 554 ,
919 516 941 547 ss
967 515 1067 546 foetus

201 561 264 598 non
292 557 328 587 iit
353 558 484 598 amplius
513 558 596 588 rudis
618 557 829 598 indigestaque
857 557 980 594 moles,
1015 555 1063 587 sed

207 106 276 147 360

197 594 333 628 formam
350 599 486 629 hominis
500 598 676 638 acceperit,
701 607 769 638 quae
784 598 982 643 dillintlioh&
995 597 1063 628 Plii-
1107 607 1125 638 q

190 633 340 679 >losopbis
360 639 543 679 quibusdam
571 642 702 680 pro'rata
723 638 806 670 fuit:
831 640 928 680 magis
947 640 1061 680 igitur,

197 674 364 719 lecundum
383 679 567 717 Philonem,
591 680 747 711 homicida
763 681 842 719 erit,
867 681 921 722 qui
939 688 1062 721 partum

195 724 255 754 jam
277 720 394 751 editum
415 722 586 753 necaverit.

238 759 297 791 Sed
323 760 390 792 haee
411 762 439 793 .ίί
465 762 509 793 ita
531 762 608 802 lint,
631 763 706 804 quid
723 763 845 795 tandem
861 763 1002 794 dicemus
1025 762 1064 792 de

196 799 223 829 h.
249 801 268 831 l.
294 802 349 835 gf?
374 803 403 834 ἃ
421 803 496 844 quid
518 805 673 843 tune,'ad
692 804 846 836 infantum
858 806 1062 836 necemcoer-

196 842 343 887 cendam,
378 853 457 885 opus
481 843 546 875 fuit
562 855 647 877 nova
672 845 936 877 Constitutione?
959 844 1062 885 Atque

194 884 216 912 11
240 882 362 916 scilicet
376 884 582 926 grassantibus
598 887 720 919 delit'tis
738 897 802 920 non
823 886 934 928 saepius
952 895 1062 918 occur-

781 977 1054 1014 CAPU

1106 97 1702 136 BYNKERSHOEK

1110 191 1195 215 ratur
1217 183 1310 214 novis
1330 181 1465 222 Legibus
1478 202 1488 217 ,
1516 188 1583 220 quae
1600 187 1748 220 repetunt
1764 187 1885 214 veteres
1906 193 1968 226 pm.

1110 235 1174 258 naS.
1220 225 1358 257 infantes
1381 223 1502 254 credere
1520 245 1529 260 ,
1556 221 1606 251 vel
1625 223 1759 261 primum
1785 231 1876 255 natos
1891 248 1902 264 ,
1921 226 1971 263 γει

1109 267 1332 309 aliquantisper
1357 265 1482 295 adultos
1497 286 1506 301 ,
1540 272 1597 303 pro
1624 263 1761 294 ludibrio
1788 263 1855 296 fere
1879 268 1968 301 habe-

1111 312 1184 340 bant
1202 308 1343 349 corrupti
1363 315 1466 337 mores
1482 305 1568 349 illius
1583 305 1701 349 aetaus,
1716 313 1749 335 ut
1766 307 1804 336 ab
1820 308 1888 340 aliis
1901 319 1969 350 pro-

1107 351 1172 382 lixe
1194 349 1391 381 observatum
1409 346 1474 384 est,
1498 347 1528 377 ὃς
1546 347 1812 384 ingravelcentem
1830 348 1908 383 lianc
1918 361 1968 384 ne⁴

1106 392 1236 432 quitiam
1253 400 1337 423 nova
1358 390 1442 430 Lege
1458 386 1652 431 compescuit
1670 386 1842 432 Imperator
1860 391 1970 425 Valen⁴

1111 434 1256 464 tinianus.
1300 432 1331 463 Si
1349 431 1416 462 haec
1435 430 1517 460 ratio
1541 435 1604 459 non
1623 427 1804 468 lustecerit,
1826 430 1889 464 dici
1903 433 1969 466 for.

1110 483 1141 505 te
1159 473 1281 514 postet,
1309 482 1371 504 non
1388 472 1478 503 aliam
1502 470 1619 510 Legem
1649 478 1722 501 ante
1740 470 1819 503 hanc
1848 472 1941 507 fuiss'e
1957 498 1969 515 ,

1109 525 1177 555 quae
1205 514 1392 546 nominatim
1415 513 1454 543 de
1480 511 1653 542 infantibus
1677 511 1838 553 edixerat,
1861 515 1893 548 in
1913 515 1970 550 hos

1108 557 1162 588 sibi
1195 553 1266 597 plus'
1290 557 1384 588 licere
1410 553 1429 584 fi
1452 553 1520 593 quis
1547 551 1717 597 malesanus
1747 555 1938 589 existimaret
1956 582 1969 599 ,

1130 597 1191 628 uod
1220 596 1443 629 Constantinus
1472 595 1502 625 in
1526 595 1554 625 d.
1578 594 1598 625 l.
1619 604 1668 625 urz..
1687 594 1750 634 sltz'
1765 598 1970 639 meminisset,

1106 638 1242 670 distincti
1269 636 1399 669 fortass'e
1430 636 1468 666 ab
1488 634 1608 667 infante
1624 637 1675 668 vel
1697 645 1807 678 partu,
1827 640 1893 680 ejus
1914 641 1968 672 im-

1106 679 1280 721 prudentia:
1301 679 1353 709 hic
1373 675 1537 708 occursum
1555 677 1610 710 est.
1654 678 1763 718 Addo,
1788 683 1873 722 quod
1888 681 1971 714 Con-

1106 720 1231 752 stantini
1253 718 1450 751 Constitutio
1476 715 1573 748 fuerit
1603 719 1708 751 emiss'a
1740 720 1778 751 ad
1809 721 1972 757 Vicarium

1106 761 1222 794 Africae
1233 783 1244 799 ‚
1266 769 1366 801 neque
1383 760 1455 790 ideo
1469 758 1555 789 forte
1572 759 1681 791 Romae
1697 760 1889 805 innotuerit,
1901 768 1970 799 haec

1105 811 1210 835 autem
1233 803 1252 833 l.
1276 807 1305 836 8.
1329 801 1400 832 data
1424 799 1487 831 fuit
1512 799 1620 845 Romae
1635 801 1671 832 ad
1688 801 1871 838 Praefeetum
1888 808 1970 840 Prae-

1106 844 1201 875 torio.
1234 850 1331 883 utque
1358 842 1403 873 ita
1431 840 1540 872 multis
1563 841 1665 874 modis
1684 852 1750 875 non
1770 844 1808 877 fit
1827 847 1969 881 laboran-

1104 885 1178 918 dum
1198 884 1236 916 de
1250 885 1372 915 ratione
1391 891 1484 914 novae
1500 881 1602 923 Legis.

1107 976 1141 1010 T
1242 975 1412 1011 VIII.

245 1062 295 1100 De
322 1066 557 1102 venundatione
583 1065 748 1114 infantum
768 1093 780 1111 ,
808 1066 849 1107 &⁹
874 1078 930 1112 qao
957 1064 1139 1112 discrimine
1163 1064 1244 1100 hanc
1270 1063 1439 1098 habuerint
1468 1061 1574 1109 Leges
1599 1070 1725 1099 veteres
1749 1063 1792 1105 ὅ)
1814 1077 1915 1102 novae.

251 1163 259 1194 i
279 1162 426 1196 haetenus
450 1165 533 1196 recte
555 1164 709 1206 disputavi
723 1186 733 1202 ,
762 1174 820 1197 nec
841 1164 913 1204 Jure
929 1163 1029 1194 veteri
1049 1184 1059 1200 ,

268 1205 352 1244 quod
382 1206 413 1237 in
443 1205 604 1237 Pandeetis
621 1228 633 1244 ,
662 1215 720 1237 nec
743 1206 814 1246 Jure
839 1215 926 1236 novo
941 1227 952 1242 ,
974 1204 1058 1244 quod

191 1246 225 1277 in
247 1245 538 1278 constitutionibus
556 1246 601 1278 est
643 1247 732 1278 licuit
758 1246 932 1284 infantem,
954 1245 1056 1284 cujus-

190 1296 315 1328 cunque
334 1287 459 1319 demum
479 1288 580 1319 aetatis
598 1271 714 1325 fuerit,
735 1287 888 1318 occidere.
921 1285 1007 1331 Quid
1020 1285 1058 1315 de

190 1327 425 1360 venundatione
446 1329 616 1360 dicemus?
645 1329 697 1368 Jus
724 1327 844 1359 scilicet
861 1334 954 1358 vetus
976 1333 1058 1357 inter

191 1375 317 1400 aetatem
335 1379 399 1401 non
418 1368 611 1407 distinxifl‘e,
634 1369 703 1407 sed,
726 1368 810 1410 quod
824 1367 950 1398 tradidit
962 1389 974 1405 ,
988 1376 1058 1408 pro-

188 1409 307 1441 miscue
336 1409 492 1441 tradidisse
515 1410 554 1442 de
581 1410 819 1451 quibuscunque
833 1409 961 1446 liberis,
983 1415 1058 1439 natu

172 1451 358 1490 *majoribus
377 1451 429 1482 vel
446 1451 634 1483 minoribus:
659 1461 729 1483 nam
748 1450 832 1492 quod
858 1450 896 1481 de
915 1449 1055 1491 prohibi-

173 1499 219 1527 ,ta
241 1492 412 1522 moerorum
437 1492 620 1524 venditione
649 1493 678 1524 ὃς
703 1492 964 1533 oppigneratione
982 1514 991 1529 ‚
1014 1500 1055 1521 ex

188 1532 309 1573 vulgari
327 1532 433 1573 regula
445 1555 456 1570 ,
478 1542 602 1565 veteres
625 1534 776 1565 Aue‘tores
789 1533 957 1570 dixerunt,
978 1531 1055 1563 indi-

186 1572 296 1605 stinete
310 1573 427 1605 dietum
446 1574 506 1606 est:
531 1575 615 1615 quod
632 1575 712 1606 idem
731 1574 844 1606 Paulus
865 1574 904 1605 L.
917 1573 957 1605 V.
982 1574 1053 1605 Sen-

187 1620 260 1646 tent.
286 1614 320 1646 T.
344 1614 369 1646 Ι.
405 1614 433 1655 §.
464 1625 491 1647 1.
514 1616 552 1647 de
568 1617 759 1657 exceptione
773 1616 874 1653 dixit,
898 1614 960 1646 hoc
979 1614 1022 1645 est
1040 1638 1050 1653 ‚

185 1656 224 1687 de
243 1656 311 1694 his,
332 1657 382 1697 qm·
399 1658 636 1698 contemplatione
655 1663 788 1689 extremae
808 1656 981 1697 rzeceffltatis
999 1655 1023 1687 F
1027 1655 1053 1687 I-

184 1697 281 1729 LIOS
300 1697 405 1730 SUOS
431 1699 647 1737 vendiderint,
670 1699 758 1730 vides
775 1707 900 1739 quoque
911 1696 1052 1728 dicinul-

183 1739 214 1770 ia
232 1738 338 1770 habita
363 1738 464 1771 aetatis
487 1739 673 1771 differentia.
718 1740 811 1772 Unde
828 1741 858 1771 dt
877 1747 965 1779 pater
983 1762 992 1777 ,
1017 1737 1051 1769 fi-

182 1779 260 1811 lium
277 1779 494 1819 distracturus,
516 1781 596 1821 apud
612 1781 756 1813 Bafiliuin
769 1781 902 1812 Sermone
918 1780 972 1818 περὶ
988 1789 1052 1808 πλε-

182 1827 275 1857 ονίξιας
301 1827 332 1862 p.
365 1832 403 1853 m.
434 1831 484 1863 47.
517 1822 630 1853 dubius
656 1822 777 1854 consilii
798 1822 859 1861 est,
884 1831 977 1862 quem
1015 1831 1048 1853 o-

183 1862 245 1893 tius
263 1873 302 1894 ex
322 1861 417 1902 filiis,
440 1872 475 1894 ut
491 1872 650 1905 expungat
667 1874 708 1895 aes
717 1864 872 1901 alienum,
893 1862 1001 1894 distrae
1018 1873 1049 1894 u·

179 1913 231 1935 rus
263 1904 299 1935 iit
322 1925 334 1942 ,
366 1903 540 1943 seniorem,
568 1915 605 1936 an
624 1905 809 1945 juniorem?
832 1905 985 1945 Exempla
1005 1912 1049 1935 et-

180 1945 265 1983 iam,
296 1954 364 1986 quae
391 1944 481 1987 supra
505 1946 618 1985 attuli,
652 1955 723 1977 cum
747 1946 957 1984 venditionis,
981 1953 1048 1977 tum

181 1986 470 2027 oppignerationis,
493 1987 583 2018 nullo
599 1986 777 2019 discrimine
790 1988 905 2019 liabent
920 1986 1049 2024 liberos,

180 2027 396 2067 cujuscunque
413 2029 516 2059 aetatis
532 2028 599 2059 fint.
645 2028 687 2059 Et
712 2028 781 2060 sane
805 2029 827 2061 fi
845 2027 909 2060 sola
926 2027 1049 2058 ratione

179 2066 491 2100 consultadeliberes
509 2069 538 2100 ὅ(
557 2069 720 2108 decernas,
743 2070 798 2102 vix
818 2078 955 2101 mercem
973 2078 1047 2100 ven-

177 2108 309 2140 dibilem
322 2108 439 2141 dixeris
455 2110 638 2149 anniculos,
660 2111 712 2142 vel
730 2112 825 2142 etiam
841 2110 978 2141 bimulos
993 2109 1045 2141 tri-

164 2149 326 2189 ,mulosve
348 2149 485 2182 infantes
506 2173 517 2188 ,
540 2151 672 2183 tremula
688 2152 784 2192 patris
799 2151 991 2183 dormientes
1014 2151 1045 2182 in

178 2191 272 2229 ulna,
300 2191 356 2232 qui
383 2192 467 2223 enim
488 2192 588 2230 emit,
618 2193 694 2224 emit
709 2194 746 2224 ad
770 2202 879 2234 operas
895 2192 948 2224 fibi
965 2201 1042 2232 prae-

165 2231 317 2271 standas,
343 2242 405 2264 non
424 2233 460 2264 ad
476 2233 624 2264 alimenta
638 2257 647 2271 ,
679 2234 748 2274 ipsis
766 2233 935 2275 praestanda
954 2243 963 2271 3
987 2243 1042 2274 po-

178 2272 237 2304 test
252 2281 371 2305 xtamen
387 2297 397 2312 ,
428 2273 450 2306 fi
475 2274 555 2305 velit
573 2298 583 2313 ,
602 2312 605 2313 ⁷
622 2273 706 2315 spem
734 2284 900 2316 operarum
928 2284 1039 2305 emere.

178 2313 274 2359 Quod
310 2314 347 2346 ad
370 2323 513 2355 partum,
545 2325 584 2346 ne
598 2316 723 2356 quidem
742 2326 776 2347 ea
790 2316 827 2348 ad
845 2315 1040 2347 vendendum

175 2355 335 2387 neceffitas
350 2365 461 2397 urgere
483 2357 623 2397 poterit,
651 2366 741 2397 quam
756 2358 787 2389 in
804 2356 871 2396 his,
892 2357 944 2397 qui
964 2356 1042 2388 laete

175 2404 319 2427 materno
337 2406 400 2428 non
417 2397 564 2436 aluntur,
586 2407 644 2429 nec
670 2406 773 2430 tamen
799 2398 851 2430 fibi
869 2398 905 2429 ad
922 2397 1042 2428 vietum

174 2436 343 2468 sufficiunt.
387 2437 548 2510 Qduicquid
577 2439 613 2471 fit
631 2462 642 2478 ,
677 2439 730 2479 Jus
753 2447 846 2471 vetus
861 2448 924 2470 non
937 2438 1042 2470 distin-

160 2478 245 2516 ixit,
267 2477 317 2509 sed
344 2487 405 2510 ven
432 2481 521 2511 itoris
548 2481 761 2521 emptor-isque
780 2479 952 2521 prudentiae
970 2480 1041 2511 reli-

160 2519 243 2560 vquit
256 2543 265 2558 ,
291 2528 409 2560 ecquos
427 2520 562 2561 liberos,
585 2522 823 2562 contemplatione
843 2527 976 2552 extremae
993 2531 1041 2552 ne-

159 2559 328 2601 .ceffitatis,
351 2561 487 2593 vendere
505 2563 555 2593 vel
571 2572 674 2594 emere
689 2563 786 2604 magis
805 2562 881 2594 ess'et
899 2571 1038 2594 commo-

161 2601 246 2641 ¹dum
267 2601 318 2632 vel
337 2601 427 2633 utile.
525 2608 534 2645 ᾗ]

212 2642 271 2674 Sed
303 2642 378 2683 quid
403 2643 476 2683 Jure
495 2644 611 2676 nbvo‘?
641 2646 698 2683 Si,
718 2653 754 2676 ut
771 2652 922 2685 oportet,
943 2644 1036 2676 ratio-

170 2692 240 2715 nem
258 2684 409 2729 temporis
432 2682 614 2725 sequamur,
633 2687 767 2727 primum
779 2694 951 2717 occurrunt
967 2686 1037 2717 dua:

169 2723 367 2756 Constantini
385 2724 435 2756 M.
453 2725 552 2766 Leges
564 2749 575 2764 ,
618 2737 670 2758 uas
689 2727 780 2758 nobis
798 2725 909 2758 Codex
929 2726 1037 2757 Theo-

167 2765 310 2798 dofianus
330 2763 467 2798 servavit
498 2767 538 2798 L.
565 2767 597 2800 X
618 2793 624 2800 .
660 2767 692 2800 T.
718 2778 768 2808 27.
799 2769 831 2798 a'e
854 2766 1036 2805 Alimenta,

169 2816 228 2847 quae
246 2809 342 2847 inopes
359 2806 501 2838 Parentes
516 2810 549 2838 cle
567 2810 683 2849 publico
699 2814 796 2850 petere
817 2809 928 2838 debent.
974 2808 1034 2838 Pri-

168 2857 249 2879 mam
266 2848 382 2879 Lenem
396 2871 406 2887 ,
429 2858 498 2890 quse
515 2849 550 2880 ad
568 2850 579 2881 I
586 2851 688 2882 taliam
702 2850 837 2891 pertinet
848 2873 857 2888 ,
882 2847 1031 2879 Constan-

167 2888 250 2920 tinus
268 2871 356 2920 dedit
371 2899 453 2921 anno
469 2889 632 2922 CCCXV.
657 2892 688 2922 in
711 2890 777 2922 haec
795 2890 904 2921 verba:
930 2890 1031 2921 AEreis

167 2930 274 2960 tabulis
301 2930 349 2961 vel
379 2931 549 2973 certtffatis,
581 2938 632 2963 aut
662 2933 762 2963 linteis
791 2932 902 2972 mappis
914 2930 1030 2971 scripta

162 2975 222 3008 per*
236 2981 330 3001 omnes
361 2972 505 3003 Civitates
536 2972 631 3004 ltaliae
650 2979 827 3014 proponatur
861 2972 947 3009 Lex,
970 2982 1030 3013 qua·

169 3010 330 3043 Parentum
344 3022 447 3044 manus
465 3022 485 3045 A
505 3013 715 3046 Priameimo
739 3020 859 3052 arceat,
878 3018 1029 3054 votumque

165 3056 262 3096 vertat
285 3053 317 3083 2⁴72
343 3054 445 3084 melias
460 3076 472 3091 ,
504 3052 678 3096 officiumque
703 3061 782 3086 tuum
804 3057 860 3086 l‘aec
880 3064 949 3085 cara
964 3060 1029 3094 per-

161 3088 314 3132 strmgat,
342 3100 374 3124 ut
395 3093 423 3133 fi
438 3096 501 3135 quis
519 3095 633 3127 Par-ens
648 3096 918 3137 adferatfhbolam,
941 3104 1027 3136 quam

1102 1160 1249 1202 nascentis
1265 1160 1403 1200 infantiae
1415 1169 1508 1190 moras
1519 1159 1602 1199 ferre
1619 1169 1675 1191 non
1686 1160 1780 1203 poffit.
1814 1162 1867 1195 Ad
1880 1173 1966 1206 quam

1101 1212 1162 1233 rem
1177 1201 1213 1237 δᾶ
1226 1201 1339 1241 Fzscum
1357 1197 1500 1240 nostrum,
1535 1200 1571 1234 {5⁹
1587 1211 1648 1232 rem
1661 1204 1815 1242 privatam
1829 1206 1966 1246 indisere-

1102 1249 1133 1273 ta
1160 1241 1290 1284 juffimus
1311 1243 1434 1281 praehere
1460 1240 1598 1281 obsequia.
1652 1243 1791 1275 Alteram
1821 1245 1866 1277 Le
1888 1256 1938 1278 em
1954 1269 1967 1285 ‚

1100 1293 1170 1324 quae
1186 1283 1222 1313 ad
1238 1282 1379 1314 Africam
1394 1281 1552 1322 pertinet,
1570 1282 1656 1314 dedit
1671 1293 1753 1315 anno
1765 1284 1851 1318 CCC
1887 1287 1964 1320 XII.
2002 1287 2004 1290 '

1101 1326 1131 1356 ὧι
1152 1323 1289 1364 ejusdem
1313 1322 1404 1363 plane
1432 1323 1606 1363 argumenti
1625 1324 1668 1355 est
1679 1347 1690 1363 ‚
1713 1323 1765 1356 sed
1782 1326 1840 1357 hac
1853 1327 1965 1367 praefa-

1101 1366 1205 1396 tione:
1238 1363 1442 1396 Provinciales
1464 1361 1588 1405 egestate
1612 1364 1706 1396 victus
1723 1372 1807 1408 atque
1822 1368 1966 1402 alinwnioe

1100 1408 1200 1447 inopia
1220 1406 1402 1443 laborantes,
1425 1405 1602 1446 liberosficos
1620 1408 1743 1438 ‘vendere
1767 1409 1816 1439 vel
1829 1411 1964 1453 oppigne-

1099 1454 1165 1479 rare
1190 1450 1385 1490 cognovimus.
1431 1446 1473 1477 Et
1500 1445 1663 1488 postquam
1694 1449 1733 1480 de
1780 1449 1888 1482 ublico
1910 1451 1964 1484 ali-

1098 1497 1202 1520 menta
1226 1488 1287 1520 esse
1314 1488 1478 1529 praebenda
1502 1487 1662 1526 edixerat,
1690 1490 1735 1522 ita
1777 1492 1841 1523 nit:
1865 1492 1966 1524 abhor-

1096 1536 1141 1562 ret
1158 1531 1236 1561 enim
1250 1527 1353 1570 nostris
1371 1530 1516 1567 moribus,
1539 1535 1571 1561 ut
1594 1540 1761 1573 quemquam
1770 1532 1857 1572 fame
1876 1532 1962 1574 confi-

1096 1573 1142 1610 ci,
1176 1571 1224 1602 vel
1251 1581 1299 1603 An
1330 1576 1515 1602 INDIGNUM
1538 1580 1684 1604 memus
1696 1575 1847 1614 prorumpi
1863 1584 1961 1607 conce-

1095 1614 1204 1644 damus.
1251 1612 1286 1644 In
1310 1611 1410 1653 prima
1442 1610 1528 1652 Lege
1552 1613 1616 1653 agit
1646 1614 1684 1645 de
1701 1614 1889 1647 educatione
1907 1626 1959 1648 ηα-

1086 1654 1199 1695 scentis
1223 1654 1384 1694 z'nfantz'ae:
1414 1660 1511 1693 utque
1534 1654 1611 1685 adeo
1639 1655 1676 1686 ad
1709 1654 1795 1688 solos
1824 1656 1963 1693 infantes

1095 1696 1252 1737 pertinere
1275 1695 1419 1725 videatur
1437 1717 1447 1733 ,
1476 1695 1508 1725 in
1525 1695 1621 1726 altera
1644 1696 1826 1737 simpliciter
1843 1699 1877 1729 cle
1892 1699 1959 1730 lilia·

1095 1739 1136 1768 ris
1148 1759 1159 1775 ‚
1181 1735 1267 1768 forte
1286 1735 1379 1767 etiam
1398 1735 1587 1775 infantibus,
1610 1738 1700 1779 quia,
1721 1745 1756 1770 ut
1779 1739 1864 1779 dixi,
1885 1740 1962 1772 utri-

1094 1787 1194 1819 usque
1209 1784 1426 1819 argumentum
1443 1779 1604 1811 convenit.
1661 1779 1788 1819 Credo,
1808 1780 1848 1811 de
1860 1780 1960 1813 infan-

1095 1819 1179 1851 tibus
1193 1819 1337 1851 locutum
1355 1817 1578 1859 Imperatorem
1590 1842 1601 1858 ,
1622 1821 1707 1861 quod
1721 1821 1759 1852 de
1775 1821 1881 1853 liberis
1889 1831 1957 1862 per-

1092 1860 1185 1892 fectae
1210 1861 1312 1892 aetatis
1337 1860 1400 1891 tale
1422 1859 1494 1900 quid
1518 1870 1582 1892 non
1604 1860 1832 1903 suspicaretur,
1846 1870 1901 1894 ut·
1926 1864 1958 1896 ui

1093 1901 1221 1943 seipsos
1246 1902 1396 1933 exhibere
1423 1900 1554 1941 poffint,
1582 1904 1665 1934 vela
1685 1903 1795 1944 quibus
1833 1873 1958 1936 rofecclto

1091 1953 1155 1975 non
1182 1943 1226 1975 est
1252 1952 1314 1975 tam
1345 1943 1547 1975 metuendum
1567 1966 1579 1982 ,
1608 1953 1698 1985 quam
1718 1944 1755 1975 ab
1774 1945 1804 1976 in
1823 1944 1956 1978 antibus.

1091 1983 1143 2016 Ne
1161 1994 1265 2016 autem
1288 1982 1431 2025 exl'pceta
1459 1985 1620 2026 utriusque
1645 1985 1738 2026 Legis
1752 1986 1844 2017 aliam
1862 1985 1955 2018 inter-

1091 2027 1322 2066 pretationem,
1348 2035 1441 2066 quam
1463 2025 1596 2065 jacobus
1617 2025 1839 2058 Gothofredus
1858 2026 1956 2067 dedit,

1093 2068 1122 2099 ὃ(
1139 2076 1209 2107 quae
1238 2067 1340 2108 potest
1367 2066 1526 2106 iufficei·e;
1550 2067 1611 2099 hoc
1630 2066 1827 2099 solummodo
1844 2068 1875 2100 in
1890 2076 1956 2101 rem

1090 2108 1226 2140 nostram
1259 2108 1355 2139 velim
1385 2106 1570 2147 observari,
1604 2108 1845 2141 Constantinum
1869 2109 1900 2142 δι
1919 2116 1954 2141 ut

1089 2149 1254 2190 parricidia
1266 2172 1275 2187 ,
1298 2150 1327 2180 ἃ
1346 2156 1381 2180 ut
1401 2149 1600 2181 venditiones
1620 2150 1955 2192 oppignerationesque

1088 2192 1259 2222 liberorum
1276 2197 1412 2229 arceret,
1437 2200 1599 2231 utramque
1608 2190 1723 2232 Legem
1739 2191 1870 2226 edixisse
1922 2188 1955 2224 δὲ

1085 2231 1257 2263 decrevisse
1267 2254 1277 2269 ‚
1291 2239 1324 2262 ut
1341 2232 1488 2263 alimenta
1503 2232 1715 2272 praeberentur
1732 2232 1864 2273 publico
1874 2214 1954 2264 s'utn-

1085 2281 1162 2314 ptu,
1191 2282 1230 2304 ne
1256 2273 1325 2314 quis
1350 2274 1387 2303 ad
1421 2268 1710 2314 r'rzclz'grzzmzsacinm
1725 2279 1924 2315 prorumperet
1939 2282 1953 2311 ;

1084 2314 1125 2346 fic
1144 2322 1241 2345 vocat
1259 2314 1430 2345 liberorum
1445 2315 1582 2352 caedem,
1606 2324 1665 2346 nec
1681 2315 1860 2353 immerito,
1879 2323 1953 2347 cum

1085 2354 1149 2396 ipse
1168 2363 1241 2386 ante
1260 2355 1495 2395 quadriennium
1517 2356 1544 2386 ei
1574 2365 1697 2396 poenam
1718 2355 1872 2396 parricidii
1892 2354 1950 2387 sta-
1970 2355 1974 2361 “

1087 2396 1194 2428 tuisset
1208 2397 1240 2428 in
1263 2399 1284 2427 l.
1305 2406 1354 2427 aa.
1389 2397 1422 2427 C.
1453 2398 1486 2427 de
1511 2396 1572 2428 His
1592 2399 1640 2443 qul
1658 2401 1778 2437 parent.
1797 2395 1845 2427 vel
1864 2396 1949 2430 liber.

1085 2439 1206 2469 occider.
1251 2436 1398 2469 Decretis
1418 2438 1459 2469 fic
1482 2447 1500 2469 e
1522 2438 1652 2478 publico
1683 2437 1841 2468 alimentis
1858 2437 1950 2470 cessa-

1086 2482 1139 2510 bat
1159 2478 1248 2510 causa
1266 2479 1465 2519 exceptionis
1477 2503 1486 2518 ‚
1511 2488 1602 2519 quam
1628 2478 1742 2509 Paulus
1757 2485 1922 2510 notaverat
1935 2502 1948 2519 ‚

1084 2519 1217 2552 ceffabat
1250 2519 1313 2560 ipsa
1342 2521 1511 2560 exceptio,
1539 2528 1598 2550 nec
1620 2519 1763 2559 cuiquam
1784 2518 1948 2553 hominum

1084 2569 1160 2593 tunc
1189 2562 1326 2599 licebat,
1358 2560 1421 2591 ulla
1439 2560 1478 2591 de
1500 2559 1607 2598 causa,
1638 2569 1676 2591 ne
1696 2559 1821 2599 quidem
1845 2568 1947 2593 extre·

1083 2612 1141 2633 mre
1172 2601 1384 2640 ncccffitatis,
1414 2601 1529 2634 liberos
1561 2599 1632 2632 suos
1663 2601 1716 2632 vel
1738 2600 1872 2634 vendere
1893 2601 1947 2636 vel

1082 2643 1297 2684 oppignerare.

1123 2684 1196 2716 Sive
1217 2691 1320 2714 autem
1340 2682 1531 2714 neceffitates
1548 2682 1623 2714 belli
1641 2683 1720 2715 hanc
1739 2683 1897 2725 publicam
1909 2683 1946 2718 li-

1080 2725 1274 2756 beralitatem
1289 2723 1568 2755 interturbaverint
1578 2748 1586 2762 ‚
1608 2724 1671 2755 sive
1686 2724 1828 2757 homines
1838 2725 1944 2758 nolue-

1079 2767 1142 2797 rint
1165 2774 1226 2796 aere
1251 2765 1380 2805 publico
1409 2773 1624 2806 paupertatem
1656 2775 1834 2808 expugnare
1850 2788 1860 2806 ,
1892 2765 1942 2800 sed

1077 2806 1243 2838 maluerint
1258 2806 1287 2836 id
1302 2804 1407 2837 facere
1424 2816 1484 2837 aere
1501 2806 1626 2846 privato
1639 2831 1648 2845 ,
1669 2806 1689 2838 fi
1710 2817 1772 2839 non
1788 2805 1844 2839 suo
1855 2816 1940 2846 ,cer-

1077 2856 1108 2879 te
1124 2848 1247 2884 alieno,
1268 2847 1360 2887 quia,
1389 2847 1537 2887 quicquid
1560 2848 1671 2879 horum
1689 2847 1808 2886 fucrit,
1827 2848 1938 2882 nihilo-

1074 2889 1176 2920 minus
1208 2887 1486 2928 frequentabantur
1510 2890 1637 2930 indigna
1666 2889 1720 2920 illa
1731 2889 1894 2930 facinora,
1914 2890 1937 2922 i-

1072 2929 1125 2970 pse
1146 2929 1199 2960 ille
1217 2927 1440 2961 Constantinus
1456 2932 1697 2970 exceptionem,
1720 2939 1789 2970 qua:
1798 2930 1936 2971 Jurisve-

1073 2971 1147 3001 teris
1165 2968 1244 3003 fuit,
1269 2970 1298 3000 in
1318 2969 1404 3001 usum
1421 2971 1587 3002 revocavit
1608 2970 1661 3002 illa
1679 2970 1935 3015 Constitutione,

1072 3021 1141 3052 quae
1159 3010 1260 3042 exstat
1283 3011 1313 3042 in
1347 3011 1367 3042 l.
1387 3021 1415 3042 2.
1443 3011 1474 3042 C.
1501 3010 1582 3055 Just.
1613 3013 1647 3042 cle
1679 3012 1797 3044 Patrt'h.
1819 3014 1868 3054 qui
1885 3012 1932 3053 fit.

1062 3055 1130 3093 suos
1149 3051 1302 3092 distraxer.
1333 3052 1384 3083 ubi
1413 3052 1450 3083 ad
1470 3053 1701 3084 Provinciales:
1733 3053 1767 3084 Si
1807 3055 1851 3085 uis
1866 3059 1932 3094 pro-

1066 3098 1133 3134 pter
1153 3095 1274 3124 mimam
1290 3099 1490 3133 paupertatem
1504 3092 1734 3136 egestatemque,
1754 3095 1787 3125 vi
1816 3103 1848 3126 us
1864 3103 1929 3126 cau-

158 3136 212 3170 pro
227 3137 396 3177 paupertate
414 3138 533 3166 educare
552 3147 609 3168 non
625 3136 705 3178 poffit
716 3159 726 3174 ,
746 3147 797 3168 nec
815 3139 847 3168 in
863 3137 1024 3174 alimentis,
1057 3134 1096 3175 ja
1108 3156 1118 3171 ,
1131 3133 1228 3173 silium
1243 3134 1379 3173 ¹filiamve
1385 3135 1628 3177 sanguinolentos
1646 3136 1829 3174 vendiderit,
1848 3143 1930 3167 VEN-

161 3179 214 3201 nec
238 3180 270 3201 ιη
303 3172 378 3212 veste
403 3177 595 3215 impertienda
619 3179 750 3210 tardetur
767 3201 777 3217 ,
813 3178 1022 3220 curn-educatio
1067 3184 1217 3207 mrtem:
1246 3184 1284 3207 m
1313 3185 1384 3210 noc
1409 3183 1664 3208 TANTUMMODO
1698 3184 1782 3208 cAsu
1800 3183 1928 3207 VALEN-

1861 3223 1925 3254 TE,
