2008 3436
430 101 827 138 CORNELII

191 187 255 228 ejus
278 188 408 228 periculi
428 213 437 228 ,
469 189 552 228 quod
575 188 732 222 assecurati
764 186 864 220 subire
887 196 1050 229 poterant:

191 230 223 261 id
244 229 308 261 sieri
335 239 398 262 non
424 231 509 271 posse
525 255 533 269 ,
559 231 687 263 mininie
712 238 827 270 negant
850 231 879 261 d.
904 229 951 271 §§.
976 231 1051 271 quin

190 271 277 311 ajunt
299 272 420 312 potius,
442 273 527 311 quod
552 273 589 304 ad
614 271 755 308 ν’πτροχνῖν,
787 270 907 303 ratione
931 270 1052 303 scilicet

190 312 313 351 damni,
337 314 420 354 quod
439 313 641 345 assecuratuin
659 319 774 344 manet.

235 353 293 386 His
304 354 382 385 addo
394 378 402 391 ,
415 355 630 386 Mei-catorum
642 353 920 394 Hamburgensium
937 354 1051 385 bonam

189 393 281 426 fidem
297 396 327 427 iii
343 396 400 426 liae
417 394 503 427 eausa
517 395 719 434 undequaque
730 395 911 434 pelluxifse,
935 395 1052 426 &lianc

189 436 222 467 in
245 437 352 475 primis
374 435 592 477 inspiciendam
613 435 700 475 jubet
721 437 750 466 d.
774 436 802 477 ᾗ.
837 446 882 476 ¹5·
918 436 951 466 T.
979 435 1049 466 Vis.

191 477 263 513 LL.
289 478 328 509 P.
356 481 445 519 1563.
470 477 569 508 literis
591 476 674 508 enim
698 476 735 507 ad
752 477 960 510 mandatas-ios
981 475 1050 507 suos

188 517 438 550 Amsterdamum
454 518 534 549 datis
546 517 811 558 fignificaverant‚
837 526 870 550 ut
891 528 930 549 ex
944 516 1050 549 instru-

187 560 302 590 mentis
330 560 392 591 litis
417 558 594 597 constabat,
621 557 651 589 se
674 559 807 598 primum
832 558 1049 596 constituisse,

188 608 225 631 ut
254 599 458 632 Amsterdami
478 600 570 640 passo
596 598 829 632 assecurationis
848 600 1047 636 insereretur,

179 651 228 675 ,ne
245 641 383 679 valeret,
408 650 478 680 qua:
496 640 537 672 ibi
552 640 664 678 fici-et,
686 640 889 677 assecuratio.
916 640 1051 682 nisipost

186 681 310 714 finitum
330 681 505 722 perieulum
533 681 766 713 assecurationis
785 681 976 722 Genuensis,
999 681 1050 713 sed

186 723 249 755 sese
271 731 432 760 metuere,
455 732 494 754 ne
518 723 550 754 id
591 723 692 755 astum
709 723 816 755 litibus
835 723 955 756 causam
973 733 1050 764 prae-

185 764 292 802 beret,
312 764 384 805 quia
399 763 547 796 desiderat
587 788 594 796 .
618 775 650 806 3.
677 764 718 796 A.
742 773 776 796 ut
791 766 881 806 pae'to
901 765 1051 806 exprima-

187 811 239 851 tur
262 805 351 837 loeus
369 828 378 843 ‚
402 815 440 837 ex
467 815 528 846 quo
559 805 941 853 assecuratio-inciperet,
965 805 1050 847 quod

187 854 298 888 utrque
316 855 370 887 pei·
388 855 490 878 rerum
513 855 653 879 naturam
672 856 804 888 exprimi
821 857 884 879 non
903 855 1050 888 poterat.

185 896 257 919 eum
283 888 500 929 ignoraretur,
522 888 575 919 ubi
596 888 685 920 navis
711 888 747 920 fit
775 889 958 930 navigatura
980 888 1051 930 post

186 928 307 969 elapsos
324 938 387 960 tres
403 928 523 961 menses
539 929 771 961 assecurationis
788 928 975 969 Genuensis;
998 931 1048 962 ad-

186 970 370 1012 duntquein
382 971 488 1002 eadem
507 970 654 1011 epistula,
673 970 704 1002 se
719 980 822 1003 certos
840 971 900 1003 esse
911 993 921 1009 ,
935 981 1048 1005 navem

185 1011 286 1042 adbuc
306 1011 397 1043 llliee
414 1011 525 1044 haesisse
538 1035 550 1050 ,
572 1021 643 1044 cum
660 1012 790 1044 ultimus
805 1013 865 1052 jam
887 1012 997 1044 mensis
1019 1023 1049 1044 a·

184 1060 311 1093 geretur
329 1052 561 1085 assecurationis
573 1052 764 1091 Genhenfis,
790 1053 820 1084 ὅ(
831 1053 912 1085 10101
929 1053 1049 1086 11110010

186 1094 217 1125 ἃ
242 1094 370 1132 1000111,
391 1094 444 1126 ubi
467 1094 574 1126 futura
594 1093 670 1125 esset
692 1094 782 1125 navis
804 1094 875 1134 post
901 1103 961 1126 tres
979 1095 1048 1127 illos

185 1135 304 1167 menses
323 1135 460 1176 elapsos,
484 1135 628 1176 exiguum
651 1135 722 1167 fore
735 1134 909 1167 discrimen.
955 1135 1046 1177 Opti-

185 1185 236 1208 ma
254 1175 322 1210 sane
341 1176 443 1208 fides?

228 1217 335 1260 Quare
359 1218 509 1255 Senatus,
534 1217 640 1257 paucis
661 1216 828 1248 admodum
846 1217 1048 1250 dissentienti-

185 1258 259 1297 bus,
287 1268 334 1296 19.
357 1258 416 1299 Jul.
443 1266 531 1298 1707.
549 1258 622 1299 (1)
639 1267 679 1289 ex
698 1258 929 1298 appellatione,
943 1258 1048 1290 Curiae

185 1298 372 1331 sententiam
389 1299 554 1340 probavit,
577 1299 731 1331 damnatis
745 1299 840 1331 etiam
860 1299 1047 1332 assecurato-

183 1341 270 1373 ribus
293 1341 324 1371 in
348 1339 451 1372 usuras
477 1341 607 1372 trientes
631 1350 648 1372 a
671 1341 726 1372 lite
743 1340 925 1373 contestata.
971 1341 1049 1373 Erat

183 1382 278 1413 etiam
303 1382 433 1414 Senator
445 1404 456 1419 ,
479 1382 532 1422 qui
556 1391 610 1414 eos
625 1381 752 1414 volebat
767 1382 910 1414 damnare
926 1383 956 1414 in
974 1392 1047 1414 cen-

183 1422 323 1461 tesimas,
344 1423 410 1462 ejus
436 1423 583 1462 summae,
608 1433 676 1465 quae
701 1433 717 1455 a
735 1422 898 1465 Delegatis
911 1423 1048 1455 Amster-

183 1464 411 1496 dammensibus
428 1465 602 1504 adjudicata
619 1472 683 1497 erat
697 1464 818 1496 ratione
836 1467 960 1500 ὁπεροχὶς
971 1489 981 1502 ,
1002 1465 1047 1497 id-

185 1515 247 1546 que
263 1506 393 1545 putabat
409 1507 581 1538 convenire
601 1506 630 1548 §.
654 1517 684 1546 3.
709 1507 825 1538 Statuti
841 1506 1046 1540 Amsterdam-

180 1547 292 1579 mensis
309 1550 360 1578 26.
384 1547 449 1587 Jan.
477 1551 567 1579 1610.
583 1549 667 1588 quod
682 1547 769 1581 forte
785 1548 854 1582 aliis
868 1558 931 1581 non
945 1547 1050 1589 displi-

184 1588 312 1628 cuisset,
335 1587 357 1620 si
383 1597 488 1630 operae
513 1589 651 1630 pretium
674 1588 780 1621 fuisset
801 1613 812 1630 ,
837 1597 901 1622 tam
925 1590 1049 1632 exiguae

183 1629 311 1662 summae
328 1629 485 1663 distinctas
500 1631 636 1663 rationes
650 1631 740 1664 inire.

226 1670 432 1703 Amsterdami
451 1676 482 1704 6.
499 1673 583 1714 Sept.
603 1676 691 1710 1692.
710 1674 747 1706 ad
764 1674 914 1707 summam
933 1685 1046 1716 24000.

180 1712 372 1745 florenorum
391 1713 563 1754 fidejussum
579 1713 624 1746 est
638 1724 695 1756 pro
710 1716 932 1748 incolumitate
948 1717 1049 1754 navis,

182 1755 378 1796 navigaturae
394 1754 530 1788 Maffilia
548 1756 584 1788 ad
604 1766 700 1798 usque
714 1757 820 1790 Albim
831 1781 840 1797 ,
864 1768 938 1800 geen
949 1759 1050 1799 plaats

183 1801 299 1836 exempt
310 1819 319 1834 ,
343 1797 412 1827 mits
433 1802 460 1828 te
477 1807 579 1840 magen
591 1798 734 1839 ascaleren
750 1805 783 1840 op
800 1800 857 1831 alle
874 1810 910 1831 en
929 1801 1048 1831 zodanz'·

183 1847 220 1880 ge
232 1837 387 1879 plaatsen‚
411 1839 456 1869 als
471 1840 504 1870 de
524 1840 663 1881 Schipper
676 1842 860 1883 goedvz'nden
877 1841 935 1872 aas.
967 1840 1048 1873 Haec

181 1879 270 1916 navis
288 1889 306 1911 a
325 1878 442 1912 Turcis
459 1881 490 1913 in
508 1881 585 1913 mari
597 1882 853 1921 Mediterraneo‚
874 1889 909 1924 op
923 1884 957 1914 de
965 1883 1048 1925 hoog-

183 1926 210 1952 te
226 1929 288 1952 van
302 1921 379 1953 Cabo
393 1923 427 1953 de
445 1923 527 1954 Gatci
538 1947 548 1961 ‚
559 1923 788 1964 deprimitur&
805 1932 874 1956 tota
891 1923 1048 1956 comburi-

182 1969 246 2001 tur,
292 1962 488 1997 Assecuratus
519 1964 665 1996 damnum
693 1964 832 1997 resarciri
865 1966 948 2007 petit
976 1975 1048 1997 curn

181 2002 284 2035 usuris
307 2012 325 2047 a
348 2014 444 2037 mora.
491 2005 724 2039 Contradieunt
747 2006 966 2039 assecuratores
985 2029 995 2045 ‚
1019 2008 1049 2040 δι

183 2044 311 2085 quidem
327 2044 532 2078 Amsterdami
551 2047 582 2079 δε
601 2048 682 2088 apud
698 2047 825 2081 Curiam
843 2049 900 2080 hac
928 2057 989 2079 una
1003 2057 1048 2080 ra-

182 2086 290 2124 tione,
313 2085 399 2126 quod
414 2088 503 2119 navis
521 2087 581 2119 iter
601 2088 690 2121 suum
705 2090 896 2128 mutaverit,
919 2090 969 2121 vel
985 2098 1049 2121 cer-

184 2134 218 2158 te
234 2134 356 2158 mutare
373 2127 589 2160 constituerit:
613 2139 684 2161 nam
695 2131 747 2171 qui
764 2131 825 2162 iter
835 2130 919 2163 suum
937 2138 1049 2170 mutat,

181 2167 318 2200 aliumve
332 2176 478 2208 portum,
502 2179 594 2211 quarn
612 2170 644 2202 in
662 2172 825 2203 conti-affitu
839 2172 958 2213 placuit
969 2194 980 2210 ,
1005 2170 1050 2202 su-

184 2209 255 2248 bit,
281 2209 399 2242 nullam
418 2210 512 2241 habet
529 2210 683 2244 actionem
703 2211 730 2253 §.
755 2216 786 2244 6.
807 2213 843 2248 ἐξ
859 2223 887 2254 7.
916 2212 950 2245 T.
977 2212 1046 2247 VH.

186 2250 261 2282 LL.
291 2250 390 2282 Naut.
421 2251 459 2283 P.
497 2255 584 2294 1563.
618 2251 646 2293 §.
675 2262 722 2294 14.
755 2253 794 2286 P.
829 2254 865 2289 ξεῖ)
886 2253 914 2295 §.
949 2264 980 2294 7.
1005 2254 1047 2285 A.

183 2291 280 2323 Plane
294 2300 329 2323 ut
348 2292 420 2332 Jure
443 2293 588 2324 Romano
602 2293 634 2325 in
655 2295 784 2335 pecunia
809 2295 976 2335 trajectitia
993 2294 1051 2326 iter

185 2341 306 2364 mutare
330 2342 395 2364 non
422 2333 538 2365 licebat
563 2334 585 2365 A.
609 2344 641 2375 3.
666 2335 700 2367 C.
723 2336 757 2366 cie
776 2336 874 2367 Naut.
891 2336 969 2376 foen.
995 2335 1050 2368 nisi

188 2381 295 2406 tamen
322 2374 383 2405 iter
401 2382 539 2407 mutetur
563 2384 601 2408 ex
623 2375 714 2408 causa
735 2376 920 2409 necessitatis
944 2376 972 2418 §.
1001 2386 1049 2417 14.

186 2415 225 2446 P.
249 2414 284 2450 ἐξ
309 2414 336 2457 §.
359 2425 387 2456 7.
414 2415 455 2447 A.
481 2424 535 2448 aut
560 2426 623 2448 non
651 2417 809 2449 assecurati
827 2442 837 2457 ‚
872 2417 923 2449 sed
948 2416 1054 2450 nautae‘

186 2457 298 2497 culpa,
323 2457 364 2489 sic
387 2457 472 2489 enim
492 2466 558 2489 rata
582 2467 689 2490 manet
708 2459 914 2497 assecuratio,
935 2459 965 2490 δε
982 2459 1052 2491 asse-

185 2506 314 2530 curatus
329 2497 394 2539 agit
415 2507 488 2530 cum
505 2507 598 2530 nauta
624 2500 653 2541 §.
676 2509 704 2541 7.
730 2499 772 2532 A.
797 2501 964 2542 eademque
985 2499 1050 2532 sen-

186 2538 286 2570 tentia
303 2539 428 2584 videtur
447 2538 476 2579 §.
505 2549 553 2579 14.
575 2540 612 2571 P.
637 2544 690 2583 qui
705 2541 887 2583 simpliciter
900 2543 963 2580 ait,
982 2551 1051 2573 nau-

189 2585 254 2610 tam
271 2587 381 2610 teneri.

174 2622 178 2626 '
232 2619 315 2651 Illud
329 2619 491 2652 consilium
510 2622 646 2654 mutandi
666 2622 787 2656 itineris
801 2624 974 2664 probabant
984 2624 1051 2656 asse-

189 2669 369 2699 curatores,
395 2669 435 2692 ex
456 2662 519 2694 illis
545 2671 706 2695 nautarum
725 2665 962 2705 chirographis,
985 2674 1054 2705 quae

193 2703 453 2745 Cognoscementen
467 2704 646 2744 appellant,
672 2704 702 2736 &
732 2704 802 2736 sane
820 2715 858 2737 ex
877 2705 914 2736 iis
929 2705 1051 2737 consta-

187 2744 263 2783 bat,
288 2743 475 2785 Magistrum
500 2745 643 2777 Massiliae
666 2755 785 2778 merces
811 2745 956 2786 quasdam
980 2747 1053 2778 navi

188 2784 249 2817 suae
276 2785 474 2826 imposuisse,
495 2795 569 2827 quas
592 2786 746 2828 perferret
763 2786 997 2824 Duinkerkam‚
1023 2787 1053 2819 ὅτ.

187 2825 292 2858 rui-sus
309 2826 470 2858 constabat
483 2850 492 2866 ,
507 2836 579 2859 eum
596 2828 730 2860 Massilia
743 2828 899 2870 navigasse
916 2827 1053 2866 illicem,

190 2867 221 2899 ὅ(
244 2867 287 2898 ibi
311 2877 436 2909 quoque
459 2877 579 2900 merces
602 2869 773 2910 recepisse,
798 2879 873 2909 quas
902 2868 1052 2910 perferret

189 2908 227 2939 ad
243 2916 387 2949 portum,
409 2909 462 2950 qui
485 2910 600 2941 dieitur
620 2910 727 2941 Havre
749 2912 782 2942 cle
805 2911 921 2949 Gracc,
946 2910 976 2942 δι
994 2911 1052 2942 1103

190 2949 282 2981 10003
314 2950 344 2982 10
370 2950 532 2982 contraCtu
556 2951 790 2983 assecurationis
814 2961 878 2984 non
909 2950 969 2982 esse
995 2960 1049 2982 ex-

189 2990 304 3028 pressos
318 3014 328 3029 ,
350 2991 414 3022 duo
438 2992 533 3032 igitur
560 3002 643 3024 nova
669 2993 782 3025 itinera
805 2993 864 3025 esse
886 2993 1024 3034 cogitata
1038 3015 1048 3030 ,

190 3033 331 3070 quamvis
349 3042 412 3063 non
433 3032 580 3073 pei-feisa.
625 3033 822 3065 Asseeuratus
842 3034 909 3065 liaee
926 3033 1049 3075 quidem

190 3079 254 3102 non
271 3074 419 3112 negabat,
443 3074 492 3104 sed
510 3074 630 3114 ajebat,
652 3075 852 3107 assecuratam
869 3075 928 3107 esse
938 3084 1050 3107 navem

189 3119 206 3141 a
221 3111 354 3144 Massilia
376 3115 413 3145 ad
429 3114 534 3147 Albim
557 3116 635 3147 nullo
661 3116 719 3146 loco
734 3122 850 3156 excepto
864 3140 873 3156 ,
897 3118 927 3149 ἀ
947 3125 986 3148 ex
1007 3115 1051 3151 le*

188 112 257 148 432
906 111 965 138 vii
990 111 1014 137 11

221 3193 233 3229 s
246 3193 278 3231 1)
300 3193 437 3232 Oly'crvat.
451 3196 579 3227 ,Tamum
602 3197 634 3229 T.
649 3200 691 3228 11.
709 3207 737 3228 n.
756 3202 818 3234 296.

1089 102 1699 141 BYNKERSHOEK

1095 198 1134 230 ge
1149 188 1382 222 assecurationis
1398 189 1534 231 potuisse
1549 200 1659 224 navem
1676 199 1702 224 te
1712 192 1853 234 escalrren
1868 202 1901 237 op
1911 199 1953 230 al·
2006 210 2008 218 1

1096 231 1122 261 ἶε
1135 240 1170 261 en
1186 233 1327 273 zodam'ge
1338 231 1490 272 placitsen,
1512 232 1557 262 als
1573 234 1606 263 cle
1624 235 1760 275 Schipper
1774 239 1956 277 goedw'nden

1096 272 1162 310 καί,
1186 272 1313 314 ejusque
1334 272 1499 309 foi-mulce,
1526 282 1567 304 ex
1591 284 1720 316 recepto
1737 276 1956 314 Mercatorum

1095 313 1169 351 usu,
1193 313 1274 344 lianc
1293 313 1354 344 esse
1375 313 1651 355 significationem,
1676 326 1711 347 ut
1736 318 1824 356 possit
1848 321 1956 360 navis,

1094 353 1211 386 etiamsi
1241 354 1399 385 necessitas
1425 365 1486 386 non
1513 364 1640 397 urgeat,
1660 367 1768 389 omnes
1784 368 1893 399 portus
1912 361 1957 394 su-

1093 395 1176 432 bire,
1205 395 1257 434 qui
1276 394 1344 426 sunt
1364 396 1456 427 medii
1474 398 1554 428 inter
1574 398 1696 436 locum,
1725 408 1741 430 a
1757 409 1841 440 qu0,
1867 403 1897 434 ὅ(
1910 403 1955 435 lo-

1094 446 1164 467 cum
1176 460 1186 473 ‚
1209 436 1246 465 ad
1262 445 1352 476 quem
1371 436 1555 469 assecuratio
1571 438 1652 470 faCsa
1671 438 1736 476 est,
1761 441 1895 482 quique,
1918 452 1956 476 uu

1092 476 1259 509 Nostrates
1285 477 1390 516 ajunt,
1415 479 1448 508 in
1471 480 1504 509 de
1528 480 1608 510 zelve
1631 486 1709 511 route
1736 480 1862 522 leggen,
1886 485 1915 516 ἁ
1936 495 1955 518 a

1092 517 1228 550 Massilia
1253 517 1290 548 ad
1314 518 1418 551 Albim
1441 522 1746 562 praeternavigandos
1760 523 1820 554 esse
1845 533 1954 564 portus

1092 569 1153 590 van
1178 559 1365 602 Alsietinam,
1393 560 1500 591 Havre
1527 563 1560 592 de
1581 563 1677 593 Grave
1704 562 1739 597 ὃ)
1754 562 1954 602 Duinkerken.

1093 601 1136 632 Et
1153 600 1298 641 quod-de
1318 609 1447 642 recepto
1463 601 1678 634 Mei-catorum
1707 603 1762 634 usu
1774 606 1895 638 dicebat
1911 618 1956 641 as-

1092 642 1271 678 securatus‚
1295 641 1462 674 testabatur
1487 652 1614 683 quoque
1631 645 1738 686 ingens
1759 647 1845 678 tui-ba
1863 647 1953 681 Mei·-

1093 691 1236 714 catorum
1253 681 1491 724 Nautammque
1510 683 1860 720 Ainsteruanimensium.
1889 689 1953 722 Ad-

1093 725 1185 756 debat
1208 723 1413 763 asseeuratus‚
1438 734 1549 756 navem
1575 735 1591 756 a
1615 726 1647 758 Τ
1651 727 1732 758 urcis
1751 728 1811 760 esse
1833 729 1954 771 depres-

1094 765 1156 797 sam
1181 766 1210 797 &
1231 765 1424 797 combustam
1448 766 1478 796 in
1500 767 1574 798 mari
1594 767 1851 808 Mediterraneo,
1875 772 1903 802 &
1922 771 1956 804 id

1093 816 1177 840 mare
1196 807 1306 846 utique
1321 807 1528 847 navigandum
1542 807 1634 839 fuisse
1652 809 1756 842 Albim
1773 811 1895 852 versus,
1915 812 1956 846 de

1093 848 1161 881 aliis
1179 848 1306 881 urbibus
1328 849 1357 879 <St
1374 848 1547 888 portubus,
1574 850 1604 881 &
1619 860 1655 882 an
1671 851 1708 882 ad
1725 860 1774 883 eas
1793 861 1888 884 eosve
1901 853 1953 885 de-

1093 889 1217 921 11061010
1239 888 1390 927 licuisset,
1411 898 1488 921 tune
1502 890 1624 922 demum
1644 891 1726 922 reste
1743 893 1859 933 quaeri,
1883 893 1904 926 fi
1922 895 1955 928 in

1091 932 1130 964 iis
1148 932 1199 963 vel
1215 931 1299 962 circa
1308 940 1358 962 eas
1376 940 1470 961 eosve
1485 931 1630 963 damnum
1641 932 1720 973 passa
1734 933 1840 965 fuisset
1855 935 1953 968 navis.

1093 973 1141 1004 Ad
1153 972 1219 1003 haee
1235 971 1471 1003 assecuratores:
1496 973 1581 1005 illam
1598 972 1767 1006 formulam
1779 998 1788 1014 ‚
1812 980 1838 1006 ze
1855 986 1956 1019 mugen

1092 1013 1235 1055 qscaleren
1251 1019 1284 1053 op
1305 1013 1362 1043 alle
1376 1013 1530 1054 plaatfim,
1553 1024 1616 1046 nori
1638 1015 1823 1057 fignificare,
1849 1018 1954 1049 omnia

1092 1056 1177 1093 loca,
1201 1064 1270 1095 quae
1284 1055 1566 1095 praetemaviganda
1580 1055 1667 1095 sunt,
1689 1058 1869 1089 commercii
1884 1067 1956 1090 cau·

1092 1095 1141 1132 sa,
1165 1097 1249 1127 adire
1274 1096 1369 1127 licere
1389 1119 1398 1133 ,
1424 1094 1474 1126 sed
1501 1096 1690 1129 necessitatis
1715 1097 1810 1130 solius
1839 1099 1925 1131 causa
1943 1123 1956 1140 ,

1091 1138 1172 1168 citra
1188 1136 1282 1168 ullam
1298 1137 1428 1167 omnino
1443 1139 1625 1169 commercii
1641 1139 1955 1181 contemplationem,

1090 1177 1245 1218 producto
1270 1177 1365 1207 etiam
1388 1177 1418 1207 in
1440 1177 1520 1209 hanc
1544 1188 1609 1210 rem
1632 1179 1811 1212 testimonio
1834 1182 1956 1222 aliquot

1091 1219 1328 1256 Mercatorum,
1353 1216 1530 1262 sedeoruin
1547 1220 1724 1259 praecipue,
1748 1222 1799 1261 qui
1818 1221 1954 1254 Amiser-

1092 1259 1172 1290 dami
1198 1258 1475 1290 assecurationibus
1503 1257 1656 1292 faciendis
1676 1270 1804 1300 operam
1829 1263 1954 1296 dabant.

1092 1300 1218 1332 Deinde
1243 1299 1416 1341 urgebant,
1441 1300 1572 1332 omnino
1598 1310 1638 1332 ex
1664 1301 1727 1333 sola
1752 1301 1956 1336 destinatione

1092 1343 1185 1374 animi
1203 1343 1261 1373 iter
1278 1348 1433 1372 mutatum
1453 1341 1574 1381 videri,
1600 1352 1700 1383 neque
1722 1344 1800 1375 adeo
1817 1344 1953 1386 referre,

1092 1392 1157 1424 quo
1173 1384 1247 1415 loco
1263 1382 1407 1413 damnum
1428 1382 1506 1423 passa
1531 1382 1640 1415 fuisset
1660 1384 1768 1423 navis,
1790 1386 1953 1419 confilium

1090 1425 1254 1497 ς110010οἓ1,
1275 1433 1339 1455 000
1367 1432 1515 1456 eventum
1542 1425 1656 1456 mutati
1677 1426 1799 1458 itineris
1815 1426 1951 1468 specian-

1115 1476 1165 1497 um
1181 1476 1198 1497 e
1225 1476 1253 1498 e.

1134 1507 1256 1547 Judices
1278 1506 1536 1539 affecurationum
1561 1506 1874 1542 Amsterdammenses
1902 1519 1952 1551 25.

1092 1549 1164 1581 ott.
1192 1552 1283 1586 1696.
1308 1549 1337 1580 δε
1353 1549 1478 1580 Scabini
1494 1557 1548 1590 31.
1573 1549 1643 1580 Oft.
1673 1553 1760 1590 1697.
1786 1550 1953 1584 secundum

1091 1589 1313 1622 assecuratores
1330 1589 1514 1622 sententiam
1530 1589 1696 1628 dederunt,
1711 1590 1761 1622 sed
1777 1591 1870 1624 Curia
1881 1617 1890 1631 ,
1906 1602 1954 1624 re-

1090 1631 1186 1664 scissis
1203 1632 1265 1664 illis
1281 1631 1442 1664 sententiis
1453 1654 1462 1670 ,
1482 1640 1593 1662 contra
1608 1631 1828 1664 assecuratores
1840 1634 1955 1674 judica-

1093 1674 1141 1705 vit
1160 1683 1209 1705 22.
1235 1672 1318 1706 Dec.
1345 1682 1433 1714 1701.
1478 1673 1557 1705 Sane
1576 1672 1597 1704 si
1620 1682 1661 1705 ex
1680 1673 1745 1712 his,
1770 1683 1845 1714 quas
1869 1676 1961 1715 (11111,

1093 1714 1267 1747 rationibus
1290 1714 1380 1747 eausa
1394 1713 1470 1746 esset
1491 1714 1682 1752 definienda,
1705 1715 1844 1756 pler³quc
1860 1718 1952 1749 Seria-

1094 1763 1178 1788 tores
1195 1766 1259 1788 non
1269 1755 1478 1795 dubitassent,
1501 1756 1576 1796 quin
1594 1755 1688 1787 Curia
1704 1756 1786 1787 10610
1797 1757 1954 1796 judicave-

1091 1798 1151 1829 rit:
1174 1807 1244 1830 nam
1261 1807 1359 1836 ecce,
1381 1797 1583 1839 inquiebant,
1603 1797 1741 1838 expressa
1756 1797 1956 1838 stipulatione

1092 1839 1144 1871 hic
1161 1847 1227 1871 erat
1242 1848 1370 1871 cautum
1381 1861 1391 1877 ,
1415 1847 1450 1870 ut
1465 1838 1651 1870 Navarclius
1664 1839 1768 1870 omnia
1785 1841 1857 1871 soca.
1870 1841 1954 1872 adire

1091 1880 1190 1922 posset
1206 1891 1242 1913 ex
1247 1881 1302 1921 suo
1313 1879 1399 1922 ipfius
1414 1881 1556 1917 arbitrio,
1579 1889 1648 1920 quae
1666 1879 1826 1920 stipulatio
1844 1882 1953 1922 utique

1091 1922 1197 1956 fuisset
1213 1922 1353 1960 inutili-s,
1376 1922 1397 1954 si
1416 1921 1551 1954 Maffisia
1579 1921 1615 1952 ad
1635 1930 1731 1963 usque
1749 1921 1854 1953 Albim
1871 1921 1954 1956 1·οἑὶο

1091 1963 1199 1997 fuisset
1215 1963 1434 2004 navigandum.
1480 1961 1532 1994 Ne
1547 1962 1651 2000 dicas,
1675 1964 1719 1994 ita
1739 1971 1860 1996 cautum
1874 1961 1952 1996 fuis-

1091 2005 1141 2045 se,
1166 2005 1239 2046 quia
1259 2014 1297 2037 ex
1314 2004 1492 2037 neeeffitate
1509 2004 1569 2034 iter
1590 2012 1709 2035 mutare
1725 2003 1800 2035 licet
1816 2004 1844 2036 d.
1869 2003 1897 2045 §.
1922 2014 1954 2046 7.

1092 2047 1136 2079 A.
1161 2047 1273 2087 idque,
1298 2055 1361 2078 non
1381 2045 1487 2083 aliud,
1510 2053 1546 2075 ea
1564 2045 1658 2076 verba
1673 2044 1863 2085 significare,
1889 2046 1952 2086 pla-

1092 2098 1132 2120 ne
1154 2087 1236 2119 enim
1264 2095 1340 2119 tune
1364 2086 1466 2119 otiosa
1490 2084 1598 2117 fuisset
1623 2086 1674 2118 illa
1698 2086 1855 2125 clausula,
1877 2087 1954 2120 nibil

1092 2129 1259 2171 quicquam
1281 2127 1568 2170 comprehendens,
1593 2136 1684 2168 quani
1707 2126 1760 2164 id,
1784 2127 1868 2168 quod
1891 2128 1954 2168 jam

1093 2172 1163 2212 lege
1186 2169 1440 2211 comprehensum
1464 2177 1549 2206 erat,
1571 2169 1599 2200 ἃ
1624 2168 1674 2199 eui
1699 2167 1784 2199 bono
1810 2176 1885 2200 tunc
1902 2170 1953 2201 illa

1093 2212 1214 2244 itineris
1229 2212 1365 2243 mutatio
1377 2211 1614 2252 permitteretur
1629 2208 1685 2241 soli
1695 2209 1824 2240 arbitrio
1834 2209 1955 2242 Navar-

1094 2253 1164 2291 chi,
1187 2253 1300 2293 absque
1316 2253 1377 2284 ulla
1395 2253 1555 2283 mentione
1574 2250 1758 2282 necessitatis
1771 2250 1787 2281 5>
1808 2252 1955 2284 senatum

1093 2294 1213 2331 movit,
1236 2293 1321 2334 quod
1334 2294 1422 2325 navis
1438 2293 1481 2324 ibi
1500 2291 1599 2324 fuerit
1611 2291 1745 2331 depressa
1760 2292 1790 2323 ὃς
1808 2291 1954 2324 combus-

1094 2343 1142 2374 ta,
1162 2336 1237 2372 ubi,
1259 2335 1364 2367 Albim
1383 2333 1508 2371 versus,
1523 2333 1728 2374 navigandum
1745 2340 1831 2371 erat,
1848 2333 1878 2364 δι
1892 2333 1954 2364 uti-

1094 2386 1155 2417 que
1177 2386 1217 2408 ex
1236 2376 1310 2408 loco
1330 2375 1434 2407 damni
1451 2375 1514 2406 dati
1533 2374 1742 2406 aestimandum
1765 2373 1824 2404 esse
1843 2373 1882 2404 de
1899 2381 1956 2413 pe-

1094 2417 1216 2457 riculo,
1242 2417 1327 2458 quod
1344 2416 1559 2449 assecuratores
1577 2415 1606 2446 in
1626 2414 1656 2446 se
1677 2412 1954 2459 receperunt.·so·

1095 2459 1159 2491 lum
1178 2459 1341 2490 consilium
1357 2456 1554 2489 demutando
1573 2453 1955 2500 itine-re'aslecuratoribus

1095 2500 1176 2532 011111
1209 2508 1344 2537 000010,
1368 2506 1518 2529 eventum
1546 2503 1655 2527 mutati
1689 2502 1809 2526 itineris
1840 2505 1955 2528 nocere

1095 2541 1201 2582 posse,
1225 2540 1276 2573 sed
1292 2541 1415 2572 inanem
1434 2538 1493 2571 esse
1509 2536 1664 2578 querelam
1680 2535 1719 2567 de
1741 2545 1773 2568 re
1791 2536 1883 2577 plane
1907 2537 1953 2570 in-

1095 2582 1189 2615 seua.

1138 2624 1198 2656 Sed
1225 2621 1483 2664 quemadmodum
1510 2618 1732 2651 assecuratores
1760 2618 1853 2661 longe
1873 2619 1953 2652 ‘sunt

1096 2665 1308 2706 promptiores
1319 2663 1357 2694 ad
1373 2661 1554 2702 accipienda
1567 2660 1713 2702 praemia,
1733 2669 1823 2700 quam
1841 2661 1877 2692 ad
1896 2661 1953 2694 sol-

1096 2705 1197 2737 venda
1211 2705 1322 2736 damna
1336 2702 1612 2739 assecurationum,
1626 2701 1674 2739 &,
1689 2709 1724 2732 ut
1737 2702 1804 2732 liaec
1818 2703 1952 2742 evitent,

1096 2746 1199 2779 solent
1222 2745 1282 2777 esse
1304 2742 1553 2785 ingeniosissimi,
1575 2742 1669 2773 ctiam
1690 2740 1785 2773 nostri
1805 2742 1950 2774 assecura-

1096 2795 1181 2819 toi·es
1198 2787 1264 2818 aliis
1281 2785 1454 2817 rationibus
1470 2784 1500 2815 in
1516 2793 1581 2815 rem
1598 2782 1680 2815 suam
1694 2782 1857 2815 utebantur
1873 2782 1955 2825 apud.

1095 2829 1242 2860 Senatum
1270 2825 1409 2858 nostrum
1429 2848 1439 2864 ,
1465 2824 1516 2856 sed
1541 2824 1608 2856 fere
1632 2823 1804 2863 ejusmodi,
1829 2833 1896 2865 quae
1920 2825 1952 2857 in

1094 2867 1180 2900 faeso
1202 2867 1410 2898 versabantur.
1457 2865 1609 2906 Ajebant,
1634 2873 1743 2897 navem
1765 2873 1830 2896 non
1856 2865 1951 2906 perti-

1095 2908 1190 2941 nuisse
1206 2908 1242 2939 ad
1258 2907 1479 2946 ass'ccuratum,
1505 2906 1555 2938 sed
1581 2907 1636 2938 ille
1651 2913 1760 2937 contra
1778 2906 1928 2945 probabat
1939 2927 1950 2945 ,

1094 2950 1168 2990 quin
1187 2949 1207 2981 si
1223 2958 1287 2981 non
1309 2948 1522 2989 pertinuisset,
1545 2947 1619 2988 quid
1638 2946 1708 2978 rei?
1730 2945 1811 2978 fasta
1824 2955 1890 2979 erat
1905 2956 1950 2979 as·

1093 2990 1266 3029 secui-atio,
1292 2999 1325 3021 ut
1343 2989 1461 3030 semper
1475 2989 1540 3021 fieri
1560 2988 1658 3026 solet,
1682 2997 1744 3019 non
1765 2995 1885 3020 rantum
1901 2988 1948 3026 01,

1094 3032 1146 3073 qui
1163 3031 1421 3063 assecurationem
1438 3037 1618 3066 curaverat,
1634 3028 1684 3060 scd
1699 3029 1729 3060 ἃ
1746 3029 1772 3059 01
1783 3051 1792 3066 ,
1805 3029 1841 3060 ad
1861 3036 1952 3070 quem

1093 3083 1127 3104 ea
1145 3082 1191 3104 res
1210 3073 1402 3113 pertineret,
1415 3072 1445 3103 ὅς
1461 3072 1492 3103 in
1508 3071 1680 3102 assecurato
1698 3078 1757 3101 nec
1767 3070 1949 3114 dominium,

1092 3123 1151 3147 nec
1168 3113 1251 3147 sorte
1268 3112 1445 3147 mandatum
1466 3111 1601 3154 speciale
1620 3110 1780 3144 desiderari
1797 3111 1949 3183 ι11Γριι11ονι

1878 3157 1950 3192 upra>
