2008 3436
277 103 847 155 QUAEST.JUR18
898 102 1252 145 PRIVATI,
1303 105 1581 147 L13.11.C.11.

23 191 58 216 ut
74 193 109 215 ea
125 183 355 226 intelligamus,
379 194 447 225 quae
467 185 566 226 vulgo
583 184 673 216 fiunt.
698 183 784 214 Inter
803 182 888 216 Con-

22 226 130 267 iuges,
155 226 249 258 etiam
282 226 436 264 binubos,
462 225 506 259 est
533 225 810 258 consuetudinaria
832 226 888 257 bo-

22 277 135 300 norum
152 268 355 306 communio,
378 267 407 298 (St
425 268 603 308 largiuntur
629 266 708 298 hanc
726 275 790 298 non
812 267 888 299 inei-

22 310 95 341 dere
112 308 142 340 in
158 308 361 346 donationes,
377 317 451 349 quas
466 300 566 346 solas,
583 308 663 340 ultra
684 317 806 339 certum
824 318 889 340 mo-

22 351 96 382 dum
125 350 274 391 prohibet
295 351 316 382 l.
343 350 413 382 Hac
446 350 598 388 Ezliclali,
623 359 677 381 cur
700 349 797 390 igitur
813 349 889 381 inci-

21 393 112 424 deret
129 391 218 432 pacta
240 391 450 423 communio?
472 390 586 432 Neque
610 391 674 422 dici
694 390 817 432 potest,
841 390 888 422 so-

22 434 172 465 cietatem
201 432 243 465 fic
272 433 414 465 contrahi
435 433 466 464 in
490 431 633 464 fraudem
660 432 736 472 juris
753 454 764 470 ,
791 442 887 473 quum

21 473 92 515 ipso
110 474 197 514 iure,
220 474 240 507 fi
259 475 338 506 nihil
355 473 478 515 paCtum
495 473 570 505 ess'et
583 497 592 511 ,
617 483 683 505 eam
702 474 889 506 societatem

20 516 183 550 subsistere
206 539 216 554 ,
248 516 344 556 pleno
369 524 425 546 ore
448 515 628 547 concedant
659 525 778 548 omncs.
824 515 891 554 Ea,

22 562 92 600 qu'ae
118 559 157 589 ab
179 557 338 599 agentium
363 556 494 587 arbitrio
517 557 672 598 pendent,
697 558 740 588 ita
770 556 891 598 semper

22 599 89 632 aaa
123 599 242 638 videri,
267 606 301 629 ut
329 598 492 639 agentibus
518 598 676 630 utilissima
701 598 760 630 [int
778 622 788 637 ,
818 598 889 639 JCti

22 639 214 673 existimant.
260 639 366 680 Atque
388 639 432 670 ita
459 640 595 672 militem
613 662 623 678 ,
648 641 730 681 juris
754 640 890 681 vulgaris

22 682 262 721 testamentum,
286 689 320 713 ut
335 681 482 722 putabat,
503 682 724 721 conditurum,
749 681 770 714 si
787 682 889 713 decla-

20 733 88 757 rata
116 722 271 755 sententia
298 723 450 761 decedat,
476 731 641 764 antequam
666 729 721 761 ca,
748 733 817 765 quae
836 723 890 764 Jus

22 765 130 798 Civile
145 764 315 804 defidcrat,
333 764 576 802 adhiberentur,
593 765 660 805 jure
677 764 804 796 militari
823 774 888 796 cre-

21 806 157 839 dendum
179 805 396 838 testamentum
414 806 523 838 feciss'e
549 807 578 838 ὃς
600 806 750 848 Ulpianus
768 806 836 844 ait,
858 807 888 838 dc

21 848 65 883 D.
88 849 220 881 Marcus
235 846 389 888 rescripsit
411 847 442 879 in
469 848 488 879 l.
515 857 546 889 3.
565 847 605 889 ff.
623 850 656 879 (le
682 846 807 888 Testmn.
826 848 887 878 mil.

21 890 192 932 quoniam,
215 890 339 931 inquit,
358 899 455 931 genus
478 890 654 922 testamenti
678 890 715 921 ad
743 897 887 920 everten-

21 935 97 965 dum
110 931 263 972 judicium
285 930 372 963 suum
391 930 516 973 elegiss'e
542 940 604 963 non
624 931 762 963 videtur.
807 930 889 974 Quis

18 975 128 1015 itaque
142 974 270 1009 credat,
287 972 388 1004 utfibi
408 980 578 1011 nocerent,
600 973 785 1014 pactumque
803 972 889 1003 suum

20 1023 220 1054 everterent,
245 1015 405 1055 Coniuges
421 1015 575 1055 nuptiales
597 1013 717 1045 tabulas
732 1013 888 1052 conscrip-

21 1056 123 1090 fisse‘?
157 1056 284 1089 Pastum
317 1054 439 1093 facere,
475 1056 505 1086 dt
533 1055 596 1086 line
619 1054 709 1096 paeto
732 1054 889 1085 bonorum

22 1099 282 1131 communionem
304 1096 436 1134 habere,
460 1095 570 1136 utique
599 1095 774 1128 voluntatis
791 1103 888 1127 erant.

21 1141 112 1181 Saepe
137 1139 233 1170 etiam
258 1137 473 1169 contractibus
499 1135 675 1169 inseruntur
692 1161 702 1175 ‚
727 1146 796 1178 quae
822 1136 887 1176 ipso

21 1182 90 1222 jure
117 1189 209 1212 cauta
237 1179 326 1218 sunt;
350 1179 434 1220 quod
458 1178 479 1210 fi
501 1178 576 1217 fiat,
598 1178 806 1210 dubitationis
827 1178 887 1209 tol-

22 1222 125 1256 lendae
147 1220 239 1253 causa
262 1221 350 1259 fieri,
376 1229 476 1260 neque
496 1220 543 1260 jus
566 1229 735 1252 commune
755 1220 887 1258 loedere,

21 1264 210 1306 Papinianus
232 1261 401 1304 respondet
421 1262 452 1293 in
473 1262 492 1293 l.
519 1267 569 1296 81.
590 1261 631 1301 ff.
657 1263 689 1292 de
711 1261 752 1293 R.
778 1261 815 1302 J.

64 1307 129 1344 At,
152 1305 320 1346 inquiunt,
345 1313 409 1344 quo
427 1304 545 1335 bonum
565 1303 610 1335 est
633 1312 889 1334 communionem

20 1346 159 1390 pacisci,
182 1356 274 1388 quam
299 1346 369 1387 quis
392 1354 433 1376 ex
461 1343 524 1385 ipsa
551 1344 619 1386 lege
641 1344 762 1376 habet?
785 1344 891 1385 Atque

22 1389 46 1422 fi
64 1398 127 1421 non
149 1388 179 1420 &
199 1388 259 1420 alia
278 1387 470 1419 intervenire
487 1385 617 1427 posfint,
642 1396 712 1427 quae
729 1385 817 1427 pacla
838 1395 890 1416 an-

23 1429 212 1471 tenuptialia
227 1429 417 1467 defidemnt,
444 1429 473 1460 δε
488 1428 529 1458 de
546 1428 657 1468 quibus
672 1437 736 1459 non
753 1435 826 1458 ante
842 1436 891 1467 pa-

23 1470 186 1504 ciscuntur
204 1469 382 1511 Coniuges,
403 1469 459 1501 nisi
479 1477 664 1507 moneatur,
689 1469 764 1510 quid
780 1469 819 1500 de
835 1468 891 1499 bo-¹

22 1522 136 1547 norum
153 1513 381 1544 communione
405 1511 560 1552 placuerit
575 1533 584 1549 ‚
609 1510 784 1550 cujusmodi
803 1510 891 1551 pasta*

22 1565 101 1589 mox
119 1554 290 1595 suggeram.
333 1553 439 1594 Atque
453 1552 475 1584 fi
493 1552 607 1590 etiam,
628 1562 697 1593 quae
718 1552 888 1590 abundant,

23 1597 178 1628 vitiarent
193 1594 392 1636 scripturam.
437 1593 532 1640 Quod
559 1603 655 1634 porro
681 1593 891 1635 u1·gent,'qui

23 1637 279 1670 communionem
319 1635 490 1677 paciscitur
516 1659 525 1674 ,
567 1645 584 1666 a
619 1634 893 1668 consuetudinaria

22 1679 250 1712 communione
274 1676 427 1709 recellisse
451 1677 570 1716 videri,
592 1677 720 1718 perinde
739 1677 819 1718 apud
842 1685 892 1708 me

23 1722 131 1760 valet,
154 1730 191 1752 ac
205 1719 227 1752 fi
241 1719 349 1758 dicas,
373 1728 462 1757 eum,
486 1719 541 1760 qui
564 1719 627 1757 ait,
651 1727 782 1760 negare,
807 1719 837 1750 δε
860 1729 890 1750 a-

22 1763 98 1796 liam
116 1761 178 1794 effe
194 1761 358 1793 hominum
374 1768 533 1799 mentem,
559 1769 652 1801 quam
671 1760 766 1792 verba
780 1766 890 1792 rotun-

20 1805 61 1837 de
74 1815 140 1847 prae
158 1804 189 1835 se
204 1801 322 1834 ferunt.
357 1801 467 1843 Longe
491 1801 604 1834 melius
623 1801 701 1842 sapit
719 1801 817 1842 thus
846 1801 890 1833 U-

24 1846 227 1883 trechtanus,
250 1844 304 1885 qui
331 1842 435 1882 Confil.
460 1843 506 1875 H.
532 1842 678 1875 Tom.IlI.
706 1842 809 1883 Consil.
834 1853 885 1884 54.

26 1898 59 1921 n.
87 1897 115 1920 1.
140 1898 170 1919 2.
195 1896 226 1928 3.
252 1886 288 1922 ἐξ
305 1896 355 1917 20.
380 1884 571 1926 respondet,
594 1883 747 1917 secundos
766 1885 887 1925 Conju-

24 1939 79 1972 ges
97 1951 108 1968 ,
131 1928 185 1969 qui
218 1926 474 1959 communionem
499 1926 655 1958 bonorum
682 1925 889 1968 stipulantur,

22 1980 87 2004 non
113 1970 179 2002 alio
198 1970 304 2001 animo
326 1967 484 2009 stipulari,
506 1977 591 2009 quam
616 1974 648 1998 ut
657 1967 692 2008 se
710 1968 891 2009 conforment

23 2012 101 2086 {uri
117 2011 247 2050 Patrico,
273 2010 395 2042 laudata
416 2009 449 2041 in
469 2009 550 2040 hanc
575 2008 762 2041 sententiam
781 2019 891 2051 magna

61 2054 203 2085 oftorum
227 2052 328 2084 turba.
371 2051 462 2082 Alius
485 2050 717 2089 Utrechtanus,
739 2051 890 2083 Someren

24 2097 58 2128 de
79 2095 158 2137 Jure
187 2094 316 2126 Noverc.
342 2094 374 2125 C.
399 2091 454 2124 III.
476 2102 507 2124 τι.
535 2101 562 2124 1.
587 2102 623 2123 ea
645 2091 710 2134 ipsa
736 2092 890 2124 sententia

22 2137 146 2175 utitur,
168 2137 199 2168 δι
223 2134 331 2167 nescio
348 2159 358 2174 ,
387 2144 424 2166 an
457 2134 539 2165 idem
570 2143 698 2175 quoque
721 2133 833 2165 sentiat
860 2144 890 2166 a-

25 2178 107 2216 lius,
132 2186 246 2217 nempe
263 2177 441 2208 Anthonius
459 2175 635 2207 Matthaeus
652 2177 685 2206 de
705 2176 830 2207 Crz’min.
853 2177 891 2207 ad

25 2219 68 2252 L.
92 2217 251 2252 XLVIII.
268 2217 310 2259 ff.
337 2217 373 2249 T.
396 2228 425 2259 3.
454 2217 487 2248 C.
511 2226 540 2258 7.
565 2227 595 2247 π.
621 2227 672 2257 24.
696 2227 767 2248 cum
787 2218 831 2249 ait
853 2217 891 2248 de

27 2261 118 2302 paeta
141 2259 365 2291 communione
383 2280 394 2296 ,
411 2256 440 2296 si
467 2258 610 2300 Conjztges
630 2258 727 2299 pabiz's
749 2259 893 2290 dotalibus

21 2301 140 2344 statuta
166 2299 357 2340 confirment,
370 2300 445 2340 seu,
469 2305 502 2330 ut
525 2301 616 2342 vulgo
637 2299 706 2340 fieri
725 2300 801 2341 solet
819 2324 827 2339 ,
845 2301 892 2341 st-

27 2345 154 2376 ‘czmdum
175 2340 293 2384 statuta
324 2341 490 2372 contrahere
515 2341 550 2380 ste
580 2341 656 2372 velle
675 2342 890 2382 profiteantur,

27 2395 87 2417 non
112 2385 170 2416 eric
191 2384 268 2414 locus
291 2384 320 2414 cl.
343 2382 362 2414 l.
389 2381 460 2413 Hoc
485 2381 641 2420 Edictali,
665 2388 698 2414 uc
729 2383 803 2414 recle
826 2385 892 2426 jam

22 2428 139 2468 pridem
159 2425 323 2457 Hollandis
345 2424 471 2464 placuit.
517 2422 657 2463 Nescio,
682 2425 829 2465 inquam,
854 2434 892 2456 an

25 2468 59 2500 id
76 2466 177 2509 ipsum
193 2466 295 2505 velit,
318 2465 403 2506 quod
427 2475 486 2496 nos
508 2464 726 2505 defendimus,
752 2476 789 2497 an
816 2466 893 2497 dun-¹

29 2517 137 2548 taxat,
161 2508 193 2540 id
216 2507 342 2539 demum
367 2506 532 2544 obtinere,
555 2505 575 2538 fi
591 2503 722 2547 statuto,
745 2516 809 2539 non
827 2506 893 2539 sola

30 2549 232 2592 consuetudine
259 2547 437 2581 introdqu
461 2547 498 2579 fit
528 2549 711 2580 communio
728 2571 738 2587 ,
771 2548 834 2580 sive
862 2549 894 2580 in

30 2602 67 2624 ea
81 2600 202 2624 tantum
219 2589 344 2632 specie,
365 2589 418 2621 ubi
435 2589 623 2620 nominatim
651 2588 756 2621 statuti
780 2589 894 2622 eonfir÷

30 2634 108 2666 mati
126 2632 239 2664 incidit
266 2632 396 2663 mentio.
441 2630 502 2662 Sed
522 2630 601 2662 nihil
626 2630 771 2662 interesse
795 2638 895 2673 puto,

29 2682 138 2707 utrum
153 2674 221 2714 jus,
246 2682 310 2714 quo
326 2673 444 2705 utimur
455 2694 465 2710 ‚
488 2672 617 2704 Statuto
634 2682 671 2704 an
690 2672 897 2715 Consuetudi-

31 2716 66 2749 ni
81 2715 236 2756 originem
257 2714 391 2752 debeat,
414 2715 444 2745 &
465 2721 569 2745 utrum
585 2713 736 2745 statutum
755 2714 896 2747 nomina*

33 2757 93 2789 tim
104 2755 332 2792 confirmetur,
348 2764 385 2786 an
401 2764 562 2786 enarretur
573 2755 603 2787 ὅ(
622 2755 792 2795 probetur,
812 2755 898 2796 quod

33 2798 153 2832 statuto
170 2795 431 2838 comprehensum
443 2794 500 2827 est.
525 2795 575 2828 De
587 2798 678 2837 praxi
692 2796 876 2828 Hollcmdz'ca
885 2819 897 2837 ,

34 2839 121 2881 quod
147 2839 232 2871 addit
257 2837 454 2876 Matthaeus,
478 2846 517 2871 ex
537 2837 596 2878 iis,
620 2848 691 2880 quae
708 2839 794 2879 dixi,
816 2839 895 2879 judi-

35 2890 106 2913 care
123 2881 212 2913 licet.
892 2889 894 2892 ’

77 2922 184 2966 Quare
200 2930 310 2952 verum
327 2929 390 2951 nou
417 2919 481 2959 est,
504 2920 590 2961 quod
599 2920 776 2954 -identidem
795 2921 895 2954 incul-

35 2973 128 3001 cant,
151 2962 240 3004 pasta
257 2961 482 2994 communione
493 2984 505 3000 ,
527 2970 595 2995 eam
611 2962 672 2995 effe
689 2972 729 2994 ex
743 2963 828 2995 fafito
845 2963 899 2995 ho-

11 3019 14 3025 ·
35 3005 147 3043 minis,
172 3013 238 3036 non
263 3004 400 3044 exlege.
445 3002 515 3035 Imo
541 3002 587 3034 e'st
605 3004 744 3044 exlege,
770 3003 840 3044 sed,
865 3012 901 3036 ut

36 3046 134 3078 modo
149 3045 310 3085 dicebam,
333 3045 424 3086 pasto
444 3044 638 3076 confirmata.
685 3045 782 3092 Quod
802 3046 822 3078 fi
842 3045 879 3078 fit
891 3068 900 3083 ,

37 3086 151 3120 ftustra
166 3086 261 3118 etiam
275 3087 338 3118 huc
356 3086 514 3117 advocant
529 3086 711 3126 paroemiam
725 3088 900 3129 vulgarem,

39 3130 112 3171 quod
124 3126 251 3169 provisio
270 3129 393 3159 hominis
404 3127 509 3167 faciat
533 3126 636 3168 ceffare
654 3127 847 3168 provisionem
865 3129 903 3160 le-

39 3172 103 3213 gis,
127 3170 194 3210 eius
218 3170 303 3202 enim
325 3169 485 3210 paroemiae
507 3176 577 3201 non·
587 3166 648 3201 alia
669 3167 904 3208 sententia·est‚

40 3220 132 3253 quam
155 3209 271 3243 ceffare
290 3220 396 3244 curam
424 3210 523 3252 legis,
546 3209 570 3243 fi
591 3208 657 3252 ipse
675 3209 903 3251 paterfamilias

1729 124 1794 159 341

932 182 1073 215 statuerit
1089 183 1127 214 de
1150 184 1217 222 lus,
1241 193 1311 233 qu-{e
1338 184 1376 215 ab
1404 187 1535 232 arbitrio
1564 191 1630 231 ejus
1650 192 1797 233 pendent.

933 224 1041 267 Quum
1068 224 1135 256 Lex
1161 225 1235 257 XII.
1262 224 1365 257 'Iabb.
1392 236 1435 258 ait
1454 252 1463 266 ,
1496 231 1725 272 Paterfamilias
1751 235 1795 264 uti

924 268 1153 308 snper-perenm
1183 267 1312 298 tutelave
1338 267 1473 310 legafflt‚
1499 272 1542 301 ita
1561 273 1696 315 jus-esto,
1725 274 1798 306 stitis

934 307 1103 349 significat,
1132 309 1303 350 legitimam
1322 308 1562 351 successionem,
1586 324 1655 353 quae
1673 326 1710 348 ex
1730 316 1799 356 lege

933 349 1113 389 descendit,
1139 351 1251 382 cedere
1271 349 1529 391 testamentariae,
1555 362 1622 393 quae
1640 356 1683 387 est
1703 366 1741 387 ex
1755 357 1801 388 sa-

934 392 985 423 elo
1002 391 1158 429 bominis,
1186 392 1215 424 a&
1232 392 1273 424 fic
1292 392 1422 424 omnino
1439 393 1484 425 est
1501 393 1523 425 l.
1549 403 1598 435 39.
1618 396 1658 436 ff.
1683 398 1715 428 cle
1735 398 1798 429 Ac-

934 434 1007 480 Quir.
1034 433 1187 465 ‘eeloniilc⁸
1212 435 1314 465 hored.
1339 433 1374 469 ὃ)
1398 434 1417 466 l.
1445 440 1496 472 89.
1515 435 1555 476 ff.
1581 436 1614 466 cle
1634 437 1674 468 R.
1701 438 1736 478 J.
1768 438 1798 470 &

934 476 1006 507 latis
1044 484 1147 516 noque
1165 474 1336 516 fignificat,
1360 475 1492 518 tutelam
1520 477 1692 523 legitimam
1710 480 1799 511 ecde—

935 526 968 547 re
987 524 1017 547 te
1048 518 1224 548 amentarioe
1237 542 1244 551 ,
1272 518 1299 548 ἃ
1319 517 1360 549 iic
1379 516 1529 558 Ulpianus
1546 517 1654 549 ieribit
1674 518 1704 551 in
1726 520 1745 552 l.
1770 530 1800 557 9.

935 558 961 600 §-
993 567 1017 589 1.
1044 559 1075 589 in
1086 558 1142 598 sin.
1162 558 1203 599 ff.
1226 560 1259 590 (le
1282 558 1375 590 firtel.
1403 558 1438 594 &¹
1455 561 1565 592 ration.
1588 557 1709 600 distruh.
1745 561 1800 593 At-

934 608 995 640 que
1022 599 1065 630 ita
1092 600 1217 631 obtinet
1236 601 1266 632 in
1290 600 1401 632 multis
1419 601 1507 639 aliis,
1530 611 1599 643 qum
1618 610 1800 634 enumerare

933 641 1061 681 longum
1084 640 1169 673 ell'et.
1214 641 1272 674 Sed
1296 641 1364 673 haec
1387 641 1542 682 transfer,
1571 642 1592 675 fi
1616 650 1710 684 potes
1727 667 1737 683 ,
1762 643 1802 675 ad

932 690 1147 723 argumentum
1167 707 1176 721 ‚
1239 683 1299 715 uod
1334 682 1386 715 hic
1419 684 1593 716 traCtamus.
1638 683 1714 716 Non
1742 685 1803 717 alia

933 726 1043 765 utique
1063 724 1129 756 haec
1146 734 1215 797 qua:
1250 725 1279 762 io
1296 723 1358 764 est,
1385 735 1477 766 quam
1493 727 1531 757 de
1548 725 1703 768 potestate
1715 726 1800 767 ejus,

933 765 984 807 qui
1004 789 1013 805 ,
1048 766 1133 804 quod
1170 775 1226 807 ege
1253 766 1317 799 five
1341 765 1571 800 consuetudine
1593 765 1803 800 constitutum

933 806 996 845 est,
1022 807 1084 848 ipse
1102 817 1230 850 quoque
1256 808 1369 840 tabulis
1395 809 1661 851 antenuptialibus
1684 808 1799 841 consti-

933 849 1016 887 tuit,
1039 849 1143 890 quod,
1177 849 1198 881 fi
1224 859 1275 881 me
1297 849 1401 882 audias
1417 873 1427 889 ,
1460 859 1548 891 aeque
1572 850 1670 888 licet,
1703 860 1797 891 quam

934 889 1154 922 Pati-{familias
1170 891 1246 922 licet
1267 891 1421 922 haeredem
1442 891 1629 924 testamento
1644 891 1800 931 scribere,

934 941 1026 972 quem
1042 932 1181 972 alioquin
1197 932 1235 963 ab
1253 931 1401 964 intestato
1419 932 1469 964 lex
1489 941 1630 966 vocaret.

976 973 1035 1004 Sed
1060 973 1089 1005 ’δε
1114 973 1173 1004 alia
1197 973 1312 1014 ineptia
1343 974 1394 1005 hic
1423 975 1636 1015 praetereunda
1660 985 1723 1008 non
1743 975 1800 1008 est.

934 1014 981 1045 Er<
1006 1015 1072 1051 his,
1097 1014 1284 1055 quibuscum
1311 1015 1402 1047 nobis
1428 1026 1476 1047 res
1499 1016 1564 1055 est,
1589 1017 1801 1056 Austmibus,

932 1055 1076 1086 nonnulli
1097 1056 1315 1095 reperiuntur,
1341 1057 1392 1097 qui
1420 1057 1534 1089 audent
1558 1059 1735 1090 adfirmare.
1762 1069 1803 1090 eo

932 1095 1016 1138 ipso,
1043 1096 1126 1136 quod
1152 1097 1182 1128 in
1204 1097 1342 1129 lecundis
1369 1099 1489 1139 nuptiis
1515 1099 1629 1130 tabulae
1645 1101 1802 1140 nuptiales

932 1138 1182 1175 intervenerint,
1207 1138 1322 1169 cellar-e
1344 1141 1599 1172 communionem
1624 1143 1798 1180 bonorum,

932 1179 1050 1210 etiamsi
1072 1179 1110 1210 de
1138 1189 1172 1211 ea
1200 1179 1279 1212 nihil
1298 1181 1463 1222 quicquam
1489 1183 1684 1213 conveneris.
1733 1183 1804 1227 Qua

934 1220 1088 1252 sententia
1114 1230 1174 1261 ego
1200 1221 1336 1262 pejorem
1364 1231 1520 1264 nunquam
1545 1223 1636 1262 vidi,
1670 1232 1754 1255 certe
1780 1225 1798 1256 ii

934 1260 1093 1293 existimes
1107 1261 1225 1294 factum
1252 1263 1386 1295 bominis
1407 1264 1436 1295 in
1456 1263 1546 1295 causa
1563 1264 1641 1302 effe,
1665 1275 1720 1297 cm·
1735 1275 1799 1297 ces-

934 1303 980 1337 set
1001 1304 1207 1342 communiO,
1230 1304 1282 1336 ubi
1307 1305 1390 1336 enim'
1414 1305 1454 1336 de
1478 1308 1702 1338 communione
1730 1309 1797 1338 nul-

935 1346 983 1378 lus
1000 1345 1091 1385 plane
1109 1344 1208 1378 sermo
1228 1346 1414 1381 interceffit,
1441 1356 1475 1378 ea
1493 1357 1540 1379 res
1557 1347 1617 1387 juri
1634 1350 1796 1380 communi

934 1388 1040 1419 relicta
1057 1385 1110 1418 est.
1158 1386 1286 1429 Poll'unt
1312 1388 1421 1428 utique
1441 1388 1599 1429 Coniuges
1617 1389 1655 1420 de
1676 1389 1797 1421 succes-

935 1429 1020 1461 fione
1038 1428 1209 1460 liberorum
1228 1431 1256 1460 ec
1284 1429 1353 1460 aliis
1372 1438 1463 1470 quam
1480 1430 1623 1471 plurimis
1640 1431 1731 1463 rebus
1749 1441 1800 1472 pa-

935 1470 1009 1502 cisci
1028 1492 1039 1508 ,
1078 1480 1148 1511 quae
1172 1471 1208 1502 ad
1242 1471 1500 1503 communionem
1534 1471 1690 1504 bonorum
1720 1473 1800 1505 nihil

934 1513 1101 1553 quicquam
1116 1513 1294 1552 pertinent,
1319 1512 1348 1544 δε
1364 1513 1508 1554 exempla
1525 1513 1565 1545 fic
1585 1514 1700 1546 audies.
1747 1515 1802 1547 Sin

934 1555 1018 1594 aJ'as,
1046 1553 1124 1585 solas
1151 1552 1271 1585 tabulas
1296 1555 1452 1594 nuptiales
1479 1554 1624 1594 efficere,
1657 1563 1693 1586 ut
1716 1565 1803 1587 com-

935 1595 1046 1626 munio
1071 1595 1226 1627 bonorum
1251 1595 1411 1627 censeatur
1440 1596 1582 1635 exclusa,
1617 1597 1661 1629 ais
1682 1621 1690 1632 ,
1715 1597 1801 1637 quod

934 1636 1179 1668 absurdiffimum
1210 1635 1255 1668 est
1272 1660 1281 1675 ‚
1313 1637 1343 1669 ὃς
1370 1637 1456 1678 quod
1475 1660 1486 1676 ,
1516 1638 1538 1670 fi
1560 1648 1668 1670 verum
1694 1637 1770 1670 esset
1792 1662 1802 1678 ,

937 1679 1033 1709 etiam
1052 1678 1082 1709 in
1101 1677 1210 1718 primis
1227 1678 1345 1719 nuptiis
1359 1679 1527 1711 obtineret.

978 1719 1059 1752 Satis
1087 1718 1277 1760 disputatum
1302 1719 1347 1751 est
1373 1729 1483 1752 contra
1508 1721 1689 1762 opinionem
1715 1732 1803 1754 com-

934 1771 1060 1794 munem
1077 1784 1088 1800 ,
1112 1761 1161 1793 sed
1187 1762 1260 1802 quia
1287 1770 1470 1794 communes
1493 1763 1659 1803 opiniones
1686 1763 1802 1796 habent

934 1802 986 1834 sua
1003 1801 1069 1834 fata
1097 1804 1127 1835 ἃ
1154 1803 1399 1841 viciffitudines,
1422 1804 1533 1845 accipe
1550 1813 1619 1842 res,
1641 1814 1692 1836 me
1712 1805 1805 1837 Sena-

934 1852 1004 1876 torc
1021 1844 1051 1876 ἅ
1070 1844 1218 1884 Praefiae,
1243 1845 1281 1876 de
1300 1845 1361 1876 hoc
1378 1853 1562 1885 argumento
1577 1845 1746 1886 judicatas,
1772 1848 1803 1879 &

933 1896 971 1920 ex
990 1886 1037 1917 his
1053 1886 1210 1924 decerne,
1235 1896 1271 1918 an
1298 1895 1358 1918 non
1383 1896 1418 1917 ea
1438 1886 1591 1919 sententia
1607 1910 1619 1926 ,
1643 1897 1736 1929 quam
1758 1887 1803 1920 su'-

934 1937 989 1969 pra
1005 1926 1150 1966 defendi,
1175 1937 1261 1960 nunc
1279 1927 1315 1959 fit
1330 1928 1461 1960 dicenda
1476 1929 1662 1961 communis.
1710 1929 1798 1961 Inter

936 1969 1046 2010 Cajum
1073 1969 1102 2001 δε
1132 1968 1261 2009 Caium,
1298 1978 1368 2010 quae
1397 1979 1435 2003 ex
1468 1970 1567 2011 priori
1595 1971 1798 2003 matrimonio

934 2020 1026 2043 unam
1049 2010 1144 2042 filiam
1165 2011 1314 2050 habebat,
1339 2011 1436 2052 pastis
1460 2011 1654 2053 nuptialibus
1676 2012 1803 2045 exclusa

934 2052 980 2084 est
1006 2052 1183 2091 bonorum,
1206 2062 1275 2094 quae
1303 2052 1340 2083 ad
1370 2053 1494 2094 nuptias
1516 2052 1694 2092 adferrent,
1717 2063 1804 2086 eom-

933 2094 1060 2133 munio,
1085 2093 1281 2126 haereditates
1299 2102 1424 2133 autem,
1448 2103 1516 2136 quae
1533 2095 1691 2135 utrimque
1704 2094 1803 2127 stante

932 2135 1137 2168 matrimonio
1166 2135 1354 2167 obvenirent
1376 2160 1385 2173 ‚
1410 2135 1509 2167 ell'ent
1535 2145 1740 2175 communes,
1773 2137 1803 2168 δε

934 2177 1062 2208 maritus
1083 2176 1234 2217 superstes
1256 2186 1294 2209 ex
1324 2176 1417 2209 bonis
1440 2177 1547 2210 uxoris
1567 2177 1627 2208 suae
1649 2188 1708 2210 una
1730 2187 1804 2209 cum

935 2218 1065 2258 reliquis
1084 2217 1193 2250 liberis
1210 2218 1340 2250 haberet
1357 2219 1539 2259 portionem
1556 2219 1692 2251 virilem.
1738 2218 1803 2250 De-

934 2259 1043 2291 funera
1068 2269 1168 2291 uxore
1191 2259 1308 2292 reliffls
1333 2260 1454 2301 aliquot
1487 2259 1593 2291 liberis
1610 2281 1622 2297 ,
1657 2260 1687 2291 <Sc
1715 2260 1768 2291 illa
1792 2283 1802 2299 ,

936 2311 1028 2342 quam
1048 2300 1133 2340 dixi,
1157 2300 1223 2333 filia
1242 2310 1283 2333 ex
1299 2301 1397 2341 priori
1420 2301 1642 2340 matrimonio,
1665 2301 1733 2332 haze
1751 2301 1803 2332 ad-

935 2341 1060 2375 versum
1076 2343 1226 2374 vitricum
1249 2343 1422 2382 defendit,
1435 2342 1560 2384 pac‘tum
1578 2343 1617 2373 de
1634 2342 1798 2374 haeredita-

936 2384 1020 2416 tibus
1051 2384 1210 2424 utrimque
1242 2384 1512 2417 communicandis
1543 2383 1683 2415 incidere
1715 2384 1747 2414 in
1778 2384 1800 2415 l.

937 2425 1007 2457 Hoc
1025 2424 1159 2456 Edie‘tczlt
1174 2429 1205 2456 6.
1233 2426 1265 2457 C.
1290 2427 1323 2456 de
1349 2426 1472 2456 Secund.
1497 2429 1579 2464 nupt.
1604 2425 1745 2465 adeoque
1764 2424 1801 2456 fi-

935 2467 968 2498 bi
994 2466 1051 2498 soli
1076 2465 1180 2497 deberi
1208 2465 1359 2497 semiss'em
1389 2465 1547 2505 cujusdam
1575 2465 1771 2497 haercditatis
1789 2489 1798 2502 ,

958 2517 1007 2538 uae
1023 2507 1124 2539 stante
1144 2508 1347 2538 matrimonio
1364 2506 1548 2538 obvenerat.
1594 2506 1646 2538 De
1661 2515 1696 2537 ea
1716 2516 1801 2547 qua:-

938 2549 1039 2580 1ione
1065 2558 1104 2580 ex
1136 2548 1353 2580 conventione
1385 2547 1522 2590 partium
1547 2548 1626 2588 apud
1653 2549 1804 2580 Senatum

937 2590 1121 2630 Supremam
1143 2589 1300 2631 litigatum
1324 2588 1380 2621 est.
1424 2590 1455 2621 Si
1478 2588 1661 2630 simpliciter
1675 2588 1804 2620 exclusa

939 2630 1049 2663 fuisset
1066 2631 1220 2664 bonorum
1244 2631 1428 2662 communio
1440 2653 1451 2670 ,
1475 2639 1550 2662 tunc
1566 2631 1655 2664 anxie
1671 2629 1805 2671 disputa-

940 2673 965 2704 ri
982 2672 1083 2714 posset
1095 2697 1104 2713 ‚
1129 2683 1166 2704 an
1181 2673 1346 2704 haereditas
1362 2672 1488 2704 veniret
1505 2672 1537 2703 in
1554 2670 1739 2703 societatem
1758 2672 1805 2702 lu-

940 2715 985 2746 cri
1004 2715 1033 2747 ὃ(
1049 2714 1179 2746 damni?
1203 2713 1253 2745 sed
1273 2723 1350 2745 vero
1366 2714 1398 2745 in
1416 2714 1474 2745 hac
1492 2712 1595 2754 specie
1614 2712 1802 2744 nominatim

940 2763 1152 2795 convenerat,
1172 2755 1379 2797 -haereditates
1395 2754 1663 2786 communicatum
1679 2753 1737 2791 iri,
1765 2754 1806 2792 ἃ,

940 2796 1109 2830 secundum
1125 2797 1296 2830 nonnullos
1314 2797 1480 2828 Senatores
1492 2819 1501 2832 ‚
1526 2801 1672 2836 poterant
1689 2803 1805 2825 conve-

939 2839 1007 2871 nire
1026 2863 1036 2879 ,
1069 2838 1176 2871 omnia
1199 2839 1283 2869 bona
1315 2837 1584 2869 communicatum
1620 2835 1682 2875 iri,
1714 2844 1808 2876 atque

939 2881 1017 2912 adeo
1035 2881 1065 2913 &
1084 2879 1305 2917 haereditates,
1326 2878 1432 2920 quidni
1451 2877 1547 2918 igitur
1567 2877 1596 2908 ὅ(
1614 2876 1693 2908 solas
1708 2876 1806 2908 haere-

939 2922 1075 2961 ditates,
1099 2919 1227 2953 exclusa
1241 2921 1372 2952 aliorum
1388 2918 1545 2950 bonorum
1562 2918 1805 2950 communione?

942 2963 1040 3010 Quod
1065 2963 1141 2995 licet
1168 2962 1199 2993 in
1230 2968 1360 2998 toturn,
1383 2960 1461 2991 licet
1492 2959 1520 2991 &
1537 2967 1595 2999 pro
1619 2968 1718 3000 parte.
1764 2958 1808 2990 At

942 3013 1020 3038 mox
1038 3003 1180 3036 obstabat
1197 3010 1305 3033 eorum
1322 3000 1588 3043 Jmisprudentia,
1607 3000 1660 3041 qui
1680 3007 1808 3042 negant,

942 3045 1068 3088 pastum
1083 3045 1123 3076 de
1139 3042 1366 3076 communione
1381 3041 1538 3073 bonorum
1554 3042 1661 3073 valere
1672 3064 1682 3079 ‚
1704 3051 1808 3083 quam-

945 3088 994 3119 vis
1010 3087 1113 3118 valeat
1136 3085 1258 3126 pastum
1286 3084 1324 3115 de
1339 3083 1563 3115 communione
1583 3083 1661 3114 lucri
1682 3083 1711 3115 δε
1728 3083 1810 3115 dam-

946 3129 1004 3164 ni,
1040 3127 1070 3158 &
1094 3126 1237 3167 quamvis
1258 3133 1390 3165 utraque
1412 3124 1597 3162 communio
1619 3125 1720 3162 fitex
1742 3125 1812 3165 jure

945 3167 1229 3201 consuetudinario.
1275 3166 1449 3209 Rationes,
1469 3167 1548 3207 'quas
1572 3165 1634 3206 iam
1649 3164 1738 3209 supra
1757 3174 1811 3196 oc-

945 3209 1058 3250 cupavi
1077 3230 1088 3249 ,
1123 3208 1250 3283 pvr'olixe
1278 3207 1311 3240 iu
1346 3214 1510 3249 utramque
1545 3214 1668 3246 partem
1698 3206 1810 3280 atil-latre

1176 3259 1196 3280 v
1219 3259 1239 3291 3
1737 3257 1813 3285 urst,
