2008 3436
451 105 852 143 CORNELII

198 194 270 226 tur,
295 195 480 228 quamquam
504 187 547 218 ita
570 185 671 218 visum
687 186 785 218 fuerit
811 184 915 216 Curiae
940 185 971 216 in
999 184 1058 215 Re-

199 227 313 268 sponso
340 227 395 259 suo
418 238 464 260 10.
493 228 592 260 Mart.
619 232 709 268 138.
733 226 899 267 Privilegia
924 225 1056 266 Legato-

197 279 266 300 rum
282 278 490 310 competunt,
520 279 554 300 ut
581 270 634 309 ipsi
657 267 853 307 Principibus
874 265 935 297 suis
962 266 1059 306 magis

199 311 294 340 utiles
314 310 389 350 lint,
414 311 443 342 &
467 320 574 342 corum
596 309 711 350 legatio
731 308 815 339 nulla
832 307 922 347 plane
947 317 980 338 re
1002 308 1057 338 im-

197 351 346 391 pediatur.
393 352 554 384 Pertinent
568 351 660 390 igitur
678 349 745 380 liaec
764 348 975 388 privilegiam
987 357 1058 378 cau-

196 392 258 423 sam
279 392 431 434 Principis
444 416 452 429 ‚
476 402 538 423 non
556 393 592 422 ad
612 389 731 421 causam
747 389 837 430 ipsuis
850 388 979 429 Legati]
1004 389 1057 420 libi

199 435 437 466 renunciatione
461 433 509 465 sua
536 433 670 472 legatus
695 439 810 461 nocere
827 429 946 469 potest,
973 429 1058 460 Prin-

194 475 259 514 cipi
281 484 344 506 non
364 474 475 515 potest.
520 473 579 504 Sed
598 474 664 503 liaec
680 472 741 510 jam
757 472 821 502 dixi
841 472 874 500 a'e
900 469 970 500 Foro
1001 469 1058 501 Le-

194 522 258 556 gat.
279 516 443 548 CXXIV.
470 517 505 552 in*
515 513 572 554 fin.
597 515 626 545 &-
645 522 738 554 quum
758 511 894 544 refutata
907 520 970 542 non
983 511 1059 549 sint,

194 566 250 587 cui·
271 557 434 597 repetam?

239 597 335 643 Quod
355 608 395 629 cx
412 598 483 637 Jure
500 597 644 628 Romano
660 595 750 627 attuli
773 595 811 626 de
831 593 1012 626 criminibus
1030 593 1060 625 &

193 638 424 673 contraftibus,
448 647 520 669 ante
539 638 728 677 legationem
747 637 798 667 vel
820 636 851 667 in
880 636 942 677 ipsa
975 636 1057 675 lega-

194 679 282 710 tione
300 679 465 711 cominiffis
481 680 509 710 ἅ
528 678 710 715 celebratis,
734 678 869 708 alienum
900 678 990 718 plane
1014 674 1058 707 est

195 721 233 750 ab
263 720 326 751 hoc
356 721 447 758 loco,
473 721 544 760 quia
571 720 612 750 ibi
638 720 738 760 agitur
763 718 802 749 de
825 718 1003 749 Provinciis
1028 717 1058 747 δε

194 761 386 800 Municipiis
398 785 406 799 ,
432 761 567 800 Principi
591 760 732 791 Romano
750 759 912 798 subjectis,
930 759 982 798 qui
1000 757 1058 788 Le-

195 810 285 842 gatos
302 801 372 833 suos
397 803 526 833 Romani
543 801 710 832 mittebant
732 800 768 831 ad
788 800 918 830 eundem
942 799 1059 831 Princi-

194 852 275 883 pem.
323 843 436 884 Agitur
452 843 546 883 igitur
563 842 600 872 de
619 841 744 882 Legatis
762 840 909 879 subditis,
926 842 954 872 ἃ
974 840 1059 871 Prin-

195 884 273 924 cipis
289 883 333 915 est
347 886 386 915 de
400 883 474 915 foro
495 883 696 914 Subditoium
718 881 841 913 suoi-uin
863 882 1060 918 statuere,ut

195 924 248 956 sibi
275 925 410 957 videtur.
461 925 491 957 Si
521 924 698 955 distinxerit
731 923 878 964 Princeps
904 923 1062 954 Romanus

195 966 276 997 inter
298 975 354 1003 ea,
380 976 448 1007 quae
466 973 536 996 ante
554 966 741 1005 legationem
759 964 810 995 vel
836 964 866 995 in
893 963 955 1004 ipsa
980 964 1060 1003 lega-

197 1007 286 1038 tione
302 1008 367 1039 atta
391 1006 474 1049 gesta
494 1006 585 1045 sunt,
608 1007 648 1038 sie
670 1005 775 1047 potuit
798 1004 1007 1046 distinguere,
1032 1004 1062 1035 &

199 119 270 154 320
923 115 983 141 VII
1007 115 1031 140 N

826 1102 1179 1138 CAPUT

805 1194 929 1229 Iterum
957 1193 992 1228 de
1019 1193 1120 1227 eodem
1147 1200 1344 1237 argumento.

260 1294 288 1332 i,
313 1304 380 1335 quse
400 1293 545 1325 haetenus
562 1291 805 1332 disputavimus,
823 1299 898 1321 vera
916 1289 1060 1327 fint,no-

195 1295 247 1375 S
273 1335 325 1367 stri
344 1335 486 1375 Delegati
500 1357 509 1371 ,
533 1335 569 1365 ad
588 1332 680 1365 instar
702 1332 915 1372 Legatorum‚
937 1331 984 1370 jus
1010 1331 1059 1361 lia-

196 1377 273 1408 bent
293 1376 458 1407 revocandi
478 1375 604 1406 domum
623 1382 685 1405 tam
709 1374 740 1404 in
765 1372 855 1404 causa
878 1372 1057 1409 criminali,

194 1427 282 1460 quam
300 1417 398 1448 civili.
444 1416 503 1448 Sed
518 1416 556 1447 de
584 1416 659 1447 soro
685 1415 824 1446 criminis
841 1413 968 1454 pressius
989 1422 1057 1453 aga-

195 1469 264 1490 mus
280 1459 329 1489 hoc
350 1458 450 1498 Capite
464 1481 473 1495 ,
498 1458 536 1489 de
554 1456 627 1488 foro
650 1455 831 1487 conti-aetus
851 1454 946 1485 acturi
974 1454 1059 1494 Ccipz'-

197 1507 224 1531 te
247 1501 388 1540 proxz'nw.
433 1499 525 1537 Scio,
558 1498 710 1538 plurimos
731 1497 831 1528 altum
857 1496 1000 1526 intonare
1022 1495 1060 1526 de

194 1550 282 1572 metu
303 1542 332 1572 δε
349 1540 491 1580 periculo
508 1540 685 1572 nostrorum
704 1537 832 1570 Civium
849 1558 859 1575 ‚
883 1536 904 1568 si
928 1536 1059 1577 Delega-

195 1583 219 1614 ti
237 1581 316 1621 apud
332 1591 390 1613 nos
405 1581 622 1621 delinquentes
633 1603 642 1618 ,
659 1589 721 1611 nou
741 1577 966 1618 subjicerentur
987 1577 1059 1609 foro

193 1622 322 1661 nostro,
346 1622 454 1654 iisdem
470 1623 512 1654 usi
529 1621 717 1658 rationibus,
743 1620 853 1660 quibus
870 1618 976 1650 forum
1001 1618 1059 1649 Le-

191 1673 336 1705 gaterutn
354 1663 527 1705 oppugnari
546 1663 644 1700 solet,
668 1661 719 1693 scd
737 1661 798 1700 jam
815 1660 903 1701 supra
920 1659 982 1691 dixi
994 1660 1058 1698 ,ni-

193 1706 240 1738 hil
257 1715 307 1736 eas
325 1705 429 1736 valere
453 1705 489 1736 ad
513 1703 750 1736 subvertendam
771 1702 863 1733 aliam
884 1701 1057 1738 rationem,

194 1757 264 1787 quae
281 1747 375 1787 longe
391 1745 555 1786 potentior
573 1744 636 1783 est,
659 1745 688 1776 ὅ(
712 1742 836 1781 suadet,
858 1742 968 1782 jubet,
991 1740 1057 1773 De-

195 1787 385 1829 legationem
403 1787 491 1818 nullo
513 1786 609 1818 modo
631 1785 692 1816 effe
717 1784 953 1824 impediendam.
998 1782 1058 1814 Ad-

193 1830 255 1868 do,
280 1828 318 1860 de
334 1837 421 1859 metu
441 1828 470 1859 δι
489 1827 633 1868 periculo
656 1833 775 1858 tantum
797 1834 861 1856 non
887 1824 948 1855 effe
971 1824 1059 1855 labo-

192 1869 340 1908 randum,
367 1869 405 1907 fi,
429 1877 464 1900 ut
485 1876 630 1910 oportet,
656 1868 691 1899 in·
712 1866 876 1908 Delegatis
898 1865 1058 1904 admittas,

196 1921 266 1952 quae
290 1911 320 1942 in
346 1910 416 1951 ipsis
442 1910 568 1950 Legatis
592 1909 746 1940 obtinent.
792 1907 883 1939 Poss‘e
905 1915 1015 1947 nempe
1039 1906 1060 1937 si

193 1953 260 1983 vim
276 1953 306 1984 δε
322 1952 387 1982 vim
404 1959 551 1983 armatam
569 1950 774 1986 minitentur,
797 1947 938 1980 custodia
953 1947 1058 1988 prohi-

192 1994 282 2029 beri,
305 1992 410 2034 poss‘c,
434 1992 455 2024 fi
470 2002 563 2024 manu
578 1999 688 2032 agant,
712 1999 804 2022 manu
821 1989 949 2030 repelli,
974 1987 1060 2029 posse

191 2034 305 2066 finibus
321 2033 434 2065 nostris
449 2034 541 2073 ejici,
564 2031 698 2073 polle-‚si
713 2032 796 2072 fugae
814 2030 989 2073 periculum
1003 2029 1058 2068 fit,

193 2074 377 2116 apprehendi
399 2075 428 2106 δε
447 2075 483 2105 ad
500 2074 676 2114 Principem
703 2072 789 2104 suum
812 2071 1001 2108 transmitti,
1024 2079 1060 2102 ut

194 2117 239 2148 ibi
256 2116 442 2157 puniantur:
467 2115 534 2145 noli
554 2115 637 2146 enim
655 2121 783 2154 putare,
805 2122 864 2144 rios
881 2112 962 2144 solos
978 2112 1062 2142 recte

192 2158 241 2198 jus
257 2157 362 2188 dicere
376 2180 384 2194 ‚
408 2156 481 2187 alibi
500 2155 635 2187 monstra
653 2155 816 2186 hominum
830 2153 907 2191 effe,
926 2153 978 2193 qui
991 2162 1060 2184 reos

193 2198 371 2238 impunitos
387 2197 571 2230 dimittunt..
597 2195 647 2226 sed
673 2196 740 2226 haec
759 2196 821 2235 jam
844 2194 998 2234 occupavi
1025 2194 1056 2224 C.

193 2239 302 2272 XVII.
327 2237 448 2270 XVIII.
475 2238 510 2273 &³
534 2236 628 2270 XIX.
652 2238 685 2268 de
702 2236 772 2268 Foro
791 2236 931 2277 Legacor.
956 2244 1058 2276 neque

193 2281 271 2312 adeo
294 2280 346 2311 hic
367 2288 483 2320 repeto.

235 2321 270 2353 In
291 2321 413 2352 delictis
428 2319 576 2362 distingui
593 2319 672 2352 solet
688 2319 769 2351 inter
786 2327 821 2349 ea
833 2341 841 2355 ‚
859 2327 927 2359 quae
944 2317 974 2350 in
990 2317 1056 2349 offi-

193 2363 265 2402 cio,
302 2363 332 2394 ἃ
353 2372 424 2403 quae
443 2370 532 2393 extra
558 2361 696 2392 officium
726 2360 995 2398 committuntur,
1030 2360 1060 2390 ἃ

193 2405 263 2436 haec
289 2403 414 2444 quidem
441 2402 636 2445 appellantur
663 2402 776 2433 delicta
800 2401 982 2439 comininum,
1024 2409 1060 2431 ut

194 2445 425 2483 homicidium,
456 2444 665 2481 adulterium,
696 2442 835 2484 stuprum
861 2442 1058 2481 violentum,

195 2487 226 2518 ἃ.
246 2487 335 2527 plura
353 2486 516 2525 ejusmodi.
541 2485 646 2525 Atque
663 2484 733 2516 inde
751 2484 844 2525 quaeri
864 2482 985 2523 potest,
999 2493 1036 2514 an
1049 2506 1058 2522 ,

193 2527 277 2567 quod
297 2527 334 2557 ad
349 2526 454 2558 sorum
474 2526 717 2566 Delegarorum,
742 2526 904 2566 quicquain
921 2524 1061 2562 intersit,

192 2568 354 2609 quomodo
366 2567 580 2607 deliquerint?
603 2567 674 2607 Ego
692 2567 817 2607 quidem
831 2575 894 2598 non
911 2565 1060 2598 distinxe—

193 2609 253 2640 rim
266 2630 277 2646 ,
299 2617 362 2639 non
382 2609 523 2648 equidem
539 2608 624 2648 quod
641 2608 782 2646 delictis,
803 2608 834 2639 in
854 2607 962 2638 officio
975 2617 1060 2638 com-

192 2649 304 2688 miffis,
339 2649 471 2680 tribuam
499 2642 627 2688 aliquod
651 2648 866 2688 praeeipuum,
898 2647 949 2678 sed
976 2647 1059 2688 quod

193 2690 294 2731 judex
313 2699 498 2730 competens
515 2698 623 2720 eorum
649 2688 894 2728 DeIegmorum,
917 2689 948 2719 in
972 2698 1058 2720 com-

193 2732 340 2762 munibus
357 2731 496 2769 delictis,
521 2730 615 2761 etiam
632 2729 669 2761 fit
692 2729 788 2770 Judex
806 2737 989 2770 competens
1005 2739 1057 2760 eo-

190 2782 280 2811 rum,
305 2782 376 2813 quae
402 2773 434 2804 in
458 2772 566 2804 officio
586 2771 788 2812 delinquunt,
819 2769 875 2801 nisi
903 2769 1057 2801 Foederati

193 2813 299 2853 Belgae
323 2822 431 2846 mutua
453 2813 667 2845 conventione
687 2820 809 2842 certum
830 2811 969 2851 Judicem
995 2811 1056 2842 ele-

191 2856 298 2894 gerint
318 2878 327 2894 ‚
349 2853 396 2886 'ut
425 2854 464 2885 de
491 2854 643 2895 ejusmodi
669 2853 823 2884 electione
851 2860 924 2883 mox
946 2853 1056 2884 dicam.

194 2895 398 2936 (lactei-oquin
418 2897 560 2936 quamvis
579 2895 648 2935 quis
666 2895 697 2926 in
713 2893 821 2925 officio
834 2892 988 2925 Ordinuin
998 2893 1058 2924 Ge-

192 2937 343 2968 neralium
366 2937 542 2978 delinquat,
567 2935 708 2968 subditus
727 2933 772 2966 cst
792 2933 891 2974 judici
918 2933 973 2965 suo
997 2934 1056 2966 Or—

191 2977 329 3016 dinatio,
355 2977 615 3019 quemadmodum
645 2976 778 3008 Ordines
804 2974 984 3006 Hollaiidiae
1009 2985 1055 3006 re-

193 3018 243 3063 {te
268 3019 475 3050 deci-everunt
504 3022 552 3050 16.
584 3019 668 3059 Sept.
698 3020 787 3063 1654.
813 3015 872 3056 (1)
902 3016 934 3047 in
986 3026 1055 3048 uam

191 3059 377 3092 ienteiitiam
400 3059 500 3091 exstat
520 3069 645 3101 quoque
671 3065 829 3100 egregium
850 3056 953 3089 Curiae
984 3057 1054 3089 ⁷101-

187 3188 206 3217 Ρ
229 3141 292 3216 (ἳῐιῗ1
308 3143 456 3181 Rqsolutien
475 3152 528 3175 van
546 3142 716 3182 Consideratie
737 3147 780 3173 teu
794 3141 853 3180 tyde
869 3150 930 3182 ‚van
951 3141 982 3176 de
996 3141 1053 3174 Wic

1105 103 1703 142 BYNKERSHOEK

1989 115 1992 124 i

1980 131 1986 157 1

1100 183 1187 216 forte
1204 185 1270 224 ejus
1286 183 1494 230 distinctionis
1514 184 1616 225 aliqua
1635 185 1714 216 ratio
1737 185 1820 217 reddi
1841 187 1959 229 posset,
1984 207 1993 228 ¹.

1101 225 1150 258 sed
1178 226 1246 257 hsec
1267 235 1330 257 non
1354 233 1514 266 pertinent
1540 228 1576 256 ad
1598 225 1732 266 Legatos
1750 249 1760 265 ,
1791 235 1868 267 quos
1890 229 1957 262 mit·
1987 230 1994 262 Ρ

1102 273 1173 297 tunt
1195 267 1355 307 Principes
1375 266 1416 297 sui
1438 267 1534 306 juris,
1557 267 1674 307 quique
1698 267 1817 307 semper
1839 277 1959 303 manent

1102 307 1223 338 Subditi
1247 307 1418 338 eorundem
1448 307 1650 347 Principum,
1683 317 1717 338 ut
1739 317 1810 340 ante
1834 308 1959 350 legatio-

1102 357 1172 379 nem
1192 347 1327 380 fuerant.
1353 347 1467 389 Neque
1482 348 1560 379 adeo
1578 348 1645 379 liaec
1666 349 1822 389 pertinent
1838 352 1874 381 ad
1888 349 1958 384 Pro-

1081 389 1221 420 -vincias
1250 389 1404 420 Foederati
1433 389 1550 429 Belgii,
1583 398 1650 430 qua:
1678 389 1802 429 singulae
1826 389 1894 423 sunt
1916 391 1960 426 sui

1101 429 1195 468 juris,
1221 430 1250 461 &
1268 439 1396 469 quarum
1420 430 1588 469 Delegati,
1613 432 1643 461 in
1664 429 1866 464 llollandiam
1890 433 1958 467 mie-

1102 469 1124 501 fi
1139 493 1149 508 ,
1188 470 1390 502 subditorum
1433 471 1651 502 conditionem
1693 480 1852 503 mutarunt
1887 482 1960 508 nuu-

1102 519 1208 583 q'uareii
1248 511 1307 543 Sed
1324 511 1395 543 satis
1414 512 1483 543 liaec
1510 512 1626 544 excui'li
1643 513 1676 543 ci'e
1694 511 1765 543 Foro
1783 508 1962 555 Legatorun’n

1145 593 1249 633 Atque
1264 593 1311 625 his
1330 593 1521 628 consequens
1536 595 1580 627 est
1592 617 1603 633 ,
1625 595 1709 636 quod
1726 595 1860 629 Ordines
1883 575 1962 632 Hel>7
1994 572 1997 616 1

1103 633 1214 665 landiae
1243 645 1273 676 3.
1299 635 1377 675 Maj.
1405 629 1495 669 1680.
1528 636 1557 668 δε
1589 646 1620 677 3.
1644 637 1717 676 Apr.
1746 646 1834 679 1723.
1858 637 1960 672 decre·

1103 683 1235 720 verunt,
1266 685 1326 714 ne,
1351 677 1401 717 qui
1432 676 1623 708 Confiliai‘iis
1649 677 1803 709 Ordinum
1828 673 1962 713 Genera}

1103 716 1179 747 lium
1197 715 1338 758 adscripti
1355 717 1472 755 effent,
1496 717 1537 748 ob
1554 717 1691 750 afflones
1715 717 1890 759 personales
1910 719 1961 755 hit

1103 758 1347 789 convenirentur
1370 758 1423 789 vel
1448 758 1562 790 arresto
1584 759 1817 799 detinerentur,
1841 768 1876 792 ut
1899 771 1960 795 mo*

1102 798 1220 829 moravi
1251 800 1281 830 C.
1303 798 1388 830 VIII.
1423 800 1450 831 ἃ
1479 800 1562 840 quod
1587 799 1682 831 Curia
1704 800 1903 838 Hollandiae.
1925 806 1962 842 ut

1102 840 1208 884 ilgz'clem
1243 839 1401 879 probavi,
1442 841 1663 881 exceptionem
1700 842 1765 873 fori
1797 842 1963 880 declinam}

1105 889 1199 918 riam,
1224 889 1240 911 a
1261 880 1446 912 Confiliario
1461 882 1641 913 eorumdem
1662 882 1817 915 Ordinum
1838 884 1916 926 apud
1932 882 1964 922 ss

1104 920 1314 966 propositam,
1341 922 1518 961 admiserit,
1545 922 1664 955 etiamsi
1689 932 1832 965 ageretur
1857 926 1895 957 de
1911 924 1962 958 dee

1106 964 1193 1001 bito,
1214 963 1346 994 durante
1365 963 1563 1005 delegatione
1581 964 1633 996 liic
1650 965 1826 999 contracto.
1954 970 1964 1002 ὶ

1948 1016 1967 1044 :i'

1951 1058 1963 1082 π

1277 1103 1320 1138 x.
1958 1093 1963 1114 ⁷

1104 1288 1218 1334 landiae
1254 1287 1447 1329 Responsum
1477 1295 1505 1325 8.
1546 1290 1617 1322 Οξὶ.
1658 1294 1748 1331 1654.
1788 1292 1847 1333 (2)
1876 1293 1966 1335 idque

1104 1329 1203 1370 ipsum
1220 1327 1282 1368 est,
1312 1330 1395 1370 quod
1416 1330 1551 1362 Ordines
1575 1331 1756 1364 Hollandiae
1775 1333 1804 1364 ὅ(
1820 1335 1966 1366 decreve—

1103 1370 1224 1402 runt&
1246 1371 1412 1402 edixerunt
1438 1382 1470 1413 3.
1495 1372 1566 1404 Οξὶ.
1593 1376 1681 1412 1656.
1707 1374 1765 1414 (3)
1789 1373 1843 1405 sub
1861 1375 1900 1407 iis
1922 1381 1966 1408 tat

1103 1421 1174 1442 men
1189 1412 1389 1444 cautionibus
1399 1434 1411 1451 ,
1435 1422 1504 1454 quae
1517 1414 1548 1445 in
1568 1412 1710 1446 Decreto
1725 1414 1876 1454 prolixius
1893 1414 1967 1454 enuq'

1103 1461 1270 1484 merantur.

1145 1495 1273 1526 Senatus
1291 1495 1454 1536 Supremus
1472 1495 1502 1526 in
1522 1494 1681 1537 Responso
1699 1496 1752 1529 suo
1769 1497 1807 1530 ad
1832 1498 1966 1533 Ordines

1102 1534 1283 1580 Hellandiae
1307 1537 1338 1568 in
1364 1536 1485 1568 delit‘tis
1509 1538 1754 1577 communibus,
1784 1539 1816 1571 i'n
1837 1538 1966 1583 Delega-

1104 1583 1191 1607 tione
1209 1577 1262 1607 vel
1279 1586 1351 1609 ante
1372 1577 1611 1618 Delegationem
1632 1579 1665 1610 in
1688 1578 1860 1612 Hollandi‘a
1880 1589 1967 1614 com-

1103 1617 1216 1656 missis,
1242 1616 1414 1660 Delegatos
1435 1617 1558 1658 subjicit
1573 1618 1648 1651 soro
1668 1619 1879 1660 HollandicO,
1895 1621 1967 1663 quia

1102 1659 1220 1701 nullam
1238 1661 1391 1692 rationem
1407 1660 1542 1698 habent,
1566 1670 1626 1700 qua
1652 1659 1682 1692 se
1698 1662 1856 1700 eximant,
1879 1669 1912 1694 at
1932 1663 1966 1696 in

1102 1699 1244 1738 delictis,
1267 1701 1298 1733 iii
1315 1701 1422 1732 officio
1443 1701 1627 1739 commistis,
1653 1702 1830 1742 proclivior
1845 1701 1909 1742 est,
1931 1710 1967 1737 ue

1101 1740 1229 1772 domum
1247 1751 1399 1773 revocare
1426 1741 1548 1782 possint.
1594 1743 1761 1776 Videamus
1784 1753 1844 1785 qua
1871 1745 1966 1776 ratio-

1101 1791 1159 1820 ne,
1183 1783 1213 1814 &
1232 1791 1294 1823 quo
1320 1783 1387 1822 jure
1409 1783 1527 1815 nitatur
1546 1782 1714 1817 distinetio.
1763 1783 1912 1827 Delegati
1926 1785 1966 1818 ad

1103 1821 1282 1868 Collegium
1308 1824 1462 1856 Ordinuin
1494 1822 1692 1857 Gener-alium
1724 1826 1810 1858 varie
1838 1825 1966 1868 poss‘unt

1102 1864 1281 1910 delinquere
1304 1866 1336 1896 in
1359 1865 1489 1903 officio,
1511 1865 1650 1908 plerique
1669 1866 1785 1899 habent
1799 1866 1965 1908 Formam,

1104 1914 1121 1936 a
1133 1905 1301 1937 Provmcia
1318 1906 1335 1938 s
1333 1916 1369 1937 ua
1388 1906 1442 1938 fibi
1455 1905 1684 1947 praescriptam,
1695 1906 1859 1940 secundum
1873 1917 1968 1950 quam·

1103 1946 1212 1978 officio
1234 1946 1289 1978 suo
1313 1946 1504 1988 funguntur,
1530 1946 1601 1979 sunt
1619 1949 1648 1981 ἀ
1671 1949 1724 1989 qui
1743 1958 1808 1980 non
1829 1949 1965 1990 habent,

1102 1986 1153 2020 sed
1170 1988 1310 2019 mandata
1331 1989 1490 2028 accipiunt
1509 1997 1565 2028 pro
1582 1998 1615 2020 re
1641 1998 1719 2022 nata.
1764 1990 1795 2022 Si
1820 1990 1895 2031 quid
1918 1991 1966 2024 illi

1104 2028 1247 2070 Delegati
1266 2029 1448 2070 delinquant
1472 2038 1583 2060 contra
1606 2031 1767 2068 mandata,
1791 2030 1855 2063 sive
1873 2040 1964 2073 gene·

1102 2070 1177 2101 ralia
1191 2070 1253 2101 five
1269 2069 1429 2111 specialia,
1452 2069 1600 2102 summam
1616 2071 1770 2103 rationem
1792 2071 1904 2110 habet,
1924 2082 1965 2106 ne

1102 2111 1158 2142 nisi
1183 2111 1421 2150 mandantibus,
1451 2111 1549 2150 iisque
1576 2110 1673 2151 solis,
1705 2121 1744 2144 eo
1770 2113 1898 2144 nomine
1921 2122 1966 2146 te-

1102 2160 1241 2183 neantur.
1287 2152 1316 2185 Si
1337 2152 1478 2184 mandata
1494 2151 1544 2184 sua
1566 2161 1776 2193 exequantur,
1800 2153 1879 2186 nihil
1898 2154 1963 2197 est,

1103 2193 1187 2233 quod
1205 2194 1242 2225 iis
1257 2193 1411 2235 imputes,
1434 2193 1551 2225 etiamsi
1573 2194 1657 2235 quod
1675 2195 1712 2226 ad
1735 2195 1810 2226 alias
1834 2194 1964 2229 Provin-

1101 2235 1164 2267 cias
1185 2235 1331 2266 mandato
1350 2236 1470 2266 crimen
1495 2234 1574 2266 insit.
1626 2235 1668 2266 Et
1693 2245 1728 2266 ea
1756 2234 1819 2277 ipsa
1843 2236 1964 2274 ratione

1099 2277 1193 2308 etiam
1214 2275 1309 2307 Curia
1327 2276 1356 2307 in
1375 2274 1533 2317 Responso
1551 2275 1604 2308 suo
1623 2285 1669 2309 10.
1689 2277 1786 2308 Mart.
1812 2281 1900 2318 1738.
1924 2278 1964 2311 iis

1100 2317 1263 2357 Delegatis
1281 2317 1389 2349 tribuit
1398 2317 1445 2358 jus
1462 2317 1629 2349 revocandi
1648 2317 1784 2350 domum.
1829 2318 1889 2350 Sed
1907 2327 1965 2352 cur

1103 2367 1233 2399 utraque
1253 2358 1347 2390 Curia
1374 2358 1441 2389 haec
1469 2357 1635 2390 transferat
1662 2358 1698 2390 ad
1714 2358 1818 2391 omnia
1832 2358 1964 2399 defleta,

1102 2400 1134 2432 in
1163 2400 1271 2431 officio
1295 2399 1454 2431 commissa
1467 2421 1477 2437 ,
1508 2400 1646 2431 nondum
1665 2400 1753 2440 potui
1773 2399 1965 2432 animadver-

1103 2449 1179 2472 tere.
1226 2440 1288 2472 Fac
1307 2440 1479 2481 Delegatos
1496 2440 1533 2472 ad
1553 2440 1686 2472 Ordines
1702 2439 1870 2472 Generaies
1887 2440 1964 2474 deli-

1102 2481 1201 2523 quiss'e
1226 2482 1289 2514 fine
1312 2483 1459 2513 mandato
1478 2504 1488 2520 ,
1523 2480 1574 2512 fac
1605 2480 1766 2521 pecuniam
1791 2481 1965 2523 accepisse,

1103 2532 1166 2564 quo
1189 2523 1287 2565 magis
1314 2522 1366 2554 vel
1385 2532 1448 2563 quo
1473 2522 1574 2555 minus
1599 2521 1737 2553 officium
1764 2519 1851 2554 suum
1879 2521 1963 2556 face-v

1102 2572 1190 2602 rent,
1213 2563 1264 2596 sac
1283 2573 1354 2596 cum
1373 2563 1498 2605 Legatis
1514 2571 1688 2594 exterarum
1709 2560 1862 2596 Gentium
1873 2562 1966 2604 suiffs

1103 2606 1341 2646 praevaricatos,
1363 2603 1414 2636 fac
1432 2614 1484 2644 per
1503 2603 1632 2644 gratiam
1653 2602 1703 2634 vel
1731 2601 1835 2636 sordes
1858 2603 1965 2639 cortu.-

1102 2654 1174 2687 ptos
1198 2646 1391 2688 Reipublicae
1415 2643 1570 2682 nocuisse,
1595 2644 1694 2682 cedo,
1723 2653 1780 2675 cui·
1802 2645 1832 2676 in
1860 2644 1907 2678 his
1931 2655 1965 2686 og

1101 2687 1223 2719 mnibus
1241 2697 1332 2718 unam
1349 2685 1547 2718 Provinciam
1568 2685 1598 2716 in
1618 2685 1786 2724 judicando
1802 2685 1871 2718 aliis
1889 2695 1965 2728 pr&

1100 2727 1207 2762 feras?
1230 2737 1279 2759 me
1299 2728 1377 2759 latet
1393 2735 1428 2757 ea
1445 2726 1535 2758 ratio.
1569 2725 1695 2758 Habent
1714 2726 1839 2767 quidem
1855 2735 1964 2763 omnes

1100 2770 1148 2801 illi
1174 2768 1318 2809 Delegati
1338 2767 1515 2800 Codicillos
1533 2778 1549 2798 a
1568 2767 1744 2799 Provinciis
1767 2767 1851 2806 suis,
1874 2777 1909 2800 ut
1925 2769 1964 2806 iis

1100 2809 1244 2842 interess'e
1268 2809 1363 2841 liceat
1386 2807 1534 2850 Collegio
1563 2809 1716 2840 Ordinum
1740 2807 1962 2851 Generaliumg

1101 2850 1152 2883 sed
1171 2850 1318 2883 Codicilli
1340 2849 1444 2881 forum
1461 2860 1522 2881 non
1541 2850 1700 2891 pra-benc,
1726 2848 1776 2881 sed
1791 2849 1857 2880 iola
1880 2861 1964 2885 mam

1100 2892 1187 2931 data,
1212 2891 1233 2923 fi
1251 2900 1360 2922 eorum
1378 2891 1454 2922 fines
1473 2890 1579 2932 egi-effi
1599 2891 1655 2922 lint
1673 2890 1861 2922 mandatarii.
1887 2887 1962 2933 A'bsff

1099 2943 1160 2974 que
1182 2941 1221 2963 eo
1241 2932 1262 2964 fi
1288 2931 1344 2970 fit,
1369 2931 1494 2971 nescio,
1519 2942 1573 2964 cui·
1593 2941 1656 2964 non
1679 2940 1716 2964 ex
1741 2931 1814 2962 loco
1836 2932 1961 2972 delicti,

1099 2975 1193 3006 etiam
1209 2972 1284 3004 foro
1303 2973 1495 3004 Hollandico
1512 2973 1675 3014 subjiciant
1686 2995 1695 3010 ,
1712 2972 1765 3013 qui
1779 2973 1811 3004 in
1826 2972 1959 3011 Hollait-

1097 3016 1148 3047 dia
1167 3015 1197 3046 in
1216 3013 1324 3045 officio
1341 3014 1550 3055 deliquerunt.
1942 3038 1956 3053 ‚i

1140 3055 1227 3096 Quin
1250 3055 1332 3086 ultra
1356 3057 1558 3096 progreditur
1583 3056 1729 3096 Senatus,
1761 3055 1793 3088 &
1817 3054 1960 3090 omnibus

1864 3097 1958 3131 etiam

1129 3140 1192 3175 (2)
1213 3139 1312 3168 Ibidem
1325 3147 1352 3175 p.
1376 3146 1440 3172 219.

1130 3177 1190 3216 (3)
1212 3177 1312 3207 Ibide-m
1332 3186 1359 3215 p.
1384 3180 1448 3213 276.

1984 270 1988 284 i

1991 503 1997 525 1

1991 411 1995 420 1

1994 559 1997 566 i

2001 342 2003 356 1

2001 371 2003 388 l

1999 395 2004 499 1
