2008 3436
269 96 557 157 QUAEST.
609 88 842 150 ‘JURIS
894 88 1674 143 ruBL101‚Lm.1.c².i<xv.

54 178 230 235 'probarunt
257 186 413 219 Ordinum
445 184 648 217 Generalium
675 181 853 215 Consiliarii
880 191 931 228 an-

57 241 103 263 no
129 233 220 262 1621.
255 229 285 261 r&
312 227 422 260 saeuus
448 228 625 267 deinceps,
655 233 691 258 ut
724 223 792 256 haec
825 232 932 256 omnia

56 268 163 305 narrat
181 271 325 302 Aitze=ua
341 238 412 310 31).
457 269 538 302 Sunt
557 275 661 314 tamen
674 290 694 314 ‚'
709 265 763 308 qui
777 264 931 306 thorum

55 323 172 347 nomen
189 311 315 350 ferunt,
341 311 395 352 qui
423 309 576 350 ejusmodi
604 318 729 349 injurias
755 316 834 339 eunt
862 318 931 350 pro-

54 357 163 389 batum
177 376 186 391 ,
204 354 286 385 inter
301 361 381 393 quos
394 352 512 384 vellem
525 360 565 383 ne
580 348 655 383 effer
674 348 809 382 Grotius
825 351 858 381 de
869 350 929 392 Ju-

52 408 85 429 τε
108 396 142 428 B.
163 394 199 430 {5⁹
214 390 251 426 P.
275 393 316 425 L.
340 393 381 425 11.
410 394 442 425 C.
466 403 495 426 ε’..
521 392 549 435 §.
569 401 616 424 10.
647 391 758 424 Patior
774 390 930 425 01102011-

54 439 188 474 cheum,
224 436 277 477 qui
304 434 356 467 sua
389 443 494 467 tamen
521 444 561 466 ex
592 432 712 465 Grotio
743 433 927 475 descripsit,

55 481 146 514 Parce
169 478 207 509 ll.
233 479 267 508 de
289 476 367 516 Jure
386 476 499 508 Feciiili·
524 474 599 507 Seci.
623 484 655 515 5.
682 475 723 523 Q.
748 485 795 508 10.
825 476 854 507 <St
878 485 927 517 pa-

53 523 116 554 tior
131 519 190 552 cll'e
211 519 390 556 Buaticum,
415 526 451 548 ut
471 517 554 550 hunc
575 517 672 549 etiam
698 517 828 556 addam,
852 518 927 550 Phi-

54 564 155 604 lofirpslr.
187 559 286 592 Praft.
314 561 344 591 C.
367 559 405 591 V.
433 558 508 591 Seu.
538 562 569 591 6.
593 558 620 601 §.
644 560 699 591 ult.
747 559 816 598 Ut,
841 560 927 601 quod

52 607 160 645 ajunt,
190 602 350 643 probent.
384 600 498 633 similes
526 601 663 633 aliorum
690 601 815 643 rapinas
841 601 926 633 adfe-

51 656 146 684 runt,
168 654 205 676 ac
232 643 253 676 fi
277 643 403 684 juvaret
429 643 630 683 exemplum,
656 643 748 675 litem
765 643 850 684 quod
868 643 926 675 lite

50 686 190 722 resolvit.
237 684 354 726 Neque
369 686 502 718 omnino
519 684 602 717 idem
621 683 784 727 est‚quod
806 685 926 717 addunt

47 731 88 763 de
107 727 229 769 vulgari
256 728 407 766 navium,
438 737 509 769 qua:
533 727 673 765 dicitur,
692 728 924 769 angariatione,

49 780 145 805 naves
163 769 266 808 enim,
292 769 325 801 in
344 769 472 802 alterius
486 768 642 810 Principis
659 768 797 810 Imperio
814 769 921 801 inven-

51 822 112 852 tae,
136 811 372 854 quodammodo
382 810 516 843 subditae
534 809 604 842 sunt
614 833 626 850 ,
639 820 739 852 eaque
756 820 795 843 an
820 812 921 842 arian-

46 862 97 887 tur
111 864 149 888 ex
172 861 300 894 recepta
323 854 426 895 palam
445 851 696 891 consuetudine,
721 862 780 894 qua
816 852 921 884 *ivita-

48 905 96 930 tes
113 896 144 928 dc
167 894 301 935 Imperia
329 895 545 927 continentur.
594 894 722 927 Alienas
747 893 920 940 Ditiones,

47 938 154 970 Urbes
165 960 176 976 ,
200 936 298 969 Arces
317 937 465 969 invadere
487 937 540 968 vel
557 936 696 969 retinere
712 935 849 975 nullibi,
866 935 923 967 nifi

45 990 102 1022 per
121 978 286 1020 injuriam,
308 986 472 1020 receptum
490 977 546 1010 est.

90 1020 128 1053 ll.
155 1021 226 1053 Rex
247 1019 469 1062 Hispaniarum
487 1018 622 1052 fundum
644 1019 771 1060 pignori
791 1019 921 1051 dederat

44 1072 104 1104 pro
128 1061 283 1104 pecunia,
343 1071 413 1093 uam
439 1069 581 1092 mutuam
603 1060 775 1101 sumpserat
805 1070 822 1092 a
842 1069 919 1101 quo·

43 1105 116 1137 dam
143 1104 173 1135 dt
200 1103 297 1144 Regis
319 1071 353 1134 Ξ,
383 1102 541 1134 Ordinum
569 1100 775 1133 Generalium
803 1102 920 1133 amico.

42 1145 189 1179 Fundum
221 1144 312 1175 illu'n
336 1144 420 1176 bello
440 1149 599 1184 occupant
619 1143 756 1175 Ordines
778 1142 917 1175 Genera-

46 1189 101 1220 les.
124 1185 319 1226 Responsum
339 1184 385 1217 est
403 1183 508 1224 Gonfil.
525 1184 610 1216 Holl.
640 1184 742 1217 T.111.
770 1183 875 1224 Confil.
891 1194 916 1217 1.

43 1230 154 1272 pignus
171 1227 231 1259 ell'c
250 1226 451 1259 exstinctum.
499 1226 684 1267 perperam,
706 1233 809 1269 neque
833 1227 919 1258 enim

45 1270 178 1304 Ordines
194 1276 415 1311 occuparunt,
437 1268 493 1301 nis1
517 1268 602 1309 quod
626 1269 723 1310 Regis
746 1277 831 1308 erat,
856 1268 919 1300 hoc

41 1312 105 1352 est,
128 1311 324 1349 dominium,
350 1318 385 1342 ut
410 1310 476 1351 ipsc
502 1310 662 1349 habebat,
685 1310 716 1342 δε
736 1309 917 1352 imperium.

41 1353 111 1396 Ipse
127 1361 233 1385 autem
253 1353 322 1385 Rex
339 1351 473 1384 fundum
493 1361 558 1383 non
580 1352 708 1392 habuit,
731 1352 787 1385 nisi
805 1353 917 1394 pigno-

41 1397 69 1429 ri
87 1395 263 1437 obligatum
275 1417 286 1433 ,
304 1395 334 1427 181
354 1393 395 1426 fic
413 1403 537 1435 quoque
554 1401 752 1436 occuparunt
769 1394 916 1426 Ordines.

38 1438 72 1472 Si
89 1446 213 1479 partem
230 1436 322 1468 fundi
342 1435 408 1468 Rex
426 1435 600 1468 Ordinibus
625 1435 831 1476 vendidisset,
857 1437 918 1468 uti—

40 1489 103 1522 que
118 1479 260 1510 creditor
279 1478 391 1519 pignus
411 1477 586 1510 retinuisset
602 1478 635 1510 in
653 1485 747 1518 toto,
758 1486 824 1510 tam
841 1487 917 1510 con-

40 1529 90 1554 tra
116 1520 237 1562 Regem
259 1520 478 1556 venditorem,
511 1529 601 1561 quam
629 1519 767 1552 Ordines
793 1527 917 1562 empto-

39 1573 110 1602 res,
136 1563 209 1604 quia
234 1571 283 1594 res
308 1560 415 1594 transit
445 1570 515 1593 cum
541 1562 609 1601 jure
639 1562 799 1637 pgnoris,
832 1561 918 1604 quod

39 1604 194 1637 creditori
219 1604 323 1636 amico
351 1602 471 1645 semper
500 1602 620 1636 salvum
644 1613 662 1635 e
692 1628 699 1637 .
745 1603 844 1636 Nune
869 1610 917 1635 to-

39 1654 110 1678 tum
126 1645 262 1678 fundum
281 1654 441 1687 occupant
466 1645 623 1686 Ordines,
648 1647 678 1679 &
696 1646 730 1678 in
748 1655 814 1678 rem
833 1644 918 1678 suam

37 1689 214 1729 publicant.
267 1687 392 1726 Recte,
423 1687 523 1719 modo
549 1688 805 1728 meminerimus,
836 1687 917 1720 nihil

63 1729 175 1762 otuiss'e
197 1730 251 1762 vel
274 1738 432 1771 occupare
459 1731 512 1762 vel
532 1729 720 1771 publicare,
751 1730 808 1763 nifi
831 1729 917 1771 quod

37 1739 135 1813 Regis
151 1779 239 1811 erat,
261 1782 328 1805 non
346 1771 431 1813 quod
449 1779 516 1804 erat
535 1771 629 1804 amici
652 1771 709 1804 sui.
754 1773 786 1805 Si
810 1772 847 1804 ad
862 1772 916 1803 110-

38 1812 117 1846 stem
133 1823 260 1855 quoque
275 1812 475 1856 pertinuisset
490 1814 605 1855 pignus
617 1836 628 1854 ,
651 1815 720 1855 iure
736 1814 815 1846 belli
836 1823 916 1856 quo-

37 1864 100 1897 que
117 1864 331 1897 occupatum,
356 1863 452 1897 atque
469 1856 513 1887 ita
531 1854 723 1888 exstinctum
745 1856 830 1889 esset.

81 1896 137 1928 111.
163 1897 340 1939 Qutesitum
357 1896 403 1929 est
418 1897 458 1928 de
476 1897 589 1938 rebus,
615 1907 686 1940 quae
713 1897 752 1930 ab
773 1897 917 1931 hostibus

37 1938 198 1970 derclistae
219 1939 272 1971 vel
293 1939 466 1981 redemptae
492 1939 566 1971 sunt
579 1962 591 1979 ,
624 1940 655 1972 &
679 1940 856 1982 praesertim
879 1940 918 1972 de

37 1979 171 2011 navibus
190 1980 434 2023 mercibusque,
461 1990 500 2013 an
524 1990 639 2023 nempe
657 1982 716 2021 iis,
748 1983 802 2024 qui
822 1988 917 2024 pecu-

37 2021 123 2053 niam
148 2022 348 2062 ti·aJestitiam
373 2022 547 2062 dederunt,
582 2023 636 2055 vel
661 2033 758 2056 naves
781 2033 915 2057 merces-

37 2072 100 2104 que
119 2062 350 2104 affeeurarunt,
375 2064 407 2096 in
425 2064 590 2096 derelietas
615 2065 667 2097 vel
694 2065 732 2096 ab
758 2065 848 2098 hoste
867 2076 914 2099 re-

39 2105 180 2144 demptas
200 2114 297 2137 naves
310 2115 511 2147 mercesque,
536 2106 674 2147 aliquid,
699 2116 738 2138 an
760 2107 843 2140 nihil
868 2108 915 2149 ju-

41 2146 85 2177 ris
101 2145 254 2187 superfit?
277 2147 322 2179 Et
339 2146 411 2179 sunt
433 2147 538 2187 Consil.
563 2147 599 2180 B.
629 2148 712 2183 Τ.,Ι.
739 2149 843 2188 Confil.
860 2159 916 2190 52.

41 2187 95 2228 qui
118 2188 234 2220 volunt
252 2211 264 2227 ‚
302 2188 324 2221 fi
348 2189 454 2222 navim
481 2188 580 2222 hostis
605 2190 829 2231 dereliquerit,
862 2191 916 2224 vel

40 2238 108 2260 cam
125 2228 272 2261 dominus
295 2230 488 2270 redemerit,
511 2232 584 2273 quia
608 2232 640 2264 in
658 2231 797 2266 hostium
822 2241 914 2274 pote-

42 2269 155 2303 statem
172 2270 296 2303 redafita
313 2279 400 2311 erat,
411 2272 496 2313 quasi
514 2280 616 2305 totam
631 2273 691 2306 effe
707 2274 826 2307 desiisse
836 2297 847 2314 ‚
866 2276 895 2307 ὅ(
904 2297 917 2314 ,

40 2311 63 2344 11
76 2312 236 2353 redempta
252 2313 308 2352 111,
321 2322 379 2355 pro
395 2323 480 2345 nova
495 2314 555 2346 esse
571 2314 742 2348 habendam
753 2338 764 2355 ,
775 2316 916 2358 adeoque

40 2354 217 2386 creditores
241 2355 386 2395 pecuniae
427 2355 602 2396 trajectitiae
634 2358 664 2390 δε
687 2358 914 2390 assecuratores

38 2394 224 2428 insolidum
241 2397 365 2435 teneri,
391 2396 432 2429 sie
459 2406 494 2428 ut
517 2397 594 2430 nihil
618 2398 697 2438 J‘uris
722 2400 762 2432 iis
783 2399 912 2441 supersit

37 2437 71 2469 in
90 2437 217 2477 navim,
243 2438 285 2470 sic
301 2438 464 2470 reversam.
511 2438 547 2471 In
574 2440 704 2472 eandem
724 2441 912 2474 sententiam

39 2477 222 2520 responsum
251 2479 296 2512 cst
324 2479 430 2520 Corzfil.
464 2480 499 2512 B.
538 2481 571 2513 Τ.
605 2480 660 2513 ΙΙΙ.
698 2481 803 2521 Confil.
837 2488 912 2523 248.

40 2520 137 2567 Quod
163 2530 221 2552 nec
249 2531 374 2564 aequum
393 2546 403 2562 ,
435 2532 495 2554 nee
516 2522 633 2563 justum
657 2523 735 2555 mihi
760 2523 912 2563 videtur,

37 2562 111 2603 quia
126 2562 173 2594 illi
189 2563 363 2595 creditores
390 2574 454 2595 non
472 2572 621 2597 tenentur
636 2565 691 2597 nisi
710 2565 748 2597 ad
763 2565 913 2598 damnum

41 2606 168 2642 datum,
191 2614 286 2645 atque
304 2605 348 2636 ita
365 2615 429 2637 non
451 2605 506 2638 nisi
530 2607 566 2638 ad
583 2606 734 2648 expensas
758 2608 888 2639 servatae
901 2630 911 2647 ,

39 2645 88 2676 vel
113 2646 151 2677 ad
175 2647 293 2688 lytrum
325 2647 496 2687 redemptae
534 2649 634 2680 navis.
681 2648 847 2690 Philippus
872 2648 912 2680 11.

40 2686 264 2728 Hispaniarum
282 2688 351 2720 Rex
371 2690 400 2720 in
421 2688 450 2730 §.
474 2698 524 2730 27.
550 2689 672 2731 Legum
691 2690 730 2721 de
753 2690 914 2722 1111ος11111-

41 2729 184 2760 tionibus
213 2739 262 2761 20.
287 2729 352 2769 Jan.
382 2740 470 2771 1570.
495 2731 556 2773 (2)
578 2739 687 2770 vetat,
719 2741 759 2763 ne
778 2741 850 2763 cum
870 2732 916 2772 pi-

39 2771 113 2802 ratis
124 2770 162 2801 de
181 2770 189 2801 l
219 2778 268 2801 tro
282 2780 445 2811 ageretur,
470 2773 621 2804 concedit
642 2774 760 2815 igitur,
787 2781 823 2805 ut
840 2783 914 2805 cum

39 2813 124 2850 veris
147 2780 288 2844 1101110115
301 2821 427 2853 agatur,
451 2823 516 2846 non
534 2816 615 2854 alia,
629 2815 766 2856 opinor,
792 2814 913 2847 senten-

17 2891 20 2894 ,
42 2850 108 2892 tia,
137 2863 229 2895 quam
260 2862 293 2885 ut
315 2854 494 2887 ostenderet
510 2879 521 2894 ‚
558 2856 784 2889 affecuratores
807 2857 844 2888 ad
866 2857 913 2898 ly-

41 2901 123 2927 ttum
138 2918 147 2934 ‚
172 2905 275 2936 neque
303 2895 406 2933 ultra,
429 2898 549 2936 teneri,
574 2897 688 2930 frustra
713 2899 855 2940 alioquin
881 2899 912 2930 id

39 2937 247 2968 constitueret
261 2960 270 2974 ,
284 2937 337 2968 ubi
352 2937 391 2967 de
409 2937 532 2977 legibus
550 2940 789 2972 assecurationis
806 2941 911 2972 omnis

39 2978 140 3010 sermo
155 2978 210 3010 est.
238 2978 400 3009 Vei-iffime
416 2979 499 3010 dixit
514 2979 722 3022 Pomponius,
738 2983 908 3022 redempti&

41 3030 106 3051 nem
118 3021 299 3060 fucultateisz
324 3021 464 3051 redeundi
476 3020 635 3062 praestare,
656 3033 713 3055 non
730 3024 792 3065 Jus
805 3022 908 3065 postli-

79 3115 138 3150 (1)
159 3113 194 3142 L.
211 3115 248 3143 ΙΙ.
269 3124 296 3151 p.
315 3123 381 3150 312.
402 3113 427 3142 ὅ(
448 3114 544 3144 multis
565 3115 641 3154 seqq.

81 3152 279 3187 (2)P1ac.1.
302 3162 329 3182 2.
353 3161 378 3187 7.
402 3162 427 3182 1.
450 3161 476 3188 3.

79 3192 140 3227 (3)
162 3191 208 3218 Sic
228 3192 314 3220 refert
335 3193 465 3221 Aitzema
485 3191 520 3219 L.
537 3193 560 3220 1.
582 3201 610 3229 p.
629 3201 773 3230 111-113.

77 3230 137 3266 52)
158 3229 198 3257 Ita
219 3230 258 3258 est
279 3231 353 3267 apud
376 3233 497 3260 eundem
518 3230 553 3259 L.
567 3232 589 3259 1.
612 3239 640 3269 p.
660 3235 727 3267 279'.

1780 96 1846 152 237*

974 180 1062 211 minii
1084 186 1196 224 mutare
1211 180 1232 211 l.
1247 189 1297 212 20.
1324 180 1351 222 §.
1374 182 1429 213 ult.
1450 183 1491 223 ff.
1506 186 1539 215 ele
1558 187 1640 225 Casir.
1663 186 1699 221 fi?
1720 186 1846 227 pofllc'm‘.

973 220 1082 262 remis.
1129 221 1290 253 Postrema
1314 223 1410 254 ctiam
1434 227 1571 257 claui-ula
1590 227 1785 260 instrumenti
1803 224 1849 259 21.ss

975 262 1181 302 securatorii,
1207 272 1271 305 quo
1293 265 1393 305 vulgo
1413 273 1543 298 utuntur
1572 278 1781 308 uici-catores,
1808 272 1851 301 lii-

977 306 1017 337 tis
1041 304 1215 346 fignificat,
1249 306 1500 347 redemptionem
1530 318 1657 350 queque
1683 313 1850 351 permitti,

973 347 1026 379 sed
1045 356 1110 378 non
1126 347 1229 379 minus
1241 347 1271 379 in
1292 357 1357 379 rem
1375 348 1616 380 all'ecurntorum
1628 374 1636 388 ‚
1656 361 1748 392 quain
1760 353 1851 393 11111113

972 388 1106 420 domini.
1152 387 1296 421 Tantum
1321 390 1418 431 igitur
1435 390 1540 422 damni
1567 392 1674 423 datum
1700 394 1850 435 intelligi-

974 440 1059 467 mus,
1086 438 1237 472 quantum
1252 440 1292 463 ex
1306 441 1387 463 nave
1407 434 1460 464 vel
1482 433 1640 464 mercibus
1660 435 1772 473 periit,
1797 435 1848 467 vel

971 473 1003 505 in
1018 473 1138 515 lytrum
1153 471 1326 513 expensum
1343 472 1398 505 est.
1439 474 1520 506 Sanc
1537 474 1557 506 si
1575 475 1665 506 navis
1682 485 1769 516 capra
1786 477 1848 516 jann

969 515 1069 546 fuerit
1086 514 1257 555 inportuni
1277 514 1448 548 deducta&
1468 516 1645 557 publicata,
1658 518 1848 555 redemptiov⁴

970 566 1063 595 nem,
1089 556 1202 587 deinde
1226 555 1383 597 secutam,
1408 567 1468 599 pro
1493 567 1579 590 nova
1604 560 1767 599 emptione
1786 559 1848 590 elle

970 597 1143 630 habendam
1167 596 1267 630 facilc
1285 599 1420 640 largior,
1452 600 1482 631 δε
1507 599 1551 631 ita
1575 603 1702 642 quoque
1720 600 1847 642 respon-

969 639 1036 671 sum
1051 638 1096 671 est
1118 638 1224 678 Consti.
1250 640 1285 672 B.
1317 641 1350 672 '11
1377 641 1401 673 I.
1429 640 1534 680 Consti.
1562 646 1610 674 11.

1013 680 1070 713 IV.
1095 681 1231 714 Ordines
1255 681 1428 715 Generules
1450 683 1619 724 jusserant,
1645 685 1764 717 milites
1779 684 1846 725 sui,

967 724 1021 765 qui
1048 724 1196 756 tenebant
1226 723 1340 757 Arcem
1371 724 1458 774 Reyil
1485 727 1516 757 in
1547 726 1632 767 Agr-0
1659 726 1845 767 juliacensi,

967 773 1111 812 parerent
1130 765 1261 797 domino
1280 765 1391 804 Arcis‚
1407 767 1422 798 i<
1435 768 1572 800 lorentio
1590 778 1648 800 van
1668 769 1726 801 den
1749 769 1846 801 Boet-

967 808 1056 840 10101.
1111 806 1272 839 Dominus
1297 807 1453 840 pra-fetro
1481 810 1572 842 Arcis
1606 810 1739 842 exhibet
1766 811 1846 843 illud.

967 849 1125 882 Ordinum
1146 850 1347 888 mandatum,
1373 850 1402 882 ἃ
1423 850 1538 884 Arcem
1555 851 1705 894 Hispanis
1730 862 1842 894 api-iro-

967 890 1197 932 pinquantibus
1214 890 1284 922 dedi
1303 891 1449 932 imperat.
1489 893 1589 925 Dedit
1607 893 1775 926 ivi-tesseliis
1791 904 1843 936 30.

966 933 1048 974 Aug.
1088 936 1181 965 1621.
1227 933 1288 965 Sed
1316 933 1490 966 Mauritius
1520 936 1697 978 Osangius,
1730 937 1844 978 plenus

965 974 1182 1014 ira1·um,eum
1201 974 1307 1016 capite
1326 975 1454 1016 punivit
1477 986 1523 1017 14.
1536 978 1621 1019 Sept.
1645 983 1737 1010 1621.
1760 978 1846 1019 quasi.

965 1015 1093 1057 parendi
1115 1016 1295 1047 mandatum
1313 1016 1351 1047 ad
1370 1026 1417 1048 res
1440 1017 1612 1059 Ponticas,
1638 1030 1702 1052 non
1721 1020 1846 1053 Milita-

965 1066 1013 1089 res
1029 1058 1205 1098 pertineret
1222 1057 1291 1098 (3).
1317 1056 1445 1089 Dubito
1457 1083 1464 1097 ,
1477 1058 1515 1091 a'n
1535 1061 1635 1092 reete:
1661 1072 1732 1093 nam
1749 1087 1756 1096 .
1769 1072 1843 1094 cum

963 1107 1000 1130 ea
1030 1098 1099 1131 Arx
1123 1099 1160 1130 ad
1190 1098 1327 1130 Ordines
1349 1098 1521 1134 Generales
1553 1112 1618 1134 non
1647 1104 1844 1144 pertineret,

963 1140 1114 1173 mandato
1131 1140 1189 1173 illo
1213 1139 1295 1172 nihil
1312 1140 1416 1173 aetum
1442 1143 1592 1182 videtur,
1618 1154 1710 1185 quam
1736 1155 1770 1177 ut
1794 1145 1843 1185 jus

962 1182 1106 1222 domini,
1135 1182 1273 1223 receptis
1296 1183 1438 1223 quamvis
1467 1185 1640 1224 militibus,
1666 1186 1844 1220 servaretur

963 1223 1078 1256 sartum
1104 1223 1307 1264 tectumque‚
1334 1224 1507 1258 defensuris
1528 1227 1643 1259 Arcem
1664 1229 1840 1269 militibus,

964 1273 1000 1297 ut
1015 1265 1148 1298 domino
1164 1265 1347 1304 videretur,
1369 1275 1409 1298 ne
1428 1266 1550 1300 scilicet
1571 1269 1683 1302 iisdem
1706 1270 1843 1303 difficul-

964 1308 1081 1341 tatibus
1100 1307 1321 1340 involveretur
1335 1309 1482 1341 dominus
1493 1334 1502 1349 ,
1513 1311 1626 1352 quibus
1641 1311 1842 1345 Oosti'risiae

960 1349 1081 1434 (10111οΞ
1097 1350 1181 1392 quod
1195 1349 1234 1381 ad
1251 1348 1368 1383 Arcem
1384 1350 1540 1392 Lim-oon,
1564 1353 1605 1385 de
1623 1364 1684 1396 qua
1705 1355 1774 1386 dixi
1790 1355 1841 1386 hoc·

964 1393 1035 1432 Cup.
1084 1417 1091 1424 .
1120 1403 1146 1425 1.

1007 1433 1045 1466 V.
1071 1434 1122 1466 Eo
1145 1442 1313 1478 tempore,
1336 1444 1400 1477 quo
1419 1435 1459 1467 de
1484 1436 1648 1470 deditione
1667 1438 1841 1480 trastatur,

962 1476 1063 1507 licere
1092 1479 1288 1510 munitiones
1311 1477 1464 1518 perficere
1489 1479 1653 1513 existimat
1672 1480 1840 1514 Alberi-us

962 1516 1104 1551 Gentilis
1123 1520 1158 1551 cle
1175 1519 1254 1561 Jure
1271 1519 1341 1550 belli
1352 1519 1394 1552 L.
1411 1519 1449 1552 II.
1464 1521 1497 1553 C.
1515 1527 1561 1557 18.
1589 1523 1619 1554 ὅ(
1637 1531 1678 1554 ex
1693 1532 1733 1554 eo
1749 1523 1836 1556 Zou-

962 1560 1061 1592 cheus
1079 1562 1113 1592 de
1144 1561 1223 1603 Jure
1243 1561 1353 1593 Fecz‘al.
1379 1561 1466 1594 Part.
1492 1562 1531 1596 ΙΙ.
1559 1564 1634 1596 Sea.
1657 1573 1705 1596 10.
1729 1564 1771 1611 Q,
1793 1575 1841 1598 10.

961 1602 1022 1634 Sed
1043 1602 1135 1634 aliter
1153 1605 1232 1637 olim
1253 1601 1357 1635 visum
1376 1602 1422 1636 est
1446 1603 1666 1646 Fer-dinando,
1689 1609 1767 1648 qui,
1793 1617 1842 1639 re-

962 1651 1060 1685 cepto
1086 1645 1213 1688 Regio,
1245 1645 1287 1677 ob
1314 1654 1382 1677 eam
1406 1655 1474 1678 rem
1498 1646 1610 1682 Gallos
1639 1658 1658 1680 e
1683 1649 1842 1681 moenibus

962 1687 1198 1728 praecipitavit,
1221 1694 1257 1719 ut
1278 1696 1320 1718 ex
1340 1687 1437 1727 Jovio
1461 1695 1618 1722 memorat
1643 1689 1784 1723 Gentilis
1810 1692 1839 1722 d.

961 1729 1015 1760 loc.
1041 1729 1084 1762 Et
1101 1738 1175 1761 cum
1188 1729 1324 1771 Hispani
1336 1729 1452 1771 Bergas
1468 1731 1665 1772 obsiderent,
1692 1733 1721 1765 &
1742 1733 1842 1773 paflae

960 1770 1061 1803 essent
1081 1771 1220 1804 induciae
1237 1771 1275 1803 ad
1293 1769 1395 1803 caesos
1415 1771 1631 1814 sepeliendos,
1656 1775 1686 1807 dt
1711 1775 1842 1807 interim

961 1812 1096 1855 Hispani
1112 1822 1209 1855 opera
1222 1812 1274 1846 sua
1294 1812 1502 1855 perficerent,
1528 1816 1762 1858 conscensisque
1775 1827 1842 1848 mu-

960 1854 1112 1887 nimentis
1138 1855 1202 1887 suis
1237 1854 1449 1896 inspectarent
1489 1858 1683 1890 munitiones
1721 1858 1839 1897 Urbis,

961 1905 1073 1929 contra
1083 1895 1172 1929 usum
1189 1896 1391 1939 formamque
1411 1898 1484 1931 belli
1502 1899 1643 1932 inducias
1659 1899 1721 1931 ess'e
1729 1908 1839 1942 ruptas

964 1948 1012 1977 19.
1030 1938 1111 1980 Aug.
1142 1942 1236 1971 1622.
1259 1939 1364 1979 Belgae
1380 1940 1522 1980 quiritati
1542 1940 1611 1973 sunt
1629 1941 1699 1983 (4).
1746 1942 1836 1974 Atta-

960 1990 1032 2013 men
1047 1990 1131 2013 anno
1150 1984 1241 2021 1664.
1259 1980 1297 2011 ad
1309 1980 1504 2022 Bylerschans
1520 1982 1721 2015 observatum
1738 1983 1784 2015 est
1800 1984 1839 2015 ab

960 2031 1092 2064 utraque
1114 2031 1204 2064 parte
1221 2046 1231 2062 ,
1263 2030 1358 2063 atque
1378 2023 1400 2055 fi
1426 2030 1586 2056 armorum
1612 2025 1750 2056 induciae
1771 2035 1838 2058 non

959 2064 1169 2105 impedirent,
1223 2065 1371 2096 uominus
1391 2074 1488 2106 opera
1516 2066 1546 2098 ὅς
1571 2066 1766 2099 munitiones
1786 2077 1840 2099 ex-

959 2105 1080 2138 struere
1099 2106 1130 2138 &
1144 2073 1298 2147 1101ἓο010
1324 2106 1437 2138 liceret
1464 2106 1535 2148 (5).
1580 2108 1640 2140 Sed
1656 2109 1754 2151 magis
1773 2108 1839 2149 est,

960 2154 997 2179 ut
1012 2171 1022 2187 ,
1054 2148 1152 2189 pastis
1175 2147 1312 2180 induciis
1334 2170 1345 2187 ,
1376 2149 1484 2181 omnia
1509 2150 1541 2181 in
1566 2150 1698 2181 alterius
1726 2160 1839 2183 necem

960 2188 1203 2232 suspendantur,
1228 2189 1299 2221 haec
1324 2189 1409 2223 enim
1429 2191 1593 2232 pastorum
1619 2190 1774 2224 sententia
1794 2193 1840 2224 vi-
1860 2215 1861 2218 η

959 2231 1053 2263 detur
1061 2253 1072 2270 ,
1094 2231 1125 2263 ἃ
1139 2253 1149 2268 ,
1173 2231 1194 2264 fi
1213 2231 1297 2263 ultra
1312 2241 1440 2274 pergas,
1465 2233 1523 2265 vix
1545 2233 1613 2273 est,
1638 2242 1675 2265 ut
1698 2243 1747 2266 res
1773 2243 1840 2266 cer-

960 2280 1023 2304 tam
1043 2272 1263 2305 definitionem
1283 2273 1376 2314 poffit
1393 2274 1548 2316 accipere.

1001 2314 1059 2347 VI.
1083 2314 1165 2347 Cum
1183 2314 1360 2357 Episcopus
1375 2316 1633 2350 Monasterienfis
1643 2327 1726 2350 anno
1743 2322 1835 2358 1665.

959 2357 990 2389 &
1016 2360 1107 2389 1666.
1132 2358 1275 2397 quaedam
1292 2357 1362 2389 loca
1380 2358 1413 2390 in
1434 2357 1666 2392 Transisulania
1685 2369 1838 2400 occupas-

955 2397 1022 2439 set,
1048 2397 1213 2438 vastaffet,
1236 2399 1418 2441 expilasset,
1443 2410 1503 2432 nee
1521 2402 1625 2433 multo
1645 2401 1836 2436 clementius

954 2440 998 2472 ibi
1017 2440 1150 2482 egiffent
1169 2440 1284 2472 Franci
1303 2464 1313 2480 ,
1349 2441 1404 2482 qui
1429 2442 1600 2474 Ordinibus
1623 2441 1834 2475 Generalibus

954 2482 1076 2514 auxilio
1099 2490 1273 2521 venerant,
1307 2481 1543 2522 Tranfismani,
1575 2491 1611 2514 ut
1641 2485 1749 2515 onmia
1777 2484 1834 2516 illa

954 2522 1011 2556 fibi
1031 2532 1267 2565 repararentur,
1291 2524 1428 2555 Ordines
1444 2524 1613 2557 Generales
1626 2525 1743 2557 adeunt
1755 2548 1765 2564 ,
1781 2525 1835 2558 scd

955 2574 1065 2595 eorum
1078 2564 1257 2596 Consiliarii
1267 2587 1279 2604 ,
1291 2574 1328 2596 ea
1342 2565 1381 2596 de
1390 2574 1424 2596 re
1433 2563 1620 2598 sententiam
1636 2567 1759 2609 rogati,
1781 2577 1832 2608 15.

957 2605 1028 2638 oet.
1052 2605 1415 2648 1666..1·esponderunt,
1447 2607 1528 2639 nihil
1555 2608 1669 2640 horum
1695 2611 1831 2649 reparari

957 2654 1126 2689 oportere,
1150 2648 1196 2679 als
1211 2649 1245 2679 de
1254 2649 1366 2690 schade
1384 2650 1416 2680 in
1436 2649 1506 2680 hare
1529 2659 1664 2693 gemeene
1683 2651 1830 2682 vzz'ddelen

959 2699 996 2720 en
1013 2689 1249 2732 Verpondingen
1265 2690 1387 2733 geleden
1409 2700 1449 2722 na
1460 2693 1607 2732 proportie
1631 2702 1692 2723 van
1712 2693 1746 2723 de
1765 2694 1833 2734 syri,

958 2732 1011 2762 dat
1030 2731 1063 2761 de
1076 2731 1215 2773 plaatst’n
1235 2742 1298 2764 van
1317 2734 1352 2763 de
1369 2735 1471 2774 vyand
1485 2735 1680 2775 geoccupeerd
1696 2734 1758 2775 syn
1781 2744 1831 2776 ge-

956 2770 1067 2813 weeft,
1090 2773 1213 2814 reliqua
1235 2773 1306 2805 fato
1329 2774 1533 2815 imputanda,
1557 2776 1587 2806 δε
1605 2775 1678 2806 belli
1698 2775 1760 2806 effe
1781 2785 1832 2810 ea-

957 2814 1131 2854 lamitates‚
1157 2825 1234 2856 quas
1253 2815 1312 2848 soli
1328 2814 1453 2855 ferunt,
1471 2817 1583 2857 quibus
1599 2816 1747 2847 accidunt
1760 2816 1830 2857 (6).

956 2854 1084 2888 Deinde
1107 2857 1204 2890 iidem
1229 2857 1430 2897 Consiliarii,
1455 2865 1574 2890 mutata
1594 2857 1741 2889 nonnihil
1764 2857 1832 2889 sen-

956 2899 1077 2937 tentia,
1102 2899 1197 2930 etiam
1225 2900 1359 2932 aliorum
1381 2899 1576 2940 quorundam
1597 2899 1751 2930 rationem
1767 2899 1832 2931 0110

954 2938 1130 2972 habendam
1161 2940 1382 2979 censuerunt,
1418 2940 1577 2982 praecipue
1609 2939 1829 2978 exactionum.

976 2982 1067 3014 uibus
1085 2982 1229 3014 incendia
1244 2981 1382 3014 hostium
1402 2989 1491 3012 erant
1511 2984 1673 3022 redempta
1689 2981 1750 3023 (7)
1762 3005 1770 3021 ,
1796 2983 1828 3015 &

953 2990 1123 3055 Fecundum
1146 3023 1228 3055 hanc
1250 3023 1455 3065 posteriorem
1482 3021 1669 3055 sententiam
1692 3024 1827 3097 Mollia—n-

1764 3076 1826 3097 (1ae

993 3115 1054 3153 (5)
1075 3117 1160 3154 Apud
1182 3117 1302 3146 rundem
1324 3116 1359 3145 L.
1375 3117 1480 3144 XLIV.
1501 3124 1528 3152 p.
1545 3119 1590 3145 61.

993 3156 1057 3192 (6)
1078 3158 1145 3185 Haec
1167 3156 1252 3184 habet
1276 3155 1349 3183 idem
1371 3155 1406 3182 L.
1423 3155 1527 3182 XLVI.
1547 3163 1574 3191 p.
1591 3163 1656 3190 372.

994 3196 1054 3230 (7)
1077 3195 1156 3221 Idem
1177 3194 1213 3222 L.
1230 3194 1334 3223 XLVI.
1355 3202 1383 3230 p.
1402 3196 1466 3229 381.
1489 3196 1552 3228 383.
1576 3193 1601 3223 δ(
1623 3197 1687 3230 384..

1085 3268 1190 3310 Ggss
