2008 3436
467 132 866 169 CORNELII
930 141 1040 168 vsu

202 136 271 176 316

196 220 259 243 non
276 210 433 244 retractat.
476 212 644 245 Taurellio
670 212 787 250 etiam,
807 219 843 243 ut
865 221 905 244 ex
921 212 1059 254 appofita

196 258 272 282 nota
297 253 421 285 constat
437 277 448 293 ,
478 255 601 295 priora,
633 264 702 296 quae
716 253 938 293 exhibuimus,
964 253 1058 284 verba

194 291 331 333 suspecta
344 293 495 334 fuerunt,
528 296 601 336 quia
621 305 754 337 nempe,
780 304 849 336 quae
868 295 899 327 ἀ
916 294 1057 326 Eberlini

191 334 274 365 ratio
301 344 385 375 erat,
416 336 499 368 deest
525 337 659 369 alterum
668 339 802 377 partim,
833 336 918 377 quod
939 334 1058 367 sensum

192 373 344 416 suppleat.
389 376 423 409 Id
448 387 488 409 ne
512 377 647 417 deess'et,
667 377 772 411 Zafius
791 378 854 408 hoc
870 376 1058 408 emblemate

192 416 367 450 consuluit:
378 420 489 460 partim
504 419 627 451 exilium
639 417 769 460 perpeffi.
793 417 929 458 Vulgata
949 418 1056 455 etiam,

190 457 260 497 post
275 458 425 491 Budaeum
435 483 446 499 ,
467 461 511 492 ita
526 460 762 498 emendantem,
790 458 925 504 addidit:
943 459 1056 503 por-tim

190 499 358 531 inexilium
374 501 453 539 affl,-
473 500 594 533 scilicet
602 501 695 542 sunt,
713 499 797 541 quod
814 498 974 540 saepiffime
986 498 1056 529 lub-

191 541 324 573 auditur.
370 541 422 573 Ne
433 550 535 575 tamen
551 540 772 580 subaudiatur,
796 540 978 571 Haloander
993 539 1055 571 hoc

189 581 287 613 modo
304 583 402 614 edidit
419 594 427 615 :
459 586 504 615 ita
530 582 637 623 Populi
653 581 786 623 consensu
801 582 913 622 partim
932 580 1054 612 Decem-

190 624 266 654 viris
283 624 316 654 in
333 633 446 655 carcere
472 625 604 661 necatis,
656 624 745 653 artim
763 624 796 653 in
811 620 942 660 exfiliunz
960 621 1051 668 ustis,

188 664 284 704 rwssts
304 664 482 705 Respublica
500 665 589 705 suum
637 669 718 695 otum
753 665 871 736 recepit.
917 663 969 694 Sic
986 672 1053 703 qul-

187 703 277 743 dem,
305 705 389 745 quod
416 706 454 737 ad
475 714 541 737 rem
563 705 680 746 iplam,
698 703 744 736 est
767 705 799 736 in
851 702 977 743 istoria,
1003 702 1054 735 sed

187 753 309 777 tantum
325 769 335 784 ,
366 745 428 777 fine
448 746 637 778 auctoritate
657 745 848 784 Librorum,
869 754 934 776 non
955 753 1053 776 muta-

187 787 304 824 verim,
329 786 394 818 imo
411 787 492 819 nihil
510 788 583 829 quic
608 796 679 819 uam
696 795 798 819 muto.
843 785 895 819 De
918 785 1053 818 Decem-

187 828 263 859 viris
280 826 453 860 sermonem
471 828 551 868 esse,
596 828 656 860 atis
682 828 803 860 indicat
823 826 1001 869 praecedens
1018 836 1052 859 o-

185 868 286 908 ratio,
312 868 342 900 &
354 871 466 909 partim
482 870 545 902 fine
561 870 664 902 altero
673 871 808 910 partim,
831 867 904 901 satis
923 867 985 900 esse
992 867 1050 900 La-

184 909 285 940 tinum
304 933 314 948 ,
348 911 378 942 &
400 910 569 951 usitatum,
595 919 708 943 contra
722 910 892 948 Budaeum,
912 909 1051 941 adduffls

182 951 355 991 exemplis,
377 953 429 984 alii
447 951 566 984 affatim
590 952 838 993 expediverunt,
862 951 892 982 &
908 949 1050 993 agnoscit

184 991 307 1023 tandem
326 992 390 1033 ipse
408 993 586 1026 Eberlinus.
632 993 727 1031 Nihil,
740 993 819 1024 addo
830 1001 942 1034 ,quam
954 991 1049 1038 Βοττι-

179 1033 313 1105 ponium
347 1044 410 1066 non
441 1044 552 1067 omnes
580 1035 672 1076 hujus
693 1034 845 1066 Historiae
879 1033 1050 1073 particulas

199 1073 274 1105 uiffe
297 1075 505 1116 exsequutum
523 1099 534 1115 ,
565 1083 658 1117 atque
686 1075 764 1107 adeo
793 1074 832 1106 de
855 1074 956 1120 citilio
983 1084 1047 1106 non

179 1115 354 1154 monuiss'e,
382 1126 443 1158 qua
473 1117 588 1149 leviori
605 1126 718 1158 poena;
739 1116 778 1148 de
795 1125 954 1157 graviori,
977 1125 1047 1156 quae

178 1157 292 1188 mortis
310 1156 398 1196 fuit,
416 1167 565 1198 monere,
586 1167 672 1190 ratus
691 1157 736 1188 est
753 1157 903 1189 sufficere.
926 1157 957 1189 Si
973 1156 1048 1197 quid

177 1197 282 1229 minus
299 1207 481 1231 accuratum
500 1198 538 1231 fit
557 1199 589 1231 in
605 1198 709 1230 verbis
726 1198 914 1239 Pomponii,
937 1198 1047 1229 merni-

177 1238 277 1278 neris,
301 1240 386 1280 quod
406 1240 575 1281 aliquoties
592 1239 757 1272 observavi
774 1261 786 1278 ,
807 1239 838 1270 δι
851 1247 961 1270 verum
982 1238 1044 1278 est,

176 1279 418 1320 diligentiffimis
435 1281 632 1323 quibusque,
654 1288 692 1313 ut
715 1281 820 1312 minus
837 1287 984 1310 accurate
997 1279 1045 1311 lo-

176 1328 313 1361 quantur
327 1344 339 1361 ,
370 1322 401 1354 &
427 1322 506 1354 olim
522 1321 686 1360 accidiss'e,
717 1321 748 1353 &
767 1320 862 1352 hodie
877 1320 1044 1360 accidere3

175 1368 275 1403 utque
288 1362 333 1395 ita
346 1370 513 1405 propterea
527 1363 595 1395 vim
612 1363 681 1395 fieri
696 1369 814 1394 vetem.

481 1445 535 1478 Aa
578 1445 608 1488 ς.
629 1443 744 1479 xxv.

214 1528 332 1561 Deinde
346 1538 412 1562 cum
422 1527 488 1572 post
498 1530 610 1572 aliquos
635 1538 728 1562 annos
748 1528 874 1572 (quam)
895 1530 1058 1562 duodecim.

175 1568 292 1602 Tabuzae
310 1572 377 1603 latoe
384 1571 480 1613 sunt,
504 1571 541 1607 ὅ)
555 1571 639 1613 plebs
658 1573 841 1603 contenderet
861 1581 926 1604 cum
936 1571 1039 1604 Patri·
1052 1602 1059 1606 .

169 1612 222 1644 hus
231 1634 243 1651 ,
263 1611 301 1648 δ’
312 1613 403 1645 vellet
417 1622 455 1645 ex
461 1612 516 1655 suo
530 1622 583 1655 quo
604 1623 638 1645 ue
661 1619 781 1660 corpore
810 1613 944 1655 Consules
960 1623 1041 1646 crea-

166 1663 208 1685 re.
289 1663 362 1686 uum
379 1654 411 1687 in
430 1653 553 1687 Codice
601 1655 763 1687 lorentmo
791 1654 908 1687 deess'et
924 1664 1011 1697 quam
1026 1677 1039 1694 ,

172 1693 283 1727 Taure
298 1695 379 1735 lius,
402 1695 434 1728 se
457 1702 553 1728 uutus
568 1696 762 1738 antiquiores
776 1695 1047 1738 Editiones,sup-›

166 1735 286 1782 plendo
307 1735 406 1769 sensui
423 1747 440 1769 a
461 1737 551 1770 didit.
597 1737 803 1771 Dostiffimus
825 1738 1040 1770 Brenkmanus

167 1786 202 1809 in
218 1777 424 1811 Lectionibus
441 1778 528 1820 hujus
545 1779 586 1811 L.
610 1778 775 1812 Florentia
790 1788 831 1811 ex
852 1778 952 1811 Libro
968 1779 1041 1812 Me-

167 1818 261 1851 diceo
277 1819 315 1851 ad
332 1829 384 1852 me
399 1820 598 1860 transmiffis‚
619 1827 749 1859 monet,
769 1820 791 1853 fi
807 1830 893 1862 quam
906 1820 1039 1862 recipia-

168 1867 242 1899 tur,
264 1861 432 1893 delendum
449 1870 577 1904 quoque
596 1861 698 1894 videri
726 1861 856 1903 sequens
873 1861 927 1900 &3
950 1862 1039 1904 quin-

167 1901 235 1933 imo
253 1901 394 1943 sensum‚
417 1902 481 1936 fine
499 1908 534 1938 τῷ
556 1912 664 1945 quam,
691 1902 775 1935 reste
791 1904 887 1936 etiam
901 1903 1038 1936 subfiste-

167 1951 220 1982 re,
241 1951 335 1986 atque
351 1944 430 1977 adeo
444 1943 542 1976 facile
575 1954 614 1976 eo
643 1944 861 1986 supplemento
880 1944 967 1992 posse
978 1954 1038 1977 nos

166 1992 283 2017 carere.
335 1985 396 2018 Sed
420 1985 556 2027 primum
579 1985 616 2021 δ’
629 1995 693 2018 non
717 1985 820 2018 obstat
835 2009 844 2026 ‚
870 1996 943 2028 quia
958 1996 1036 2018 mox

166 2023 306 2066 sequitur
322 2026 457 2060 alterum
475 2026 532 2066 ἐπ’),
552 2036 617 2059 non
632 2027 709 2059 dura
722 2049 734 2065 ‚
764 2026 816 2059 sed
835 2027 971 2069 eleganti
989 2037 1035 2059 re·
1076 2035 1099 2067 p

166 2067 336 2107 petitione.
394 2067 438 2100 Et
453 2090 466 2106 ,
493 2067 515 2100 fi
532 2078 619 2110 quam
636 2067 772 2108 abeffet,
793 2069 952 2101 constaret
968 2069 1035 2110 qui-

167 2106 238 2139 dem
254 2108 337 2140 ratio
350 2108 427 2140 resti
444 2108 595 2141 sermonis
605 2133 615 2149 ,
639 2116 672 2142 at
684 2119 750 2142 non
764 2110 849 2141 ratio
868 2110 1033 2152 temporis,

168 2156 247 2180 tunc
262 2149 346 2181 enirn
362 2149 482 2182 diceret
497 2150 708 2191 Pomponius,
725 2148 789 2191 post
802 2151 913 2192 aliquos
931 2161 1034 2191 annos,

167 2188 301 2222 scilicet·
312 2200 330 2222 a
355 2189 485 2223 sublatis
499 2190 718 2232 Decemviris,
746 2194 786 2223 de
800 2193 911 2233 quibus
927 2193 1034 2234 proxi-

167 2240 218 2262 me
234 2231 377 2270 dixerat,
411 2232 488 2264 latas
503 2231 596 2264 fuisse
617 2232 694 2265 XII.
716 2232 877 2273 Tabulas,
899 2233 929 2266 δι
943 2234 1033 2266 fimul

166 2273 400 2305 contradiceret
420 2283 494 2306 cum
511 2273 587 2313 fibi,
599 2273 693 2315 sopra
713 2274 742 2316 §.
767 2284 799 2315 4.
829 2283 896 2307 tum
912 2275 982 2307 aliis
1000 2285 1033 2307 0-

167 2313 310 2353 mnibus,
337 2315 390 2355 qui
411 2315 566 2357 originem
590 2316 671 2356 juris
688 2315 920 2348 Decemviralis
938 2317 1031 2348 tradi-

165 2354 328 2387 diderunt:
350 2365 452 2395 nunc,
484 2355 506 2389 fi
542 2366 609 2387 unm
629 2357 793 2396 admittas,
813 2358 954 2396 diceret,
968 2356 1032 2400 posi

165 2396 276 2436 aliquos
291 2407 380 2428 annos
399 2407 417 2428 a
435 2397 507 2429 latis
523 2366 598 2429 3411.
621 2398 726 2430 Tabb.
756 2399 879 2440 plebem
899 2407 1031 2431 conten-

166 2436 336 2476 diss'ecum
364 2438 507 2470 Patribus
526 2460 537 2477 ,
569 2439 599 2471 ὃς
621 2439 756 2472 voluisse
778 2450 819 2472 ex
836 2440 892 2472 suo
906 2450 1032 2482 quoque

165 2486 300 2519 corpore
317 2477 471 2510 Consules
486 2489 610 2519 creare3
627 2481 657 2513 ὅ(
674 2481 739 2513 hoc
757 2481 802 2514 est
817 2491 937 2514 verum.
957 2482 1030 2514 Pos-

166 2518 270 2550 sumus
287 2527 392 2551 autem
411 2519 540 2562 defungi
560 2520 690 2563 simplici
709 2533 817 2565 quam,
839 2532 879 2555 ne
902 2533 941 2554 ue
951 2523 1031 2555 adeo

166 2569 246 2601 opus
267 2559 331 2599 est,
349 2568 386 2592 ut
401 2569 472 2592 cum
487 2561 576 2594 Zafio
593 2563 750 2604 legamus,
770 2574 835 2596 cum
847 2532 911 2606 12th
920 2564 963 2596 ali
982 2569 1030 2596 μοι

167 2611 279 2641 annos,
294 2600 446 2643 postquam
458 2602 536 2634 XII.
561 2603 677 2636 Tabzdae
701 2606 767 2637 latae
774 2606 848 2648 jum
856 2629 869 2645 ,
890 2605 926 2641 ἐῗ
941 2606 970 2638 Ρ
983 2607 1029 2638 ebs

164 2644 347 2675 contenderet
366 2652 431 2674 cum
447 2642 607 2683 Patribus,
631 2646 661 2677 &
680 2647 808 2688 reliqua.

210 2683 311 2726 Hique
336 2682 485 2724 constituti
500 2685 575 2725 stent
600 2688 683 2717 vario
707 2697 822 2719 numero
840 2710 852 2726 ,
880 2690 1028 2721 interdum

165 2727 242 2757 enim
265 2727 379 2769 viginti
398 2725 527 2765 fuerunt
542 2749 554 2765 ,
585 2728 730 2759 interdum
755 2729 874 2770 plures,
896 2739 1029 2762 nonnun-

183 2777 249 2798 uam
262 2769 421 2808 pauciores.
467 2765 543 2808 Agit
557 2767 597 2800 de
619 2768 773 2801 Tribunis
796 2770 933 2801 militum
953 2772 1025 2802 Con-

175 2808 253 2839 ulari
263 2806 425 2850 potestate,
444 2816 509 2840 non
529 2808 569 2841 de
594 2809 748 2843 Tribunis
764 2810 902 2842 militum
914 2833 925 2849 ‚
945 2821 1025 2853 quos

164 2847 275 2889 Plebs,
302 2859 375 2882 cum
400 2856 536 2881 certaret
558 2850 596 2882 de
619 2851 798 2893 abrogando
824 2851 1027 2885 Decemviris

164 2889 318 2930 imperio,
341 2890 396 2923 fibi
415 2891 529 2933 viginti
546 2893 679 2925 creavit.
723 2894 802 2926 Sunt
826 2901 950 2931 tamen,
972 2895 1026 2934 qui

163 2929 230 2961 haec
249 2932 301 2963 vel
320 2931 376 2973 ipfi
393 2931 612 2974 confundunt,
624 2934 678 2966 vel
695 2933 905 2976 Pomponium
920 2935 1025 2966 exilii-

164 2979 249 3003 mant
274 2971 481 3006 confundere.
561 2975 613 3007 uin
632 2998 644 3014 ,
673 2974 696 3008 fi
717 2975 769 3008 vel
784 2976 823 3008 de
840 2975 888 3008 his
901 2985 1025 3017 ageret,

162 3019 225 3043 non
262 3012 435 3046 subsisteret
466 3014 569 3047 adhuc
599 3017 678 3049 illud
698 3039 710 3055 ,
746 3018 892 3049 interdum
914 3017 1022 3058 plures.

164 3049 272 3097 Quum
287 3062 390 3087 autem
406 3055 545 3089 Tribuni
564 3057 704 3090 militum
719 3057 792 3090 Cos.
821 3058 894 3090 Pot.
913 3059 950 3090 ad
967 3059 1023 3090 mi-

162 3099 281 3138 mmurn
303 3094 422 3128 fuerint
444 3104 508 3129 tres
526 3120 538 3136 ‚
565 3098 602 3130 ad
625 3099 795 3140 plurimum
819 3099 914 3138 octo,
933 3107 968 3131 ut
984 3109 1023 3131 ex

161 3129 302 3163 H1lior1a
320 3134 459 3170 Romana
474 3137 619 3179 constat,
641 3150 706 3172 non
721 3139 767 3171 est
785 3141 897 3173 mirum
916 3163 927 3179 ,
954 3140 974 3173 si
993 3142 1024 3173 <Sc

1099 127 1706 166 BYNKERSHOEK

1100 210 1180 249 daei,
1200 208 1332 250 legentis
1351 231 1362 246 ,
1385 207 1475 248 seni,
1495 208 1526 239 ὃς
1542 208 1682 249 putantis
1699 230 1712 246 ,
1730 204 1860 240 fortaffe
1872 207 1963 245 fuiss'e

1101 250 1252 292 scriptum
1274 249 1329 281 VI.
1350 249 1476 288 addito,
1508 250 1562 287 ni,
1591 249 1621 280 δε
1643 249 1733 286 inde,
1754 258 1826 280 cum
1858 250 1906 282 eni
1920 252 1963 284 ef-

1100 292 1271 324 ficiendum
1301 290 1397 330 ess'et,
1430 290 1607 329 Librarios,
1636 289 1796 321 indottum
1846 291 1964 334 ulgus,

1100 331 1236 364 cffeciffe
1262 333 1371 363 viceni.
1415 331 1582 363 Russardus
1605 331 1732 362 videtur
1760 331 1840 363 hanc
1859 334 1964 374 conje-

1100 374 1218 405 &turam
1240 372 1322 414 sequi
1336 396 1345 412 ,
1368 373 1397 405 ὅ(
1412 373 1538 414 plurimi
1558 371 1748 413 interpretes
1767 379 1873 413 aperte
1891 383 1963 416 pro-

1100 414 1193 453 bant,
1224 415 1302 446 adeo
1326 414 1421 446 etiam
1446 413 1513 446 haec
1529 413 1659 454 Hugoni
1678 423 1695 445 a
1712 413 1809 445 Porta
1823 414 1963 458 placuit,

1100 463 1136 486 ut
1157 455 1188 487 in
1214 463 1379 496 utramque
1406 454 1490 487 suam
1513 455 1694 487 Editionem
1723 453 1962 497 transcripserit.

1099 495 1247 537 Cujacius
1283 505 1324 527 uo
1350 505 1388 527 ue
1404 506 1467 528 non
1486 496 1581 538 longe
1596 495 1667 528 inde
1687 495 1784 535 abiit,
1796 504 1882 529 ratus
1891 496 1963 530 scri-

1097 546 1187 578 ptum
1207 506 1299 569 fuifle
1352 537 1377 569 Ι.
1401 538 1431 569 &
1452 547 1506 579 per
1530 547 1613 570 eram
1634 536 1794 576 additum,
1809 539 1911 581 ginti:
1929 539 1962 573 id

1096 579 1180 609 enim
1192 600 1203 616 ,
1223 578 1306 619 quod
1323 577 1361 609 ad
1379 587 1445 609 rem
1464 579 1497 620 ip
1513 588 1560 611 am
1584 579 1720 617 attinet,
1741 579 1852 611 eodem
1868 580 1964 614 redit.

1097 618 1229 659 ConJeci
1255 620 1350 650 etiam
1378 617 1468 660 supra
1490 620 1528 652 ad
1550 619 1581 662 §.
1600 631 1630 662 3.
1662 619 1768 652 literas
1786 621 1963 656 numerales

1097 658 1153 691 VI.
1176 659 1283 691 addito
1308 662 1388 701 gint.
1415 659 1504 694 simili
1526 661 1674 702 exemplo
1688 685 1699 701 ,
1728 661 1810 693 male
1827 662 1959 704 degene-

1095 700 1172 732 rasse
1193 701 1225 731 in
1247 701 1381 742 viginti,
1411 710 1470 742 pro
1484 702 1656 745 sexaginta.
1703 701 1886 736 Charondas
1907 703 1961 737 hic

1094 751 1154 783 pro
1170 742 1285 784 viginti
1300 741 1380 783 legit
1392 742 1449 783 sex
1461 745 1563 783 primi.
1587 743 1672 785 quod
1692 743 1785 776 nihili
1801 743 1858 778 est.

1390 824 1444 856 Aa
1485 824 1514 867 §.
1537 823 1663 858 XXVI.

1141 908 1185 940 Ut
1199 910 1294 951 aliquo
1306 908 1401 950 pluris
1417 908 1523 940 Patres
1547 908 1700 941 haberent.
1741 908 1774 943 si
1792 919 1857 943 non
1875 912 1960 953 legas

1092 949 1288 989 haberemur,
1309 958 1345 982 ut
1361 950 1477 992 legitur
1494 951 1525 982 in
1566 950 1726 982 uibusdam
1746 950 1871 992 Libris,
1893 963 1959 986 non

1092 991 1188 1022 video
1197 991 1314 1024 Latino
1323 991 1456 1023 sermoni
1466 991 1532 1023 fieri
1555 991 1626 1030 atis;
1637 991 1691 1024 nifi
1703 991 1862 1033 praeferas,
1873 994 1959 1035 quod

1091 1031 1123 1063 in
1132 1032 1202 1064 MS.
1223 1042 1295 1064 meo
1312 1033 1426 1074 absque
1437 1031 1552 1064 Gloffis
1565 1055 1576 1071 ,
1598 1033 1627 1064 ὃς
1641 1034 1671 1064 in
1689 1034 1757 1065 aliis
1768 1044 1894 1076 quoque
1905 1035 1958 1068 Li—

1091 1072 1155 1104 bris
1175 1072 1242 1112 cst,
1272 1075 1382 1118 aliquos
1402 1074 1519 1114 plures,
1540 1074 1615 1111 vel,
1640 1082 1674 1106 ut
1701 1075 1833 1107 Budaeus
1855 1086 1958 1109 emen-

1091 1113 1180 1145 davit
1195 1139 1206 1154 ,
1240 1115 1282 1146 ali
1302 1121 1349 1146 not
1370 1116 1468 1155 plures
1489 1114 1595 1146 Patres
1611 1116 1759 1149 haberent.
1785 1125 1956 1159 utrumque

1091 1162 1193 1187 tamen
1220 1155 1270 1187 sen
1289 1166 1307 1187 u
1334 1156 1436 1188 minus
1456 1155 1581 1188 idoneo.
1634 1157 1738 1198 AEque
1763 1158 1895 1190 obscura
1912 1159 1959 1192 est

1089 1195 1184 1227 lectio
1202 1196 1272 1228 MS.
1298 1196 1494 1236 Campenfis‚
1514 1197 1608 1239 aliquo
1619 1199 1738 1238 piures,
1757 1199 1833 1239 nifi,
1856 1208 1890 1232 ut
1910 1201 1956 1234 est

1089 1236 1120 1267 in
1141 1237 1213 1268 MS.
1246 1246 1318 1268 meo
1347 1236 1494 1268 Gloss'ato
1511 1259 1523 1275 ,
1552 1248 1649 1279 porro
1673 1240 1772 1282 legas:
1807 1249 1840 1273 ut
1858 1242 1901 1273 ali
1920 1253 1959 1274 uo

1083 1277 1182 1318 plures
1193 1283 1294 1318 partes
1315 1278 1464 1310 haberent.
1487 1284 1589 1319 partes
1611 1289 1670 1321 pro
1680 1288 1801 1322 patrem
1824 1292 1893 1325 quae
1924 1293 1956 1315 e-

1085 1318 1152 1392 1estio
1165 1318 1336 1402 cclogfirmat
1357 1319 1588 1361 conJecturam‚
1622 1332 1715 1364 quam
1732 1321 1823 1364 supra
1837 1333 1953 1368 propo-

1101 1369 1132 1392 ιιι
1148 1369 1164 1392 a
1228 1383 1236 1392 .
1264 1369 1313 1393 11,

1383 1446 1432 1480 Aa
1473 1446 1502 1488 §.
1523 1445 1653 1481 XXIX.

1128 1526 1330 1571 Magistratus
1351 1527 1509 1572 qaihastoe
1528 1529 1667 1572 proeeſjet.
1691 1523 1876 1564 ‘Accurfius
1894 1540 1954 1566 ιιι)4

1084 1576 1149 1602 tat:
1180 1571 1257 1602 alzas
1284 1571 1366 1613 Escae
1384 1594 1395 1609 ,
1424 1573 1455 1603 id
1479 1569 1540 1612 est,
1551 1572 1705 1613 frumento
1717 1571 1843 1614 publico.
1889 1573 1952 1608 Sed

1082 1620 1147 1644 non
1175 1611 1241 1644 vidi
1263 1612 1413 1653 Librum,
1440 1615 1493 1646 vel
1524 1623 1638 1653 manu,
1657 1612 1710 1645 vel
1733 1613 1819 1657 typis
1837 1612 1952 1648 descri-

1081 1660 1192 1695 ptum,
1216 1653 1269 1700 qui
1286 1654 1332 1687 ita
1345 1655 1486 1687 exhibet.
1529 1655 1561 1688 Si
1579 1664 1644 1688 non
1659 1654 1698 1687 de
1717 1655 1748 1688 E
1755 1656 1816 1695 soa,
1841 1654 1892 1688 sed
1910 1655 1953 1689 de

1081 1695 1152 1727 vino
1168 1693 1314 1736 cumiret,
1335 1705 1499 1738 putarem,
1523 1696 1595 1740 plus
1617 1695 1690 1729 satis
1711 1697 1742 1729 bi
1768 1696 1846 1737 iss‘e,
1867 1704 1906 1730 ut
1922 1697 1949 1730 i-

1080 1735 1135 1777 pse
1154 1760 1165 1776 ,
1195 1746 1236 1770 ex
1266 1737 1452 1771 Placentino
1465 1760 1476 1777 ‚
1504 1738 1689 1781 Imperatori
1707 1737 1882 1781 justiniano
1895 1748 1950 1772 cx-

1079 1777 1210 1818 probrat
1238 1778 1270 1811 in
1296 1779 1383 1821 Gloff.
1415 1779 1452 1812 ad
1472 1781 1493 1813 l.
1517 1781 1571 1813 ult.
1599 1779 1632 1811 C.
1655 1779 1694 1811 In
1717 1781 1796 1822 quib.
1817 1780 1894 1822 caqs.
1913 1782 1950 1813 in.

1080 1820 1142 1851 inte
1165 1829 1190 1852 r.
1211 1819 1278 1862 rest.
1302 1820 1400 1862 neceff.
1425 1831 1484 1854 non
1506 1820 1557 1863 eft.

1157 1864 1295 1894 ecemviri
1318 1864 1351 1894 in
1375 1864 1477 1895 litibus
1496 1863 1669 1906 judicandis
1684 1862 1760 1906 sum
1783 1861 1948 1905 constituti.

1080 1902 1170 1934 Male
1185 1903 1338 1944 Budaeus,
1371 1904 1574 1944 Centumviri,
1605 1912 1641 1936 ut
1658 1904 1696 1936 ab
1712 1905 1781 1937 aliis
1805 1905 1867 1946 iam
1889 1904 1946 1937 ob-

1079 1942 1237 1976 servatum
1253 1944 1309 1977 est.
1351 1945 1504 1978 Budaeum
1525 1955 1627 1978 tamen
1650 1944 1800 1986 sequutus
1816 1945 1861 1979 est
1878 1945 1945 1979 Ha-

1077 1984 1225 2026 loander,
1258 1986 1312 2027 qui
1337 1985 1402 2028 ipse
1428 1988 1523 2020 etiam
1540 1989 1591 2026 in,
1613 1987 1684 2028 quia
1699 1987 1869 2028 redundat,
1889 1996 1946 2020 ex-

1101 2027 1203 2059 unxit.
1247 2027 1312 2060 Alii
1331 2037 1390 2068 pro
1407 2029 1440 2059 in
1457 2029 1558 2060 litibus
1571 2026 1763 2061 substituunt
1777 2029 1944 2070 antiquum

1078 2067 1235 2107 Sentibus,
1257 2068 1344 2104 nulla
1359 2070 1536 2109 probabili,
1560 2068 1673 2101 nedum
1686 2069 1853 2102 neceffaria
1871 2079 1944 2104 cau-

1077 2106 1117 2140 sa.
1161 2109 1192 2141 Si
1222 2109 1295 2150 quid
1320 2111 1433 2142 mutari
1462 2111 1618 2152 placeret,
1652 2119 1712 2152 ego
1729 2109 1913 2152 praeferrem
1929 2134 1943 2153 ,

1076 2149 1121 2180 his
1147 2150 1247 2181 litibus
1266 2172 1277 2188 ,
1305 2150 1390 2191 quod
1416 2151 1528 2183 deinde
1553 2152 1669 2184 vidi&
1689 2151 1865 2184 Antonium
1884 2151 1942 2185 Fa-

1078 2191 1168 2222 brurn
1187 2191 1356 2232 praetuliss'e
1369 2216 1379 2231 ,
1408 2193 1460 2224 vel
1476 2195 1514 2224 iis
1535 2193 1636 2224 litibus
1647 2194 1820 2236 Judicandis
1835 2215 1846 2233 ,
1870 2202 1942 2235 que

1076 2241 1191 2305 133?AEss
1208 2233 1672 2317 8gssiii323i‘soissiccss2thastffiu'e
1688 2234 1756 2307 ἕξις
1772 2243 1877 2308 ἓξὲξ
1887 2234 1942 2308 „¹3¹

1075 2313 1182 2346 sistunt
1203 2338 1214 2354 ,
1243 2325 1436 2358 quaecunque
1465 2317 1590 2348 demum
1622 2318 1734 2348 horum
1762 2315 1941 2350 Xvirorum

1074 2354 1172 2387 fuerit
1201 2357 1386 2397 iurisdiftio.
1432 2357 1559 2390 Peffima
1600 2357 1695 2390 lestio
1728 2356 1774 2389 est
1807 2355 1940 2390 Codicis

1074 2396 1272 2439 Campenfis,
1303 2396 1333 2430 δε
1352 2399 1414 2431 mei
1433 2399 1495 2432 fine
1512 2398 1628 2432 Gloffis
1641 2399 1712 2432 MS.
1736 2396 1879 2432 militibus
1888 2399 1940 2442 Ju-

1073 2440 1206 2470 dicandis
1215 2461 1227 2478 ,
1241 2448 1313 2472 nata
1328 2449 1368 2472 ex
1387 2442 1419 2472 in
1434 2441 1544 2472 litibus.

1115 2480 1171 2512 Ait
1189 2503 1201 2520 ,
1226 2481 1299 2523 sunt
1322 2480 1480 2522 constituti.
1525 2481 1608 2514 Haec
1635 2480 1731 2513 verba
1753 2480 1938 2522 geminanda

1071 2520 1134 2552 esse
1145 2523 1276 2568 opinor,
1297 2532 1361 2564 quo
1378 2521 1593 2555 &inserviant
1609 2521 1749 2563 sequenti
1771 2521 1866 2564 §.qui
1882 2530 1936 2555 ne-

1072 2561 1201 2594 cessario
1215 2563 1393 2596 fulciendus
1411 2561 1465 2594 est.
1511 2562 1554 2595 Et
1571 2564 1619 2596 bis
1648 2572 1773 2605 quoque
1787 2563 1937 2605 leguntur

1072 2604 1102 2636 in
1123 2605 1222 2647 tribus
1238 2604 1343 2636 Libris
1358 2604 1452 2637 MSS.
1476 2613 1554 2645 quos
1567 2603 1713 2636 consului
1727 2626 1739 2643 ,
1763 2603 1935 2648 &itaquo-

1071 2654 1131 2687 que
1145 2644 1302 2687 supplevit
1318 2645 1453 2688 Vulgata
1476 2646 1507 2678 ὅ(
1529 2645 1720 2680 Haloander.

1376 2728 1430 2760 Aa
1472 2727 1500 2770 §.
1521 2723 1661 2763 xqu

1145 2811 1308 2842 namrviri
1319 2833 1332 2850 ‚
1351 2813 1400 2852 qui
1419 2821 1519 2843 curam
1541 2813 1659 2844 viarum
1701 2817 1824 2844 ererent.
1866 2809 1930 2845 Pr⁶

1067 2858 1193 2894 gerent,
1220 2852 1305 2892 quod
1334 2851 1505 2884 Florentiae
1529 2852 1599 2892 est,
1627 2862 1660 2884 re
1692 2862 1710 2884 e
1727 2853 1759 2885 T
1761 2852 1906 2886 aurellius
1915 2874 1929 2893 ,

1067 2899 1219 2935 gererent,
1240 2893 1271 2925 id
1287 2893 1371 2925 enim
1391 2893 1427 2926 fit
1442 2903 1482 2926 ex
1508 2893 1663 2937 gemm,
1696 2894 1816 2927 duabus
1829 2893 1929 2935 literis

1066 2934 1254 2975 geminatis,
1276 2943 1312 2966 ut
1333 2935 1365 2966 in
1383 2934 1545 2967 Adnotatis
1563 2935 1628 2978 ipse
1644 2934 1804 2968 observat.
1846 2933 1927 2979 Age·

1066 2980 1132 3006 rent
1152 2974 1242 3006 habet
1259 2975 1320 3006 Vul
1346 2983 1396 3008 ata
1415 2978 1444 3008 ὅτ.
1466 2977 1655 3009 Haloander.
1911 2976 1923 2982 *⁴

1112 3015 1275 3048 Triumviri
1333 3018 1475 3056 onerates,
1498 3020 1575 3050 aeris
1587 3039 1600 3057 ,
1620 3019 1741 3061 argenti
1750 3040 1762 3057 ‚
1782 3019 1848 3051 aun·
1858 3015 1926 3053 Fla·

1066 3062 1146 3088 tores.
1192 3056 1340 3089 Muretus
1357 3059 1408 3090 hic
1427 3059 1659 3092 Tribonianum
1675 3059 1821 3100 reperisse
1834 3057 1926 3100 fingit

1066 3098 1119 3129 has
1141 3096 1244 3131 Notas
1263 3122 1275 3138 ‚
1306 3100 1386 3140 apud
1409 3109 1535 3132 veteres
1556 3099 1737 3140 solemnes,
1769 3099 1808 3133 A.
1827 3099 1866 3134 A.
1886 3098 1926 3135 A.

1065 3137 1099 3171 F.
1123 3137 1156 3170 F.
1184 3140 1318 3183 indeque
1348 3139 1484 3173 effecisse
1499 3165 1510 3180 ‚
1541 3141 1625 3183 quod
1637 3151 1721 3173 nunc
1741 3141 1856 3182 legitur
1892 3149 1927 3172 a·

160 3169 214 3203 hic
230 3173 359 3213 vapulet
373 3175 577 3224 Pomponius.
623 3180 670 3213 Ut
686 3181 770 3214 hunc
787 3182 849 3213 lata
867 3181 958 3223 culpa
969 3183 1023 3214 ab·
1062 3181 1123 3219 ris,
1144 3184 1282 3224 argenti,
1302 3183 1368 3214 auri
1386 3182 1535 3222 Flazores,
1558 3191 1630 3213 cum
1648 3182 1774 3223 potius,
1801 3190 1841 3214 ex
1873 3191 1925 3215 or-

158 3209 301 3253 solvassb
322 3223 387 3249 non
400 3226 519 3252 mutus
540 3221 720 3256 access'erim
753 3222 941 3263 conjecturae
960 3223 1021 3256 Bu-
1062 3222 1146 3255 mula
1159 3224 1316 3265 antiqua,
1339 3223 1539 3257 efficiendum
1563 3221 1660 3264 estet,
1680 3232 1768 3264 auro,
1785 3232 1856 3260 m,
1875 3233 1925 3255 ar-

1834 3266 1927 3306 'gen-x
