2008 3436
137 112 210 154 506
740 113 754 146 Ι
853 111 892 146 N
991 112 1025 146 D

139 200 306 238 Paflnmejus
322 223 329 234 ,
360 209 463 230 nomen
490 201 619 237 frequens
643 202 670 230 in
693 202 756 240 Jure
780 201 804 230 dr
824 200 897 239 apud
927 202 996 229 alios

179 239 311 266 austeres.
864 241 884 267 1.
909 248 952 274 77.
974 251 998 267 α.

138 276 265 311 Pagai-lus
290 276 308 304 fi
332 276 489 306 militariter
514 277 680 315 delinquat,
710 277 757 304 ubi
779 278 809 306 sit
829 280 998 306 comerrien<

179 317 238 342 dus.
872 318 908 344 ll.
932 324 996 351 329.

274 352 293 380 si
309 354 336 381 in
354 353 448 382 castris
464 353 623 390 deliquerit.
885 362 948 389 330.
972 364 996 382 α.

136 389 300 423 maiomam.
340 392 404 420 Vid.
426 393 537 424 Liberi,
559 392 687 420 infantes.

139 428 282 465 Palmyra,
302 430 331 458 in
350 431 497 458 Provincia
512 431 661 465 Phoenice,
685 431 728 465 jus
745 429 872 458 Italicum
889 430 997 459 habuit.

139 506 338 571 Papdefz'tarum
354 506 478 534 Florent.
496 506 643 534 auctoritas
660 505 791 542 praevalet
815 471 997 571 ireraIrYiIeaibi2

190 553 214 572 a.
796 553 841 580 23.
862 555 885 573 a.
907 549 951 575 28.
989 566 996 572 .

138 583 167 610 in
183 582 326 610 Paudeftis
343 581 428 609 modo
446 581 517 610 ordo
533 582 622 610 Edifri
637 582 785 619 Perpetui,
806 584 893 611 modo
911 582 995 611 Codi-

178 621 216 647 cis
233 622 334 648 veteris
352 620 484 648 servatus
904 625 949 655 69.
971 632 996 649 α.

139 659 166 686 z‘n
186 658 384 686 Pandcctiruin
398 660 551 694 archetypo
565 658 728 687 Florentino
738 668 795 688 non
812 661 925 696 reperiri
937 668 996 696 quaz

178 696 383 724 concluduntur
398 718 404 728 ,
428 697 587 730 huiusmodi
610 696 713 725 notulis
734 697 745 735 [
767 697 778 736 ]
799 699 841 726 vel
865 700 948 726 etiam
966 699 995 725 il-

179 735 210 762 lis
231 739 262 771 ss
285 738 319 771 ss
342 743 374 761 an
392 735 447 762 hoc
472 744 567 762 verum
584 735 624 764 sit.
847 739 882 765 11.
906 745 950 770 27.
972 736 995 764 b.

138 776 299 808 Perizonius,
322 784 424 804 nomen
441 778 584 814 proprium
605 779 632 806 in
647 779 721 815 Jure.
860 780 881 807 1.
906 781 948 813 78.
970 789 994 808 α.

138 815 224 850 Papia
247 814 364 851 Poppaea
387 817 452 843 Lex.
752 824 816 851 270.
840 817 862 844 b.
885 825 948 851 271.
971 828 994 846 α.

138 853 307 890 Papinianus
329 854 459 889 ⁴lCtoruni
480 854 621 891 Princeps.
845 856 884 884 11.
908 864 950 883 12.
973 866 997 884 a.

275 892 333 924 ejus
353 891 524 920 Praefeflura.
619 926 620 929 Ἴ
935 894 998 922 illici.

275 930 321 957 sub
345 930 533 966 appellatione
552 931 675 967 generali
690 939 706 959 a
722 930 808 960 Paulo
824 931 996 968 quandoque

177 967 347 995 confutatus.
906 979 951 1005 32.
972 972 996 999 b.

273 1005 385 1042 vapulat
408 1007 434 1034 in
455 1006 557 1042 scriptis
572 1007 660 1035 Pauli.
908 1016 951 1042 33.
972 1018 995 1036 a.

138 1044 238 1073 Psi-cre
252 1043 338 1080 usuris
359 1045 431 1072 idern
449 1053 480 1072 ac
495 1044 584 1081 usuras
598 1044 703 1080 solvere.
843 1045 866 1074 I.
889 1049 951 1076 180.
973 1048 997 1075 b.

136 1084 325 1115 Paroem1um,
346 1083 499 1111 eenmoeder
513 1084 595 1111 maeht
606 1092 672 1119 gem
687 1081 806 1119 haslaert.
829 1084 866 1112 Il.
887 1092 950 1118 413.
971 1095 996 1112 a.

137 1122 220 1149 'Parte
245 1128 381 1156 occupata
411 1123 435 1148 in
460 1121 535 1148 bello
551 1142 560 1154 ‚
591 1123 674 1149 etiam
694 1128 785 1149 totum
802 1129 953 1159 occupatur
972 1122 997 1150 ἃ

175 1159 343 1196 possidetur,
366 1159 383 1186 fi
401 1160 420 1188 is
439 1158 469 1187 fit
491 1159 654 1193 occupantis
671 1160 790 1187 animus.
887 1168 952 1188 202.
972 1162 996 1188 b.

273 1197 322 1225 nisi
341 1197 409 1225 alius
426 1197 496 1225 illius
514 1198 599 1225 totius
613 1203 720 1233 partem
736 1197 882 1233 poffideat.
933 1198 998 1227 ibid.

135 1243 182 1273 per
200 1236 293 1264 Partes
310 1235 376 1271 quid
393 1235 535 1270 significet.
841 1237 865 1264 1.
886 1242 950 1270 312.
972 1247 997 1265 η.

136 1275 242 1303 Partim
261 1274 322 1302 satis
346 1275 444 1302 natine
460 1272 539 1300 semel
559 1277 668 1300 tanturn
687 1273 813 1308 ponitur.
889 1277 954 1309 316.
973 1284 997 1303 a.

137 1313 246 1341 Partus.
287 1313 322 1339 V.
346 1312 443 1339 liberi.
468 1309 653 1344 monstrosos,
674 1317 781 1339 venter.

238 1349 342 1378 ancill-‘e
360 1351 386 1376 in
410 1349 498 1376 rint-”ru
515 1356 572 1376 non
598 1349 647 1378 est.

136 1389 250 1419 Partum
266 1388 387 1421 abigere.
430 1388 464 1414 V.
487 1386 611 1415 abortus.

137 1428 221 1458 Pater
236 1426 385 1461 agnoscere
401 1424 426 1453 ἃ
443 1424 515 1452 alere
532 1431 642 1454 tenetur
658 1425 777 1459 liberos,
798 1425 853 1454 five
871 1423 997 1454 constan·

177 1472 204 1494 te
223 1464 421 1497 matrimonio,
444 1462 497 1490 five
517 1463 578 1499 post
594 1465 745 1492 divortium
763 1464 864 1492 editos.
887 1467 950 1498 358.
971 1474 995 1492 a.

136 1504 246 1533 Patrem
261 1502 345 1530 filium
361 1524 368 1534 ,
389 1501 584 1531 inclementius
599 1512 614 1531 a
631 1503 656 1531 se
672 1503 797 1532 habitum
809 1524 817 1537 ‚
839 1503 997 1539 emancipa-

177 1551 206 1570 re
223 1541 317 1576 coegit
337 1541 486 1575 Trajanus.
885 1548 948 1575 351.
969 1551 995 1569 α.

137 1581 233 1610 Patres
241 1579 411 1615 familiar-mn
428 1578 534 1607 suarum
543 1578 680 1617 Principes
689 1585 841 1614 vocantur,
861 1578 886 1607 ἃ
901 1579 997 1607 Patria

175 1616 282 1655 potestas
299 1615 428 1654 Majeflas
451 1617 537 1646 audit.
886 1621 949 1652 346.
972 1619 997 1646 b.

137 1657 218 1686 Patri
237 1657 314 1691 Lege
343 1656 413 1692 Julia
443 1656 508 1687 data
530 1655 650 1692 potestas
683 1655 834 1685 occidendi
861 1655 998 1690 adulteri,

175 1694 263 1723 modo
281 1694 306 1723 ὅ(
322 1694 405 1723 filiam
423 1695 450 1722 in
466 1696 624 1723 continenti
640 1695 792 1724 occideret.
933 1702 998 1730 350.

137 1733 252 1763 Parrum
271 1735 297 1761 in
314 1733 416 1761 liberos
431 1733 484 1768 ius.
522 1732 588 1761 Vid.
609 1733 738 1762 Liberos.

137 1773 232 1801 Patris
246 1772 397 1809 appellatio
415 1772 449 1799 ad
460 1779 526 1800 avos
537 1771 561 1800 ἀ
575 1780 695 1809 proavos
703 1772 865 1810 porrigitur.
888 1774 951 1807 148.
973 1771 997 1800 b.

137 1811 242 1840 Patres.
282 1811 327 1839 De
347 1811 389 1838 his
407 1809 552 1845 iudicium.
887 1813 950 1846 378.
971 1820 997 1838 a.

137 1849 306 1878 Patientiam
327 1848 557 1883 accommodare,
579 1848 607 1878 id
622 1848 677 1885 est,
698 1849 782 1886 pati,
809 1848 886 1878 litem
904 1857 998 1877 coram

181 1888 205 1916 se
222 1887 275 1923 agi.
891 1895 954 1922 159.
975 1888 999 1915 b.

140 1927 234 1955 Patria
250 1925 370 1963 potestas
386 1934 472 1962 quare
494 1924 694 1962 posterioribus
716 1927 887 1964 temporibus
910 1926 999 1954 restri-

176 1966 226 1993 eta.
485 1975 488 1978 ·
888 1972 952 1999 351.
972 1974 1000 1993 a.

141 2003 239 2031 Patriae
264 2000 410 2039 potestatis
438 2003 520 2039 origo
548 2002 699 2040 repetenda
725 2011 759 2031 ex
778 2003 840 2038 Jure
858 2002 998 2031 Dominii.

886 2045 951 2076 346.
972 2051 998 2069 a.

141 2093 220 2101 ---
241 2077 266 2106 &
287 2078 353 2106 indev
368 2077 529 2105 τὶιντεόᾶωον
550 2079 663 2108 Parrum
677 2080 872 2108 Romanorum
888 2081 915 2108 in
931 2080 1000 2108 libe-

177 2126 222 2145 ros
241 2117 397 2152 imperium.
934 2117 998 2146 ibid.

141 2156 241 2184 Patriae
258 2163 291 2182 an
312 2155 460 2182 Parentum
477 2155 553 2190 prior
568 2155 600 2184 fit
615 2164 690 2184 cura.
889 2159 953 2185 282,
975 2156 999 2184 b.

142 2193 346 2222 Patrimonium
362 2192 521 2221 Hollandiae
539 2193 639 2230 spectat
652 2195 686 2222 ad
700 2195 891 2230 cognitionem
901 2195 999 2222 Curiae.

837 2234 872 2261 Il.
893 2241 956 2267 3¹2·
976 2242 1002 2261 a.

142 2270 280 2299 Patronus
300 2276 334 2297 ex
355 2268 411 2297 sola
428 2267 551 2305 legitima
567 2269 705 2298 institutus
718 2291 724 2303 ‚
746 2270 771 2298 ὅ(
787 2277 879 2299 tamen
895 2270 965 2298 ultra
985 2279 1001 2298 a

183 2309 285 2336 liberto
302 2315 448 2343 gravatus,
470 2316 528 2336 non
545 2314 652 2337 tenetur
667 2309 739 2337 ultra
755 2309 860 2338 solvere
876 2320 883 2343 3
905 2317 1002 2345 quam-

180 2348 221 2375 vis
241 2346 408 2383 promiserit.
843 2349 867 2376 1.
889 2355 953 2382 233.
975 2357 1000 2376 a.

285 2384 352 2412 Vid.
374 2383 521 2418 Legitima.

144 2422 246 2451 Paulus
266 2422 351 2459 JCtus
372 2423 433 2458 quis
453 2421 547 2451 fuerit.
755 2424 790 2452 11.
814 2432 833 2458 9
862 2425 886 2453 b.
909 2431 952 2451 10.
975 2433 1001 2452 a.

142 2476 224 2485 ——
243 2462 301 2495 ejus
323 2460 430 2496 scripta.
910 2470 953 2490 10.
974 2472 1000 2490 a.

145 2513 223 2522 ·-—
245 2499 359 2535 vapulat
374 2497 449 2534 quasi
469 2497 572 2526 subtilis
587 2498 669 2527 nimis
684 2498 710 2527 δι
728 2498 870 2529 obscurus.
891 2500 955 2528 ibid.
976 2501 1001 2528 b.

246 2538 273 2565 in
289 2537 426 2565 brevitate
443 2536 491 2564 sibi
508 2536 609 2572 placet.
909 2546 955 2573 ²3-
974 2539 1000 2566 b.

144 2590 223 2597 -—
243 2575 425 2612 Papinianum
443 2575 607 2603 nominatim
616 2575 747 2604 vellicare
761 2583 820 2604 non
836 2576 943 2614 semper
956 2584 1002 2604 au-

184 2613 235 2643 sus,
910 2622 956 2649 32.
975 2615 1001 2643 h.

144 2667 222 2676 ·-—-·
243 2651 269 2679 ἃ
288 2650 427 2687 Ulpianus
448 2650 547 2679 aemuli.
936 2652 1001 2681 ibid.

143 2705 222 2712 --
242 2690 309 2722 Ejus
325 2689 386 2717 libri
404 2689 437 2717 ad
452 2689 589 2717 Plautium
605 2689 761 2723 cujusmodi
777 2689 890 2719 fuerint.
911 2691 933 2719 Ι.
953 2694 1001 2719 62.

143 2743 223 2751 ——
242 2729 309 2762 Ejus
323 2735 396 2756 notre
408 2727 443 2755 ad
459 2727 600 2756 Labeonis
617 2728 718 2756 Libros
726 2728 837 2755 Πιθωνῡν
850 2728 919 2766 quid
936 2736 1002 2757 con.

934 1358 945 1378 1
953 1358 996 1385 50.

180 2768 323 2795 tinuerint.
909 2770 953 2800 76.
973 2776 998 2795 a.

142 2805 287 2841 Paupertas
307 2803 380 2832 idem
404 2813 435 2832 ac
454 2804 526 2832 bona.
888 2812 953 2838 209.
973 2805 999 2839 b.

143 2843 264 2871 Peccata
280 2844 374 2871 omnia
392 2843 468 2879 paria
486 2842 539 2870 effe
554 2848 610 2869 non
629 2846 729 2879 putant
745 2841 818 2880 Jcti.
903 2850 951 2871 22.
972 2853 998 2872 a.

142 2881 280 2913 I'ecudes,
305 2881 432 2909 maximae
447 2880 514 2908 olim
530 2879 641 2908 divitiae.
888 2888 952 2915 337.
971 2890 998 2909 a.

141 2933 222 2943 —--·-
241 2927 302 2956 quar
322 2920 434 2955 proprie
455 2919 591 2946 dicantur.
887 2926 950 2953 335.
973 2920 998 2948 b.

242 2966 276 2985 an
292 2958 405 2995 proprie
421 2957 496 2986 dictae
510 2965 552 2985 res
568 2956 702 2993 mancipi.
888 2964 952 2992 337.
972 2966 998 2986 a.

141 2994 287 3024 Pecudum
317 2995 432 3024 numine
456 3004 517 3032 quae
539 2996 737 3024 contineantur
765 2995 795 3026 in
820 2994 855 3024 L.
874 2995 997 3061 Aquili}

132 3059 134 3061 ,
888 3041 952 3062 121.
992 3055 999 3062 .

141 3071 228 3099 Pecus
241 3079 325 3100 omne
339 3071 506 3109 quadrupes.
887 3078 920 3107 33
926 3078 950 3107 5.
971 3069 997 3101 b.

140 3109 288 3138 Peculatus
303 3111 386 3139 etiam
403 3116 527 3143 tenetur.
547 3117 605 3139 non
620 3116 728 3140 tantum
744 3109 833 3144 ῶτιν,
853 3110 900 3145 qui
915 3107 1009 3147 pecu-⁶

174 3147 249 3175 niam
269 3148 376 3177 civitati
399 3148 555 3185 subtraxit5
579 3148 605 3178 &
619 3156 713 3182 utrum
732 3157 766 3179 ex
783 3149 817 3179 L.
835 3147 908 3187 Julia
922 3169 930 3183 ,
961 3155 997 3176 an

174 3193 191 3213 c
211 3184 475 3217 Constitutionibus.
935 3193 997 3217 101.

1126 111 1154 145 E
1252 112 1283 146 X

1040 201 1173 229 Peculatu
1195 201 1337 230 cominiss‘o
1357 200 1447 239 potest
1468 201 1510 237 agi
1527 209 1561 229 ex
1583 203 1659 240 Lege
1673 203 1760 241 Julia,
1782 203 1807 233 ὅ(
1822 204 1895 234 furti.

1041 277 1221 304 Peculiariu&
1791 242 1895 316 {hx-051:

1040 315 1179 342 Peculium
1194 315 1266 342 idem
1297 316 1374 351 quod
1395 318 1458 344 bona
1475 323 1535 352 quae
1563 316 1706 346 testatores
1726 319 1896 355 relinquunt.

1785 366 1849 391 209.
1870 360 1894 386 h.

1040 391 1162 418 Pecunia
1182 390 1259 425 quid.
1805 400 1848 426 28.
1870 405 1895 424 a.

1140 438 1154 456 a
1176 428 1282 464 pecude
1303 429 1382 458 dieta.
1786 441 1848 468 337.
1869 445 1895 463 α.

1040 481 1118 488 —-—-
1141 475 1174 493 an
1198 468 1368 496 contribuat.
1725 471 1760 498 11.
1783 480 1846 506 472.
1870 474 1894 500 b.

1040 506 1069 532 in
1085 505 1204 532 Pecunia
1222 505 1325 533 credita
1343 505 1416 534 nuda
1432 506 1573 543 promiffio
1590 507 1653 535 satis
1669 507 1782 537 lubrica.
1807 519 1850 539 12.
1871 512 1896 539 b.

1039 543 1167 571 Pecuniae
1185 544 1295 570 creditae
1310 543 1410 572 foenus.
1449 547 1483 573 V.
1505 547 1613 573 i‘oenus.

1139 582 1240 609 veteris
1256 580 1281 609 &
1297 581 1437 610 hodie-inae
1453 583 1568 611 collatio
1584 582 1712 612 difficilis.
1804 593 1848 620 14.
1867 595 1892 614 a.

1038 619 1136 647 Pecus.
1178 620 1214 646 V.
1235 620 1370 649 Pecudes.

1039 657 1161 684 Pedanci
1175 657 1281 691 judices
1297 667 1362 686 nuin
1377 658 1527 687 habuerint
1547 659 1725 689 aulitorium.
1807 669 1849 689 11.
1869 671 1893 690 a.

1040 694 1163 722 Pedicul'i
1186 695 1263 731 quid.
1786 699 1809 726 1.
1832 707 1894 734 125.

1040 733 1218 768 Pegasianuin
1239 734 1351 763 SCtum.
1787 744 1851 771 203.
1870 747 1895 768 a.

1041 771 1130 799 Pelles
1146 772 1338 807 Babylonii-ze,
1356 772 1498 801 Parthicae.
1788 783 1850 809 105.
1867 785 1893 804 a.

1041 810 1128 839 ιιενθος
1150 810 1235 837 laetus
1258 810 1405 845 dignorum
1427 813 1600 841 maritorum.
1789 822 1851 848 159.
1870 823 1895 843 ιι.

1040 848 1163 879 Πέυθιμος
1186 849 1270 877 lucius
1291 850 1482 886 indignorum.
1833 853 1894 881 ibid.

1041 885 1140 913 Pensio
1160 887 1237 922 quid.
1747 889 1783 918 11.
1805 898 1850 925 27.
1871 899 1897 918 a.

1041 926 1222 956 Peniionibus
1241 929 1338 957 annuis
1353 937 1409 956 non
1425 929 1501 957 fimul
1517 928 1542 957 ὅ(
1561 930 1642 958 semel
1657 930 1856 966 praescribitur,
1878 932 1897 960 ss

1076 965 1146 992 ultra
1158 973 1297 1000 30.annos
1307 968 1333 995 in
1344 967 1481 995 solutione
1490 968 1618 997 cessatum
1630 969 1675 1002 fit,
1694 970 1738 998 sed
1753 971 1784 998 iis
1800 971 1898 999 dunta-

1078 1011 1124 1031 xat
1138 1026 1144 1035 ‚
1166 1013 1226 1040 quae
1246 1012 1310 1033 ante
1329 1013 1373 1040 30.
1392 1014 1480 1033 annos
1498 1009 1597 1034 exactae
1614 1016 1671 1035 non
1693 1008 1765 1036 sunt.
1833 1017 1896 1044 371.

1040 1040 1217 1070 perduellium
1233 1042 1258 1071 ὅ(
1274 1041 1379 1079 bostium
1395 1045 1547 1080 appellatio
1563 1046 1686 1075 confusa.
1744 1048 1767 1075 1.
1791 1055 1853 1083 172.
1871 1049 1897 1077 b.

1039 1080 1194 1115 Peregrinae
1210 1082 1366 1116 religiones.
1409 1084 1443 1110 V.
1467 1083 1574 1119 religio.

1040 1118 1182 1153 Peregrini
1198 1119 1391 1152 De‘QCivitate
1413 1120 1519 1149 donati.
1786 1131 1851 1158 414.
1872 1133 1897 1153 e.

1041 1156 1204 1191 Peregrinus
1221 1166 1254 1184 an
1271 1159 1394 1186 excausa
1404 1159 1505 1193 arresti,
1518 1160 1685 1197 ubicumque
1701 1169 1840 1195 moratur,
1852 1162 1899 1190 de-

1080 1194 1161 1221 tineri
1178 1194 1266 1229 possit.
1729 1201 1765 1227 11.
1789 1207 1851 1234 150.
1871 1211 1897 1229 a.

1040 1230 1182 1266 Peregrini
1197 1240 1232 1259 an
1248 1232 1299 1261 sint
1315 1232 1427 1263 arcendi
1444 1233 1478 1261 ab
1500 1234 1737 1265 administratione
1755 1238 1902 1275 Reipubli-

1077 1278 1125 1298 cae.

1093 1346 1099 1351 ·
1138 1308 1288 1343 quominus
1307 1309 1511 1338 admoveantur
1526 1310 1608 1348 Reip.
1627 1320 1686 1340 non
1706 1279 1899 1350 prohibet²irgl

1079 1352 1130 1374 tio.
1805 1366 1808 1367 ⁷
1834 1352 1899 1382 ibid.

1040 1399 1118 1406 —-
1139 1391 1172 1412 ex
1198 1384 1254 1419 ipsa
1277 1385 1386 1414 rarione
1411 1386 1460 1414 soli
1489 1387 1601 1415 arcendi
1625 1388 1685 1417 sunt
1708 1389 1743 1423 ii,
1764 1398 1780 1418 a
1799 1391 1906 1428 quibtss·

1078 1428 1168 1451 metus
1186 1423 1240 1455 est,
1260 1431 1294 1450 ne
1311 1423 1380 1452 salus
1397 1425 1508 1460 publica
1525 1426 1706 1462 periclitetur.

1039 1475 1117 1483 —
1138 1468 1174 1488 ne
1191 1462 1351 1490 muneribus
1362 1463 1561 1497 adhibeantur,
1576 1466 1658 1493 variis
1674 1466 1816 1495 Comitum
1830 1467 1898 1498 Hol.

1073 1499 1226 1536 privileoiis
1241 1501 1424 1535 impetrarunt
1439 1502 1574 1530 Hollandi
1591 1503 1616 1531 ἃ
1635 1503 1763 1533 zelandi.
1788 1505 1852 1534 ibid.
1872 1507 1897 1535 b.

1039 1551 1117 1560 -—-
1138 1546 1153 1564 a
1172 1538 1354 1574 dignitatibus
1369 1539 1478 1575 poss‘unt
1501 1542 1610 1577 arceri,
1637 1542 1747 1579 quaesrta
1769 1551 1837 1572 vero
1858 1544 1900 1573 di-

1078 1576 1170 1612 gnitas
1185 1584 1243 1604 non
1260 1577 1330 1605 reete
1347 1577 1379 1605 iis
1395 1577 1535 1607 adimitur.
1788 1589 1852 1616 259.
1871 1591 1898 1612 a.

1041 1629 1119 1636 ——-
1138 1614 1180 1642 illi
1194 1615 1268 1643 reete
1290 1621 1436 1651 arcentur,
1457 1617 1505 1654 qui
1529 1616 1594 1645 inde
1613 1618 1725 1648 oriundi
1740 1619 1801 1648 sunt
1815 1644 1824 1655 ,
1851 1621 1900 1650 ubi

1078 1652 1225 1682 Nostrates
1241 1652 1301 1689 lege
1318 1654 1362 1682 vel
1377 1663 1454 1683 more
1475 1656 1607 1684 Civitatis
1622 1663 1763 1687 arcentur.
1788 1657 1852 1687 ibid.
1872 1660 1898 1688 b.

1042 1705 1121 1714 —-—
1142 1693 1191 1727 qui
1212 1691 1372 1721 Hollandos
1397 1702 1455 1722 non
1479 1693 1654 1730 excludunt,
1676 1704 1768 1734 neque
1785 1697 1812 1725 in
1827 1697 1898 1726 Hol-

1078 1729 1172 1757 landia
1193 1730 1228 1758 ab
1245 1731 1400 1760 honoribus
1415 1731 1610 1761 excluduntur.
1834 1735 1899 1765 ibid.

1039 1767 1184 1804 Peregrini
1210 1769 1321 1798 nobiles
1340 1770 1370 1798 in
1389 1771 1544 1800 hollandia
1572 1771 1707 1802 haerentes
1734 1780 1770 1801 an
1797 1773 1900 1803 subditi

1079 1806 1170 1835 Curiae
1188 1806 1357 1836 Hollandiae.
1787 1819 1853 1846 299.
1872 1821 1900 1842 ι.

1040 1844 1159 1873 Perfidia
1174 1845 1203 1873 in
1222 1845 1298 1874 bello
1316 1845 1355 1875 est
1371 1845 1477 1876 illicita.
1789 1858 1852 1884 192.
1872 1859 1899 1879 a.

1039 1882 1184 1921 Perfocare
1201 1890 1316 1920 partum.
1737 1888 1761 1916 1.
1788 1890 1853 1923 358.
1873 1889 1900 1917 b.

1041 1921 1181 1950 Perhibere
1203 1921 1228 1950 ἃ
1241 1925 1351 1959 prebere
1368 1923 1556 1953 testimonium
1573 1925 1644 1954 reste
1659 1924 1770 1953 dicitur.
1807 1933 1852 1960 95.
1871 1937 1899 1956 α.

1040 1960 1170 1995 Perjurus
1185 1960 1241 1995 est,
1264 1963 1312 1998 qui
1327 1969 1373 1999 per
1387 1962 1515 2000 Lapidem
1529 1964 1656 1999 juravit,
1679 1963 1801 1993 &fidem
1818 1964 1900 1994 fallit.

1794 2005 1857 2037 178.
1876 2005 1902 2032 17.

1041 2036 1196 2065 Permutare
1210 2046 1262 2074 pro
1278 2039 1378 2076 aliquid
1391 2039 1474 2067 alicui
1487 2039 1601 2069 reddere.
1789 2044 1854 2076 256.
1874 2042 1900 2070 h.

1041 2075 1198 2112 Perpetuam
1208 2075 1261 2110 est,
1275 2077 1353 2113 quod
1361 2086 1419 2105 non
1436 2077 1536 2112 ceffat,
1547 2078 1681 2114 quamdiu
1695 2078 1784 2108 durat.
1809 2086 1852 2113 7ο.
1874 2080 1899 2108 b.

1042 2114 1129 2142 Persa:
1144 2113 1201 2141 fere
1218 2115 1352 2144 immunes
1368 2117 1402 2144 ab
1417 2116 1485 2144 odio
1502 2117 1653 2153 religionis.
1788 2124 1853 2151 413.
1874 2119 1900 2147 h.

1041 2167 1121 2174 ——
1142 2153 1169 2180 in
1188 2153 1320 2182 Romano
1341 2155 1462 2192 Imperio
1477 2162 1535 2183 non
1554 2155 1698 2184 servabant
1711 2155 1802 2192 Leges
1813 2155 1899 2184 Rom.

1084 2190 1119 2218 de
1140 2191 1248 2219 incestis
1269 2193 1381 2229 nuptiis.
1788 2201 1854 2228 414.
1874 2195 1900 2222 b.

1045 2227 1162 2266 Personae
1178 2229 1307 2266 salientes.
1791 2239 1852 2267 155.
1874 2233 1899 2261 b.

1045 2267 1186 2295 Petitlone
1202 2268 1348 2304 quomodo
1364 2275 1424 2298 tota
1440 2269 1579 2305 obligatio
1594 2268 1725 2298 solvatur.
1834 2273 1898 2300 260.

1045 2304 1168 2332 Petrones
1188 2306 1264 2342 quid.
1788 2311 1853 2343 256.
1872 2317 1897 2337 a.

1045 2343 1177 2371 Petronia
1191 2346 1259 2372 Lex.
1300 2345 1335 2372 V.
1360 2345 1420 2373 Lex
1439 2345 1581 2375 Petronia.

1041 2381 1174 2417 Phryges.
1214 2383 1249 2411 V.
1274 2382 1358 2418 Galli.

1041 2419 1163 2456 Philippi
1179 2421 1214 2449 11.
1229 2420 1345 2458 Hispan.
1364 2421 1400 2450 R.
1411 2422 1502 2451 minus
1519 2430 1597 2459 aequa
1611 2421 1776 2451 constitutio
1791 2421 1826 2451 de
1841 2431 1900 2454 nou

1082 2457 1272 2487 submittendo
1286 2460 1401 2488 navium
1414 2459 1627 2497 Hispanicarum
1635 2461 1726 2496 primo
1736 2460 1846 2496 aplustri
1860 2460 1900 2489 sa-

1082 2495 1190 2526 lutandi
1205 2506 1281 2525 arces
1297 2503 1475 2527 externorum
1490 2499 1648 2536 Principum
1659 2506 1735 2533 erg0.
1756 2499 1790 2526 ΙΙ.
1803 2506 1863 2533 130.
1873 2500 1900 2528 b.

1043 2533 1187 2572 Philippus
1202 2536 1240 2565 11.
1262 2535 1402 2572 legitimus
1423 2537 1526 2566 Comes
1546 2535 1704 2566 Hollandiae
1719 2535 1771 2564 fuit
1788 2537 1901 2566 habitus

1081 2581 1171 2609 usque
1187 2574 1221 2602 ad
1238 2582 1340 2604 annum
1363 2577 1443 2609 1581.
1788 2582 1853 2610 240.
1874 2577 1901 2605 b.

1143 2611 1204 2648 post
1220 2621 1323 2642 annum
1345 2617 1426 2649 1564.
1442 2621 1530 2650 usque
1544 2612 1579 2640 ad
1594 2619 1698 2641 annum
1714 2614 1794 2646 1581.
1809 2614 1899 2642 varias

1080 2649 1156 2686 leges
1176 2650 1274 2680 edidit.
1748 2650 1813 2680 ibid.
1834 2659 1900 2687 24¹·

1044 2701 1124 2710 ·—-
1144 2697 1205 2724 quae
1223 2689 1302 2726 gessit
1327 2689 1361 2718 ad
1392 2688 1599 2717 abdicationem
1621 2696 1710 2724 usque
1725 2710 1734 2723 ‚
1766 2695 1797 2718 ut
1821 2689 1900 2718 firma

1079 2725 1146 2760 sint,
1168 2728 1255 2764 exigit
1267 2727 1373 2756 utilitas
1389 2726 1508 2764 publica.
1789 2735 1854 2763 ²41·
1872 2737 1900 2758 a.

1043 2764 1176 2802 Philippo
1190 2766 1226 2795 11.
1246 2767 1391 2803 imperium
1406 2772 1463 2793 non
1477 2763 1516 2792 est
1536 2765 1702 2802 abrogatum
1716 2773 1768 2794 nec
1783 2765 1805 2794 F
1806 2765 1900 2795 oedere

1081 2803 1275 2837 Utreclitano,
1296 2811 1348 2832 nec
1363 2802 1550 2832 Gandavensi.
1786 2811 1851 2839 240.
1871 2814 1898 2833 a.

1042 2839 1189 2879 Philippus
1212 2841 1378 2878 Burgundus
1393 2841 1527 2878 cogitavit
1549 2841 1655 2879 primus
1676 2840 1711 2870 de
1731 2840 1899 2871 instituenda

1079 2879 1164 2908 Curia
1182 2879 1349 2909 Hollandiae.
1788 2887 1853 2914 302.
1872 2882 1899 2909 h.

1040 2915 1227 2955 Philosophiae
1248 2917 1385 2946 definitio.
1742 2917 1765 2946 1.
1785 2925 1851 2952 412.
1870 2929 1900 2950 a.

1041 2954 1204 2986 Phainenfia
1224 2955 1346 2986 metalla.
1783 2959 1850 2992 42⁶·
1871 2966 1898 2986 a.

1041 2996 1163 3032 Pignora
1183 2993 1299 3023 caedere.
1696 2995 1737 3023 18.
1759 2994 1784 3022 b.
1806 3001 1850 3028 19·
1870 3004 1896 3024 a.

1040 3032 1156 3070 Pignori
1177 3031 1242 3060 dare
1262 3031 1307 3060 vel
1327 3032 1454 3070 accipere
1477 3031 1631 3062 filiumfnm.
1657 3039 1713 3060 non
1736 3031 1814 3061 licuit
1827 3053 1836 3066 ‚
1871 3032 1898 3062 ὰ

1074 3079 1135 3108 quae
1147 3078 1228 3108 ρει-,112
1244 3070 1321 3105 ejus,
1341 3072 1390 3107 qui
1406 3070 1492 3101 sciens
1516 3070 1668 3101 filiamfam.
1685 3078 1701 3098 a
1720 3076 1835 3107 parente
1856 3071 1897 3108 pi-

1076 3110 1156 3146 gnori
1171 3110 1289 3145 accepit.
1789 3115 1852 3144 355.
1871 3110 1898 3138 b.

1038 3147 1166 3185 Pignoris
1183 3147 1264 3176 causa
1282 3155 1319 3177 an
1341 3148 1404 3186 capi
1424 3145 1527 3185 poffint
1547 3147 1718 3185 Legatorurn
1738 3146 1823 3216 Ιῖοῃεσ.
1858 3147 1896 3176 11.

1659 3192 1721 3220 159.
1758 3206 1765 3214 .
1786 3192 1799 3214 1
1821 3193 1848 3214 ο.
1869 3193 1894 3213 a.

1831 1429 1898 1460 ibid.
1946 1444 1948 1447 ·
