2008 3436
190 117 266 160 1172
445 112 846 150 CORNELII

202 191 338 234 elignitat'
354 191 394 235 eft
405 217 412 228 ,
440 187 477 229 ξξῗ
498 196 575 235 apud
592 204 686 226 ornnes
702 194 849 226 lirenates
864 194 994 237 alioquin
1010 194 1057 225 ho-

194 235 346 266 nor-abilis.
392 235 448 267 Sed
471 238 582 267 tamdiu
603 238 634 267 id
658 235 737 277 inse
757 238 884 267 muneris
908 238 1057 273 retinent,

195 277 289 316 quoad
312 275 366 316 ipsi
382 277 444 318 Jnoe.
470 278 627 319 legationis
645 276 909 349 officinnhservent.
937 276 981 309 Ni
1001 275 1058 308 ser-

192 325 294 352 vent,
319 318 356 349 ad
383 326 548 358 utrumque
570 328 667 359 genus
691 318 751 349 dcli
789 319 797 349 i
816 327 941 359 poenam
960 317 1059 358 porri-

195 357 243 398 git
272 357 319 388 his
345 360 463 391 verbis:
488 370 557 391 num
573 361 716 390 hominem
734 361 885 400 occidere,
910 361 958 401 qni
978 359 1056 401 lega—

197 399 275 429 tione
295 399 446 443 fungatur
462 425 471 439 ,
503 406 572 431 tnnc
623 402 709 431 tidem
732 400 769 434 δέ)
790 401 858 442 jure
880 407 933 441 pro
958 401 1056 431 hnma-

195 441 245 470 πίε
261 441 372 482 legibus
393 443 481 479 licet,
504 451 568 472 cnm
586 410 699 483 glegem
720 442 867 473 videbitur
883 441 1056 473 contumelia

197 481 344 523 affecrffe,
367 484 415 514 vel
434 482 463 521 fi
479 492 542 513 cnm
568 483 686 513 muliere
716 483 870 521 cubuerit,
892 483 980 513 alteri
997 483 1057 513 cui-

194 532 281 564 qnam
309 531 412 564 napta.
458 523 568 564 Legati
593 523 657 555 hoc
683 532 722 554 ne.
745 531 798 555 ant
814 548 823 563 ,
855 523 907 556 sed
929 523 966 555 ad
992 532 1058 555 rem

197 574 260 596 non
274 565 480 605 respondent,
499 574 571 595 cum
591 564 697 603 ajunt:
747 571 835 596 «rator
847 565 1057 607 qualiacunque

197 616 217 635 ιι
237 606 399 647 Principe,
412 607 447 647 se
466 606 640 646 delegante,
663 607 826 646 acceperit,
845 606 982 648 profert,
1000 615 1059 647 quae

192 645 221 685 si
238 649 334 678 minus
346 650 436 687 proba
454 647 502 677 vel
517 646 639 677 rernm-a
654 648 813 685 videntur,
834 658 891 679 non
906 647 962 689 ipse
974 653 1059 688 prop-

199 694 279 718 terea
296 689 364 730 jure
384 687 425 728 est
449 689 641 728 inmfizfflns,
656 687 732 728 sed,
758 690 808 728 qni
828 689 959 730 miserit,
975 688 1059 728 forte

198 729 359 768 cntpcmclm
376 740 386 766 ,-
424 729 560 761 Oratoris
592 731 694 771 qnippe
726 728 846 770 qfficinm
882 728 922 771 est
937 752 949 768 ‚
970 729 1059 771 suunt

198 780 262 800 cnm
276 770 335 809 fide
354 770 547 811 minister-{mn
563 771 685 813 eayeqnt'.
732 770 828 809 Non,
852 772 1000 812 inquam,
1021 771 1059 802 ad

193 820 262 842 rem
282 810 488 852 respondent,
513 821 583 844 nam
610 812 706 853 legati
731 822 794 844 non
824 813 997 844 mittuntur
1021 811 1060 844 ad

196 853 422 884 contumeliam
440 852 577 895 Principi
597 853 780 891 dicendam,
803 854 855 885 vel
873 853 1059 894 subigendas

195 894 330 925 aliorum
356 903 491 932 uxores,
515 894 545 927 ὅ(
573 902 676 926 tamen
701 895 732 926 id
752 895 790 927 fit
810 895 987 936 aliquando.
1009 894 1061 927 Ex

198 935 346 966 mandato
364 936 446 976 quod
462 936 545 977 agit,
569 936 606 967 ad
624 935 801 978 Principem
827 937 1009 968 mittentem
1030 936 1060 970 ἃ

198 976 397 1008 mandantem
425 979 581 1018 pertinet,
606 984 638 1009 at
655 977 676 1009 fi
697 977 879 1019 delinquat,
915 977 999 1019 quod
1017 977 1060 1009 ci-

197 1027 244 1048 tra
262 1018 441 1049 mandatum
459 1018 526 1050 sere
542 1017 661 1060 semper
674 1017 734 1057 est,
753 1029 791 1051 an
807 1020 980 1061 legatorum
999 1018 1061 1059 pri-

198 1059 316 1099 vilegia
341 1060 488 1091 amittere
512 1060 678 1093 dicemus?
701 1061 779 1092 Sane
794 1062 956 1099 amittere,
981 1060 1002 1092 fi
1017 1058 1060 1091 se-

196 1100 352 1132 ditionem
384 1101 571 1141 moliantur,
597 1101 627 1133 &
652 1101 890 1142 Rempublicam
911 1101 1061 1140 turbent,

197 1142 293 1173 etiam
324 1142 479 1174 Ordinum
509 1142 688 1174 Hollandiae
713 1151 865 1174 eorumve
893 1142 975 1174 Dele
997 1150 1062 1173 ato-

198 1192 268 1214 tum
284 1182 439 1215 sententia
462 1182 506 1215 cst
521 1183 601 1225 apud
623 1183 768 1214 Aitzema
792 1184 863 1216 Lib.
889 1183 981 1216 XLV
1001 1208 1009 1215 .
1028 1190 1061 1224 p„

200 1235 238 1256 m.
264 1234 336 1265 747.
359 1225 391 1257 Si
416 1225 521 1263 dicas,
545 1225 618 1266 Jure
643 1224 794 1257 Gentium
814 1224 908 1264 laeso,
933 1225 1004 1256 tolli
1021 1225 1063 1256 le-

200 1274 347 1307 gatorum
371 1267 592 1307 privilegium,
615 1266 677 1305 jam
706 1276 746 1297 ex
771 1266 917 1298 omnibus
941 1265 1064 1297 delictis

197 1308 303 1350 puniri
322 1316 493 1348 poterunt,
517 1315 552 1338 ut
571 1308 653 1338 reue
670 1306 816 1338 observat
835 1306 986 1345 Grotius,
1007 1305 1062 1338 nifi

198 1359 268 1392 quae
286 1359 326 1381 ex
344 1358 431 1381 mero
449 1348 521 1388 Jure
538 1347 639 1380 Civili
657 1348 823 1387 oriuntur-3
839 1357 910 1388 quae
929 1347 1060 1380 Herma-

197 1392 232 1426 ni
256 1389 423 1422 Kirchncri
449 1389 603 1421 sententia
618 1388 663 1421 est
685 1391 718 1421 in
733 1389 848 1432 Legato
865 1389 936 1421 Lib.
960 1388 1000 1421 ll.
1028 1389 1058 1420 C.

199 1433 226 1466 Ι.
243 1443 273 1464 n.
295 1440 363 1471 125.
384 1430 509 1472 &seqq.
554 1431 662 1472 Atque
680 1431 747 1462 haec
766 1440 839 1462 cum
858 1430 970 1462 durior
985 1440 1062 1462 non-

198 1474 295 1507 nullis
311 1471 473 1511 videatur,
484 1471 673 1513 restringunt
688 1473 726 1503 ad
743 1472 873 1504 crimina
890 1471 972 1504 laesae
988 1472 1061 1504 Rei-

196 1515 333 1558 publicae
346 1537 354 1550 ,
379 1513 431 1545 vel
449 1512 530 1546 laesae
549 1513 726 1554 Maiestatis
743 1515 827 1555 ejus,
852 1513 890 1545 ad
909 1522 1003 1554 quem
1020 1514 1062 1545 le-

198 1565 291 1599 gatus
310 1555 459 1587 mittitur.
506 1554 549 1586 Et
568 1555 711 1596 quamvis
729 1555 760 1587 id
781 1555 927 1586 videatur
949 1555 1062 1586 habere

198 1606 344 1640 magnam
362 1597 536 1636 rationem,
562 1604 667 1628 tamen
683 1596 895 1634 Kirchnerus‚
914 1597 968 1637 qui
985 1606 1063 1628 mox

198 1641 339 1681 legatum
355 1637 538 1678 subjiciebat
554 1638 639 1670 omni
655 1647 756 1679 poenae
772 1638 805 1670 in
824 1637 1064 1679 quibuscunque

197 1681 341 1720 delictis,
364 1690 395 1711 n.
422 1684 492 1722 138.
516 1679 552 1715 &⁹
569 1680 651 1722 seqq.
676 1679 797 1720 excipit
821 1679 939 1712 crimen
963 1680 1063 1720 Maje-

201 1722 310 1761 statis,
335 1722 407 1763 quia
426 1720 574 1761 Maiestas
598 1731 661 1752 non
689 1721 815 1752 laeditur
827 1744 836 1760 ,
855 1720 911 1752 nifi
927 1731 944 1752 a
961 1719 1063 1753 subdi·-

201 1773 248 1796 ῑο.
274 1763 379 1803 Atque
394 1762 414 1794 Γι
434 1763 555 1803 legatus
572 1762 669 1804 magis
690 1761 767 1794 effet
785 1761 926 1794 subditus
946 1762 975 1794 in
994 1762 1063 1794 aliis

199 1805 384 1837 criminibus
403 1827 412 1843 ,
446 1813 540 1845 quam
569 1804 601 1835 in
626 1813 687 1843 eo,
709 1803 795 1844 quod
822 1804 958 1844 excepit.
1004 1803 1065 1835 Sed

201 1856 275 1879 cum
300 1846 357 1877 hac
382 1855 446 1878 non
462 1844 619 1884 succeffit,
643 1845 703 1876 alia
718 1854 783 1876 rem
799 1845 976 1887 aggreditur
992 1845 1063 1884 via,

201 1889 233 1920 ὅ(
255 1888 316 1926 ait,
341 1887 461 1918 crimen
488 1885 667 1926 Majestatis
686 1885 754 1917 solo
775 1885 843 1917 fere
859 1887 963 1918 animo
979 1895 1064 1918 com-

202 1929 310 1967 mitti,
344 1928 374 1959 &
399 1927 480 1967 Juris
503 1926 619 1959 Civilis
645 1927 706 1959 effe
722 1949 734 1966 ‚
765 1927 902 1959 animum
958 1928 1065 1967 unire,

203 1980 269 2002 non
288 1969 372 2009 Juris
390 1968 554 2000 Gentium.
580 1969 686 2010 Atque
700 1968 742 2008 fi,
765 1969 856 2011 plebe
871 1968 923 2000 for
938 1979 975 2001 an
992 1978 1067 2000 con·

202 2012 320 2048 citata,
343 2009 458 2041 effectu
477 2009 645 2043 destitutus
662 2009 761 2041 fuerit
780 2011 923 2049 animus,
953 2011 982 2043 ὅ(
1004 2019 1068 2041 non

201 2053 234 2085 in
251 2051 397 2082 omnibus
422 2051 568 2089 del—istis,
590 2051 612 2083 fi
638 2051 889 2092 distinguendum
918 2051 976 2090 fit,
1001 2051 1068 2083 haec

200 2092 360 2126 distinctio
380 2092 446 2132 pari
470 2092 592 2123 ratione
610 2093 780 2124 obtineret.
825 2092 1002 2124 Kirchnero
1025 2100 1067 2123 ta-

201 2144 274 2167 men
289 2133 397 2165 eadem
417 2132 569 2164 sententia
585 2134 751 2205 praeiverat
767 2133 935 2165 Albericus
954 2133 1066 2166 Genti-

203 2176 243 2209 lis
260 2177 293 2207 de
311 2175 470 2216 Legation.
498 2174 566 2205 Lib.
604 2174 624 2205 l.
654 2175 686 2206 C.
706 2184 752 2211 19·

245 2217 358 2255 Vides,
384 2225 475 2256 quam
493 2214 674 2254 sententise,
700 2225 790 2256 quam
801 2217 940 2249 rationes
952 2216 1065 2248 discre-

201 2266 290 2300 pent.
311 2256 450 2288 Gentilis
465 2258 491 2287 d.
507 2257 591 2294 C.19.
612 2257 640 2288 ἀ
656 2256 789 2289 Grotius
804 2260 832 2290 d.
844 2257 906 2299 §.4
920 2258 981 2290 esse
994 2257 1066 2290 seri-

201 2302 301 2338 bunt,
324 2299 397 2339 qui,
422 2297 443 2330 fi
469 2307 516 2329 res
543 2298 680 2337 incidat,
703 2299 741 2330 de
759 2300 894 2331 ineundo
912 2298 1065 2331 Gentium

205 2340 338 2373 consilio
355 2339 484 2371 solliciti
513 2338 601 2378 sunt,
628 2338 678 2371 sed
693 2340 753 2371 hoc
770 2341 878 2382 nugari
898 2340 951 2372 cst.
999 2339 1067 2381 lpse

204 2382 339 2414 Grotius
354 2381 526 2412 utilitatem
544 2390 645 2422 poenae
667 2382 828 2422 exigendae
846 2382 876 2413 δε
895 2382 1067 2413 utilitatem

204 2423 393 2465 legationis,
417 2430 489 2453 tuto
511 2422 683 2461 obeundae,
708 2423 844 2455 invicem
872 2422 1068 2460 committit,

204 2468 235 2498 ὅ(
262 2474 332 2505 quae
356 2463 464 2505 potior
491 2463 548 2502 fit,
574 2473 615 2495 ex
632 2465 799 2496 voluntate
818 2463 970 2496 Gentium
987 2463 1066 2495 deri-

203 2507 341 2537 vandum
366 2504 447 2544 effe,
471 2505 555 2537 rede
583 2505 706 2545 censet,
735 2504 787 2537 sed
807 2506 856 2537 hoc
882 2505 1006 2546 inquit,
1029 2514 1065 2536 ex

197 2548 271 2590 stitis
289 2547 426 2586 exemplis
441 2548 540 2577 evinci
553 2556 610 2577 non
631 2545 740 2587 potest:
766 2545 883 2588 exstant
900 2547 978 2577 enim
986 2546 1066 2587 *sutis

207 2589 300 2620 multa
323 2590 355 2618 in
379 2593 530 2628 utrumqne
556 2593 681 2627 partem.
728 2588 947 2619 Recta-rendunt
971 2589 1065 2629 igitur

205 2636 266 2661 turn
281 2630 318 2659 aar
337 2628 507 2667 Sapientnrn
520 2628 655 2670 judicia,
682 2635 741 2659 tnnz
758 2630 795 2659 acl
812 2628 1011 2671 conjechtrczs,
1035 2629 1065 2660 &

202 2680 280 2703 mox
298 2670 455 2711 depromit
475 2668 527 2700 illa
544 2668 676 2708 judicia,
702 2669 831 2709 illasque
855 2669 1068 2709 conjecturas,

205 2717 349 2752 tanquam
368 2710 500 2741 totidem
519 2708 679 2741 sententiae
697 2709 776 2747 suae,
798 2719 889 2750 quam
905 2720 935 2740 n.
960 2717 991 2748 5.
1014 2719 1066 2741 ex-

214 2755 315 2791 tonit,
342 2752 550 2793 praenuncios.
596 2750 666 2791 Ego
689 2759 766 2781 vero
785 2773 794 2789 ,
831 2759 902 2781 cum
928 2750 966 2781 de
996 2750 1068 2790 Jure

205 2763 359 2826 &entium
385 2792 485 2824 sermo
511 2791 575 2830 est,
599 2802 660 2823 non
691 2799 753 2822 tam
773 2790 942 2822 testibus&
959 2791 1066 2830 conje⁴

207 2836 323 2873 (luris,
345 2844 437 2875 quam
464 2834 617 2875 exemplis
645 2833 848 2864 crediderinn
887 2829 1019 2878 JI‘ci'tes‚
1044 2831 1066 2877 li

206 2877 318 2914 ullibi,
334 2876 384 2907 bic
402 2875 542 2914 variant,
561 2876 587 2906 ὅι
607 2874 723 2915 possem
740 2883 780 2904 ex
799 2873 910 2914 priscis
927 2872 955 2904 ἃ
976 2881 1067 2904 novrs

206 2918 381 2949 Annalibus
402 2916 523 2948 adferre
549 2925 672 2958 magnas
697 2915 899 2946 auctoritates
915 2935 925 2951 ,
947 2921 1018 2953 quae
1036 2913 1067 2945 in

206 2968 373 2998 utramque
391 2965 508 2998 partem
525 2955 605 2988 stant
617 2981 626 2996 ,
640 2957 669 2988 ὃ(
687 2956 849 2988 victoriam
871 2962 990 3000 tantum
1004 2963 1067 3000 non

204 2999 329 3030 dubiam
345 2999 485 3030 reddunt.
532 2997 666 3029 Grotius
685 3007 747 3029 non
766 2995 969 3028 denunciavit
985 2994 1067 3026 telli-

207 3041 366 3078 monium,
390 3039 444 3071 nili
470 3039 564 3072 Livio
594 3040 623 3070 ὁ(
643 3037 814 3076 Sallustio,
836 3037 874 3068 de
892 3035 1005 3078 quibus
1022 3035 1065 3067 di-

207 3089 275 3110 cam
288 3103 297 3117 ,
320 3091 390 3112 cum
406 3081 443 3112 ad
462 3080 605 3121 exempla
623 3078 777 3111 Gentium
797 3084 983 3119 perventum
995 3077 1064 3108 crit.

209 3120 305 3164 Quod
322 3123 358 3152 ad
374 3123 567 3162 conjecturas
584 3122 717 3160 attinet,
731 3120 809 3153 nibil
827 3119 891 3151 illae
910 3117 998 3164 sunt,
1010 3117 1066 3151 nisi

205 3162 361 3198 rationes,
385 3172 424 3193 ex
453 3161 617 3202 praesumta
636 3171 740 3194 mente
764 3160 915 3192 Gentium
937 3166 1064 3200 petitae,

207 3203 237 3234 a&
257 3201 368 3243 quibus
389 3211 511 3235 tantum
530 3203 623 3234 tribui
641 3213 704 3236 non
721 3201 849 3245 potest,
870 3209 905 3235 ut
928 3200 998 3234 inde
1016 3200 1066 3240 jus

920 122 1030 151 VAN

1102 110 1702 151 BYNKERSHOEK

1102 194 1207 235 potius
1235 193 1432 227 aestimemus.
1477 193 1552 227 Hoc
1579 193 1679 235 ipsum
1697 193 1761 233 est,
1795 195 1879 237 quod
1897 191 1957 240 ipse

1102 235 1158 267 ille
1173 235 1298 267 dicebat
1320 237 1349 267 d.
1375 234 1402 276 §.
1427 246 1457 275 4.
1481 246 1511 267 n.
1538 246 1567 267 2.
1591 234 1661 276 post
1684 236 1784 267 varias
1801 237 1956 274 variorum

1102 275 1271 308 sententias
1288 276 1454 308 recitatas:
1478 277 1622 308 Rationes
1633 300 1643 316 ,
1666 286 1726 318 quae
1739 277 1830 318 prose
1846 279 1956 321 quisque

1102 316 1251 357 afferunt,
1275 317 1351 348 nihil
1365 316 1485 357 definite
1510 317 1686 348 concludunt
1700 341 1710 357 ,
1734 320 1802 359 quia
1813 319 1864 360 jus
1885 320 1955 362 boc,

1101 367 1158 389 non
1173 365 1205 388 ut
1215 359 1266 400 jus
1283 358 1451 397 Naturale,
1475 368 1512 389 ex
1539 360 1626 390 certis
1641 360 1803 391 rationibus
1822 366 1896 391 certo
1903 365 1958 394 ori.

2001 219 2006 232 l

1102 406 1168 438 tur,
1184 399 1292 445 sed-ex
1306 399 1456 431 voluntate
1476 400 1617 431 Gentium
1632 401 1744 431 modum
1759 402 1878 442 accipit.
1910 403 1957 436 Ad
2005 405 2007 408 ’

1100 440 1217 481 judicia
1240 440 1337 482 igitur
1360 439 1512 473 Gentium
1536 451 1609 473 cum
1632 442 1769 473 maxime
1787 452 1959 483 provocan-

1101 483 1174 514 dum
1190 480 1253 520 est,
1278 481 1329 513 ubi
1346 482 1514 523 quaeritur,
1539 492 1578 514 an
1594 482 1730 524 legatus,
1757 484 1959 526 quideliquit,

1101 524 1132 555 &
1146 532 1183 554 an
1204 524 1236 555 in
1251 523 1336 554 omni
1353 532 1466 563 genere
1484 523 1611 562 delicti,
1635 532 1741 556 utatur
1757 524 1899 568 praefidio
1912 525 1961 567 Ju„

1101 565 1144 596 ris
1159 562 1337 597 Gentium?
1353 566 1382 596 ὅ(
1396 574 1431 596 ea
1443 565 1561 605 judicia
1577 565 1732 606 exemplis
1745 564 1959 610 absolvuntur,
2007 596 2008 599 ,

1101 612 1247 646 tantaque
1269 614 1379 637 eorum
1404 605 1489 647 seges
1513 606 1575 646 est,
1601 613 1636 638 ut
1661 606 1708 638 his
1731 606 1885 639 consultis
1898 617 1962 641 non

1100 646 1270 679 difficulter
1284 646 1323 678 de
1341 656 1374 678 re
1392 647 1456 688 ipsa
1472 648 1672 688 pronunciari
1699 648 1843 680 videatur
1858 647 1961 690 posse,

1100 686 1308 730 praetermissb
1334 688 1429 720 etiam
1453 689 1540 720 omni
1558 689 1680 731 reliquo
1705 689 1786 721 levis
1801 697 1960 730 armatura

1101 739 1118 762 a
1163 735 1259 760 aratu.

1120 739 1195 803 pxiiii(
1209 770 1258 802 his
1272 769 1370 811 igitur
1386 769 1640 812 solis,quantum
1658 771 1771 804 sufficit
1788 772 1825 804 ad
1834 771 1961 814 probau-

1101 812 1176 845 dum
1192 810 1395 858 consensum,
1419 820 1512 853 atque
1528 813 1606 844 adeo
1630 812 1684 853 Jus
1701 812 1874 852 Gentium,
1898 815 1963 856 opi-

1102 863 1161 887 nor
1185 852 1287 891 effici,
1319 852 1407 893 posse
1430 853 1566 894 legatum
1590 864 1631 886 ex
1657 854 1748 886 nullo
1773 854 1911 894 delifto‚
1931 855 1963 890 in

1101 895 1178 929 Ioco
1194 894 1360 935 legationis
1377 895 1514 926 accusari
1530 895 1582 927 vel
1598 895 1701 936 puniri
1717 904 1884 938 oportere,
1908 895 1959 932 sed

1104 946 1168 968 rem
1187 935 1248 968 ess'e
1267 934 1489 977 tranfigendam
1505 935 1554 968 his
1570 937 1872 978 cantionibus,quas
1881 935 1961 972 Gro'v

1105 978 1168 1009 tius
1182 979 1211 1009 d.
1236 976 1263 1018 §.
1287 986 1319 1017 4.
1342 986 1372 1007 n.
1396 985 1426 1016 5.
1453 977 1483 1009 ὅ(
1499 981 1531 1009 6.
1554 977 1748 1018 praescribit:
1774 979 1827 1018 Si,
1851 978 1962 1020 inquit,

1104 1019 1162 1051 tale
1171 1017 1212 1057 fit
1225 1018 1360 1049 delictum
1367 1039 1378 1055 ,
1400 1020 1472 1058 qnod
1487 1020 1632 1050 contemni
1642 1019 1716 1060 poſje
1731 1021 1868 1052 videatur
1878 1043 1888 1059 ,
1910 1025 1962 1055 aut

1104 1059 1335 1102 diffirnnlandunz
1351 1059 1427 1097 erit,
1451 1065 1503 1091 ant
1519 1070 1533 1091 e
1542 1059 1653 1100 finibus
1663 1062 1808 1102 jubendus
1829 1061 1961 1095 excedere

1106 1102 1230 1144 legatus.
1256 1101 1289 1132 Sz·
1302 1100 1412 1131 crimen
1420 1099 1461 1139 stt
1477 1102 1618 1140 atrocius,
1643 1102 1680 1137 δ’
1693 1103 1886 1143 aclpublz‘cum
1901 1113 1962 1135 ma-

1101 1144 1165 1182 ·lnnt
1180 1141 1334 1183 speffitans,
1359 1143 1518 1173 mittendus
1541 1144 1596 1174 erit
1624 1143 1740 1186 legatus
1754 1146 1792 1175 ad
1811 1154 1893 1183 eum,
1915 1145 1964 1186 qui

1105 1182 1200 1222 mifit,
1224 1193 1289 1214 curn
1303 1181 1446 1223 postulato
1456 1189 1509 1221 ,nt
1525 1194 1588 1215 enm
1592 1188 1700 1224 puniat
1712 1190 1763 1216 aut
1771 1186 1867 1217 dedat.
1890 1185 1964 1216 Per-

1106 1225 1208 1257 mittit
1233 1224 1326 1254 etiam
1353 1225 1380 1254 cl.
1405 1234 1435 1255 n.
1459 1227 1489 1255 6.
1513 1232 1546 1255 ut
1562 1227 1676 1256 obviam
1699 1232 1781 1258 eatur
1797 1227 1966 1258 imminenti

1102 1265 1252 1307 periculo,
1267 1263 1296 1303 fi
1308 1265 1391 1295 nulla
1406 1265 1468 1295 alia
1482 1263 1522 1305 est
1537 1268 1613 1296 ratio
1629 1268 1731 1298 idonea
1742 1289 1751 1306 ,
1777 1267 1812 1302 &⁹
1828 1269 1963 1305 retineri,

1107 1306 1144 1341 ξεῖ)
1168 1307 1344 1348 interrogari
1372 1305 1482 1347 legatos
1492 1306 1577 1347 poffe.
1621 1306 1696 1339 Non
1720 1307 1761 1339 du
1785 1309 1897 1339 itamus
1913 1308 1966 1339 hic

1105 1347 1257 1379 Grotium
1281 1354 1473 1387 praeeuntem
1499 1346 1604 1389 sequi,
1629 1348 1684 1380 nifi
1710 1349 1796 1388 quod
1818 1349 1911 1380 etiam
1934 1349 1967 1382 in

1105 1389 1303 1430 gravioribus
1317 1387 1439 1420 delictis
1454 1388 1550 1420 solam
1561 1389 1773 1429 expulfionem
1791 1390 1883 1431 legati
1913 1399 1967 1422 rae-

1105 1431 1260 1470 feramus,
1294 1429 1342 1467 δῖ,
1372 1429 1445 1461 dum
1472 1429 1685 1470 exspectamus
1710 1433 1854 1472 exempla
1915 1440 1966 1464 en·

1106 1472 1204 1511 tium,
1227 1481 1296 1512 quae
1315 1471 1408 1511 Caput
1415 1472 1539 1512 sequens
1554 1471 1710 1513 suggerit,
1735 1473 1897 1505 credamus
1922 1481 1968 1506 et-

1106 1514 1166 1545 iam
1184 1514 1337 1551 rationes,
1352 1522 1419 1553 quae
1436 1513 1516 1544 hanc
1533 1512 1719 1548 sententiam
1736 1513 1882 1554 suadent,
1905 1513 1966 1547 effe

1106 1555 1260 1596 aequiores
1286 1554 1443 1586 meliores.
1489 1553 1670 1586 Utilitatem
1696 1555 1862 1597 legationis
1883 1556 1967 1589 utili-

1107 1597 1163 1628 tati
1180 1605 1280 1637 poenae
1298 1594 1427 1636 praefert
1442 1594 1594 1635 Grotius,
1620 1596 1650 1628 ἃ
1666 1597 1767 1636 rede,
1793 1597 1864 1639 quia
1879 1607 1968 1638 poena

1106 1638 1202 1669 etiam
1217 1647 1272 1679 per
1285 1646 1357 1668 eum
1374 1636 1477 1668 haberi
1495 1637 1598 1677 potest
1609 1661 1618 1676 ,
1644 1638 1697 1678 qui
1715 1638 1854 1680 legatum
1871 1639 1965 1678 misit,

1106 1679 1182 1720 quin
1199 1679 1228 1710 ὅ(
1244 1679 1282 1710 ab
1297 1688 1336 1709 eo
1354 1678 1443 1718 peti,
1468 1678 1497 1710 δι
1514 1678 1535 1710 si
1553 1688 1600 1710 res
1627 1679 1704 1710 tanti
1722 1679 1779 1719 sit,
1803 1679 1890 1712 bello
1905 1681 1968 1714 exi-

1106 1721 1147 1762 gi.
1194 1720 1225 1752 Si
1245 1729 1324 1751 vero
1340 1720 1477 1761 legatum
1497 1720 1662 1761 permittas
1687 1721 1804 1753 carceri
1821 1721 1850 1753 ὅ(
1866 1730 1968 1763 poenae

1106 1762 1193 1802 ejus,
1225 1760 1306 1802 apud
1331 1770 1422 1802 quem
1449 1760 1555 1803 degit,
1587 1771 1665 1793 mox
1692 1762 1723 1795 in
1750 1762 1854 1804 legato
1871 1763 1970 1797 delin-

1106 1811 1223 1844 quente
1250 1802 1410 1834 intercidit
1437 1803 1540 1835 omnis
1559 1803 1727 1844 legationis
1751 1804 1892 1844 utilitas,
1917 1805 1970 1844 δε,

1107 1844 1249 1886 quamvis
1265 1853 1328 1876 non
1343 1843 1529 1884 deliquerit,
1554 1846 1606 1876 vel
1624 1846 1759 1878 maxime
1775 1854 1847 1878 eum
1867 1854 1966 1887 expo-

1109 1886 1158 1918 nis
1175 1884 1364 1926 promiscuis
1386 1884 1657 1918 accusationibus:
1680 1897 1766 1925 nam,
1791 1893 1826 1918 ut
1848 1887 1970 1928 optime

1111 1926 1268 1968 subjungit
1294 1925 1449 1964 Grotius,
1471 1936 1535 1958 cum
1553 1927 1728 1969 plerumque
1739 1927 1875 1969 diversa,
1889 1927 1965 1970 soepe

1112 1967 1149 2003 ὅ)
1161 1967 1283 2009 adversa
1294 1966 1356 2005 fint
1373 1966 1492 2006 confilia
1510 1978 1621 2007 eorum,
1641 1971 1690 2009 qui
1706 1970 1827 2000 mittum
1841 1969 1967 2008 levatos,

1112 2008 1149 2044 ὅ)
1174 2011 1223 2051 qui
1246 2010 1396 2048 accipiunt
1404 2030 1416 2046 ,
1438 2010 1493 2039 vix
1517 2007 1578 2049 est,
1599 2015 1633 2040 ut
1656 2019 1713 2040 non
1717 2010 1832 2050 semper
1855 2019 1873 2041 a
1887 2011 1970 2051 {quid

1110 2051 1142 2082 in
1159 2051 1289 2092 legatum
1313 2050 1373 2080 dict·
1391 2048 1492 2090 poffit,
1535 2051 1588 2081 uod
1609 2051 1742 2082 criminis
1761 2051 1966 2092 accipiatspe-

1109 2093 1192 2124 ciem.
1236 2089 1373 2128 Nescio,
1398 2100 1454 2122 cur
1468 2091 1500 2121 in
1516 2060 1584 2121 qliae
1600 2090 1771 2132 quaestione
1788 2092 1967 2134 Principes,

1108 2133 1161 2174 qui
1177 2133 1297 2173 legatos
1314 2130 1482 2170 miserunt,
1507 2131 1644 2163 monstra
1660 2131 1721 2164 effe
1737 2133 1897 2165 hominum
1913 2142 1968 2180 pu·

1112 2181 1234 2212 temus,
1256 2173 1307 2213 qui
1327 2173 1464 2214 legatos,
1490 2182 1612 2214 poenam
1632 2174 1780 2213 meritos,
1804 2184 1852 2206 ma
1877 2175 1902 2206 is
1916 2183 1972 2207 im*

1109 2216 1239 2262 punitos
1263 2214 1474 2245 transmittere
1506 2214 1625 2246 vellent
1642 2238 1652 2254 ,
1690 2224 1782 2256 quam
1805 2216 1927 2248 velent
1947 2215 1974 2248 ii.

1109 2267 1118 2288 i
1144 2255 1184 2294 fi,
1207 2255 1288 2298 apud
1308 2264 1387 2295 quos
1402 2255 1559 2296 legatione
1575 2254 1761 2297 funguntur.
1790 2255 1924 2296 Fateor,
1946 2255 1970 2290 fi

1124 2306 1193 2329 orte
1216 2307 1256 2330 ex
1274 2296 1418 2328 mandato
1434 2296 1563 2328 consilia
1579 2297 1721 2337 ceperint
1747 2305 1859 2329 contra
1875 2297 1968 2330 Rem·

1109 2339 1286 2380 publicam,
1309 2337 1362 2369 ubi
1378 2337 1515 2378 degunt,
1537 2347 1599 2369 non
1613 2337 1665 2369 fibi
1685 2338 1885 2370 metuendum
1904 2337 1970 2371 esse

1109 2390 1127 2412 a
1145 2379 1341 2421 Principibus
1357 2378 1439 2417 suis,
1463 2378 1512 2410 sed
1528 2379 1579 2410 vel
1593 2379 1625 2410 iu
1643 2379 1700 2410 hac
1715 2378 1838 2420 specie,
1859 2377 1880 2410 fi
1892 2378 1967 2419 quid

1110 2431 1150 2453 ex
1172 2421 1279 2462 iniquo
1302 2419 1413 2452 habeat
1438 2429 1585 2462 magnum
1602 2420 1804 2461 exemplum,
1827 2419 1971 2451 utilitate

1109 2463 1236 2505 publica
1252 2461 1324 2494 satis
1340 2460 1504 2508 repensum
1518 2461 1590 2493 erit.
1753 2467 1757 2471 ·

1152 2503 1301 2545 Princeps
1325 2509 1423 2541 ratio,
1456 2511 1525 2544 quae
1551 2501 1699 2533 Grotium
1725 2501 1848 2540 movit,
1872 2502 1969 2534 etiam

1107 2555 1158 2577 me
1173 2552 1301 2583 movet,
1326 2544 1462 2584 legatum
1479 2551 1605 2583 nempe,
1629 2551 1671 2574 ex
1689 2542 1968 2576 unanimiconsen-

1108 2586 1143 2618 su
1166 2585 1340 2623 Gentium,
1363 2593 1425 2615 non
1449 2581 1564 2614 censeri
1590 2582 1745 2615 subditum
1772 2583 1857 2624 eius,
1887 2584 1970 2626 apud

1109 2637 1202 2669 quem
1219 2626 1406 2668 legationem
1423 2623 1509 2662 obit,
1535 2622 1585 2654 scd
1603 2633 1676 2655 cum
1694 2624 1724 2656 δε
1742 2624 1831 2666 supra
1845 2634 1912 2657 cam
1924 2635 1970 2658 ra-

1112 2670 1230 2700 tionem
1245 2666 1369 2707 prolixe
1387 2663 1549 2705 exsequuti
1569 2664 1679 2704 simus,
1704 2675 1767 2698 non
1784 2665 1848 2703 est,
1874 2674 1909 2698 ut
1925 2666 1966 2699 de

1110 2720 1145 2741 ca
1163 2709 1295 2748 amplius
1309 2706 1457 2737 dicamus.
1502 2703 1616 2746 Neque
1633 2706 1722 2738 obest
1743 2716 1778 2738 ca
1795 2706 1859 2749 ipsa
1874 2707 1968 2746 ratio,

1110 2750 1275 2792 quominus
1302 2748 1457 2788 legatum,
1491 2745 1513 2778 fi
1534 2747 1608 2787 quid
1628 2747 1813 2788 deliquerit,
1837 2748 1891 2781 etii
1915 2757 1969 2789 pu-

1109 2791 1169 2823 niri
1187 2796 1338 2831 nequeat,
1347 2788 1506 2827 jubeamus
1525 2794 1626 2819 tamen
1643 2789 1796 2820 excedere
1814 2789 1966 2828 velAula,

1110 2832 1162 2863 vel
1179 2829 1313 2871 Imperio
1329 2827 1450 2867 nostro,
1476 2829 1546 2869 quia
1560 2828 1627 2860 haec
1644 2830 1822 2862 interdictio
1832 2839 1894 2862 non
1906 2836 1968 2867 tam

1110 2881 1202 2914 pceua
1223 2870 1287 2908 est,
1320 2878 1410 2909 quam
1435 2869 1499 2901 sola
1522 2869 1680 2908 dcfenfio,
1704 2871 1743 2902 ne
1769 2871 1852 2903 ultra
1877 2871 1970 2903 nobi«

1112 2914 1163 2944 vel
1181 2912 1270 2943 rebus
1286 2910 1398 2943 nostris
1421 2918 1553 2950 noceat,
1577 2912 1608 2943 ὅ(
1629 2911 1839 2944 defensionem
1858 2920 1968 2944 contra

1111 2955 1230 2995 legatos
1248 2953 1365 2984 licitam
1384 2951 1444 2983 ess‘c
1460 2961 1553 2983 nemo
1569 2953 1698 2994 negavit
1716 2963 1865 3000 unquam.
1903 2953 1968 2985 Un-

1109 2995 1147 3026 de
1163 2993 1413 3026 interdics‘tioncm
1437 2994 1565 3031 damus,
1589 2994 1640 3025 cui
1659 3003 1758 3035 neque
1772 2994 1963 3035 jurisdictio,

1110 3045 1208 3076 neque
1226 3035 1319 3065 ullius
1337 3043 1436 3075 pinnen
1463 3035 1693 3066 constituenda:
1716 3035 1765 3076 jus
1784 3034 1848 3074 cst,
1873 3043 1908 3066 ut
1928 3034 1966 3066 de

1109 3076 1266 3109 Rationali
1284 3074 1391 3106 scribit
1408 3075 1604 3108 Callistratus
1623 3076 1653 3108 in
1669 3076 1688 3107 l.
1712 3087 1743 3117 53.
1768 3076 1796 3116 §.
1827 3085 1850 3108 1.
1868 3075 1908 3117 ff.
1932 3076 1965 3107 de

1112 3116 1198 3158 Offic.
1231 3117 1352 3162 Procnr.
1388 3117 1489 3157 Crtyer.
1541 3117 1584 3148 Ut
1607 3126 1670 3148 non
1694 3117 1824 3157 quosxn's
1849 3118 1966 3158 legatos

1109 3166 1251 3190 tenemur
1268 3167 1428 3197 accipere,
1454 3160 1495 3190 lic
1512 3167 1570 3189 nec
1584 3158 1878 3198 quosvisretinere,
1903 3163 1970 3189 non*

1109 3200 1229 3241 turpius
1246 3200 1369 3240 ejicitur
1384 3221 1394 3237 ,
1418 3209 1510 3240 quam
1529 3208 1593 3231 non
1611 3199 1811 3237 admittitur,
1831 3199 1884 3240 qui
1902 3199 1969 3243 iplit⁴

1912 3246 1966 3276 υμ-
