2008 3436
220 117 475 159 OPUSC.
541 115 633 152 DE
695 111 1161 151 RELIGIONE
1219 111 1710 154 PEREGRINA.

85 204 214 237 fuerunt
241 201 395 237 infames,
423 204 459 230 ut
475 197 569 229 latius
585 196 653 228 dixi
673 195 709 228 ad
729 196 825 235 princ.
851 193 878 224 h.
905 193 948 224 E-

84 248 152 278 dict.
179 245 234 277 Ait
247 253 301 275 cos
312 266 322 282 ‚
357 240 533 272 Civitatibus
551 239 682 269 maxima
698 237 874 268 detrimenta
896 244 947 280 iix*-

84 296 224 321 senene.
269 284 411 316 Pithoeus
441 281 575 318 maliet,
606 279 716 319 inferre
735 300 747 316 ,
788 277 946 319 Schultm-

82 331 170 371 gius,
196 330 346 370 ingerere,
371 324 407 355 :id
434 323 500 354 Coil.
528 322 650 363 Gregor.
677 318 824 351 LXIX.
841 318 873 349 Τ.
888 318 943 350 iv.

81 372 167 402 cuod
186 371 292 409 utique
309 365 438 407 propius
456 362 579 395 accedit
601 362 639 393 ad
657 360 839 405 scripturam
859 369 945 391 vete-

81 396 158 444 rem.
202 409 260 442 Sed
281 407 378 449 ipsum
398 405 517 446 injerere
534 403 614 443 apud
631 402 762 434 Latinos
780 403 946 442 ulurpatur

80 462 139 495 pro
157 454 301 494 ingerere,
320 448 431 488 inferre
441 456 496 485 ,ut
508 445 540 476 in
556 443 614 488 illo
625 443 735 476 Ovidii
747 443 944 483 llletamoipn.

165 535 273 573 Inferis
297 531 435 563 AEacictis
455 529 558 560 alienat
579 528 698 558 nomina
724 527 840 559 Gentis.

122 576 167 608 Ut
191 570 235 607 ita
250 574 392 614 i'ryeretiili
416 580 482 602 vox
500 568 704 601 commodum
728 569 856 601 retineri
873 578 943 610 pos-

78 618 124 651 fit.
171 617 214 649 Et
239 615 260 647 fi
278 638 288 653 ,
321 613 406 656 quod
431 612 470 644 de
493 611 675 643 detrimentis
698 611 796 649 dicit,
821 611 860 641 de
880 609 944 651 ipsa

79 658 186 692 haeresi
204 656 360 698 intelligas
376 678 386 694 ,
417 663 452 685 ut
468 662 560 695 potes
571 675 581 691 ,
605 651 726 693 infi’rere
742 651 794 683 hic
814 652 896 683 idem
913 661 943 682 e-

77 701 138 739 rit,
162 698 247 741 quod
272 698 353 739 apud
384 695 567 737 Euripidem
593 695 625 726 in
659 694 766 725 Bacch.
800 693 843 734 ‘tyj
870 696 941 733 256.

78 744 200 773 ἔωσι-οη.
223 743 259 770 τὶ.
281 742 389 773 lais-<0121
422 745 468 768 ,εον
484 761 494 776 ,
521 736 631 777 inferre
649 745 755 766 novam
773 734 888 772 Derim,
912 735 942 766 <Sc

1784 128 1857 163 425

991 192 1020 225 &
1052 190 1120 238 scre
1141 191 1273 239 pronior
1300 192 1393 227 essem
1420 195 1453 228 in
1478 195 1650 239 AEgiflheas
1667 197 1782 241 Leges,·
1805 196 1862 230 nifi

989 241 1097 275 potius
1114 233 1162 264 dcl
1168 235 1337 278 perandum
1354 235 1400 267 iit.

1031 276 1110 306 Sanc
1135 277 1252 315 reliqua
1280 276 1371 316 hujus
1399 278 1462 310 loci
1486 280 1582 312 etiam
1604 282 1691 312 varie
1707 289 1858 322 corrupta

990 315 1076 348 sunt:
1111 325 1143 347 ut
1165 325 1202 361 ut
1226 317 1309 348 enim
1335 319 1481 352 constans
1513 322 1630 363 ubique
1656 322 1766 354 Lettio
1790 323 1827 355 sit
1843 345 1857 361 ,

987 367 1080 399 quam
1098 358 1248 403 exhibui,
1273 357 1453 393 constanter
1472 369 1574 394 tamen
1593 362 1709 396 vitiosa
1727 363 1781 395 est.
1808 364 1857 395 Pi-

988 401 1113 438 tlioeus,
1138 409 1201 440 quo
1216 401 1369 432 lentencia
1389 403 1419 434 ὃς
1438 403 1631 436 constructio
1655 403 1860 444 constarent,

987 450 1059 472 imtc
1083 443 1262 487 execrandas
1290 442 1504 483 confitetialines
1519 469 1530 484 ,
1568 445 1707 478 restituit
1727 452 1802 487 per,
1825 446 1857 477 ὅ(

986 483 1098 514 deinde
1128 483 1205 523 legit
1231 483 1397 516 Romanam
1424 487 1559 519 Gentem.
1584 488 1670 529 quod
1688 496 1858 528 utrumque

986 524 1109 566 poll‘um
1125 524 1274 571 probare..
1311 526 1371 557 Sed
1389 537 1467 560 vero
1486 527 1608 571 infigere
1620 553 1630 569 ,
1654 530 1739 571 quod
1762 529 1861 569 sequi-

988 575 1057 605 tur,
1083 575 1147 597 non
1175 567 1338 611 acculandi
1364 567 1491 608 casum,
1513 571 1566 612 qui
1586 572 1684 603 toties
1702 571 1754 603 hie
1771 569 1857 602 adhi-

986 607 1078 638 betur
1090 629 1102 645 ,
1125 615 1157 638 at
1174 608 1278 638 calum
1295 608 1385 641 dandi
1403 610 1574 652 desiderat3
1597 613 1668 654 quis
1688 613 1786 655 igitur
1803 611 1858 643 hic

984 647 1066 680 ferat
1095 648 1261 680 Romanam
1289 650 1414 682 Gentem
1431 652 1448 684 ‘2
1471 655 1567 685 etiam
1584 654 1729 686 Pithoeus
1748 654 1810 686 hoc
1827 663 1858 685 a-

984 690 1210 728 nimadvertit,
1233 690 1464 738 &nideotniom
1493 695 1619 737 dempta
1634 696 1789 737 particula
1808 695 1856 733 de,

985 742 1056 772 qua:
1081 741 1242 773 perperam
1267 736 1430 774 irrcplei'at
1448 760 1457 774 ‚
1490 736 1533 768 ita
1561 738 1711 779 corrigit:
1735 737 1858 769 venenis

78 783 119 823 vsi
147 786 216 814 260.
252 785 363 815 ἑιηὲ-μι,
393 781 501 810 menn
531 781 653 815 κνημὶς,
682 779 816 808 inaurare
830 783 943 822 piri-ilar
975 776 1041 815 sais
1059 773 1210 804 malevolis
1225 773 1360 815 defigere.
1406 778 1465 808 Sed
1484 780 1723 820 minusproprie
1741 779 1860 811 minus·

77 819 256 856 cerimonias.
356 823 407 854 uin
428 821 457 853 δε
476 820 535 852 alia
552 818 779 860 significatione
799 818 942 858 inferendi

76 866 228 905 verbum,
261 865 299 896 de
326 864 389 905 ipsa
406 862 510 894 haeresi
525 869 690 902 acceptum
703 881 713 897 ,
740 859 790 890 liic
807 858 942 904 intelligi

75 908 212 950 pozcrit:
238 914 273 938 ut
290 907 373 938 enim
391 904 522 942 seditio,
547 912 615 943 quae
633 901 714 947 clam
734 900 762 932 ἀ
783 908 942 946 tticiteper

75 959 179 991 partes
197 949 290 988 serpit
311 948 340 980 δε
355 945 469 978 crescit
485 968 494 983 ,
510 944 574 984 seri
589 943 728 980 dicitur,
751 950 824 972 cum
843 942 918 972 alioi
930 963 940 979 ,

76 1000 144 1022 tum
169 991 250 1031 apud
275 989 426 1021 Tacitum
444 1009 455 1024 ,
487 986 582 1016 variis
600 983 700 1021 iocis,
734 981 774 1013 sic
791 981 912 1013 liaerefis
929 1003 940 1019 ,

74 1033 158 1064 vll-es
186 1031 349 1072 acquirens
372 1028 475 1060 eundo
492 1049 504 1065 ,
533 1035 597 1057 non
622 1023 751 1056 absurde
784 1022 941 1054 diceretur

76 1074 150 1112 leri,
182 1074 231 1111 ἃ,
266 1081 299 1102 ut
317 1072 388 1109 hic,
413 1069 499 1109 interi
519 1067 716 1110 CIvi‘tatllrifm
740 1065 939 1105 quemadmo-

68 1110 149 1146 ‘dum
168 1115 197 1146 ἃ,
214 1112 451 1153 haerefissemini
462 1133 472 1148 ,
496 1109 526 1141 δε
541 1107 682 1153 haeretiei
689 1107 836 1147 sutoribus
852 1114 938 1136 com-

73 1164 219 1198 parantur
237 1155 270 1186 in
288 1153 437 1185 Parabola
450 1153 564 1188 Sacra,
588 1149 618 1181 ἅ
640 1159 671 1181 in
705 1148 739 1179 C.
766 1156 813 1179 10.
837 1146 883 1180 X.
906 1147 940 1177 cle

74 1197 216 1230 Hoeretic.

120 1238 219 1284 Quod
237 1236 397 1277 sequitur,
422 1232 525 1276 istebat
535 1234 632 1277 Leges
650 1231 825 1272 Persarum,
848 1238 942 1261 nemo

69 1280 169 1314 :facilc
188 1279 394 1312 intellexerit.
439 1277 569 1317 Signum
598 1277 740 1311 lacunae,
763 1271 848 1318 quod
864 1280 941 1312 prae-

73 1323 204 1365 ponitur
231 1325 265 1356 τῷ
295 1319 396 1361 istebar
412 1342 423 1357 ,
455 1318 533 1350 niliil
555 1317 693 1358 pertinet
716 1313 753 1345 ad
770 1312 865 1359 ipsam
882 1321 939 1343 vo-

72 1373 163 1401 cem3
189 1362 305 1404 ubique
322 1370 424 1393 tamen
444 1360 563 1391 editum
581 1356 626 1389 est
644 1355 767 1403 i'stebas,
790 1353 940 1395 nifiquod

72 1405 146 1444 ille,
173 1405 225 1445 qui
251 1404 358 1435 Leidze
382 1410 604 1434 ClOIDCLxxn.
661 1397 849 1444 collationem
867 1394 941 1442 LfL·

73 1446 200 1486 ssIolaic.
218 1445 253 1480 ἐπ’)
270 1445 355 1478 Rom.
381 1442 609 1484 corruptiffime
628 1440 747 1485 edidit,
765 1437 824 1485 ‚hic
837 1436 939 1468 edide-

73 1484 126 1520 rit*
138 1485 281 1528 pristinas
297 1510 308 1526 ,
340 1485 424 1528 quod
452 1483 552 1525 ipsum
577 1483 668 1525 plane
681 1480 772 1513 nihili
792 1477 846 1524 est.
892 1476 942 1509 Ad

73 1530 244 1570 marginem
263 1529 350 1561 Edit.
370 1525 463 1559 Paris.
484 1533 716 1557 CioioLxxxVI.
746 1520 914 1553 exhibetur
929 1542 940 1559 ,

74 1571 266 1612 Hi'jta'peas,
292 1579 362 1611 quae
385 1568 486 1609 Leges
509 1568 615 1609 quales
633 1564 773 1602 fuerint,
796 1571 860 1594 nori
878 1559 940 1600 est,

72 1613 190 1651 'ereum
217 1619 252 1644 ut
274 1612 435 1654 quisquam
460 1609 621 1651 explicare
640 1605 752 1652 possit,
776 1613 836 1646 ego
856 1610 941 1648 certe

73 1664 140 1687 non
158 1653 289 1695 possum.
335 1651 478 1684 Pithoeus
508 1651 585 1692 legit
616 1647 758 1689 incestas,
781 1653 876 1690 atque
897 1652 943 1690 ita

73 1695 107 1728 &
131 1695 277 1728 Bai-chius
301 1704 341 1726 eo
368 1694 464 1733 loco,
490 1702 582 1733 quem
600 1689 710 1723 Claris.
725 1687 942 1727 Schultingius

73 1737 244 1776 indicavit,
270 1737 300 1769 δε
317 1744 448 1776 uterque
465 1734 618 1775 intelligit
640 1742 692 1764 eas
707 1728 872 1774 Persarum
884 1726 942 1759 Le-

73 1788 129 1819 ges
146 1801 158 1817 ,
189 1778 302 1819 quibus
325 1775 460 1809 incestus
480 1774 733 1817 permittebatur.
777 1769 844 1819 flas
863 1767 942 1815 ipsas

74 1820 228 1860 intelligit
244 1818 366 1851 isaacus
380 1817 504 1850 Vossius
523 1817 561 1848 ad
591 1816 739 1848 Catullum
749 1835 760 1852 ,
783 1811 893 1857 Eozgr.
909 1819 943 1840 tn

78 1861 210 1894 Gelliam
228 1883 239 1899 ,
270 1860 423 1901 Nascatur
451 1858 566 1901 llIagus
585 1857 648 1893 &a
668 1863 700 1898 p.
718 1864 755 1896 31
761 1864 791 1900 ξ.
817 1852 869 1884 ieci
884 1860 943 1892 pro

74 1901 178 1944 istebas
204 1902 332 1944 reponit
363 1899 525 1941 Toyesteas.
571 1900 602 1932 Si
627 1908 692 1930 rem
722 1906 739 1927 a
756 1894 863 1941 tabula
879 1893 942 1934 pla-

74 1953 146 1978 ceat
163 1952 323 1985 repetere,
347 1942 450 1984 poss'es
468 1950 595 1983 quoque
612 1941 735 1986 legere,
758 1932 942 1984 sEgistheas,

76 1986 119 2017 ob
134 1985 275 2026 permiss'a
305 1984 400 2017 Pei-iis
426 1983 597 2021 adulteria3
622 1981 674 2014 sed
691 1982 712 2013 11
728 1988 828 2023 mavis
853 1976 942 2021 [hye-

70 2025 168 2068 fleas,
199 2037 261 2058 non
289 2025 472 2066 simpliciter
499 2034 572 2055 cum
596 2022 704 2056 Voffio
721 2021 760 2051 de
776 2016 896 2050 incestu
912 2016 943 2062 ¹.d

76 2069 188 2101 liceret
215 2067 412 2109 interpretari
431 2089 442 2105 ‚
472 2064 608 2097 incestus
633 2065 717 2096 enim
739 2060 820 2102 apud
837 2059 942 2107 Mani-

78 2109 185 2140 chaeos
211 2118 304 2140 merae
335 2117 425 2148 nugae
443 2132 453 2147 ‚
486 2106 536 2139 sed
558 2106 666 2148 potius
689 2105 728 2137 de
746 2109 917 2147 sspwvssofwf
930 2123 941 2139 ,

78 2159 150 2192 quae
176 2149 274 2190 vulgo
302 2149 488 2181 Manichaeis
513 2147 783 2191 exprobrabatur,
805 2151 915 2190 majori
931 2164 943 2180 ,

75 2201 116 2224 an
135 2190 242 2222 eadem
261 2191 414 2229 veritate,
438 2200 498 2230 qua
513 2190 641 2221 eandem
658 2185 842 2220 Christianis
858 2182 945 2233 Gen:

79 2233 152 2264 tiles
167 2231 378 2271 objiciebant,
403 2241 486 2263 nunc
497 2240 561 2262 non
577 2229 714 2271 disputo.
759 2227 839 2259 Sane
855 2234 895 2257 ex
906 2237 943 2260 τῳ

77 2273 200 2314 τ’]ὶ-εὶιας,
224 2273 244 2304 si
263 2282 373 2304 ornnes
389 2272 492 2304 literas
505 2293 516 2309 ,
544 2271 690 2303 nonnihil
705 2268 868 2310 trajeclas,
886 2265 944 2297 sei·-

78 2324 143 2354 vo,
176 2314 257 2346 nihil
283 2313 407 2355 possum
435 2313 559 2344 efficere
583 2312 639 2344 nifi
661 2309 780 2352 bestias,
814 2310 843 2340 ἃ
861 2307 883 2354 si
899 2308 942 2338 be-

73 2354 150 2398 stias
167 2356 265 2397 Leges
283 2356 368 2387 dicas
385 2364 442 2395 pro
460 2354 516 2393 iis,
540 2364 608 2395 quae
621 2352 727 2384 bestiis
736 2356 944 2394 conveniunt,

81 2407 136 2438 per
152 2398 401 2429 cumulationem
414 2419 424 2434 ,
447 2406 481 2427 ut
497 2396 591 2434 alias,
614 2393 731 2436 gemini
748 2390 945 2438 substantiVi‚

79 2439 171 2470 valde
188 2438 262 2480 quid
280 2447 399 2470 novum
409 2438 537 2469 dixeris.
581 2437 611 2468 Si
629 2446 664 2467 ea
680 2436 828 2479 loquutio
845 2431 877 2463 se
893 2440 946 2463 ex—

80 2480 193 2521 emplis
213 2479 315 2520 poss'et
338 2480 437 2518 tueri,
470 2478 679 2520 intelligerem
704 2484 830 2516 quasVis
846 2472 947 2513 Leges

80 2521 241 2554 Persarum
268 2520 466 2552 irrationales
482 2542 494 2558 ,
520 2529 578 2551 nec
606 2519 708 2550 minus
725 2526 797 2554 eas,
820 2523 891 2560 quae
908 2514 947 2544 de

80 2561 201 2594 incestu
237 2561 383 2602 permisso
414 2560 692 2593 circumferuntur.
739 2557 894 2604 QuamVis
917 2564 947 2585 e-

81 2604 147 2635 nim
167 2604 246 2644 apud
261 2603 393 2634 Veteres
410 2601 589 2643 Novosque
612 2607 826 2644 memorentur
842 2605 948 2628 exem-

81 2645 153 2686 pla,
185 2653 253 2685 quae
277 2643 411 2684 probent
426 2667 437 2682 ‚
468 2644 564 2675 etiam
588 2643 681 2674 bruta
700 2651 717 2673 a
732 2648 878 2686 proxime
895 2646 947 2668 co-

81 2693 250 2728 gnatorum
275 2689 365 2716 co'i'tu
387 2684 579 2726 abhorruiss'e
595 2706 606 2723 ‚
644 2683 786 2715 obtinuit
816 2689 919 2712 tamen
935 2701 948 2718 ,

81 2725 292 2768 promiscuam
317 2725 472 2758 Venerem
498 2726 599 2758 brutis
625 2724 748 2762 tribui3
781 2723 862 2754 unde
887 2721 917 2753 δε
935 2743 947 2760 ,

83 2777 157 2799 cum
182 2767 221 2798 de
244 2765 363 2797 incestu
389 2775 484 2807 agunt
500 2791 510 2807 ,
543 2767 579 2798 ad
602 2768 746 2807 pecudum
762 2774 796 2796 ac
808 2764 947 2808 ferar-nm

80 2808 272 2850 promiscuam
293 2809 381 2838 ritum
407 2817 585 2848 provocant
612 2808 667 2849 ipsi
684 2808 731 2840 illi
749 2806 849 2846 Impp.
869 2804 948 2836 Dio-

85 2850 240 2880 cletianus
257 2849 287 2879 &
303 2848 518 2881 Maximianus
534 2850 566 2881 in
588 2850 642 2881 hac
660 2850 762 2881 Collat.
786 2847 859 2878 LL.
879 2843 948 2877 Mo-

78 2891 155 2932 flzic-
183 2889 219 2924 ἐξ
241 2888 366 2920 Roman.
403 2889 436 2920 T.
460 2890 517 2922 VI.
548 2890 576 2963 ῗ.
600 2901 632 2932 3.
664 2889 827 2932 quomodo
863 2888 893 2919 ὃς
915 2887 948 2919 in

91 2931 220 2971 Capitul.
245 2930 341 2960 Caroli
365 2930 414 2961 M.
439 2930 480 2962 L.
504 2931 549 2963 VI
568 2956 576 2963 .
608 2933 640 2964 C.
666 2942 739 2974 273.
760 2931 799 2962 de
819 2930 868 2961 his
887 2929 949 2969 agi-

87 2981 160 3011 tur,
184 2972 233 3013 qui
257 2979 355 3003 MORE
379 2980 544 3003 PECORUM
565 2982 629 3004 cum
653 2972 882 3015 Conjanguinez's
904 2980 948 3000 ni·-

87 3023 140 3055 qne
172 3010 341 3053 Affinitatis
375 3012 483 3042 lineam
513 3013 651 3054 incestum
673 3017 894 3057 commiserant,
917 3011 949 3042 id

87 3053 154 3092 est,
183 3062 269 3094 usque
293 3054 325 3084 in
343 3051 501 3093 septimam
513 3059 566 3094 pro
589 3057 703 3096 entem,
733 3056 775 3088 fic
793 3055 877 3085 enim
895 3062 949 3084 ex-

87 3095 226 3136 plicatur
257 3092 427 3134 Affinz'tatis
453 3094 532 3125 linea
588 3119 596 3127 .
620 3096 692 3129 Vll.
719 3099 753 3130 C.
775 3105 849 3140 330.
893 3095 949 3126 At·

32 3163 35 3168 .
86 3145 148 3176 que
175 3134 244 3166 haec
269 3135 340 3174 ita,
374 3135 421 3174 fi,

985 824 1045 855 que
1063 815 1232 859 commode
1249 816 1421 848 ixi-„michan
1440 819 1587 852 dicuntur
1610 820 1776 862 nniverfitm
1797 819 1857 851 Or-

986 858 1046 886 bem
1075 858 1199 897 defigere
1224 859 1365 894 vetienis;
1397 859 1514 892 Cicero
1537 861 1652 894 alicubi
1668 862 1770 902 dixit,
1787 864 1858 904 sen-

987 898 1109 928 tentiam
1126 899 1250 939 (refigere
1268 899 1298 928 in
1315 901 1411 931 attinio
1422 923 1432 938 ,
1456 911 1525 943 quae
1547 903 1712 936 translatio
1728 903 1801 936 satis
1812 901 1860 934 cst

985 947 1075 980 apta,
1097 948 1169 984 quae
1186 947 1291 970 autem
1313 940 1364 971 hic
1382 941 1462 974 esset
1477 967 1488 982 ,
1519 953 1578 976 nec
1593 945 1749 978 rationem
1762 968 1774 983 ,
1797 953 1857 976 nec

984 980 1203 1011 auctoritatem
1222 981 1349 1013 haberet
1370 982 1475 1015 ullam.
1522 985 1670 1019 Barthius
1695 997 1736 1019 eo
1760 988 1859 1025 loco,

984 1030 1076 1062 quem
1096 1020 1191 1067 ἘΙ-ειν.
1216 1020 1430 1066 Schultingius
1448 1026 1575 1065 attulit,
1600 1028 1736 1068 primum
1755 1028 1792 1060 ad
1810 1028 1859 1060 i'n-

985 1071 1199 1107 ternecionem
1226 1063 1312 1095 delet
1336 1065 1504 1098 Romanam
1527 1068 1671 1108 Gentem,
1697 1080 1755 1102 nec
1777 1079 1856 1110 quo-

984 1113 1045 1149 quc
1073 1104 1135 1134 elie
1161 1104 1234 1150 sinit
1251 1105 1404 1151 moilestam
1421 1113 1506 1154 atq-ite
1526 1110 1740 1151 tranquillam,
1766 1110 1814 1142 his
1834 1111 1857 1142 i-

983 1154 1068 1185 gitur
1086 1145 1270 1191 expunctis,
1295 1155 1339 1178 ita
1356 1148 1433 1189 legit
1457 1151 1635 1191 lequentia:
1660 1153 1755 1184 velati
1770 1162 1858 1184 verze-

984 1197 1024 1217 na
1038 1188 1146 1227 desitis
1162 1187 1249 1218 malis
1265 1190 1328 1219 ovis
1354 1189 1487 1232 infigere.
1513 1201 1584 1232 quae
1601 1202 1686 1225 mera
1702 1194 1860 1226 barbaries

984 1227 1038 1259 est.
1085 1228 1211 1274 lffoffum
1228 1252 1237 1268 ,
1272 1238 1307 1260 ut
1323 1230 1413 1270 dixi,
1442 1232 1575 1273 probare
1592 1242 1758 1277 utramque
1773 1235 1860 1277 prio-

983 1279 1049 1315 rem
1066 1269 1184 1316 Pitlioei
1202 1271 1414 1311 conjecturam
1425 1297 1434 1313 ,
1454 1280 1510 1315 per
1527 1275 1612 1307 enim
1628 1275 1785 1310 facillime
1801 1285 1859 1318 po-

985 1318 1047 1357 tuit
1073 1312 1219 1357 ercidere
1236 1335 1247 1351 ,
1279 1314 1309 1345 <St
1333 1314 1501 1347 Romanam
1524 1317 1665 1355 *Gentem
1695 1317 1858 1360 sequentia

983 1352 1148 1398 Adjectiva
1175 1354 1306 1386 omnino
1334 1355 1515 1397 postulant,
1540 1360 1645 1399 patior
1660 1369 1787 1402 quoque
1804 1359 1858 1392 ab·

984 1393 1046 1440 elle
1067 1395 1103 1442 de
1115 1416 1127 1432 ,
1156 1402 1189 1425 at
1213 1405 1271 1436 pro
1297 1396 1420 1440 infigere
1437 1407 1638 1446 quantocyus
1655 1401 1783 1435 rescribi
1800 1411 1858 1434 ve·-

984 1436 1062 1475 lim,
1091 1434 1234 1483 inficere,
1266 1447 1336 1470 nani
1360 1442 1501 1481 apponte
1527 1440 1616 1473 Orbis
1634 1442 1752 1476 dicitur
1770 1442 1858 1484 infici

984 1479 1124 1525 verz-enin,
1160 1477 1249 1523 Quin
1280 1479 1350 1513 haec
1374 1479 1440 1522 ipsa
1467 1481 1512 1514 est
1544 1482 1656 1516 Lectio
1693 1484 1858 1517 Editionis

983 1518 1142 1552 Leidenlis
1170 1529 1392 1555 CIOIOCLXXII.
1449 1523 1652 1566 Schultingio
1669 1526 1766 1559 etiam
1783 1535 1860 1568 pro-

983 1561 1055 1592 bata
1082 1561 1120 1593 ad
1146 1560 1252 1594 Collat.
1274 1562 1349 1609 LL.
1378 1563 1509 1606 Mosaic.
1532 1565 1569 1601 ἔθ’
1584 1567 1712 1599 Roman.
1736 1569 1764 1599 d.
1793 1567 1859 1600 Ta.

984 1602 1060 1635 XV.
1093 1602 1122 1644 §.
1145 1612 1177 1650 3,
1208 1602 1328 1636 nescias
1352 1613 1478 1646 autem,
1513 1617 1554 1640 ex
1570 1607 1699 1649 ingenio
1713 1608 1860 1642 Editoris

984 1643 1128 1690 profecta
1143 1647 1181 1677 iit
1197 1644 1266 1690 Ιπῳε
1283 1645 1415 1687 Lestio,
1439 1657 1478 1680 an
1494 1659 1536 1681 ex
1551 1648 1711 1682 felic-itate
1724 1650 1862 1692 quadam

986 1694 1056 1727 typi
1084 1686 1265 1718 aberrantis.
1317 1687 1490 1730 Utcunque
1514 1691 1571 1729 fit,
1603 1691 1771 1732 genuinam
1794 1690 1861 1724 effe

985 1727 1079 1773 ausim
1096 1725 1241 1774 praestare
1252 1728 1301 1767 ,ἀ
1318 1729 1350 1760 in
1377 1730 1486 1770 primis
1504 1732 1599 1763 etiam
1618 1733 1773 1765 convenit
1782 1742 1863 1767 cum

985 1768 1044 1800 illo
1067 1768 1196 1800 Eusebii
1212 1790 1225 1807 ,
1256 1769 1343 1810 quod
1367 1779 1445 1804 mox
1463 1772 1660 1813 referebam,
1682 1776 1861 1812 θανατηφόρον

985 1812 1016 1840 ἢ,
1044 1812 1205 1848 ἐξωμόρξατο
1236 1811 1278 1840 ἐπὶ
1308 1813 1347 1842 τὴν
1379 1815 1436 1841 καθ’
1465 1815 1533 1849 ’inii
1552 1815 1699 1855 οἰκεμὲυην,
1723 1815 1860 1856 mortlfe·

985 1862 1049 1884 ram
1070 1861 1215 1883 venenam
1238 1855 1365 1885 evomuit
1394 1855 1428 1886 in
1455 1855 1564 1888 Orbem
1594 1854 1722 1897 nostram
1740 1882 1750 1897 ‚
1784 1866 1858 1889 nam

986 1895 1017 1926 ὃς
1034 1895 1086 1925 hic
1102 1893 1310 1934 Imperatores
1335 1895 1443 1927 Orbem
1459 1895 1585 1939 nostram
1601 1897 1770 1938 dixerunt,
1786 1898 1858 1931 vul-

985 1936 1107 1977 gatiore
1122 1935 1222 1967 verbo
1232 1959 1242 1975 ,
1267 1945 1326 1977 pro
1345 1946 1409 1978 quo
1426 1946 1499 1971 ante
1512 1939 1659 1973 dixerant
1674 1939 1751 1973 hunc
1760 1939 1858 1972 Man-

985 1987 1062 2010 ιίιίΗΖ.

1029 2020 1072 2051 Et
1098 2021 1167 2061 qaia
1190 2021 1287 2051 omnia
1307 2043 1318 2059 ,
1350 2031 1410 2063 qnae
1426 2024 1536 2062 pandit
1560 2023 1728 2056 Prudentia
1753 2029 1803 2055 tua
1819 2024 1856 2055 im

985 2062 1154 2093 relationem
1167 2061 1336 2103 Religionis
1356 2063 1472 2095 illorum
1489 2075 1598 2107 genera
1616 2064 1857 2106 maleficiorum*

987 2103 1115 2134 Statuas
1144 2103 1416 2145 evidentissimorum
1446 2105 1588 2148 exquifita
1625 2106 1662 2142 ἐξ
1691 2108 1858 2138 adinventa

986 2151 1144 2176 commenta
1157 2167 1169 2183 ,
1188 2145 1249 2176 ideo
1269 2155 1364 2177 eoram
1382 2146 1400 2166 *
1421 2156 1528 2179 moenas
1548 2153 1634 2190 atque
1653 2154 1754 2189 poenas
1777 2148 1859 2179 debi-

986 2192 1031 2218 tas
1055 2186 1090 2222 &³
1116 2187 1278 2229 condignas
1305 2187 1368 2218 illis
1380 2185 1549 2229 statuimus.
1594 2188 1678 2221 Haec
1701 2188 1857 2231 praefatui·

986 2227 1208 2262 Diocletianus
1223 2249 1234 2266 ,
1264 2228 1444 2270 priusquam
1468 2230 1506 2262 ad
1530 2230 1627 2272 ipsam
1657 2231 1861 2263 Sanctionem

987 2268 1141 2308 transeat3
1167 2268 1238 2300 sunt
1253 2277 1358 2301 autern
1373 2269 1505 2303 obscura
1527 2272 1717 2311 admodum,
1742 2272 1772 2303 &
1790 2270 1859 2303 for-

987 2319 1020 2342 te
1043 2320 1108 2342 non
1133 2310 1265 2351 integra.
1319 2311 1411 2343 Unde
1432 2313 1559 2353 quidam
1582 2312 1730 2345 Editores
1745 2312 1826 2344 duos
1842 2334 1856 2351 ‚

987 2362 1067 2394 quos
1081 2352 1211 2391 notavi,
1236 2351 1397 2384 asteriscos
1414 2353 1659 2395 adscripserunt,
1685 2352 1735 2385 sed
1752 2360 1859 2385 tamen

988 2403 1097 2425 omnes
1114 2415 1125 2432 ,
1156 2401 1237 2434 quot
1264 2394 1330 2425 vidi
1347 2417 1357 2433 ,
1389 2393 1427 2425 ab
1454 2395 1716 2436 interpretatione
1731 2392 1861 2426 solicite

988 2434 1227 2474 abstinuerunt,
1259 2434 1316 2466 nisi
1344 2434 1429 2476 quod
1457 2436 1540 2468 Clar.
1559 2435 1776 2477 Schultingius
1799 2444 1861 2477 pro

988 2478 1021 2507 in
1036 2477 1222 2514 relationem,
1248 2476 1373 2515 mallet,
1405 2478 1438 2507 in
1464 2478 1625 2516 relatione,
1648 2477 1734 2518 quod
1752 2485 1811 2509 nec
1826 2485 1860 2507 o-

989 2518 1099 2549 mnino
1125 2516 1300 2557 improbem
1318 2540 1328 2556 ,
1360 2517 1412 2549 sed
1431 2519 1528 2550 velim
1552 2518 1652 2557 scire,
1673 2519 1713 2550 de
1729 2517 1862 2559 reliquis

990 2558 1138 2590 omnibus
1154 2558 1229 2598 quid
1256 2566 1322 2589 tum
1345 2568 1443 2600 porro
1458 2558 1603 2592 futurum
1622 2559 1687 2592 sit?
1711 2559 1810 2591 Forte
1830 2560 1861 2589 τὶ

990 2601 1105 2631 illei-imi
1122 2599 1154 2630 in
1171 2599 1267 2630 alium
1292 2600 1398 2631 locum
1423 2601 1673 2634 transferendum
1691 2601 1773 2638 erit,
1795 2600 1862 2632 hoc

990 2641 1107 2673 modo:
1133 2640 1176 2671 Et
1195 2642 1264 2682 qaia
1282 2643 1399 2681 onmia,
1422 2652 1482 2683 quae
1495 2643 1605 2683 pandit
1623 2642 1790 2674 Prudentia
1807 2647 1859 2671 tua

992 2685 1024 2714 iit
1041 2682 1181 2714 relatione
1204 2682 1391 2725 Religionis,
1413 2693 1523 2726 genera
1543 2682 1771 2724 maleficiorum,
1794 2682 1861 2712 illo-

992 2734 1056 2756 ram
1082 2724 1210 2754 statutis
1234 2723 1527 2766 evidentiffimoram,
1558 2725 1621 2757 hoc
1641 2723 1708 2762 est,
1730 2722 1802 2764 quia
1824 2731 1862 2753 o-

991 2766 1075 2797 mnia
1091 2764 1263 2805 maleficia,
1287 2775 1357 2807 quae
1379 2765 1516 2807 suggeris
1530 2789 1540 2805 ,
1571 2775 1614 2798 ex
1630 2774 1740 2796 eorum
1756 2763 1862 2795 Statu-

993 2808 1034 2839 tis
1053 2808 1083 2839 &
1101 2806 1258 2847 Legibus,
1283 2817 1352 2848 quae
1377 2805 1584 2848 Diicipiinam
1608 2804 1864 2838 Manichaeorum

992 2849 1180 2885 continent,
1203 2847 1429 2880 evidentiffima
1444 2847 1526 2880 sunt.
1575 2846 1695 2884 Addit,
1717 2844 1863 2886 exqaifita

992 2890 1029 2925 ὅ)
1047 2891 1211 2921 adinventa
1228 2895 1406 2926 commenta,
1429 2898 1500 2929 quae
1520 2897 1580 2920 nec
1599 2886 1663 2928 ipsa
1681 2886 1860 2925 subsistunt,

991 2931 1048 2964 nisi
1064 2930 1204 2971 suppleas
1221 2930 1273 2961 vel
1291 2930 1468 2970 intelligas,
1482 2930 1577 2969 sinit,
1595 2935 1649 2959 aut
1666 2927 1858 2969 similequid.

991 2973 1051 3005 Sed
1080 2981 1156 3003 mox
1179 2970 1318 3011 sequitui·
1339 2993 1348 3008 ‚
1379 2979 1505 3009 maenas,
1538 2969 1625 3010 quod
1648 2978 1743 3000 nemo
1758 2969 1860 3001 homi-

989 3023 1065 3046 num
1087 3011 1182 3043 facile
1201 3011 1423 3049 intellexerit,
1454 3019 1529 3042 ecce
1549 3018 1655 3042 autem
1671 3009 1755 3041 adest
1772 3009 1862 3043 Deus

990 3065 1008 3086 e
1025 3053 1165 3085 maehina
1176 3074 1188 3091 ,
1212 3052 1326 3084 Editor
1343 3051 1502 3084 Leidenfis
1513 3075 1523 3091 ,
1548 3051 1602 3092 qui
1619 3059 1677 3092 pro
1691 3060 1799 3082 maenas
1807 3059 1862 3083 ex-

992 3095 1081 3127 hibet
1098 3094 1267 3132 machinas,
1292 3100 1325 3124 at
1343 3093 1455 3139 quibus
1474 3092 1613 3125 fidiculis
1635 3091 1697 3124 huc
1713 3092 1866 3126 machinas·

458 3143 493 3165 ut
515 3135 602 3174 dixi,
630 3139 783 3180 exemplis
802 3136 833 3168 se
850 3135 953 3176 pofl'et
997 3136 1120 3174 trahat,
1141 3134 1298 3173 nondum,
1323 3143 1376 3175 qui
1403 3143 1490 3166 meus
1516 3132 1561 3166 est
1575 3133 1705 3175 stupor,
1727 3134 1820 3174 potui
1834 3144 1865 3166 a·

88 3175 171 3208 tueri
190 3185 225 3206 ea
243 3176 390 3217 loquudo
401 3200 412 3217 ‚
433 3174 535 3217 bestias
559 3177 655 3219 Leges
662 3190 674 3217 3
703 3189 787 3213 nunc
803 3175 932 3211 subfisto
942 3198 955 3216 ,
997 3177 1228 3211 nimadvertere
1243 3198 1252 3214 ‚
1280 3176 1309 3207 &
1331 3175 1407 3216 quid
1423 3175 1485 3208 erit
1500 3175 1651 3209 machinas
1660 3173 1811 3217 statuere,
1833 3175 1866 3207 δε

133 3217 213 3249 Tem.
238 3216 262 3248 Ι.

1205 3215 1323 3249 Hhh

1801 3225 1864 3247 illst*
