2008 3436
431 108 832 148 CORNELII
907 105 1018 146 VAN'

187 123 251 156 192

188 190 271 221 enim
289 190 337 222 vis
355 191 385 222 in
403 192 488 224 bello
507 191 586 232 justa
602 191 665 232 est,
682 192 703 224 fi
720 202 770 224 me
788 191 913 227 audias,
931 191 961 223 δε
979 191 1052 222 ideo

186 230 282 270 iusta,
306 242 378 263 cum
394 234 488 265 liceat
507 233 627 265 hostem
644 234 843 275 opprimere,
867 233 1052 264 etiaminer—

185 281 288 310 mein,
311 283 383 305 cum
399 275 493 306 liceat
512 285 655 314 veneno,
680 285 752 306 cum
768 275 864 306 liceat
873 273 1052 315 percussore

185 313 342 352 immillo,
360 315 390 347 &
407 316 478 357 igne
494 316 637 354 factitio,
660 325 752 356 quem
769 323 804 347 tu
821 315 934 353 habes,
954 315 984 347 &c
996 315 1052 346 ille

185 353 272 385 sorte
294 365 360 388 non
387 356 508 395 habet3
533 358 665 397 denique
686 366 758 388 cum
786 357 880 388 liceat
894 379 906 395 ,
929 364 965 387 ut
987 364 1052 387 uno

185 396 284 427 vei-bo
313 397 415 429 dicam
434 421 445 437 ‚
478 399 764 440 quomodocunque
791 398 929 429 libuerit.
975 397 1050 429 Scio

185 435 336 469 Grotium
360 439 398 470 de
423 448 546 471 veneno
571 439 788 470 contradicere
804 440 837 470 de
857 440 934 480 Jure
954 438 989 469 B.
1015 437 1051 473 ἐξ

186 477 223 509 P.
250 479 290 510 L.
317 479 371 512 111.
401 482 431 511 C.
457 491 487 520 4.
512 480 539 521 §.
569 490 617 520 15.
643 480 770 511 &inter
785 480 1049 521 percuss'oremdi-

183 518 244 551 stin
271 530 343 552 uere
362 522 476 553 ibidem
496 521 524 562 §.
552 526 599 555 18.
623 521 697 553 Scio
719 522 924 558 Zoucheu1n‚
947 528 983 552 ut
1002 521 1050 552 ni-

184 556 230 592 'iiii
261 564 316 593 'ere
335 562 414 594 solet
430 562 494 604 ipse
509 562 762 601 definire-‚animi
778 571 904 603 quoque
920 562 1049 594 dubium

185 602 306 634 haerere
319 605 353 634 cie
370 603 448 645 Jure
465 603 574 635 Feciul.
599 604 687 635 Part.
709 603 748 635 II.
773 603 846 635 Seu.
876 613 923 635 10.
950 603 992 650 ρ,
1016 613 1047 644 5.

184 642 267 677 69⁹6.
312 645 371 676 Sed
398 645 420 676 fi
448 645 628 683 rationem,
660 645 742 685 Juris
774 644 926 676 Gentium
952 646 1048 686 magi-

182 683 293 724 stram,
319 684 503 726 sequamur,
525 686 557 718 in
574 686 697 725 hostes,
723 696 782 728 qua
797 685 922 726 hostes,
945 687 1052 718 omnia

183 726 269 757 licet.
317 727 442 758 Bellum
469 728 563 759 alicui
592 727 727 759 facimus
748 752 757 767 ,
782 728 854 769 quia
884 735 1050 768 putamus,

182 776 271 805 eum,
295 776 350 807 pei·
367 768 510 808 injuriam
529 769 621 800 nobis
637 769 776 808 illatam,
801 768 845 800 sui
863 768 1051 809 suorumque

185 809 357 848 perniciem
382 809 546 848 meruiss'e,
569 811 656 851 isque
684 820 842 842 armorum
871 810 1050 843 nostrorum

181 849 253 881 finis
272 848 335 887 est,
358 860 468 892 quem,
493 861 552 892 qua
569 851 673 882 forma
686 850 879 893 adsequaris,
906 852 981 893 quid
1000 861 1047 883 re-

182 889 248 921 fert
258 891 274 922 2
297 890 349 923 Ne
373 892 510 932 judicem
541 892 688 933 injustum
704 893 807 932 dicas,
830 893 883 934 qui
903 894 941 924 ad
966 902 1048 924 mor-

184 940 249 963 tem
278 933 477 972 damnatum,
502 934 579 965 licet
606 934 748 966 vinctum
779 935 809 967 &
840 936 1011 973 inermem,
1033 944 1051 966 a

183 973 331 1006 carnifice
347 975 487 1016 gladiato
505 975 594 1015 jubet
609 976 734 1015 necari,
749 985 819 1007 nam
835 975 857 1008 fi
872 974 1052 1008 damnatum

184 1013 289 1047 solvas
314 1025 493 1057 armesque,
517 1017 579 1057 jam
600 1017 661 1048 erit
679 1016 877 1049 fortitudinis
896 1016 1050 1048 fortunae-

185 1066 247 1095 que
262 1057 439 1097 periculum
451 1081 463 1097 ,
477 1068 540 1089 non
559 1058 680 1098 injuriae
695 1057 786 1090 fattae
802 1058 937 1099 punitio.
962 1057 1050 1101 Quin

184 1098 206 1130 si
224 1107 333 1138 putes,
359 1107 391 1130 te
404 1099 437 1130 vi
454 1098 520 1131 sola
536 1100 583 1130 uti
597 1099 684 1140 poffe
695 1123 704 1139 ,
730 1108 790 1140 qua
807 1099 906 1131 hostis
923 1107 995 1130 tuus
1015 1107 1049 1130 u-

184 1139 284 1178 titur,
301 1139 390 1172 fimul
404 1141 546 1181 putabis,
568 1139 706 1180 ejusdem
720 1140 799 1181 juris
815 1140 877 1172 effe
892 1149 985 1179 eum,
1001 1149 1052 1171 cu-

184 1180 284 1220 justu
311 1191 361 1221 es,
387 1182 417 1213 ὅτ.
445 1189 548 1213 tamen
574 1182 615 1213 ob
631 1182 799 1222 injuriam,
822 1191 913 1222 quam
932 1181 991 1213 tibi
1006 1180 1053 1212 fe-

185 1222 253 1260 cit,
275 1232 346 1254 eum
372 1222 530 1254 debellare
553 1222 754 1256 constituisti.
799 1222 912 1255 Hostis
930 1230 1003 1254 tuus
1021 1232 1051 1253 a·

184 1264 248 1304 pud
266 1272 297 1295 te
311 1264 448 1296 damnati
466 1264 541 1295 loco
562 1263 625 1302 est,
649 1264 680 1296 &
701 1265 746 1295 ita
767 1271 803 1295 tu
822 1273 949 1304 quoque
969 1263 1052 1303 apud

184 1304 308 1337 hostem
342 1313 431 1337 tuum
450 1328 459 1343 ,
492 1304 544 1336 sed
576 1305 656 1345 apud
694 1305 824 1336 tertium
844 1327 855 1342 ‚
888 1304 1052 1344 utriusque

185 1346 343 1383 amicum,
366 1355 421 1386 pai·
439 1346 604 1386 utriusque
620 1344 712 1377 causa
728 1344 773 1378 est
783 1367 796 1384 ,
820 1345 850 1377 &
869 1345 963 1376 ambo
979 1343 1051 1377 estis

184 1387 269 1429 justi.
423 1419 427 1421 ,

228 1428 280 1461 Ne
294 1429 420 1470 quidem
436 1428 531 1460 dolum
546 1429 579 1461 in
593 1428 781 1462 definiendo
802 1429 889 1461 bello
907 1429 1054 1471 excipere

183 1470 297 1508 volui,
320 1479 394 1502 cuin
414 1470 493 1502 nihil
509 1471 642 1502 omnino
661 1470 800 1507 intersit,
824 1471 921 1509 dolo,
944 1480 982 1502 an
993 1471 1054 1502 vir-

185 1520 255 1544 tute
272 1511 303 1543 in
322 1511 441 1544 hostem
461 1521 542 1552 agas.
587 1511 651 1543 Alii
669 1512 761 1543 aliter
778 1511 911 1553 sapiunt.
957 1512 988 1544 Si
1003 1521 1053 1543 au-

184 1553 349 1585 Etoritates
359 1576 370 1592 ,
391 1552 415 1585 fi
443 1553 589 1595 exempla
607 1553 639 1585 in
656 1561 822 1593 utramque
840 1562 961 1594 partem
977 1553 1054 1585 defi-

183 1595 290 1634 detes,
314 1604 428 1636 magno
447 1604 580 1627 numero
600 1593 744 1636 suggeret
770 1592 905 1626 Grotius
923 1597 956 1627 de
975 1594 1054 1636 Jure

185 1637 223 1669 B.
247 1636 282 1672 ὣς
301 1636 338 1668 Ρ.
366 1636 407 1668 L.
431 1635 487 1668 III.
514 1636 546 1668 C.
574 1646 601 1668 1.
626 1636 654 1678 §.
679 1639 708 1667 6.
733 1634 863 1677 &seqq
897 1636 968 1678 Ego
984 1646 1052 1668 om-

184 1688 255 1710 nem
272 1677 381 1709 dolum
400 1678 571 1719 permitto,
591 1676 657 1709 sola
674 1677 804 1718 perfidia
818 1687 972 1718 excepta,
987 1687 1053 1710 non

184 1719 269 1762 quod
291 1727 402 1752 contra
427 1718 548 1752 hostem
571 1727 637 1751 non
662 1718 836 1764 quodlibet·
854 1719 968 1760 liceat,
1000 1718 1055 1753 sed

812 1827 1170 1868 CAPUT

1185 4 1200 21 Χ

1091 104 1694 150 BYNKERSHOEK

1096 190 1181 231 quod
1206 190 1267 223 fide
1290 190 1381 230 data,
1404 191 1564 233 quatenus
1581 193 1653 226 data
1680 192 1727 226 est
1737 217 1756 235 ³,
1770 194 1867 229 hostis
1892 199 1951 233 effe

1095 231 1222 264 desinat.
1244 232 1288 264 Et
1306 231 1375 265 sane
1389 243 1462 266 cum
1479 235 1562 267 ratio
1578 235 1653 267 belli
1670 241 1795 269 omnem
1807 238 1951 278 perdendi

1095 272 1194 305 hostis
1203 274 1330 306 modum
1343 275 1456 321 probet
1466 298 1476 313 ,
1490 286 1547 307 eur
1556 276 1632 308 dolo
1648 276 1797 310 faciendo
1814 278 1844 310 se
1855 290 1950 322 eppo-
2006 293 2008 297 r

1095 322 1170 346 nant
1189 322 1240 346 tot
1255 315 1457 348 auctoritates
1474 317 1504 349 δε
1521 318 1685 359 exempla,
1710 328 1773 351 non
1785 320 1845 352 alia
1863 323 1952 356 causa

1095 354 1140 402 est
1150 377 1161 394 ,
1185 366 1278 398 quam
1293 356 1377 398 quod
1392 356 1560 398 justitiam,
1584 359 1623 390 de
1641 370 1702 401 qua
1721 359 1785 392 sola
1801 371 1859 395 nos
1870 373 1952 405 quae-

1094 405 1190 429 rimus
1201 420 1211 435 ‚
1240 407 1313 431 cum
1341 399 1443 433 animi,
1460 401 1674 441 magnitudine
1691 411 1714 440 ,·
1731 410 1953 445 nonnunquam

1093 438 1125 469 in
1143 438 1234 470 bellis
1258 439 1451 481 frequentari
1474 440 1587 480 solita,
1610 443 1735 483 peffime
1757 445 1953 481 confundam:

1095 486 1157 511 tam
1173 479 1368 522 Scriptores,
1393 491 1484 522 quain
1501 483 1555 530 ipii
1573 483 1649 515 belli
1669 483 1789 523 Duces.
1831 487 1953 527 Justitia

1092 520 1125 553 in
1143 520 1229 552 bello
1247 523 1377 555 omnino
1395 524 1560 556 neceffaria
1574 524 1637 564 est,
1663 527 1758 559 animi
1777 537 1853 559 vero
1869 539 1970 573 mag-¹

1091 561 1202 608 nitudo
1215 572 1232 593 a
1246 572 1329 595 mera
1345 565 1512 597 voluntate
1522 566 1741 607 proficiscitur.
1768 568 1824 601 Illa
1835 569 1954 605 hostem

1092 603 1180 644 perdi
1205 603 1277 635 finit
1301 614 1490 646 quocunque
1516 608 1631 647 modo,
1658 608 1727 640 liaec
1744 610 1953 654 quodcunque

1094 644 1150 676 fibi
1167 644 1296 691 adrogat
1315 647 1345 678 &
1370 645 1437 678 fieri
1454 648 1525 679 vult
1541 648 1573 680 in
1592 651 1719 692 propria
1737 651 1845 691 causa,
1871 654 1914 685 ho
1944 655 1951 661 '

1095 685 1243 720 concedit
1264 687 1373 719 insua
1383 710 1395 726 ,
1418 697 1455 720 ac
1473 687 1543 720 fere
1559 689 1677 723 belluni
1696 693 1760 733 geri
1782 693 1955 736 diffiderat,

1095 727 1358 768 quemadmodum
1376 729 1499 768 duella,
1523 731 1600 762 olim
1614 732 1645 763 in
1662 735 1822 767 nonnullis
1837 735 1956 768 Civita-

1095 769 1179 800 tibus
1204 777 1342 810 recepta.
1387 769 1510 811 Justitia
1532 773 1691 812 permittit
1719 774 1823 815 plures
1843 776 1957 810 habere

1094 810 1212 842 milites
1221 812 1398 851 ,permittit
1414 812 1444 843 ἀ
1454 812 1583 844 aliarum
1597 814 1807 848 machinarum
1822 816 1955 858 ignium-

1094 860 1155 892 que
1171 851 1258 882 usum
1267 858 1381 893 ,iquam
1398 852 1513 885 habent
1528 853 1650 894 hostes,
1668 856 1760 888 animi
1771 859 1956 899 magnitudo

1093 901 1158 924 non
1177 894 1343 940 permittit.
1369 893 1491 935 Justitia
1508 905 1634 928 omnem
1653 897 1782 937 dolum,
1805 909 1935 942 excepta
1942 923 1962 942 λ

1094 942 1131 965 ut
1153 933 1237 973 diXi,
1271 934 1422 975 perfidia,
1457 936 1619 975 admittit3
1653 938 1747 970 animi
1773 941 1966 990 magnitudo)

1095 985 1161 1007 non
1184 976 1346 1015 admittit,
1368 976 1458 1008 forte
1481 987 1522 1010 ne
1550 985 1626 1010 tunc
1649 980 1794 1020 quidem,
1819 992 1890 1015 cum
1915 980 1955 1016 ed

1095 1023 1202 1047 utatur
1220 1016 1337 1056 hostis,
1360 1019 1435 1050 dolo
1452 1019 1536 1051 enim
1555 1020 1603 1051 uti
1620 1022 1789 1053 metuentis
1807 1022 1868 1063 est,
1893 1025 1956 1058 ani-

1094 1067 1163 1089 mus
1177 1067 1254 1089 vero
1270 1068 1399 1100 magnus
1414 1069 1573 1100 nunquam
1592 1063 1716 1093 metuit.
1742 1063 1790 1094 Ad
1804 1065 1956 1104 Justitiam

1093 1099 1248 1144 pertinet,
1271 1100 1358 1140 quod
1381 1100 1573 1143 Augustinus
1603 1102 1686 1134 dixit
1712 1103 1820 1152 Q‘aest·
1846 1107 1890 1139 X.
1924 1109 1958 1140 iu

1097 1139 1237 1181 chuam:
1264 1141 1334 1174 Cum
1346 1139 1460 1184 justum
1484 1143 1589 1176 bellum
1595 1144 1777 1185 suscipitur,
1799 1149 1834 1178 ὀἱ
1852 1155 1956 1190 aperta

1091 1187 1206 1222 pugnet
1221 1183 1302 1222 quis,
1326 1188 1378 1215 aut
1392 1193 1429 1214 ex
1445 1183 1576 1222 infidus,
1597 1186 1674 1217 nihil
1691 1187 1729 1218 od
1741 1187 1891 1229 justicium
1908 1192 1954 1222 in-

1096 1220 1190 1262 terest.
1215 1222 1331 1261 Vides,
1343 1223 1381 1254 de
1398 1223 1529 1264 Justitia
1544 1224 1718 1259 sermonem
1735 1229 1806 1260 ess'e.
1831 1230 1880 1262 Ad
1891 1232 1956 1264 ani-

1094 1263 1137 1294 mi
1154 1263 1401 1304 magnitudinem
1426 1265 1549 1304 refero,
1575 1268 1659 1307 quod
1674 1268 1828 1302 Consules
1843 1271 1959 1304 Roma-

1094 1304 1127 1335 ni
1154 1304 1191 1335 ad
1218 1304 1337 1345 Regem
1363 1304 1518 1345 Pyrrhum
1546 1305 1684 1340 scribunt
1708 1311 1789 1349 apud
1815 1310 1958 1346 Gellium

1095 1345 1137 1378 L.
1161 1344 1216 1377 ΙΙΙ.
1245 1345 1275 1377 C.
1303 1350 1332 1381 8.
1380 1346 1476 1378 Nobis
1491 1357 1548 1378 non
1568 1348 1669 1388 placet
1680 1352 1797 1390 pretio,
1819 1351 1871 1383 out
1882 1359 1957 1394 prte-

1096 1389 1152 1419 mio
1162 1410 1172 1426 ‚
1197 1392 1249 1418 out
1264 1388 1337 1418 dolis
1345 1393 1492 1430 pugnare.
1522 1389 1615 1430 Saepe
1631 1391 1662 1422 δι
1676 1390 1745 1422 aliae
1760 1391 1882 1426 Gentes
1896 1396 1958 1428 ani-

1096 1429 1139 1460 mi
1159 1428 1409 1469 magnitudinem
1430 1431 1641 1470 praetulerunt
1661 1431 1808 1473 justitiae,
1831 1433 1911 1477 saepe
1926 1437 1958 1470 δε

1097 1469 1180 1502 hanc
1210 1469 1277 1509 iili,
1302 1471 1379 1511 quin
1401 1471 1410 1502 i
1435 1470 1456 1502 fi
1484 1480 1611 1512 quoque
1635 1471 1770 1506 Romani
1785 1475 1869 1507 nunc
1884 1477 1963 1517 has,·

1098 1519 1183 1543 nunc
1202 1511 1271 1542 illas
1287 1518 1390 1552 partes
1422 1513 1532 1553 equuti
1548 1512 1627 1545 sunt.
1673 1514 1706 1547 Si
1725 1514 1768 1548 ita
1780 1539 1791 1555 ,
1813 1524 1849 1549 ut
1862 1519 1960 1551 modo

1097 1552 1239 1584 dicebam
1251 1575 1264 1591 .-
1286 1553 1439 1586 concilies
1459 1554 1661 1587 auctoritates
1679 1556 1709 1588 ἃ
1725 1558 1887 1600 exempla,
1910 1561 1962 1595 ni.-

1095 1594 1143 1626 hil
1159 1594 1220 1626 erit
1235 1603 1349 1636 pugnae
1365 1595 1399 1641 in
1409 1595 1512 1628 'modo
1538 1605 1652 1642 putgnae
1662 1619 1674 1635 ‚
1696 1598 1793 1630 modo
1809 1591 1974 1633 memine-q

1096 1636 1138 1667 ris
1153 1634 1304 1676 iustitiam
1321 1636 1406 1678 exigi
1422 1635 1509 1678 poffe
1517 1659 1528 1678 ,
1536 1637 1631 1672 animi
1639 1639 1884 1682 magnitudinem
1892 1651 1957 1678 non

1096 1686 1193 1720 aeque.

1269 1831 1331 1867 11.

448 1911 493 1952 Ut
517 1916 632 1952 bellum
649 1915 697 1962 fit
723 1918 921 1964 legitimum,
947 1920 1148 1957 indiuionem
1172 1919 1247 1956 belli
1272 1931 1334 1955 non
1359 1919 1462 1955 videri
1487 1920 1704 1969 neceffizriam.
1743 1923 1748 1930 '

200 2016 205 2021 ’
253 2012 256 2014 ’
282 2012 314 2043 ui
333 2012 370 2044 de
386 2013 459 2054 Jure
470 2014 600 2057 publico
618 2017 826 2049 commentati
844 2017 914 2050 sunt
923 2041 934 2057 ,
946 2026 982 2050 ut
990 2018 1055 2051 bel-

190 2011 362 2111 Qlum
383 2054 420 2086 fit
439 2055 637 2096 legitimum,
651 2058 736 2089 varia
750 2057 939 2099 deiiderant‚
955 2060 1052 2092 inter-

296 2102 359 2140 que
379 2104 415 2126 ea
431 2118 443 2134 ,
473 2103 508 2126 ut
533 2096 651 2128 bellum
676 2098 803 2139 publice
823 2100 1051 2140 denuncietur,

188 2145 243 2168 aut
267 2135 381 2167 Ed1cto
405 2136 436 2168 in
459 2136 539 2168 hanc
565 2146 632 2169 rem
650 2139 832 2180 propofito,
857 2148 911 2172 aut
933 2140 1051 2174 Feciali

187 2176 290 2209 misso.
334 2177 441 2218 Atque
463 2187 498 2209 ea
524 2176 677 2211 sententia
701 2180 840 2214 moribus
869 2181 1022 2215 Gentium
1039 2207 1050 2223 ,

187 2227 284 2249 certe.
302 2217 530 2259 Europaearum
549 2241 561 2257 ,
598 2228 726 2262 recepta
752 2223 899 2256 creditur.
944 2224 1026 2257 Sane
1040 2248 1050 2264 ‚

189 2260 369 2301 priusquam
384 2269 478 2292 manu
495 2260 525 2292 &
540 2260 624 2292 ferro
644 2271 693 2293 res
710 2271 838 2305 agatur,
883 2265 1029 2297 erendum
1040 2288 1052 2303 ,

188 2300 273 2341 quod
282 2300 373 2332 nobis
389 2300 474 2333 abest
482 2309 536 2333 aut
550 2301 652 2334 abess'e
669 2305 840 2344 querimur,
863 2306 901 2337 ed
919 2316 957 2338 an
971 2306 1052 2338 facta

189 2342 345 2373 duntaxat
359 2343 534 2383 petitione,
551 2352 648 2384 eaque
664 2353 794 2387 negata,
809 2347 888 2378 citra
908 2347 1050 2380 indictio-

187 2392 258 2415 nem
275 2384 341 2415 vim
358 2383 475 2415 inferre
489 2384 602 2424 liceat,
625 2385 688 2417 hoc
713 2386 777 2426 est,
801 2387 839 2419 de
855 2397 918 2428 quo
938 2389 1051 2429 quaeri-

189 2424 269 2455 tur?
292 2434 357 2456 non
372 2425 470 2456 licere
488 2425 648 2458 existimat
672 2427 839 2461 Albericus
859 2428 999 2462 Gentilis
1017 2431 1050 2462 de

189 2465 265 2505 Jure
286 2466 361 2497 Bell.
384 2466 424 2497 L.
449 2466 489 2498 11.
517 2467 549 2498 C.
578 2476 603 2499 1.
628 2468 756 2509 publice
769 2471 853 2502 enim
869 2472 1051 2503 renuncian-

186 2507 261 2537 dum
276 2507 338 2538 effe
353 2508 523 2546 amicstiae,
536 2518 575 2540 ne
592 2509 674 2541 clam
688 2519 738 2542 res
754 2520 871 2553 agatur.
896 2512 968 2553 Jure
984 2513 1051 2553 qui-

187 2547 258 2578 dem
275 2547 407 2580 Naturae
426 2549 512 2580 nulla
534 2549 579 2581 est
596 2550 751 2583 indicendi
775 2553 850 2585 belli
867 2553 1027 2586 neceffitas
1041 2576 1051 2592 ,

188 2596 227 2619 ut
241 2588 271 2619 ὅ(
287 2587 421 2620 Grotius
439 2588 597 2621 consentit
615 2592 720 2632 magni
738 2593 852 2634 Operis
867 2595 907 2627 L.
933 2595 990 2627 IlI.
1017 2596 1050 2627 C.

188 2639 218 2670 3.
245 2628 273 2670 §.
298 2632 327 2660 6.
351 2640 380 2661 n.
411 2638 436 2660 1.
463 2639 502 2661 eo
519 2629 656 2662 referens
680 2631 876 2674 testimonia,
900 2645 971 2677 quae
988 2637 1051 2668 fine

185 2669 359 2702 indictione
381 2670 464 2702 bella
485 2669 547 2702 effe
571 2671 650 2710 iusta
675 2676 904 2715 pronunciant,
928 2683 958 2707 at
975 2686 1052 2708 vero

187 2711 261 2751 Jure
278 2710 429 2743 Gentium
446 2712 709 2752 interpellationem
725 2713 892 2756 desiderat,
917 2726 974 2757 qua
986 2726 1051 2748 cou-

185 2751 267 2793 Jlet,
290 2753 347 2784 cilio
363 2754 441 2784 morlo
454 2752 524 2793 fieri
540 2755 658 2802 nequire
671 2777 682 2793 ,
706 2760 739 2785 ut
757 2755 883 2795 nostrum
903 2763 955 2788 aut
973 2759 1052 2790 uobis

188 2795 316 2825 debitum
333 2794 556 2836 consequamur,
580 2794 694 2827 ibidem
718 2805 748 2827 u.
775 2806 805 2828 2.
850 2797 902 2829 De
925 2797 1052 2839 publica

186 2835 431 2867 denunciatione
447 2836 514 2867 liaec
529 2836 643 2868 addens
655 2838 683 2868 d.
709 2837 740 2868 C.
765 2847 793 2879 3.
819 2837 846 2878 §.
876 2848 925 2870 11.
949 2844 1051 2871 uccer-

189 2884 217 2906 to
233 2875 375 2916 conflaret
385 2900 394 2916 ,
408 2887 465 2908 non
477 2879 596 2917 privato
611 2877 680 2919 azffu
689 2900 700 2917 ‚
707 2878 758 2918 sed
777 2880 928 2911 voluntate
940 2881 1049 2911 utrius-

186 2927 240 2957 que
258 2918 384 2958 Populi,
408 2926 460 2949 azcc
479 2918 585 2960 Populi
605 2919 740 2960 Cupitum
764 2922 829 2961 geri
846 2921 959 2952 bellum.
1004 2921 1048 2953 Et

186 2958 229 2989 fic
270 2968 390 2999 noque,
418 2968 562 3000 tanquam
585 2969 626 2991 ex
643 2960 715 3001 Jure
739 2961 892 2994 Gentium
924 2961 977 2993 res
993 2971 1048 2994 on-

185 2998 240 3044 det
269 2999 438 3032 'ufendorf
448 3001 486 3031 de
502 3000 578 3041 Jure
596 3001 640 3033 N.
666 3001 701 3037 [⁴2⁹
717 3003 756 3034 G.
782 3003 820 3034 L.
847 3001 932 3035 VIII.
986 3028 992 3034 .
1015 3006 1047 3036 6.

187 3042 217 3078 §-
243 3050 270 3076 9.
298 3041 333 3076 &²
353 3050 399 3080 15.
426 3041 455 3073 δε
482 3041 593 3073 Huber
611 3044 643 3074 de
667 3043 743 3084 Jure
763 3045 906 3075 Civitatis
923 3043 962 3076 L.
989 3043 1044 3076 III.

189 3081 263 3125 Secl.
288 3092 316 3121 4.
346 3083 377 3113 C.
400 3093 429 3123 4.
455 3092 484 3114 n.
513 3093 562 3124 27.
586 3084 693 3117 eadem
715 3084 785 3117 usus
813 3086 955 3124 ratione,
987 3094 1046 3126 qua

186 3128 288 3165 utitur
305 3122 447 3155 Grotius.
492 3123 568 3156 Non
586 3125 698 3158 desunt
717 3133 842 3166 tamen,
887 3127 916 3158 ui
935 3135 1049 3167 excep-

185 3168 288 3192 tiones
314 3165 458 3200 quasdam
481 3165 615 3204 addunt,
642 3175 676 3198 ut
699 3167 764 3208 ipse
789 3168 843 3200 ille
885 3168 999 3200 'entilis
1017 3169 1045 3201 d.

189 3200 228 3234 L.
258 3201 293 3234 ll.
324 3204 353 3233 C.
382 3213 409 3235 2.
436 3205 465 3237 ὅ(
481 3206 649 3241 Zouclieus
678 3211 711 3242 (le
727 3208 804 3250 Jure
822 3209 932 3247 Feciul.
958 3209 1045 3247 Part·

1097 2018 1139 2051 ΙΙ.
1165 2017 1239 2050 Se&
1268 2024 1315 2050 10.
1342 2017 1385 2066 Q:
1411 2028 1438 2050 1.
1463 2018 1550 2064 Quin
1565 2019 1699 2060 Joannes
1713 2016 1955 2054 NicolausHer-

1097 2060 1160 2092 tius
1178 2059 1210 2091 in
1229 2059 1340 2091 Adnot.
1365 2059 1402 2091 ad
1421 2059 1657 2092 Puiendorfium
1674 2061 1702 2091 d.
1715 2059 1754 2092 L.
1768 2059 1854 2092 VIII.
1880 2061 1912 2092 C.
1921 2065 1955 2094 6.

1096 2101 1125 2142 §.
1149 2111 1179 2139 9.
1204 2110 1268 2132 non
1283 2107 1375 2141 negat
1390 2100 1533 2141 quidem,
1544 2101 1745 2134 indictionem
1763 2101 1878 2134 belliin
1891 2111 1958 2134 mo-

1094 2152 1143 2175 res
1169 2140 1321 2173 Gentium
1348 2140 1539 2181 transivisse,
1575 2149 1605 2174 at
1629 2149 1742 2183 putat,
1772 2151 1827 2174 eos
1852 2145 1964 2175 mores'

1094 2184 1160 2215 vim
1176 2182 1335 2224 obligandi
1351 2192 1415 2214 non
1434 2181 1548 2215 habere
1560 2207 1570 2222 ,
1594 2193 1652 2215 nec
1670 2183 1762 2215 aliter
1778 2183 1956 2223 habendos,

1095 2225 1149 2266 qui
1164 2233 1217 2256 eos
1232 2223 1517 2265 negligunt,quam
1533 2234 1573 2257 ne
1588 2223 1772 2257 censeantur
1780 2224 1863 2257 inter
1873 2224 1957 2259 Gen-

1096 2273 1165 2304 tes,
1186 2274 1261 2307 quas
1279 2266 1446 2296 moi-otiores
1462 2265 1606 2298 dicimus.

1137 2305 1331 2339 Christianus
1347 2305 1556 2346 Tnomafius,
1579 2306 1644 2339 sani
1657 2304 1764 2348 judicii
1778 2307 1892 2346 homo,
1916 2306 1957 2339 ad

1094 2347 1261 2381 Huberum
1283 2349 1316 2379 de
1343 2347 1419 2388 Jure
1445 2348 1589 2379 Civitatis
1604 2349 1634 2381 d.
1656 2358 1687 2380 iz.
1710 2358 1760 2390 27.
1786 2348 1860 2380 belli
1876 2348 1956 2380 indi-

1095 2389 1231 2421 ctionem
1249 2389 1333 2421 refte
1347 2388 1424 2420 mihi
1440 2389 1565 2421 videtur
1582 2388 1700 2421 referre
1716 2390 1754 2421 ad
1771 2388 1836 2421 sola
1851 2387 1955 2420 officia

1094 2430 1318 2469 humanitatis,
1343 2429 1379 2461 ad
1396 2439 1464 2471 quae
1489 2429 1658 2472 praestanda
1674 2439 1765 2462 nemo
1784 2438 1862 2461 unus
1879 2437 1920 2460 co
1943 2428 1955 2461 i

1094 2471 1218 2513 potest,
1249 2471 1279 2504 δε
1301 2479 1481 2514 opportune
1508 2479 1618 2513 rogat,
1650 2470 1724 2511 quid
1751 2469 1891 2515 intersit,

1097 2512 1172 2554 quid
1194 2516 1332 2559 unquam
1355 2512 1536 2544 interfuerit
1558 2513 1640 2544 inter
1655 2510 1785 2557 *bellu-m
1802 2510 1954 2543 indictum

1095 2554 1148 2586 vel
1163 2564 1227 2586 non
1245 2553 1395 2585 indicium
1406 2553 1423 2585 ¹?
1439 2553 1545 2593 hujus,
1561 2561 1598 2584 an
1615 2551 1700 2582 illius
1714 2551 1798 2583 aliud
1817 2560 1956 2593 unquam

1094 2595 1144 2635 jus
1168 2594 1293 2627 fuerit?
1317 2594 1424 2639 Quare
1445 2600 1536 2634 negat
1564 2592 1600 2623 ad
1623 2590 1724 2623 solum
1750 2591 1803 2632 Jus
1820 2591 1954 2625 Naturae

1094 2636 1272 2676 pertinere,
1319 2634 1381 2666 uod
1403 2643 1443 2665 ex
1459 2633 1566 2666 Dione
1583 2632 1810 2675 Chrysostomo
1825 2633 1956 2666 adducit:

1095 2676 1229 2709 Grotius
1246 2678 1275 2708 d.
1297 2645 1329 2717 ξ.
1351 2677 1382 2705 6.
1405 2684 1434 2705 n.
1463 2683 1489 2706 1.
1512 2674 1647 2716 pleraque
1675 2674 1749 2706 bella
1761 2673 1825 2713 fine
1840 2676 1956 2707 denun-

1094 2720 1218 2750 ciatione
1228 2716 1429 2758 suscipiuntur
1440 2738 1450 2754 ‚
1475 2715 1541 2747 imo
1558 2715 1588 2747 ἃ
1603 2715 1640 2747 ad
1656 2715 1709 2756 Jus
1726 2713 1878 2748 Gentium
1886 2713 1956 2758 ipse

1095 2758 1210 2797 refert,
1235 2758 1266 2789 &
1283 2766 1359 2788 mox
1375 2754 1561 2796 superdicit,
1587 2756 1632 2788 Di
1655 2767 1695 2788 ua
1713 2755 1754 2797 est
1769 2754 1898 2798 quaestio,
1918 2761 1955 2789 ut

1089 2799 1234 2840 peculiari
1248 2797 1457 2838 Differ-tatione
1474 2797 1563 2829 latius
1578 2804 1633 2838 exp
1648 2800 1750 2830 icatur.

1135 2840 1205 2882 Ego
1227 2839 1254 2870 ei
1274 2838 1468 2880 explicandae
1486 2848 1550 2870 non
1566 2839 1746 2880 peculiarem
1765 2839 1951 2881 Diffirtatio-

1091 2891 1174 2921 nem,
1200 2879 1251 2912 sed
1266 2879 1327 2911 hoc
1345 2879 1438 2919 Caput
1452 2878 1613 2912 destinavi.
1639 2880 1722 2912 Puto
1737 2889 1861 2921 autem,
1884 2881 1952 2914 nul-

1091 2924 1152 2955 lam
1168 2920 1229 2953 effe
1244 2922 1417 2959 rationem,
1442 2930 1512 2961 quae
1528 2921 1730 2953 indiciionem
1749 2921 1822 2953 belli
1838 2921 1952 2964 exigit,

1091 2972 1122 2995 at
1146 2972 1183 2994 ue
1199 2961 1276 2993 adeo
1292 2962 1354 2993 ess'e
1369 2971 1408 2992 ex
1425 2961 1482 3001 iis,
1498 2972 1566 3003 quae
1583 2963 1666 2994 refte
1682 2961 1884 3003 praestantur,
1898 2963 1948 2997 sed

1091 2972 1181 3036 nuche
1197 3003 1265 3042 jure
1282 3011 1443 3044 petuntur.
1489 3003 1597 3036 Potest
1616 3003 1734 3035 bellum
1755 3004 1895 3045 incipere
1910 3002 1948 3036 ab

1091 3044 1279 3081 indictione,
1302 3052 1334 3076 at
1359 3045 1453 3075 etiam
1502 3044 1583 3077 otest
1605 3054 1622 3076 a
1637 3044 1669 3075 vi
1685 3053 1802 3076 mutua.
1848 3045 1883 3078 Id
1900 3045 1945 3077 vi·

1089 3085 1203 3117 dentur
1228 3085 1398 3125 significare
1423 3085 1469 3117 Or
1494 3087 1557 3118 ines
1582 3085 1776 3124 Generaies,
1798 3095 1870 3118 curn
1899 3094 1944 3127 17.

1092 3126 1208 3167 Januar.
1246 3130 1335 3166 1665.
1366 3126 1532 3160 edixerunt
1557 3127 1655 3170 (1),
1677 3135 1771 3161 naves
1798 3126 1915 3161 nostras
1925 3147 1945 3199 g

1907 3176 1924 3198 a

1128 3213 1190 3251 (1)
1210 3213 1287 3245 Plac.
1308 3214 1359 3245 111.
1384 3221 1408 3247 1,
1431 3221 1456 3251 7.
1476 3221 1502 3253 ι,
