2008 3436
426 78 923 128 CONTENTIO

69 175 168 216 fiisse,
192 176 306 216 hasque
329 173 369 206 ab
394 173 463 206 aliis
487 177 712 210 nonnunquam
727 167 937 215 interpolata-s

66 218 141 250 ess'e.
205 217 300 249 Vides
325 216 356 248 in
388 215 436 247 his
462 212 543 246 locis
573 211 725 244 Irnerium
766 218 833 241 non
866 210 935 242 aliis

66 259 144 300 quid
161 257 322 296 addidiil'e,
350 256 402 289 sed
417 256 466 295 ci,
490 254 541 296 qui
557 251 768 300 Authenticas
793 251 864 298 illas
887 260 934 298 re-

92 300 271 334 raesentavit
286 299 424 343 primus,
447 297 486 329 ab
511 295 579 327 aliis
597 292 736 326 additum
763 293 839 333 quid
861 292 932 339 esse.

102 343 166 374 ides
182 342 296 380 etiam,
320 339 483 383 affignandi
501 335 690 368 vocabulum
704 358 713 373 ,
739 335 824 376 quod
845 333 933 366 mise-

67 393 101 416 re
119 383 264 425 capt-abas
280 408 288 421 ,
311 390 419 424 aperte
433 390 497 413 non
515 378 553 410 ad
572 377 699 416 locum,
719 375 771 408 sed
791 375 932 408 Authen-

67 426 142 457 ticae
162 424 323 457 materiam
363 424 507 454 ertinere.

110 467 164 498 Sic
186 466 256 498 satis
282 475 324 497 no
351 474 385 496 er
402 462 560 495 Arnoldus
578 460 705 492 videtur
720 457 867 492 excuffus
884 457 931 490 so-

68 509 158 540 mnio
174 508 213 540 dc
228 507 293 539 sola
310 505 397 538 tituli
413 503 644 545 adsignatione,
663 500 930 548 solisve-Authen-

65 550 199 581 ticarum
216 547 445 585 additionibus,
493 555 544 577 uas
560 544 674 576 tribuit
695 543 816 576 Irnerio
835 542 865 574 &
883 551 930 574 re-

66 591 160 632 liquis
177 590 208 622 id
223 589 324 621 aetatis
339 587 437 629 JCtis.
512 587 676 618 ecalcitrat
694 593 799 618 tarnen
817 584 932 631 adbuc,

63 642 96 664 at
115 632 200 663 uulla
215 638 304 672 parte
320 636 418 662 tutus.
464 629 514 662 Ex
529 638 569 659 co
594 637 727 674 nempe,
752 626 837 669 quod
865 626 931 667 iple

61 674 130 707 dixi
157 672 371 714 probavique,
397 671 550 704 Irnerium
564 692 575 709 ,
596 670 774 702 Martinum
795 670 825 716 ᾃ
849 666 932 700 Azo-

61 724 134 749 nem
153 714 248 746 etiam
268 714 306 745 ad
320 713 530 745 Authenticas
555 711 692 745 exarasse
713 709 857 748 Glossas‚
892 718 934 757 eit

60 767 120 797 eo,
146 757 292 797 inquam,
314 755 441 797 colligit
458 754 518 786 Vir
537 753 740 796 sagaciffimus
755 775 765 792 ,
790 752 935 798 triumVi-

60 809 115 832 ros
140 798 214 830 illos
241 797 287 829 nil
310 796 367 829 nisi
392 796 602 829 additamenta
625 795 767 841 quaedam
796 796 849 840 lua
871 792 935 839 Au?

63 840 216 872 thenticis
247 837 399 871 alleviffe.
454 837 502 870 Ita
535 836 655 870 Glossae
676 861 686 877 ,
720 841 934 882 incontinenti

63 881 266 915 Autlienticis
285 880 431 921 adjectae,
456 880 494 912 iis
521 880 670 917 inerunt,
692 878 766 909 dum
785 877 856 909 aliae
881 885 933 922 ex-

62 932 112 955 tra
141 932 192 954 cas
216 922 318 954 adbuc
343 922 499 953 oberrant.
554 921 624 959 Sic,
657 919 752 951 credo
768 942 778 957 ‚
813 926 847 949 tu
865 927 932 964 Vis,

62 974 122 997 nec
138 964 183 996 est
199 987 209 1002 ,
232 964 317 1005 quod
340 973 400 1004 ego
424 971 612 1004 magnopere
635 961 849 997 intercedam,
879 968 934 999 qui

61 1016 128 1039 non
151 1007 304 1038 emblema
321 1005 473 1045 aliquod,
497 1002 610 1035 sedvel
629 1002 782 1043 integram
792 999 933 1032 Authen-

61 1049 158 1080 ticam
179 1046 318 1088 quffellae
334 1046 462 1078 nomine
476 1044 586 1076 venire
605 1053 646 1075 ex
661 1043 780 1083 Joanne
800 1040 933 1087 Bofiano

61 1087 249 1121 ostenderim
276 1088 345 1128 Cup.
370 1086 394 1119 I.
414 1085 517 1117 Diam:
543 1094 596 1123 at,
619 1083 775 1122 obsecro,
795 1082 869 1124 quid
886 1092 931 1114 in-

58 1131 99 1162 de
125 1131 155 1162 in
182 1139 247 1161 rem
272 1128 385 1160 tuam?
425 1137 485 1169 ego
506 1127 639 1168 potius:
673 1126 725 1167 qui
755 1123 881 1157 Gloss'as
901 1124 932 1155 ὅτ.

58 1170 227 1203 Glossellas
256 1168 463 1210 scripserunt,
489 1167 697 1209 praesumendi
724 1165 794 1199 sunt
821 1164 930 1198 &Au-

54 1213 215 1245 thenticas
239 1210 407 1252 seripfiffe,
432 1219 503 1251 quae
528 1220 564 1242 ea
587 1209 801 1252 appellatione
820 1215 931 1238 occur-

56 1262 142 1287 runt.
186 1253 238 1286 De
263 1253 462 1285 Autlienticis
486 1253 616 1291 integris
641 1248 775 1292 loquor,
795 1258 867 1295 nam
890 1248 930 1280 de

56 1306 165 1328 earum
185 1293 327 1337 partibus
351 1294 468 1326 vellem
491 1303 531 1325 ne
554 1293 585 1325 id
612 1292 711 1335 ipsum
728 1292 786 1323 tibi
804 1289 929 1323 fuiffem

54 1339 187 1380 largitus
199 1361 208 1376 ‚
233 1337 336 1368 donec
355 1335 412 1367 tibi
432 1334 548 1377 praesto
563 1334 639 1367 esset
660 1334 848 1370 auctoritas,
868 1341 928 1374 qua

56 1381 152 1412 etiam
178 1378 441 1411 Authenticarum
465 1384 571 1418 partes
604 1376 737 1417 adje&as
767 1374 929 1416 Gloffarum

55 1430 110 1454 aut
131 1421 332 1463 Gloffellarum
349 1419 478 1452 nomine
504 1419 650 1451 denotari
669 1418 838 1450 vinceres..
867 1415 928 1448 Ita-

55 1473 118 1505 que
143 1462 300 1505 adgnosce
323 1470 423 1493 meam
449 1469 523 1503 erga
552 1469 583 1492 te
608 1459 852 1498 liberalitatem,
875 1456 928 1505 sed

55 1515 95 1537 ea
119 1514 159 1537 ne
187 1504 351 1542 abutaris;
384 1503 460 1544 quin
494 1501 602 1543 potius
631 1501 675 1535 fic
701 1501 841 1533 habeto:
896 1508 927 1532 ui

53 1545 182 1579 Glossas
205 1545 324 1587 scripsit
340 1568 350 1585 ,
381 1544 614 1586 praesumendus
642 1542 690 1576 est
720 1552 786 1575 non
814 1542 869 1585 glo
895 1551 928 1573 as

52 1589 208 1621 duntaxat
229 1587 321 1630 (hoc
347 1587 431 1618 enim
449 1585 530 1618 dabo
548 1584 735 1628 nunquam)
758 1583 810 1616 sed
832 1584 927 1631 etiam

53 1630 321 1663 Authenticarmn
344 1627 493 1669 scripfiffe
518 1627 708 1661 emblemata
722 1649 736 1667 ,
763 1625 859 1669 egisse
879 1635 928 1658 m·

52 1679 102 1704 ter
125 1673 294 1705 elationes.

131 1714 239 1746 andem
264 1713 417 1755 pervenio
443 1713 483 1746 ad
504 1713 536 1746 id
551 1736 564 1753 ,
592 1712 679 1756 quod
705 1720 836 1754 magnus
853 1710 927 1743 Ale-

50 1757 169 1788 xander
194 1755 328 1788 habebat
373 1756 546 1797 raecipuum
568 1755 603 1788 in
626 1752 795 1800 Prolufionq
818 1752 871 1786 sua
887 1752 926 1786 ad

49 1797 272 1840 expellendum
291 1797 329 1829 ab
375 1796 611 1830 uthenticarum
626 1795 860 1838 compositione
880 1793 924 1827 Ir-

50 1840 180 1873 nerium.
228 1839 362 1880 Aiebat,
391 1848 464 1871 eum
486 1838 636 1881 scripsisse
656 1836 782 1870 Gloffas
795 1859 807 1876 ,
829 1836 921 1884 adeo-

51 1891 112 1924 que
135 1890 246 1913 verum
269 1881 392 1919 videi-i,
420 1890 486 1915 non
515 1879 666 1922 scripsisse
691 1878 920 1926 Authenticas,

51 1924 103 1956 vel
121 1922 230 1954 saltem
246 1923 284 1954 iis
300 1932 364 1954 non
382 1921 440 1954 nifi
448 1921 574 1955 Gloffas
585 1921 652 1955 suas
668 1920 835 1954 induxisse.
859 1920 921 1954 His

51 1965 84 1997 in
104 1963 249 1996 Diam-iba
264 1964 408 1996 recitatis
424 1966 531 1996 amicos
549 1964 639 2006 risum.
655 1969 752 1995 tenere
772 1962 920 1996 volebam

48 2006 160 2048 (quam
179 2005 274 2047 ipsam
291 2004 462 2038 formulam
480 2006 577 2038 tertio
594 2014 724 2048 quoque
745 2005 847 2036 verbo
862 2013 918 2047 og-

50 2048 178 2089 gannit,
201 2048 280 2080 adeo
308 2047 403 2079 etiam
421 2048 590 2080 verborum
609 2057 725 2089 egenus
748 2046 823 2088 est)
845 2044 916 2085 sed,

50 2096 157 2130 parcat
174 2089 249 2121 mihi
267 2089 403 2131 gravitas
421 2098 493 2129 tua,
520 2089 697 2121 Alexander
708 2111 720 2127 ,
742 2088 800 2120 vix
816 2087 918 2120 adhuc

49 2130 176 2162 vultum
193 2140 297 2162 meum
312 2130 349 2162 ad
365 2130 547 2163 modestiam
566 2140 738 2171 compono.
772 2130 821 2162 An
833 2153 843 2169 ,
864 2130 919 2171 qui

51 2170 177 2203 Gloffas
193 2170 312 2213 sci-ipsit
323 2195 332 2209 ,
349 2180 391 2203 ex
408 2172 559 2205 Novellis
574 2182 637 2205 non
647 2172 755 2214 potuit
771 2181 919 2213 excerpe-

48 2221 83 2244 re
94 2212 326 2244 Authenticas?
344 2221 397 2244 aut
416 2223 480 2246 non
494 2215 663 2256 intellige,
682 2213 757 2255 quid
765 2212 920 2254 fit,quod

50 2254 132 2285 velis
144 2253 325 2293 lepidissime
334 2253 522 2296 Disputator
530 2279 540 2295 ,
553 2265 607 2287 ant
617 2256 709 2288 valde
719 2254 848 2287 stultum
862 2254 920 2288 est.

51 2295 188 2326 Videbar
214 2296 291 2326 milii
320 2295 351 2327 in
371 2296 447 2337 vers.
471 2299 591 2337 praeced.
618 2295 690 2329 satis
709 2296 918 2336 subvertisse,

49 2336 199 2378 quicquid
215 2335 260 2368 est
278 2337 344 2375 ejus
362 2338 553 2379 argumenti,
584 2338 634 2370 sed
651 2347 683 2370 te
699 2338 792 2370 audio
811 2338 856 2369 ita
870 2348 919 2369 re-

49 2377 243 2410 instantem:
275 2378 399 2410 Probari
415 2378 530 2420 potest,
562 2379 708 2412 [merium
723 2376 827 2422 gloffas
839 2379 918 2420 scri-

46 2418 148 2460 Pfiffes'
170 2426 200 2450 at
212 2421 334 2460 probari
353 2423 473 2462 nequit,
496 2431 559 2452 eum
585 2423 718 2464 integras
735 2421 920 2452 authenticas

39 2459 182 2502 scripsiffe
198 2482 209 2499 ‚
240 2471 308 2503 ergo
330 2462 492 2503 prayilmtio
517 2460 557 2503 est
572 2486 581 2501 ‚
617 2462 764 2495 Irnerium
789 2472 847 2493 non
867 2462 918 2503 effe

48 2504 283 2534 authenticarum
308 2504 514 2535 nonnullarum
539 2505 723 2547 integrarum
746 2504 915 2543 authorem,

42 2543 96 2585 sed
118 2545 265 2575 duntaxat
291 2555 389 2576 aarum
412 2545 591 2587 glqfflltorem
614 2551 699 2587 atque
726 2546 914 2586 conferrumi-

50 2590 188 2617 nutarem.
234 2585 333 2617 Tolle
349 2586 438 2623 haec,
464 2594 496 2618 at
509 2588 629 2627 probari
642 2588 743 2628 nequit
762 2597 827 2618 eum
841 2588 917 2619 inte-

51 2635 122 2668 gras
137 2627 317 2658 aictzbentz'cas
328 2627 470 2669 scripsiffe
481 2652 489 2666 ,
515 2638 649 2670 namque
665 2638 701 2660 ea
720 2637 780 2660 nec
794 2627 918 2661 faciunt

50 2666 257 2698 adeombum
275 2669 292 2708 ζ
297 2677 330 2699 ut
349 2678 404 2700 tuo
417 2670 447 2701 ot
466 2669 615 2711 sequioris
634 2670 695 2702 aevi
714 2670 812 2702 verbo
829 2669 918 2711 utar)

51 2717 110 2740 nec
131 2707 185 2739 nisi
202 2709 332 2740 ridicule
350 2710 410 2741 liuc
431 2711 680 2750 transferuntur3
705 2711 863 2743 interseris
873 2720 917 2742 ta-

51 2758 123 2780 men
144 2749 230 2788 haec,
255 2759 434 2791 quamquam
461 2751 558 2791 falsa,
580 2763 768 2794 quamquain
785 2754 884 2785 aliena
901 2762 918 2784 a

49 2790 192 2836 doctrina
211 2794 460 2832 argumentandi,
484 2803 523 2826 ne
540 2794 730 2833 suaviffima,
760 2804 853 2836 quam
870 2795 916 2827 in-

51 2832 90 2862 de
118 2832 207 2863 elicis
223 2854 234 2869 ,
274 2831 455 2865 consecutio
486 2835 614 2867 Leftori
636 2844 780 2868 moveret
809 2836 915 2868 risum.

51 2873 128 2905 Hoc
146 2873 227 2913 agis:
251 2871 364 2919 glossas
390 2874 508 2916 scripsit
524 2876 678 2916 Irnerius,
699 2886 776 2919 ergo
800 2878 918 2920 nullius

51 2924 92 2946 ex
109 2913 168 2944 affe
178 2913 380 2945 Authenticae
397 2916 521 2949 videtur
536 2919 655 2950 auclor.
716 2920 801 2952 uidni
815 2920 918 2952 vero?

51 2954 244 2997 profundum
272 2954 439 2988 silentium.
490 2958 533 2989 Et
560 2968 594 2990 tu
622 2960 701 2992 hanc
719 2961 920 2994 consecutio-

54 3006 126 3028 nem
138 3019 148 3034 ,
172 2995 255 3041 bone
271 2996 347 3035 Vir,
371 3007 490 3030 vocare
505 3000 596 3032 audes
615 3002 738 3045 legalem
762 3002 830 3043 (hae
848 3003 920 3035 sunt

56 3037 208 3070 sermonis
226 3037 270 3068 tui
287 3037 430 3079 deliciae)
454 3040 503 3079 ὃς,
526 3049 562 3072 ut
578 3042 838 3083 videarisJCtus,
861 3045 919 3076 ite-

54 3087 124 3111 rum
146 3086 301 3123 provocas
327 3080 364 3111 ad
385 3080 405 3110 l.
425 3090 475 3112 22.
497 3083 530 3113 de
557 3082 675 3116 Probat.
705 3084 756 3116 sed
779 3086 920 3127 nunquid

54 3117 237 3151 erubescis?
282 3129 356 3152 uare
380 3130 444 3153 non
470 3122 593 3155 adivisti
618 3125 781 3168 Collegam
809 3136 919 3167 tuum,

55 3158 186 3199 Virum,
207 3168 242 3192 ut
274 3170 341 3193 ama
365 3163 431 3200 est,
454 3162 533 3202 Juris
555 3166 770 3205 peritiffimum
786 3191 797 3206 ,
819 3169 873 3209 qui
891 3178 922 3200 te

53 3208 302 3242 moneret„.non
320 3203 365 3235 ita
380 3203 584 3245 profanandas
602 3206 663 3238 ell'e
688 3208 788 3249 Leges
806 3209 920 3242 Roma-

995 87 1470 127 LITERARIA.
1781 98 1850 143 ,87

977 176 1052 207 nas,
1073 169 1129 210 qui
1149 175 1181 201 te
1197 169 1346 210 doceret,
1370 170 1485 204 frustra
1504 180 1537 205 te
1556 173 1641 208 illius
1663 175 1742 218 legis
1765 185 1854 218 argu-

978 216 1088 255 mento
1103 209 1272 257 defendere
1284 212 1477 245 cerebrinam
1494 214 1580 247 illam
1597 217 1683 258 praes
1679 219 1855 251 unitionem

979 250 1010 282 &
1035 260 1155 284 inaneis
1186 252 1435 294 consequentias.
1471 255 1515 286 ita
1542 256 1729 291 futilitatem
1766 268 1853 292 tuam

978 301 1042 324 non
1059 292 1265 333 prostituiss‘es
1311 295 1439 328 ublice:
1471 295 1523 328 sed
1545 298 1623 338 jacta
1639 299 1684 332 est
1707 301 1797 340 alea,
1819 302 1853 333 in

977 332 1136 380 posterum
1158 334 1246 375 sepe.
1308 345 1415 369 nterea
1433 337 1455 371 fi
1475 339 1615 370 nonduin
1635 343 1789 383 percipis,
1816 350 1850 374 te

976 384 1092 416 garrire
1114 377 1266 409 incanum
1284 402 1294 418 ,
1328 378 1398 420 lege
1412 401 1423 418 ,
1454 389 1526 421 quae
1556 381 1699 414 Commune
1717 386 1850 423 proximo

975 416 1133 458 disputata
1151 418 1239 458 sunt,
1265 421 1294 452 dt
1313 419 1386 452 liinc
1404 420 1508 460 disce,
1533 431 1625 461 eum,
1650 424 1702 463 qui
1726 423 1851 457 Gloss'as

975 458 1082 497 dedit,
1105 459 1355 501 praesumendum
1380 463 1479 495 videri
1504 465 1599 496 etiam
1623 465 1758 506 integras
1784 465 1847 498 Au-

975 500 1130 549 thenticas
1148 502 1264 534 dediss'e
1280 528 1290 543 ,
1319 504 1530 545 collectione,
1554 515 1646 547 quam
1673 514 1709 538 tu
1729 508 1847 547 uteris,

973 550 1140 576 contraria.

1018 584 1112 617 Redis
1124 585 1230 618 denuo
1245 586 1282 618 ad
1296 586 1440 620 Azonem
1458 589 1523 630 (ita
1546 588 1657 622 misces
1672 589 1798 632 omnia)
1815 590 1847 622 ἀ

977 624 1115 659 ostendis
1142 634 1175 659 te
1210 629 1348 661 nondum
1383 630 1470 672 poffe
1502 640 1731 672 concoquere,
1760 631 1848 672 quod

978 667 1131 700 lrnerium
1153 669 1360 704 Authenticas
1390 673 1550 714 compilczffi:
1575 673 1710 705 dixerat.
1755 672 1791 704 Id
1811 681 1847 704 tu

977 709 1076 742 homo
1093 710 1230 743 difficilis
1247 712 1396 745 stomachi
1413 714 1530 747 dictum
1548 722 1638 756 putas
1662 714 1788 757 reJPeClu
1819 723 1846 747 1.

979 750 1194 798 Affignationis
1208 754 1244 789 ὅ)
1259 765 1288 788 2.
1311 755 1524 793 Addiiionum;
1547 756 1598 789 sed
1616 766 1710 789 erras.
1754 757 1846 795 Azo,

977 794 1030 824 ubi
1051 795 1120 826 haec
1144 804 1294 837 enarrat,
1327 806 1386 828 nec
1410 799 1613 837 additionum,
1636 808 1695 831 nec
1717 797 1844 841 affigna-

977 837 1065 867 tionis
1086 838 1230 869 meminit
1248 862 1258 877 ,
1288 848 1320 870 at
1344 838 1525 880 simpliciter
1557 840 1666 872 scribit
1690 840 1845 872 lrnerium

976 886 1017 911 ex
1033 877 1152 911 duabus
1168 879 1318 912 Novellis
1337 890 1427 912 unam
1437 882 1596 924 compilaffe
1606 882 1843 920 Autlienticam,

977 929 1089 952 verum
1108 919 1147 951 de
1166 930 1205 952 eo
1224 922 1340 953 dietum
1358 921 1402 953 est
1421 922 1504 956 satis.

1020 961 1165 994 Turbata
1182 963 1238 994 tibi
1262 973 1349 995 mens
1364 962 1429 1004 est,
1454 964 1594 1005 blatero,
1618 966 1669 998 ubi
1687 975 1751 998 tam
1767 966 1842 998 hor—

976 1003 1108 1035 rendum
1137 1005 1265 1044 grunnis
1300 1005 1340 1037 de
1372 1006 1448 1038 loco
1467 1030 1477 1046 ,
1509 1009 1561 1048 qui
1586 1007 1631 1040 est
1663 1009 1723 1050 Cap
1751 1007 1842 1041 III.

976 1043 1113 1076 Diatrz‘b.
1133 1046 1184 1077 ubi
1201 1046 1268 1078 haze
1283 1047 1377 1079 dico:
1400 1047 1485 1079 Unde
1501 1051 1596 1091 magis
1611 1052 1720 1089 miror,
1738 1051 1842 1082 Strau-

975 1087 1072 1117 chium
1098 1086 1135 1122 ὅ)
1159 1086 1425 1130 Pagenstecherum
1445 1111 1456 1128 ‚
1486 1090 1560 1122 alibi
1586 1092 1619 1122 in
1643 1102 1672 1122 eo
1695 1098 1784 1130 totos,
1808 1098 1841 1122 ut

974 1128 1158 1160 authenticas
1181 1129 1275 1162 Inerz'i
1293 1131 1452 1172 interpolas
1470 1137 1579 1175 negent
1592 1155 1602 1171 ,
1625 1143 1720 1172 nune,
1744 1143 1779 1164 ne
1794 1134 1840 1164 vi-

973 1171 1077 1201 demur
1104 1170 1201 1202 aslum
1229 1172 1263 1202 de
1291 1182 1387 1203 eorum
1403 1172 1579 1214 sententia,
1604 1183 1694 1206 LoeA
1725 1174 1838 1206 VETE-

972 1221 1050 1244 RUM
1073 1221 1149 1244 NON
1168 1221 1299 1246 ALiTitR
1322 1223 1587 1248 INTERPRETARI
1606 1239 1615 1255 ‚
1648 1225 1692 1248 Ac
1711 1224 1842 1247 ADVER-

971 1263 1028 1285 sus
1053 1262 1169 1286 SEMET
1199 1264 1299 1288 IPSOS.
1346 1255 1396 1287 Ita
1424 1256 1467 1288 ibi
1491 1256 1645 1299 scriptum
1668 1257 1712 1289 est
1729 1282 1738 1296 ,
1773 1266 1838 1289 non

972 1304 1050 1326 vero
1068 1318 1077 1334 ,
1110 1297 1375 1337 quemadmodum
1407 1297 1476 1330 haee
1505 1298 1676 1340 detorquet
1702 1297 1842 1331 misellus

970 1335 1116 1376 Doctor,
1137 1337 1217 1370 illud
1241 1337 1474 1372 Germanorum
1493 1349 1548 1382 par
1567 1351 1652 1373 nunc
1675 1339 1840 1378 adserere,

970 1378 1056 1420 quod
1071 1387 1241 1420 negarant,
1264 1380 1330 1413 dari
1350 1380 1559 1414 Authenticas
1573 1382 1685 1416 Irnerii
1703 1383 1842 1423 interpo—

970 1420 1026 1453 las.
1070 1420 1152 1452 Haec
1181 1431 1246 1462 quo
1277 1422 1455 1464 pertineant
1485 1424 1643 1466 clarebit,
1673 1423 1842 1467 postquam

970 1469 1111 1494 mentem
1136 1462 1307 1503 Diatribae,
1326 1474 1420 1506 quam
1437 1465 1491 1497 alii
1510 1465 1712 1509 intelligunt,
1736 1467 1769 1498 in
1790 1465 1838 1497 so-

970 1503 1033 1536 lius
1056 1505 1202 1537 vervecis
1218 1528 1230 1545 ,
1261 1506 1393 1547 quicum
1425 1507 1504 1539 mihi
1527 1517 1577 1540 res
1606 1509 1676 1549 est,
1705 1508 1839 1550 gratiam

969 1545 1076 1578 denuo
1099 1555 1141 1579 ex
1165 1547 1298 1581 licuero.
1341 1546 1437 1581 Dicit
1460 1548 1607 1582 Diatriba
1624 1574 1636 1590 ,
1667 1551 1697 1582 ὅ(
1727 1554 1839 1583 verum

969 1587 1039 1634 est,
1062 1585 1130 1621 Glo
1157 1599 1229 1629 arn,
1251 1589 1469 1631 Odofredum,
1493 1591 1573 1625 alios
1591 1616 1601 1632 ‚
1633 1601 1706 1625 cum
1729 1592 1839 1633 aJunt‚

969 1639 1003 1662 m
1029 1629 1235 1664 Authenticis
1260 1634 1351 1665 verba
1373 1634 1501 1674 quaedam
1527 1634 1639 1667 Irnerii
1668 1633 1718 1675 effe
1736 1654 1748 1673 ,
1779 1642 1838 1665 non

969 1670 1085 1715 Legis,
1110 1682 1150 1704 eo
1174 1672 1243 1715 ipso
1267 1673 1412 1707 accusare
1448 1675 1529 1708 illud
1556 1675 1667 1709 Irnerii
1693 1675 1836 1714 facinus,

968 1714 1055 1755 quod
1081 1714 1289 1748 Recentiores
1311 1716 1418 1749 Libris
1450 1716 1658 1759 singularibus
1678 1716 1838 1759 persecuti

967 1756 1060 1796 sunt,
1083 1764 1179 1799 atque
1197 1758 1276 1790 adeo
1296 1767 1381 1797 vos,
1403 1758 1456 1800 qui
1485 1759 1606 1801 negatis
1639 1759 1748 1791 Irnerii
1783 1769 1836 1790 au-

963 1798 1123 1831 thenticas
1138 1799 1205 1832 dari
1232 1800 1407 1841 interpolas
1431 1800 1496 1843 (ea
1518 1801 1671 1833 videlicet
1690 1801 1835 1839 ratione,

961 1850 1033 1882 quae
1059 1840 1185 1883 jamjam
1210 1841 1434 1884 praecesserat)
1460 1842 1612 1875 Veterum
1633 1843 1837 1875 auctoritates

961 1882 1107 1925 adversus
1123 1882 1248 1915 vosmet
1270 1882 1354 1925 ipsos
1379 1883 1585 1916 consciscere.
1631 1885 1752 1926 Utique
1776 1894 1836 1916 vos

962 1924 1085 1966 negatis
1102 1924 1258 1957 Imerium
1293 1925 1338 1957 ita
1371 1925 1580 1958 Authenticas
1607 1925 1832 1967 interpolasse,

962 1973 1000 1997 ut
1016 1965 1056 1997 ab
1082 1964 1238 1998 sententia
1261 1965 1474 2000 Novellarum
1496 1966 1695 2008 discrepent,
1722 1969 1752 2000 ὅ(
1770 1968 1833 1999 hoe

961 2006 1082 2049 ipsum,
1105 2007 1192 2049 quod
1216 2017 1277 2039 vos
1306 2009 1428 2050 negatis
1444 2033 1455 2048 ,
1486 2010 1559 2050 quia
1583 2009 1717 2042 Veteres
1742 2009 1834 2042 adfir-

960 2056 1048 2081 mant
1068 2073 1078 2088 ‚
1113 2058 1220 2082 nonne
1246 2049 1292 2082 est
1323 2059 1434 2082 verum
1451 2074 1462 2089 ‚
1493 2061 1604 2083 eorum
1633 2050 1834 2090 testimonia,

960 2100 1020 2132 qua
1035 2091 1149 2132 proba,
1176 2100 1237 2132 qua
1252 2090 1356 2129 sectis,
1375 2091 1541 2125 sententiae
1556 2092 1668 2125 vestrae
1684 2093 1834 2125 officere?

961 2132 1060 2173 igitur
1096 2133 1182 2174 quod
1209 2132 1248 2164 de
1284 2133 1489 2166 Authenticis
1522 2134 1631 2166 Irnerii
1666 2135 1833 2176 interpolis

961 2174 1123 2212 dixeram,
1146 2183 1180 2206 tu
1199 2174 1318 2216 accipis
1365 2175 1472 2207 raecise
1492 2175 1554 2208 fine
1571 2176 1634 2208 ulla
1653 2176 1833 2217 praeceden-

962 2215 1043 2247 tium
1068 2218 1248 2256 άλληωχία,
1273 2223 1309 2248 ut
1345 2217 1436 2249 olent
1454 2217 1522 2256 illi,
1547 2227 1563 2249 a
1584 2217 1697 2261 quibus
1721 2227 1833 2251 caven-

962 2258 1038 2291 dum
1063 2257 1125 2289 esse
1148 2266 1258 2290 monet
1288 2257 1452 2299 Alplienus
1481 2259 1564 2301 apud
1593 2259 1727 2291 Paulum
1753 2260 1785 2292 in
1809 2260 1830 2291 l.

957 2305 1027 2340 pen.
1047 2298 1087 2340 ff.
1112 2301 1150 2331 ad
1169 2299 1278 2331 Exhib.
1303 2299 1430 2332 Sciebas
1453 2299 1545 2340 sane,
1568 2301 1669 2332 incid
1684 2300 1737 2333 sim
1761 2301 1831 2332 lici-

963 2349 1012 2373 ter
1027 2339 1163 2373 sci-ibere
1180 2350 1245 2373 non
1264 2340 1420 2382 potuiss'e,
1442 2342 1517 2384 qui,
1539 2343 1635 2374 etiam
1653 2343 1685 2374 in
1745 2344 1831 2374 latri·-

962 2384 1018 2421 ῥα,
1041 2383 1139 2414 toties
1159 2381 1276 2414 refello
1302 2382 1490 2423 figmentum
1509 2391 1600 2415 tuum
1649 2383 1670 2415 fi
1688 2389 1768 2415 tuum
1784 2384 1830 2416 di*

961 2423 992 2455 ci
1011 2432 1187 2463 mereatur,
1210 2423 1297 2465 quod
1319 2424 1389 2456 aliis
1415 2424 1536 2466 debes)
1560 2425 1598 2455 de
1640 2425 1700 2456 olis
1718 2424 1830 2457 lrnerii

961 2465 1274 2505 interpolationibus.
1321 2464 1426 2510 Quam
1452 2474 1556 2498 tamen
1577 2474 1612 2497 tu
1629 2466 1688 2498 tibi
1707 2466 1827 2499 blandi>

960 2507 1003 2538 ris
1026 2516 1067 2537 ex
1093 2506 1151 2538 hac
1168 2506 1323 2538 calumnia
1334 2513 1351 2539 ἱ(
1372 2517 1465 2549 quam
1491 2507 1591 2539 altum
1618 2507 1754 2549 clamas,
1778 2518 1829 2540 me

959 2557 999 2580 ne
1013 2548 1139 2588 quidem
1153 2548 1380 2580 controversiae
1400 2549 1514 2581 statum
1531 2548 1736 2591 intelligere?
1756 2560 1834 2591 quas

960 2598 1079 2630 pugnas
1095 2589 1160 2621 cies
1180 2599 1254 2621 cum
1270 2590 1357 2622 larva
1373 2592 1453 2623 tua‘.2
1476 2590 1636 2631 Arnolde‚
1650 2589 1731 2633 saepe
1750 2592 1829 2623 mihi

959 2629 1074 2670 risum,
1098 2630 1180 2671 saepe
1196 2631 1294 2663 bilem
1311 2641 1433 2664 moves.

1002 2671 1181 2713 Supereffet
1212 2673 1317 2704 lemma
1335 2697 1344 2712 ‚
1382 2674 1467 2715 quod
1504 2674 1562 2706 tibi
1597 2673 1828 2715 proposueras,

960 2715 1095 2745 tertium:
1121 2712 1173 2745 sed
1200 2714 1280 2746 illud
1305 2715 1377 2756 quia
1397 2714 1550 2755 transilis,
1574 2715 1670 2747 video
1689 2715 1745 2747 tibi
1764 2717 1829 2748 ani-

960 2764 1046 2786 mum
1075 2755 1222 2788 deficere.
1271 2756 1476 2789 Existimabis
1507 2765 1611 2788 tamen
1637 2756 1763 2789 fortean
1798 2765 1830 2788 te

959 2795 1071 2828 feciffe
1099 2796 1189 2836 satis,
1213 2796 1265 2828 ubi
1291 2799 1328 2829 ad
1357 2799 1510 2839 originem
1529 2820 1538 2837 ,
1569 2807 1661 2839 quam
1687 2797 1831 2835 ostendi,

959 2847 1092 2879 graecam
1110 2839 1140 2870 δι’
1154 2838 1329 2879 justiniano
1349 2840 1500 2881 :equalem
1517 2840 1596 2870 auth.
1644 2839 1729 2887 Quas
1742 2839 1829 2871 aclio-

959 2890 1018 2911 πω.
1053 2880 1084 2911 C.
1116 2881 1149 2911 de
1181 2880 1238 2912 SS.
1269 2880 1381 2922 Eccleſs
1414 2880 1597 2921 simpliciter
1628 2880 1828 2922 ingeminas,

961 2920 1045 2953 Non
1065 2930 1324 2953 DEFENSORIBUS
1344 2931 1428 2954 isTis
1445 2922 1577 2953 Irrzerz'zzs
1596 2928 1673 2964 eget.
1717 2922 1825 2954 Ratio-

961 2972 1033 2994 nem
1054 2962 1126 3003 quia
1150 2972 1215 2994 nori
1238 2963 1347 3000 addis,
1372 2963 1460 2994 vides
1486 2971 1517 2994 te
1538 2964 1667 2995 oracula
1692 2973 1828 3005 pronun-

961 3004 1044 3035 ciare
1069 3013 1109 3035 ex
1134 3004 1258 3044 tripode
1278 3027 1288 3043 ,
1323 3003 1373 3035 sed
1393 3004 1460 3042 ita,
1483 3004 1685 3043 Alexander,
1708 3005 1829 3039 nodum

962 3044 1063 3083 secas,
1088 3054 1150 3076 non
1176 3046 1283 3078 solvis.
1328 3046 1381 3077 Sin
1407 3045 1498 3077 aliter
1520 3055 1584 3077 non
1611 3046 1725 3087 pollis,
1750 3047 1826 3088 Juli<

962 3086 1013 3118 ani
1027 3085 1240 3118 Antecefforis
1266 3087 1611 3128 Conslanti'nopolitani
1630 3087 1799 3121 auctoritas
1818 3114 1827 3127 ,

963 3136 1057 3169 quam
1079 3127 1111 3158 in
1134 3127 1213 3160 hanc
1244 3138 1311 3159 rem
1328 3128 1429 3159 extuli
1455 3129 1526 3168 Cap.
1552 3129 1591 3160 ll.
1618 3128 1721 3161 Dialia
1745 3133 1824 3171 apud

963 3178 1015 3200 me
1031 3168 1171 3208 valebit3
1192 3169 1362 3209 auctoritas
1374 3169 1610 3210 Pagensteeheri
1619 3171 1823 3209 ,Antecesse-

964 3211 1007 3242 ris
1033 3208 1251 3252 Groningani‚
1276 3220 1340 3243 non
1368 3211 1497 3243 valebit.
1545 3211 1636 3254 Ego,
1659 3213 1712 3254 qui
1738 3213 1835 3244 dixe--

1747 3264 1830 3286 rain.
