2008 3436
252 117 534 167 QUAEST.

16 202 74 234 -vis
91 199 183 231 etiam
200 206 284 229 nunc
305 207 339 228 ea
366 196 488 228 servent
513 197 662 230 Hollandi
675 195 890 241 *Zelandiquffl

28 243 125 276 nullus
154 239 236 271 enim
267 234 360 270 hodie
393 239 432 270 ab
466 239 536 270 ullis
564 238 732 280 peregrinis
764 246 890 282 metus,

28 284 112 318 nulla
128 280 367 320 Burgundorum
379 302 389 317 ,
416 279 644 311 Austriacorum
665 279 715 322 vel
734 277 889 318 Hispano-

27 334 93 359 rum
114 321 257 354 adversus
278 321 513 361 Rempublicam
533 320 732 352 machinatio.
776 319 891 366 Neque

26 367 119 399 etiam
151 364 243 395 multi
270 363 423 403 peregrini
451 362 706 397 admitterentur,
740 362 804 406 etli-
822 362 890 401 lege

27 417 89 441 non
117 404 215 437 ess'ent
237 404 374 441 exclusi,
396 413 508 445 quum,
531 402 659 435 sublatis
684 400 890 440 Collutibtis,

26 447 106 490 apud
131 446 212 487 ipsos
236 440 412 476 HoTlandos
436 444 653 489 zelandosque
677 452 760 489 nune
784 443 820 475 lit
842 453 888 474 re-

25 498 93 522 rum
111 487 239 519 sumina.
293 486 380 530 Quin
400 485 420 516 fi
446 486 496 516 vel
515 485 607 516 multi
628 485 887 530 admitterentur,

25 540 86 566 non
106 538 206 560 tamen
225 528 263 560 ab
277 528 323 559 his
335 527 533 559 metuendum
545 549 556 564 ,
578 536 651 558 cum
667 535 729 557 non
748 525 783 558 sit
802 526 888 557 Prin-

25 582 97 613 ceps
111 571 311 612 peregrinus,
333 569 384 608 qui
399 569 428 599 in
444 577 508 598 rem
527 567 608 599 suam
620 567 816 608 Reipublicae
832 568 888 613 ob·-

25 613 146 650 trudat,
171 613 268 651 &per
285 619 337 640 cos
358 619 405 642 rcs
425 618 520 642 novas
538 609 694 640 moliatur.
729 608 888 649 Peregrini

19 656 114 688 'etiam
129 677 136 686 .
162 652 182 685 fi
200 653 251 683 vel
277 650 452 694 promiscue
472 651 736 696 admitterentur,
760 660 824 682 non
844 659 889 697 es-

24 696 91 729 sent
112 704 150 726 ex
175 703 237 725 uno
261 692 435 733 eodemque
458 693 530 724 loco
550 714 560 730 ,
595 700 692 732 utque
721 700 763 723 ita
793 692 889 723 ccsset

22 746 145 774 metus,
169 735 220 776 qui
238 735 316 766 olim
331 734 410 772 fuit,
444 744 483 766 ne
507 734 593 765 forte
614 732 823 779 conspiratuii
841 742 888 765 es-

24 778 91 820 sent
128 777 159 808 in
191 776 282 807 unius
317 776 515 816 ejusdemque
555 774 710 816 Principis
746 783 888 815 gratiam.

24 819 154 866 Quum,
174 826 209 849 ut
226 817 302 849 olim
320 817 479 855 Comites,
505 816 545 849 fic
567 815 671 857 postea
696 814 889 862 Gubernato-

22 855 94 899 res,
116 858 310 900 Reipublicae
334 859 469 890 libertati
486 858 702 903 imminerent,
725 865 820 889 etiam
840 865 890 906 pe-

23 902 141 942 reerini
162 902 192 933 in
213 900 292 932 hanc
313 910 376 931 rem
397 900 526 931 adhibiti
547 901 637 937 lunt,
661 902 710 936 ἃ,
735 908 803 944 qua:
825 898 889 944 §Ju-

22 936 226 976 'bernatorum
245 942 415 973 auctoritas
433 950 498 972 crat
510 963 520 980 ,
546 939 625 982 saepe
641 939 753 972 frustra
767 941 804 971 iis
820 941 890 971 lunt

23 985 157 1026 objectae
177 982 274 1025 Leges
292 982 414 1014 Patriae.
470 1012 473 1020 ,
740 1024 745 1028 .

67 1026 165 1071 Qut-d
182 1033 285 1055 autem
306 1023 511 1056 Trevirenses
532 1034 589 1061 eo,
615 1023 697 1063 quod
716 1023 802 1068 dixi,
828 1022 890 1068 De?

25 1077 116 1102 creto
140 1066 236 1097 etiam
257 1063 389 1104 Gallos,
415 1067 467 1105 qui
494 1073 636 1105 tempore
658 1063 732 1095 facti
759 1064 889 1109 Decreti

21 1111 56 1144 in
74 1108 228 1148 dignitate
249 1113 356 1139 erant.
390 1114 425 1136 ea
446 1104 673 1146 spoliaverint,
697 1105 828 1137 omnino
845 1105 889 1136 di-

23 1141 145 1192 splicet.
192 1146 338 1188 Dignitas
356 1156 394 1178 ne
415 1156 592 1188 quaeratur,
617 1147 700 1178 rede
724 1145 892 1193 statuitur,

21 1200 59 1226 nt
77 1188 204 1231 quaelita
228 1188 343 1229 absque
370 1188 502 1220 crimine
522 1186 683 1220 auferatur
701 1210 711 1226 ,
741 1197 805 1220 non
828 1189 891 1219 line

18 1232 146 1272 jnjuriti.
191 1229 359 1269 Benignius
382 1228 510 1271 propter
536 1230 708 1261 utilitatem
734 1229 890 1270 publicam

18 1274 62 1307 ad
84 1272 220 1305 Plinium
238 1271 392 1311 rescripsit
411 1271 567 1310 Traianus
591 1271 673 1344 (zg,
706 1280 746 1303 ne
767 1279 784 1301 e
800 1271 890 1309 Sena-

17 1310 62 1348 ''tu
86 1313 237 1346 Civitatis
269 1312 446 1354 Bithynicae
472 1313 604 1358 ejiceret
658 1312 724 1344 ives
751 1312 892 1350 alienos,

15 1343 166 1409 ¹quamvis
182 1353 295 1386 contra
318 1353 417 1396 legem
440 1353 621 1394 adieriptos.
668 1353 711 1385 Et
728 1353 892 1399 beni‘vnius

18 1394 160 1431 ,Lai-olus
178 1395 217 1427 V.
242 1396 274 1427 in
290 1395 458 1437 privilegio
471 1419 479 1432 ,
492 1394 660 1427 Hollandis
672 1396 747 1426 dato
765 1377 889 1441 7:34³}-

19 1436 121 1480 ,κδ-5.
144 1437 202 1479 (3)
227 1446 322 1478 quum
351 1437 433 1468 enim
461 1445 520 1474 ee,
550 1444 586 1468 ut
607 1446 682 1468 mox
701 1437 824 1477 plenius
845 1435 890 1467 di-

16 1471 115 1519 ssJcam,
137 1478 320 1519 quibusdam
337 1478 508 1525 peregrinis
528 1478 730 1519 dignitatibus
756 1477 788 1509 in
812 1475 892 1523 Hol3

24 1522 127 1556 landia
149 1514 546 1561 fungendis‘iflterdixiflet
563 1542 573 1558 ,
613 1519 652 1551 iis
680 1528 801 1557 tamen,
837 1527 891 1560 qui

23 1562 230 1605 dignitatibus
251 1570 326 1593 tunc
342 1560 572 1602 fungebantur,
597 1561 662 1592 vim
683 1561 750 1593 fieri
779 1560 889 1591 vetuit.

18 1603 195 1645 Benignius
223 1603 317 1634 etiam
349 1601 502 1635 Hollandi
523 1625 534 1641 ,
564 1603 647 1643 qui,
682 1612 787 1649 quumn
809 1610 892 1633 anno

0 1642 119 1686 ‘,1658.
151 1644 325 1686 Syndicos,
357 1644 498 1680 Scribas,
533 1644 671 1685 aliosque
703 1641 891 1690 Ministros,

16 1696 104 1729 >,quos
119 1686 219 1718 Urbes
232 1685 390 1717 adducunt
408 1686 446 1717 ad
466 1685 607 1717 Comitia
631 1685 786 1718 Ordmurn
811 1683 891 1726 Hol-

15 1727 156 1766 .landiae,
178 1728 357 1769 peregrinos
377 1727 438 1759 esse
461 1727 650 1765 vetuissent,
675 1726 763 1771 fimul
790 1734 891 1773 tannen

16 1766 246 1808 sanciverunt,
270 1777 321 1808 ut,
348 1770 400 1809 qui
424 1778 500 1800 tunc
518 1768 616 1810 essent
644 1778 818 1813 peregrini,
843 1770 891 1799 ol-

15 1807 132 1844 'ficium
161 1808 249 1842 suum
272 1810 445 1842 retinerent
466 1809 497 1851 §.
524 1819 554 1851 7.
580 1809 711 1842 Deci-eti
735 1809 892 1851 Ordinum

16 1848 111 1890 'HolL
141 1861 189 1892 14.
214 1852 292 1893 Maj.
330 1854 418 1893 1658.
445 1851 527 1924 (35).
575 1851 611 1885 In
637 1850 766 1884 transitu
791 1859 890 1888 noto,

23 1893 110 1935 quod
123 1892 225 1926 notari
242 1901 400 1932 meretur,
425 1893 456 1924 id
505 1901 644 1924 ecretum
666 1893 820 1925 duntaxat
843 1892 889 1938 lo-

19 1935 76 1976 'qui
96 1934 135 1965 de
161 1934 326 1976 Syndicis,
349 1934 487 1972 Scribis,
510 1935 642 1975 aliisque
666 1933 801 1966 Urbium
824 1933 889 1979 Mi-

15 1974 144 2014 pistris,
170 1976 212 2009 fic
226 1975 309 2007 enim
330 1983 460 2008 cautum
475 1974 521 2007 est
545 1975 574 2015 §.
594 1984 619 2006 1.
642 1975 718 2016 quid
744 1984 820 2016 ergo
844 1974 890 2005 di-

21 2026 129 2056 cemus
145 2016 184 2048 de
207 2015 344 2058 ipsorum
360 2017 515 2049 Ordinum
530 2016 689 2058 Syndico,
711 2016 818 2048 Scriba
839 2016 891 2048 vel

23 2058 161 2099 Scribis,
184 2058 295 2091 aliisve
317 2057 503 2090 Ministris?
527 2057 646 2090 Eadem
663 2058 775 2098 plane.
790 2058 812 2090 fi
826 2066 890 2103 non

20 2099 124 2139 >major
141 2100 173 2131 in
193 2099 264 2138 his,
297 2099 318 2132 fi
342 2099 498 2142 peregrini
524 2099 581 2131 sint
596 2122 605 2137 ,
644 2098 785 2130 arcendis
807 2107 892 2145 ratio

22 2138 79 2179 est.
124 2140 206 2179 Sed,
227 2149 263 2172 ut
281 2140 369 2180 dixi,
392 2141 478 2174 nulla
495 2141 576 2172 ratio
594 2139 657 2180 est,
689 2149 790 2179 neque
808 2149 891 2172 enim

23 2181 196 2214 Barneveld
212 2181 350 2214 deterius
372 2181 500 2224 Syndici
530 2191 642 2213 munus
666 2180 776 2223 geffit,
799 2190 892 2223 quam

24 2223 104 2254 alius
119 2222 290 2263 quisquam.
779 2262 782 2264 -
834 2264 840 2269 .
868 2263 874 2269 .

69 2262 219 2295 Ceterum
236 2264 391 2305 generalia
415 2265 470 2296 illa
490 2265 529 2297 de
549 2263 694 2298 omnibus
743 2273 891 2304 eregrmis

21 2304 223 2337 'excludendis
249 2305 414 2346 privilegia
432 2305 502 2346 ipfis
527 2305 634 2347 postea
659 2305 692 2337 H
730 2306 826 2347 landis
846 2306 889 2336 di-

15 2344 236 2387 }splicuerunt,
269 2346 415 2388 mitigato
436 2347 519 2378 enim
542 2357 652 2379 eorum
678 2347 800 2388 rigore,
821 2345 889 2392 ,suc-

24 2387 112 2423 ceffit
143 2387 190 2427 jus
218 2386 299 2428 quasi
328 2388 477 2420 talionis:
509 2398 579 2420 nam
605 2397 683 2420 ecce
707 2388 889 2429 petentibus

15 2426 204 2461 :Hollandiae
228 2428 399 2461 Ordinibus
424 2428 558 2462 Carolus
575 2429 615 2461 V.
641 2429 766 2474 73MaJ'.
796 2437 888 2468 1555.

23 2469 190 2507 conceffit,
213 2470 388 2510 neminem,
414 2480 504 2502 extra
529 2469 731 2502 Hollandiam
760 2476 889 2507 natum,

15 2510 73 2546 subi
92 2510 238 2542 Hellandi
257 2510 470 2550 excluduntur,
493 2512 693 2543 neminemve
710 2519 799 2556 extra
817 2510 887 2542 Bel-

22 2551 108 2593 gium
127 2560 257 2591 natum,
280 2560 334 2583 aut
350 2553 404 2584 Bel
431 2554 488 2584 icae
507 2553 620 2594 linguae
639 2552 837 2593 imperitum,
850 2551 888 2582 ad

16 2592 117 2630 ‚ullam
135 2593 320 2634 dignitatem
340 2593 369 2626 in
423 2594 557 2627 ollandia
575 2593 801 2625 admittendum
813 2602 887 2630 ,ex-

19 2635 119 2675 'ceptis
139 2633 411 2667 Gubernatoribus
435 2637 464 2668 ὅ(
484 2634 654 2675 Equitibus
675 2635 758 2665 aurei
783 2633 888 2665 Velle-

14 2673 72 2707 'ris.
120 2674 218 2721 Quod
233 2675 433 2717 privilegium
450 2676 652 2708 confirmavit
667 2675 830 2717 Philippus
846 2674 887 2707 ΙΙ.

11 2713 155 2756 ·'Hil'pan.
175 2716 244 2747 Rex
266 2725 311 2756 17.
330 2716 411 2750 Dec.
433 2721 522 2758 1556.
549 2717 566 2757 ζ
567 2717 617 2758 5).
664 2717 779 2754 Vides,
803 2725 887 2757 pere-

14 2754 127 2808 'grinos
143 2757 294 2795 excludi,
321 2756 372 2789 sed
392 2759 460 2799 jure
486 2759 632 2797 talionis,
662 2757 751 2790 vides
776 2757 888 2799 Belgas

20 2807 128 2831 omnes
152 2798 184 2829 in
201 2797 311 2839 Belgio
331 2799 473 2838 admitti,
497 2800 526 2831 ἃ
550 2799 661 2837 vides,
684 2799 789 2840 Belgis
809 2798 886 2844 dun-

21 2839 108 2872 ‘taxat
126 2838 277 2878 admistis,
299 2838 478 2872 Austriacos
495 2842 524 2873 dt
541 2840 702 2883 Hispanos
714 2864 724 2879 ,
741 2850 758 2872 a
777 2840 888 2886 quibus

19 2878 100 2913 'tunc
119 2889 222 2912 metus
239 2888 324 2919 erat,
349 2881 449 2912 adhuc
466 2882 610 2921 excludi,
633 2881 683 2913 sed
701 2876 826 2914 excludi
842 2890 886 2912 in-

20 2918 70 2953 ‘ter
88 2924 220 2953 ceteros.
268 2920 312 2953 Ut
331 2930 365 2951 ut
381 2930 486 2953 autem
503 2922 573 2954 sana
591 2923 673 2955 ratio
693 2923 817 2955 nullum
836 2930 888 2963 pe-

19 2963 194 3005 regrinum,
219 2961 275 2994 nisi
289 2962 514 3004 periculosum,
538 2971 660 3004 arceat,
683 2963 824 3005 iniquum
843 2971 886 2995 ta-

19 3085 22 3088 ’
60 3094 121 3131 (2)
142 3093 225 3130 Apud
241 3094 362 3123 Plinium
384 3093 417 3122 L.
439 3094 476 3122 x.
497 3093 578 3132 Epist.
601 3100 664 3127 116.

59 3130 121 3170 (3)
145 3133 217 3160 Plac.
238 3133 274 3160 11.
303 3133 422 3173 Agneud.
449 3133 536 3163 Etim.
563 3133 648 3165 Caret.
669 3136 706 3166 V.
733 3145 760 3165 η.
787 3145 831 3174 ις.
853 3148 881 3177 p.

22 3173 114 3205 2072„
130 3169 166 3204 ὅ)
184 3170 256 3197 Plac.
279 3172 328 3198 lll.
353 3180 375 3198 1.
399 3180 423 3199 1.
448 3179 493 3200 20.

56 3210 116 3248 (4)
139 3209 213 3238 Βίας.
231 3209 280 3238 lu.
304 3217 328 3238 1.
351 3217 376 3244 3.
399 3218 427 3244 4.

601 115 831 164 Juu1s
892 115 1238 159 PUBLter,

1291 117 1377 154 Lm.
1404 121 1446 156 11.
1481 124 1518 158 e.
1543 110 1603 162 xi.
1730 119 1799 170 235

935 204 1006 228 men
1022 205 1084 227 non
1103 194 1165 234 est,
1190 203 1226 227 ut
1242 197 1336 229 etiam
1354 199 1400 230 illi
1426 209 1464 233 ex
1488 203 1577 234 causa
1597 203 1800 246 peregrinita-

935 239 976 270 tis
992 246 1176 275 arceantur,
1198 240 1250 278 qui
1268 238 1340 270 inde
1357 240 1478 272 oriundi
1500 242 1569 275 sunt
1581 268 1590 283 ‚
1616 247 1665 277 ubi
1684 245 1801 278 nostra2

935 289 981 312 tes
999 279 1067 320 lege
1086 279 1136 310 vel
1156 287 1245 310 more
1263 279 1415 312 Civitatis
1429 291 1587 316 arcentur.
1634 287 1728 328 quue
1748 287 1804 319 ser-

935 321 998 352 vari
1023 321 1149 360 jubetur
1174 318 1318 352 Decreto
1352 323 1509 356 Ordinum
1543 324 1721 360 Hollandiae
1751 338 1797 365 19.

933 362 1008 402 Apr.
1039 365 1128 402 1631.
1153 361 1286 403 aliisque
1310 372 1402 403 quam
1423 366 1584 406 plurimis,
1609 377 1675 408 quae
1699 370 1799 407 mihi,

933 403 1010 435 Atta
1029 403 1184 434 Ordinum
1214 403 1400 444 evolventi,
1430 415 1646 440 occurrerunt.
1693 409 1800 441 Habet

933 444 1017 476 &de
1037 443 1088 484 his
1107 443 1253 484 quaedam.
1278 444 1410 479 Grotius
1435 447 1560 490 Apolog.
1589 450 1621 481 C.
1646 450 1744 482 xlii:
1769 452 1803 482 dc

933 485 1171 526 Groenewegen
1189 487 1221 516 cle
1240 485 1312 518 LL.
1338 490 1437 531 abrog.
1460 491 1498 520 ad
1515 490 1534 520 l.
1557 491 1612 522 ult.
1632 492 1663 523 C.
1683 493 1715 522 (ἵε
1735 493 1799 522 Cri<

932 529 1008 558 mirre
1031 527 1175 568 Sacrileg.
1200 526 1250 558 sed
1273 538 1331 559 nce
1355 528 1425 562 satis
1451 530 1634 572 diligenter,
1659 542 1718 565 nec
1739 533 1802 564 lau-

931 568 1012 600 datis
1031 568 1280 600 auetoritatibus.
1550 611 1553 615 ⁴

963 609 1075 651 igitur
1101 610 1276 652 peregrini,
1306 612 1358 652 qui
1385 613 1564 647 Hollandos
1594 616 1658 647 n'on
1690 616 1800 648 exclu-

931 651 1032 689 dunt,
1056 660 1157 691 neque
1170 652 1211 689 tin
1235 651 1407 686 Hollandia
1430 657 1468 687 ab
1493 656 1665 689 honoribus
1689 658 1801 690 ext-lum

931 694 1057 725 duntur.
1113 692 1196 724 flaec
1216 692 1284 724 esto
1308 696 1435 736 regula,
1468 696 1518 729 seu
1550 699 1587 730 ab
1610 698 1668 730 hac
1691 696 1803 740 excipe

932 733 1086 775 Syndicos
1104 734 1134 765 &
1160 734 1305 774 Scribas,
1331 746 1411 777 quos
1431 739 1636 780 Magistratus
1666 740 1800 773 Urbium

934 774 1081 808 Comitiis
1109 775 1263 807 Ordinem
1298 778 1442 810 interesse
1468 782 1602 821 volunt,
1636 781 1665 812 hi
1695 783 1802 822 enim,

933 817 1055 857 origine
1074 817 1251 858 peregrini,
1273 818 1393 861 semper
1411 821 1622 855 excluduntur
1638 833 1679 855 ex
1694 825 1724 856 d.
1737 823 1802 856 De-

933 867 1023 890 creto
1044 861 1135 899 1658.
1160 868 1218 889 nee
1238 860 1403 900 quicquam
1424 863 1541 903 refert,
1567 864 1619 895 ubi
1635 866 1699 897 nati
1719 866 1803 903 sint,

934 901 963 932 ὃς
979 909 1017 931 an
1034 899 1076 930 ibi
1102 899 1249 932 Hellandi
1277 902 1504 944 excludantur,
1536 915 1595 937 nec
1616 916 1667 938 ne.
1710 907 1803 939 Addo

933 941 1023 973 aliam
1047 942 1286 981 exceptionem,
1318 952 1411 984 quam
1439 944 1607 988 suggerunt
1634 948 1720 980 varia
1741 949 1801 980 Ur-

933 982 1018 1014 bium
1036 982 1218 1023 privilegia,
1243 993 1314 1024 quae
1332 984 1421 1025 supra
1446 989 1636 1028 compendio
1661 999 1803 1022 comme-

933 1024 1103 1055 morabam.
1151 1024 1232 1056 Haec
1250 1025 1415 1067 privilegia
1434 1028 1565 1067 tollere,
1590 1039 1625 1061 ut
1641 1031 1672 1062 in
1692 1032 1802 1064 Comi-

935 1073 1000 1101 tum
1024 1063 1178 1105 potestate
1199 1074 1263 1096 non
1277 1065 1363 1105 fuit,
1387 1067 1429 1099 fic
1449 1079 1508 1100 nec
1526 1070 1570 1102 est
1592 1073 1623 1103 in
1648 1072 1804 1112 potestate

934 1106 1103 1137 Ordinum.
1149 1105 1210 1141 Fac
1235 1106 1349 1153 igitur,
1372 1109 1535 1152 privilegia
1560 1122 1667 1143 arcere
1687 1124 1704 1145 a
1731 1115 1803 1146 Ma-

957 1146 1062 1178 istratu
1090 1147 1142 1179 vel
1173 1147 1367 1188 Conlulatu,
1398 1151 1449 1191 qui
1482 1156 1546 1185 non
1583 1162 1673 1185 certo
1703 1156 1804 1187 tractu

970 1188 1137 1227 ollandiae,
1172 1189 1225 1221 vel
1250 1189 1282 1221 in
1309 1190 1373 1231 ipsa
1394 1192 1480 1224 Urbe
1496 1217 1505 1233 ,
1537 1195 1575 1227 de
1597 1205 1656 1236 qua
1681 1197 1807 1238 agitur,

935 1237 1024 1261 natus
1040 1228 1103 1268 est,
1127 1234 1236 1271 utique
1262 1231 1304 1263 ibi
1329 1231 1498 1266 secundum
1516 1245 1550 1268 ea
1573 1246 1636 1268 non
1656 1237 1806 1269 admitte-

935 1280 1004 1308 mus
1020 1272 1238 1313 peregrinum,
1261 1273 1338 1305 licet
1354 1283 1480 1314 natum,
1498 1277 1549 1309 ubi
1567 1277 1720 1311 Hollandi
1739 1289 1807 1313 non

936 1312 1166 1353 excluduntur,
1198 1323 1268 1345 nam
1287 1314 1336 1355 jus
1356 1318 1525 1357 generale,
1560 1320 1646 1360 quod
1670 1330 1711 1352 ex
1734 1319 1808 1362 lege

936 1354 1061 1386 talionis
1076 1353 1121 1386 est
1132 1378 1141 1393 ,
1155 1355 1301 1396 quodque
1313 1356 1486 1391 Ordinibus
1502 1360 1681 1394 Hollandiae
1697 1361 1806 1403 postea

936 1396 1076 1437 placuit,
1105 1397 1263 1429 anteriora
1288 1397 1421 1430 Urbium
1441 1401 1606 1444 privilegia
1633 1411 1696 1435 non
1714 1405 1806 1436 abro-

935 1447 1008 1485 gare
1024 1437 1054 1469 ἀ
1072 1438 1154 1469 ratio
1174 1437 1288 1478 docet,
1312 1440 1342 1471 δι
1367 1440 1556 1480 justinianus
1582 1444 1749 1477 constituit
1771 1447 1806 1478 in

936 1481 963 1521 §-
985 1490 1015 1520 4.
1042 1477 1262 1520 Confluat-ionis
1282 1480 1323 1512 ΙΙ.
1347 1483 1381 1512 de
1403 1482 1603 1525 Confirmando
1624 1487 1735 1519 Codice.

932 1554 935 1556 ,
978 1521 1038 1553 Sed
1056 1521 1130 1562 quid
1145 1521 1284 1554 dicemus
1301 1522 1341 1553 de
1358 1523 1416 1562 iis,
1438 1526 1550 1566 quibus
1567 1527 1702 1560 Ordines
1718 1528 1802 1561 Hol-

928 1562 1045 1600 ‚landiae
1064 1563 1239 1595 nativit-atis
1253 1565 1421 1606 peregrinas
1433 1567 1563 1607 gratiam
1578 1568 1803 1608 faciunt,con-

929 1603 1022 1635 -ceffis
1041 1603 1286 1645 diplomatibus,
1312 1615 1381 1647 quae
1404 1617 1560 1641 vocantur
1587 1610 1716 1642 Brieven
1739 1622 1804 1644 van.

936 1645 1186 1687 Naturalssztie?
1207 1647 1360 1679 Sci-ibunt
1378 1648 1531 1683 Hollandi
1559 1651 1637 1693 (6),
1662 1653 1730 1684 haec
1754 1654 1801 1685 di-

935 1687 1096 1728 plomata,
1126 1687 1306 1729 simpliciter
1331 1690 1497 1730 concess'a,
1529 1693 1608 1726 nihil
1634 1694 1803 1736 quicquam

937 1728 1076 1801 praebere
1100 1729 1156 1762 nifi
1178 1731 1227 1770 jus
1247 1730 1380 1771 subditi,
1415 1740 1450 1764 ut
1477 1732 1600 1766 scilicet
1623 1737 1805 1777 peregrinus

959 1770 1086 1802 abeatur
1102 1780 1161 1812 pro
1177 1772 1323 1812 subdito,
1347 1773 1377 1806 «St
1391 1774 1470 1815 apud
1488 1784 1546 1808 nos
1565 1775 1671 1808 forum
1697 1778 1805 1810 sortia-

936 1819 1007 1851 tur,
1030 1822 1092 1844 non
1118 1822 1195 1845 vero
1213 1814 1355 1857 prodesse
1370 1816 1408 1847 ad
1428 1816 1581 1856 honores,
1605 1817 1660 1850 nisi
1683 1817 1801 1861 specia-

934 1853 1010 1885 liter
1033 1854 1094 1886 hoc
1115 1854 1151 1887 iis
1170 1854 1208 1887 fit
1232 1855 1391 1888 insertum.
1444 1856 1469 1888 F
1472 1859 1701 1899 requentissima
1733 1860 1805 1893 sunt

933 1895 1086 1934 ejusmodi
1112 1896 1304 1938 diplomata,
1326 1898 1377 1931 sed
1405 1899 1457 1929 cui
1483 1899 1586 1938 bono,
1620 1900 1705 1932 dicat
1727 1901 1803 1934 Cas-

934 1936 1018 1968 sius?
1041 1937 1121 1969 Sane
1147 1938 1223 1969 mihi
1243 1938 1390 1972 videntur
1411 1940 1517 1981 exigui
1544 1941 1635 1982 plane
1660 1941 1749 1983 usus,
1780 1944 1804 1977 fi

935 1977 1037 2019 leges,
1060 1988 1134 2019 quas
1156 1979 1238 2019 dixi,
1262 1989 1449 2013 revocemus
1474 1984 1504 2013 in
1529 1983 1723 2016 memoriam.
1769 1986 1804 2018 Si

935 2028 971 2050 ea
995 2019 1189 2060 diplomata,
1218 2021 1400 2062 simpliciter
1427 2022 1571 2055 concessa
1587 2047 1596 2063 ,
1627 2034 1692 2056 non
1719 2035 1799 2066 prae-

935 2060 1029 2092 beant
1047 2060 1101 2092 nisi
1117 2061 1165 2101 jus
1183 2061 1298 2094 subditi
1314 2064 1344 2095 ὃς
1358 2063 1421 2094 fori
1434 2087 1442 2101 ‚
1469 2065 1577 2105 utique
1601 2066 1732 2107 quisque
1745 2077 1798 2108 pe-

931 2102 1075 2142 regrinus
1098 2103 1128 2133 dt
1155 2103 1274 2135 advena
1297 2104 1328 2135 id
1351 2104 1562 2145 nanciscitur,
1584 2107 1636 2138 ubi
1656 2117 1672 2138 a
1697 2108 1803 2150 Magi-

934 2141 1032 2174 stratu
1048 2142 1163 2182 Urbis,
1186 2144 1216 2176 in
1236 2154 1328 2186 quam
1348 2145 1478 2178 Penates
1493 2146 1564 2179 suos
1581 2147 1755 2188 transtulit,
1770 2151 1802 2183 in

933 2193 1097 2217 numerum
1122 2184 1248 2218 Civium
1272 2186 1317 2219 est
1339 2196 1504 2228 receptus,
1539 2190 1804 2230 quemadmodum

934 2225 1139 2266 Magistratus
1169 2226 1356 2268 singularum
1384 2228 1519 2260 Urbium
1546 2238 1688 2272 quosque
1715 2241 1803 2273 pere-
1839 2253 1843 2257 -

932 2267 1041 2308 grinos
1061 2268 1091 2299 ἃ
1112 2268 1245 2301 advenas
1261 2268 1302 2301 fic
1316 2270 1473 2312 recipiunt
1492 2272 1644 2312 quotidie.
1669 2273 1702 2305 In
1721 2273 1802 2306 hanc

934 2317 998 2339 rem
1018 2309 1113 2349 igitur
1134 2309 1304 2352 privilegio
1321 2311 1475 2344 Ordinum
1494 2322 1571 2354 opus
1588 2323 1652 2345 non
1673 2311 1727 2346 est.
1767 2316 1801 2348 Si

929 2349 1072 2390 diploma
1092 2351 1273 2383 concessum
1296 2351 1334 2384 sit
1360 2352 1397 2383 ad
1422 2354 1575 2394 honores,
1600 2355 1636 2386 ad
1664 2355 1801 2388 honores

931 2390 1091 2432 proderit,
1117 2390 1168 2423 sed
1186 2393 1216 2424 ὅ(
1236 2394 1425 2434 peregrinis,
1450 2395 1545 2426 etiam
1564 2395 1627 2428 fine
1647 2396 1800 2437 diploma·

933 2440 982 2470 te,
1015 2441 1069 2464 eos
1094 2432 1248 2473 capess'ere
1271 2435 1373 2473 licet,
1401 2435 1497 2467 modo
1525 2437 1590 2467 nati
1613 2437 1674 2478 vsint
1701 2438 1733 2469 in
1760 2441 1803 2470 eo*

933 2471 1087 2513 Imperio,
1122 2474 1173 2505 ubi
1202 2474 1356 2508 nostrates
1381 2486 1445 2508 non
1473 2477 1691 2510 excluduntur.
1745 2480 1801 2512 Sin

932 2514 1013 2553 ajas,
1038 2514 1204 2556 privilegia
1221 2524 1323 2547 tamen
1345 2516 1478 2549 Urbium
1496 2518 1648 2559 plurimos
1671 2529 1793 2559 arcere,

931 2555 983 2585 v'el
1001 2564 1064 2586 non
1081 2564 1172 2587 natos
1188 2556 1220 2588 in
1240 2557 1277 2589 iis
1292 2557 1363 2598 ipfis
1381 2558 1537 2598 Urbibus,
1558 2560 1610 2592 vel
1627 2570 1691 2592 non
1707 2571 1801 2595 natos

930 2603 1021 2627 certo
1041 2604 1191 2629 terrarum
1207 2598 1324 2638 tractu,
1348 2599 1392 2631 lar
1416 2600 1482 2639 ior,
1502 2599 1553 2633 sed
1576 2611 1612 2633 ea
1626 2602 1800 2643 diplomata

928 2638 1103 2678 ,peregrinis
1119 2648 1182 2670 non
1199 2640 1268 2680 plus
1283 2609 1494 2681 praestafiunt,
1518 2651 1608 2683 quam
1626 2643 1695 2684 ipfis
1714 2644 1798 2677 Hol-

930 2679 1049 2718 landis,
1068 2679 1111 2710 ibi
1128 2689 1191 2712 non
1211 2681 1301 2712 natis.
1327 2682 1410 2728 Quae
1423 2683 1518 2724 igitur
1556 2684 1696 2725 rivilegia
1713 2685 1798 2726 ipsos

929 2718 1109 2752 h'ollandos
1123 2721 1317 2762 excludunt,
1342 2724 1436 2755 etiam
1464 2734 1524 2756 exc
1540 2725 1634 2757 udent
1660 2727 1795 2768 peregri—

928 2769 1008 2801 nos,
1035 2771 1106 2793 cum
1122 2762 1274 2795 Ordinum
1296 2774 1355 2795 nec
1373 2774 1476 2805 mens,
1506 2776 1566 2797 nec
1592 2766 1687 2797 etiam
1706 2776 1797 2807 pote-

931 2800 990 2834 stas
1011 2802 1065 2842 fit,
1091 2803 1240 2836 conceffis
1256 2804 1319 2837 illis
1334 2806 1577 2846 diplomatibus,
1601 2807 1715 2838 tollere
1735 2809 1795 2848 pri-

931 2844 1048 2885 vilegia
1063 2844 1206 2876 Urbium.
1253 2846 1285 2877 Si
1303 2847 1376 2887 quid
1395 2848 1510 2886 video,
1534 2848 1587 2879 illa
1605 2847 1798 2890 diplomata,v

930 2883 1113 2926 simpliciter
1139 2886 1284 2919 concessa
1300 2909 1311 2925 ,
1341 2888 1419 2920 nihil
1442 2889 1607 2929 quicquam
1633 2889 1796 2931 tribuunt,

931 2927 1096 2969 quod-non
1117 2927 1322 2968 Magistratus
1338 2929 1410 2960 dare
1425 2929 1536 2970 poffic,
1567 2929 1609 2961 fin
1627 2938 1731 2962 autem
1757 2934 1796 2964 ad

931 2966 1067 3002 honores
1089 2968 1327 3008 concedantur,
1346 2969 1503 3011 duplicem
1525 2971 1666 3011 praebent
1687 2971 1795 3012 usum;

1717 3015 1795 3047 alte-⁴

964 3100 1024 3136 (ς)
1045 3099 1148 3135 Repert.
1170 3086 1255 3129 Curioe
1270 3102 1342 3130 Heu.
1364 3110 1391 3138 p.
1415 3105 1458 3132 86.
1481 3103 1512 3130 B.
1539 3080 1542 3081 ⁷

964 3139 1023 3174 (6)
1045 3139 1106 3165 Van
1123 3139 1216 3167 Zurck
1235 3140 1296 3169 Cod.
1317 3140 1380 3169 Bar.
1401 3142 1498 3170 Verbo
1514 3140 1706 3182 Naturalisatie
1721 3143 1744 3180 ς.
1762 3151 1791 3173 20⁴

928 3174 954 3204 ἃ
975 3177 1002 3203 in
1019 3182 1079 3203 not.
1100 3176 1135 3204 ad
1150 3176 1174 3213 ς.
1191 3185 1217 3206 1.

1015 3259 1119 3294 Kkz

1369 3216 1382 3230 s
1418 3210 1422 3214 s
