2008 3436
131 120 574 164 OBSERVATIONUM
626 118 759 167 JURIS
813 115 1027 154 ROMANI
1086 115 1174 152 LIB.
1203 117 1267 153 111.

35 207 182 249 lurcqfum
207 214 360 246 reponem,
393 205 423 236 δε
442 211 517 235 mox
536 200 674 241 ingluvie
694 207 754 240 pro
770 198 898 246 diluvia,

36 249 85 281 sed
110 260 178 291 quae
197 249 301 281 omnia
316 272 325 285 ‚
360 245 458 278 tacito
480 243 622 281 nomine,
649 241 730 286 reete
746 243 901 286 resistam:

36 290 183 331 Cujacius
198 293 226 323 d.
253 291 288 320 Ῑ,.
312 288 371 321 XI.
399 286 528 326 observ.
550 285 583 316 C.
605 293 650 314 io.
674 291 763 322 cujus
780 285 899 313 leiiten-

37 332 111 364 tiain
136 332 193 364 hac
219 340 323 373 parte,
354 328 483 360 omnino
507 325 628 367 probo.
654 324 798 369 ‹iudi-izvis
816 330 899 370 rapo-

34 384 99 405 nem
113 382 239 415 quoque
256 371 400 403 exhibeat
427 369 474 400 M.
494 370 525 399 S.
551 366 688 398 iiiiz'ilirdi
700 389 708 404 ,
725 372 769 396 iit
784 367 848 406 ipse
863 365 900 396 ad

32 415 63 446 b.
88 415 125 447 L.
150 415 283 446 notavit.
330 411 488 444 Caeterum
499 407 690 449 absqueiilia
707 406 900 438 emendatio-

33 466 74 488 ne
100 455 165 488 haee
191 456 282 486 verba
308 451 434 492 Ulpiani
463 448 535 482 satis
551 450 628 481 milii
645 448 793 480 videntur
810 447 900 480 subfi-

35 497 130 537 stere‚
155 496 174 528 fi
192 497 241 527 vel
261 494 364 534 birci-Ji
383 491 578 532 &strabones
594 489 820 532 significatione
830 489 899 521 vul-

34 538 98 580 gari
123 537 335 578 accipiantur3
367 536 409 567 ita
429 534 513 564 enim
534 532 677 570 dixisset,
703 541 774 562 eum
789 531 839 562 eui
864 540 900 562 os

34 579 118 619 olet,
153 577 333 610 morbosum
358 585 421 608 non
443 574 521 613 esse,
553 574 598 605 uti
617 582 718 614 neque
735 571 900 618 hircosus,

34 629 134 661 neque
158 618 258 651 strabo
288 616 452 650 morbosus
473 615 535 655 est,
569 625 657 655 acque
676 613 795 646 scilicet
812 615 901 645 Ianos

32 660 111 700 ess'e,
136 661 248 701 quibus
266 669 302 692 os
315 660 394 691 male
410 658 494 697 olet,
519 667 554 688 ac
570 659 681 698 quibus
700 655 765 701 alai.
811 654 904 686 Diffi-

34 703 126 735 cilius
141 701 204 741 cst,
237 703 322 743 quo-d
337 702 374 732 de
395 698 536 731 strabone
561 697 714 739 sequitur,
729 696 791 742 *led
806 706 902 736 quum

33 745 66 776 id
81 744 195 775 vitium
213 753 275 774 non
294 743 329 775 iit
347 742 479 779 vitium,
504 740 588 780 quod
606 739 643 770 ad
664 738 843 769 lEalilitiiiin
861 738 900 770 E-

35 784 172 824 dictum,
195 784 278 816 reae
295 784 390 815 etiam
407 782 469 813 lioe
484 781 632 822 exemplo
650 780 764 818 utitur,
784 779 830 810 liis
845 778 900 818 ita,

27 820 179 873 ‘quamvis
209 824 365 857 strabones
388 833 450 856 non
464 821 621 859 foeteant‚
644 820 727 851 recte
743 830 900 861 compara-

37 875 89 900 tis.
134 867 185 900 Sic
203 867 279 899 licet
295 864 491 906 interpretari
512 863 701 906 Ulpianum,
726 862 776 893 vel
794 862 901 902 potius

35 908 226 940 Trebatium
243 931 253 948 ,
286 907 316 939 δε
343 906 431 938 finiul
448 903 600 936 abstinere
621 903 783 944 plurimis,
808 911 902 943 atque

38 949 88 981 his
102 950 230 981 incertis
245 946 522 980 emendationibus,

82 990 187 1029 Magis
201 989 405 1021 existimarem
416 1010 425 1026 ‚
450 984 565 1026 aliquid
580 984 683 1015 mendi
701 983 797 1015 latere
811 984 842 1015 in
858 982 901 1015 se-

40 1024 206 1074 quentibus
221 1030 365 1072 Ulpiani,
390 1037 458 1068 quae
478 1026 519 1058 fic
537 1025 670 1063 haben-:3
696 1025 728 1055 Si·
747 1031 844 1058 tamen
864 1035 902 1056 ex

42 1075 171 1113 corporis
193 1074 268 1102 vitio
292 1073 320 1100 id
346 1070 455 1100 occidit
472 1091 481 1105 ‚
510 1068 607 1099 veluti
636 1068 710 1107 quod
722 1067 830 1107 jecur,
851 1067 901 1098 vel

35 1115 135 1157 pulmo
147 1138 156 1151 ‚
169 1119 223 1144 aut
237 1113 350 1153 aliquid
361 1109 502 1150 similiter
525 1117 653 1146 nomer,
674 1111 818 1149 morbosus
845 1108 898 1149 eft.

75 1154 126 1187 uid
149 1154 244 1186 verba
263 1153 382 1192 velint,
414 1151 446 1183 in
461 1157 571 1191 aperto
589 1148 651 1188 est,
675 1148 726 1182 sed
743 1160 806 1183 non
822 1151 901 1182 bene

39 1197 131 1229 habet
156 1198 181 1223 -n'
209 1196 306 1231 dolet,
328 1193 412 1241 quod
437 1192 535 1224 miror
560 1191 806 1224 animadversum
837 1201 901 1223 non

39 1236 100 1270 effe
114 1236 152 1270 ab
177 1237 232 1278 iis,
264 1236 318 1279 qui
337 1246 371 1268 in
392 1237 420 1268 b.
442 1234 472 1276 §.
493 1232 728 1275 interpretando
752 1234 782 1266 &
799 1242 902 1266 ernen-

594 1325 950 1362 CAPUT

1328 117 1366 154 e.
1397 116 1527 155 xxiii.
1556 118 1698 158 xxm.
1776 131 1823 167 97

942 196 1045 229 dando
1070 196 1184 228 vei-sati
1212 196 1293 229 sunt.
1339 197 1521 239 Legcndum
1547 199 1593 232 est
1611 200 1762 240 omniun,
1781 197 1824 239 fi-

943 240 1056 270 militer
1077 247 1189 278 OLET,
1213 238 1251 269 de
1267 237 1387 270 foetore
1409 240 1543 281 quippe,
1568 252 1633 274 non
1654 242 1694 274 de
1711 242 1824 274 dolore

944 281 1033 322 loqui
1050 279 1179 318 debuit3
1203 289 1299 321 quum
1321 280 1348 309 πὶ
1375 279 1513 317 simililer
1536 283 1572 313 ad
1587 293 1623 314 os
1641 283 1795 315 referatur
1812 306 1823 322 ‚

944 322 1031 363 quod
1046 322 1077 353 in
1093 323 1195 362 princ.
1220 323 1248 353 b.
1275 322 1302 362 §.
1327 331 1392 354 non
1412 322 1547 360 dolebat,
1570 323 1620 355 sed
1638 325 1823 357 olebatznili

942 364 1082 395 dicamus
1100 362 1126 391 π’
1145 363 1221 395 dolet
1238 363 1318 394 idem
1336 363 1398 395 esse
1410 388 1419 403 ,
1451 365 1536 405 quod
1561 368 1718 406 risorlnffum
1750 366 1795 398 cst
1810 391 1820 405 ‚

945 405 1031 447 quod
1049 412 1152 437 tamen
1170 404 1358 447 significatio
1375 405 1464 437 verbi
1479 415 1543 438 non
1558 407 1677 448 patitur
1689 431 1698 447 ‚
1723 418 1824 449 neque

945 447 1041 478 etiam
1068 446 1135 487 ejus
1160 447 1224 478 loci
1248 444 1403 478 sententia
1418 470 1427 486 ‚
1461 448 1534 489 quia
1556 456 1752 490 negaverat,
1785 459 1822 481 os

942 487 1092 520 foetidurn
1110 487 1229 520 censeri
1253 487 1446 519 morbosum.
1494 488 1619 535 Quare,
1644 489 1664 521 fi
1687 490 1751 522 ulla
1774 500 1820 522 ra-

944 530 1033 562 tione
1057 531 1085 559 τό
1108 530 1186 561 dolet
1210 529 1330 571 poterit
1357 528 1504 569 defendi,
1538 541 1602 562 non
1619 531 1761 570 fimilner
1778 532 1821 563 le-

944 571 1079 613 gendum
1104 570 1165 611 est,
1201 579 1236 603 ut
1253 580 1337 602 nune
1358 570 1530 603 Florenti-3:
1550 573 1684 614 legitur,
1711 572 1762 605 sed
1786 581 1823 604 ut

945 615 977 645 in
1000 613 1071 645 MS.
1105 623 1178 645 meo
1193 636 1201 652 ,
1234 612 1265 644 &
1289 613 1452 645 veteribus
1480 612 1664 654 quibusdam
1690 615 1820 654 Libris,

946 662 999 686 aut
1016 656 1100 686 aliud
1118 657 1191 696 quid
1209 653 1308 694 simile
1327 678 1335 692 ‚
1364 663 1428 695 quo
1442 653 1540 693 fimile
1554 649 1710 687 referatur
1729 657 1823 699 adje-

947 707 1002 728 σω·
1021 696 1074 728 vel
1092 697 1278 737 pulmonem,
1293 705 1356 727 non
1373 696 1410 728 ad
1433 698 1520 728 dolet.
1542 697 1602 728 Sed
1619 708 1696 730 vero
1706 699 1758 730 vel
1777 699 1821 730 ita

947 739 1007 770 erit
1023 737 1160 771 insolens
1179 737 1365 780 significatio
1380 744 1411 767 τὲ
1425 740 1502 770 dolet
1520 763 1528 776 ,
1553 748 1626 770 euin
1643 740 1747 771 omnis
1764 740 1820 772 do-

947 780 996 812 lor
1019 789 1083 811 non
1109 787 1217 821 arguat
1239 779 1394 811 morbum.
1441 780 1541 823 Igitur
1560 779 1714 820 sequenda
1727 780 1772 813 est
1787 791 1818 813 e-

945 821 1123 861 mendatio,
1150 822 1201 853 vel
1222 821 1242 853 fi
1263 821 1380 860 mavis,
1406 823 1540 863 genuina
1565 822 1660 854 lectio
1676 833 1717 855 ex
1731 831 1818 854 vete-

943 862 1029 894 ribus
1048 862 1160 894 Libris.
1207 861 1372 903 Postquam
1391 864 1474 895 enim
1497 864 1605 896 nactus
1622 863 1688 897 suin
1718 865 1820 896 vai-ias

944 903 1129 942 Editioncs‚
1164 902 1349 935 Florentina
1373 906 1567 946 antiquiores
1582 930 1592 945 ,
1625 915 1734 948 magna
1752 916 1823 948 pars

944 944 1230 983 Emendationuin,
1255 954 1329 986 quas
1354 946 1475 987 pridem
1490 955 1715 979 annotaveram
1728 970 1738 986 ,
1762 948 1820 979 mi-

945 985 976 1016 hi
991 985 1105 1026 pei-iit,
1139 986 1284 1027 interque
1308 996 1358 1018 eas
1384 989 1412 1019 ἃ
1434 988 1501 1019 baee
1519 987 1583 1028 est,
1609 989 1647 1020 de
1662 999 1722 1030 qua
1735 998 1821 1021 nunc

943 1035 1071 1058 moneo.
1118 1026 1202 1058 Nam
1226 1030 1256 1059 ὅς
1280 1028 1310 1058 in
1340 1029 1548 1070 antiquillima
1567 1030 1719 1062 Editione
1738 1031 1821 1072 apud

944 1066 1209 1107 Chevallonium,
1233 1067 1355 1100 Parisiis
1376 1078 1466 1111 1523.
1494 1072 1523 1102 'dc
1542 1072 1624 1112 apud
1640 1072 1819 1104 Robertum

943 1108 1155 1149 Stephanum,
1181 1109 1297 1141 ibidem
1324 1119 1414 1151 1527.
1447 1121 1510 1143 non
1529 1113 1605 1144 dolet
1628 1114 1678 1144 vel
1701 1116 1819 1153 doleat,

944 1149 995 1181 sed
1015 1151 1070 1182 olel
1090 1150 1143 1182 vel
1160 1151 1236 1182 oleat
1250 1159 1358 1191 aperte
1381 1152 1528 1184 scribitur
1542 1178 1551 1193 ,
1578 1163 1670 1194 quam
1689 1153 1820 1197 scriptu-

945 1201 1011 1222 ram
1026 1192 1057 1223 in
1078 1191 1131 1224 sua
1152 1201 1278 1234 quoque
1300 1192 1453 1224 Editione
1481 1193 1631 1236 sequutus
1647 1194 1691 1228 est
1708 1196 1821 1229 Petrus

946 1233 984 1264 ab
1000 1233 1083 1266 Area
1097 1234 1267 1274 Boudoza,
1292 1234 1439 1276 Lugduni
1460 1244 1549 1279 1593.

1049 1323 1255 1363 XXIV.

85 1417 355 1467 Quemadmodum
376 1417 527 1463 pubertas
541 1413 654 1460 fuerit
679 1412 837 1458 aestimata
860 1413 944 1461 apud
967 1413 1123 1457 Veteres,
1151 1416 1331 1451 emendatis
1347 1415 1465 1452 leviter
1486 1415 1764 1465 Institutionihus.

127 1523 200 1548 uum
215 1514 254 1547 de
265 1513 485 1547 contrahendis
505 1513 640 1554 nuptiis,
666 1511 838 1545 definienda
855 1520 902 1544 tu-

42 1512 228 1614 Qtela,
253 1557 284 1589 &
299 1556 386 1596 aliis,
412 1565 480 1595 quae
492 1555 689 1597 pubertatem
707 1554 876 1586 desiderant
891 1577 901 1593 ,

146 1598 177 1630 in
189 1598 262 1639 Jure
277 1596 378 1629 sermo
396 1596 458 1635 est,
474 1595 636 1637 quaesitum
648 1597 725 1628 olim
744 1595 824 1635 fuit,
838 1604 901 1636 quo

38 1649 222 1682 argumento
246 1637 395 1671 censenda
419 1638 495 1670 esset
519 1637 675 1680 pubertas.
699 1637 835 1669 Narrant
850 1637 901 1668 In-

32 1681 225 1724 flascilones,
247 1688 295 1722 pr.
314 1679 407 1723 Qstib-
424 1682 498 1711 mod.
520 1686 579 1711 tut.
594 1678 652 1718 fin.
697 1679 901 1720 Veteresqui-

38 1723 109 1756 dem
124 1723 317 1764 pubertatem
337 1725 369 1754 in
389 1720 533 1754 masculis
556 1720 716 1753 aestimass'e
730 1731 787 1752 non
800 1721 900 1761 solum

37 1776 76 1798 ex
91 1767 179 1796 anxiis
193 1788 202 1801 ,
222 1765 277 1805 sed
300 1765 389 1796 etiam
411 1774 448 1796 ex
461 1765 566 1796 habitu
586 1765 714 1803 corporis
726 1786 735 1800 ‚
758 1762 821 1794 hoc
836 1761 897 1802 est,

35 1816 92 1850 per
107 1806 307 1846 impec'bioriem
322 1807 507 1838 habitudinis
521 1806 653 1845 corporis
668 1829 677 1844 ,
707 1812 743 1835 ut
763 1813 840 1836 mox
868 1804 900 1836 id

35 1848 170 1880 efferunt
190 1848 414 1889 ltlez'rutiones,
437 1847 517 1886 sive,
543 1855 578 1878 ut
599 1845 663 1888 ipse
682 1846 736 1879 ille
757 1845 899 1887 loquitur

36 1889 222 1931 justinianas
238 1891 271 1922 in
294 1891 311 1921 l.
332 1891 387 1922 ult.
429 1890 459 1921 C.
482 1888 611 1935 Quando
641 1895 700 1920 tut.
716 1889 765 1920 vel
798 1894 897 1920 curat.

36 1931 88 1971 effe
105 1930 192 1970 defin.
214 1941 269 1973 pei·
293 1934 459 1964 indecoram
476 1931 726 1968 observationem,
750 1931 780 1963 &
803 1939 899 1970 mox,

36 1982 91 2014 per
107 1974 325 2013 indagacinncm
342 1975 471 2014 corporis
486 1971 677 2013 inhonestam.
717 1972 814 2018 Quod
828 1981 901 2003 cuin

36 2014 68 2046 δε
82 2014 176 2054 olim,
203 2023 237 2046 ut
254 2015 317 2056 i'pLL
330 2027 393 2055 ait,
416 2014 612 2057 displicuerit
629 2014 660 2046 in
674 2013 833 2051 foeminis,
855 2021 900 2044 et-

36 2055 98 2087 iam
120 2056 152 2088 in
172 2056 308 2088 maribus
329 2057 478 2097 abi-egat,
504 2056 701 2098 pubertatem
717 2055 900 2096 simpliciter

36 2096 146 2133 finiens
165 2107 247 2129 anno
267 2108 379 2140 quarto
400 2099 534 2130 decimo.
586 2098 666 2129 Sunt
682 2121 692 2137 ‚
723 2097 775 2138 qui
792 2094 897 2128 existi-

36 2145 140 2178 mant,
169 2138 401 2172 Tribonianum
425 2140 456 2171 in
484 2139 651 2171 enarranda
668 2138 795 2170 historia
811 2146 897 2169 vete-

35 2179 80 2211 ris
94 2179 155 2211 aevi
170 2179 308 2222 Principi
324 2181 354 2213 &
371 2181 480 2213 lestori
507 2180 562 2212 suo
583 2179 694 2211 sucum
712 2179 837 2218 fecisse,
861 2180 898 2211 ad

35 2220 339 2253 commendationem
355 2220 476 2254 scilicet
490 2221 571 2263 Juris
587 2222 681 2261 novi,
706 2221 854 2262 illamque
869 2232 898 2253 a-

35 2261 96 2292 deo
112 2262 242 2293 marium
263 2262 505 2304 inspffiioncm,
537 2271 684 2304 tanquam
703 2263 836 2303 lepidam
854 2262 898 2294 fa-

33 2302 174 2342 bellam,
213 2302 343 2335 irrident
372 2305 402 2336 &
423 2303 608 2345 explodunt.
653 2303 716 2336 Alii
746 2314 810 2335 non
837 2312 899 2336 tam

34 2344 147 2383 crude,
173 2342 223 2376 sed
238 2345 322 2386 quod
341 2345 379 2377 de
394 2344 532 2386 inspesto
558 2347 661 2377 habitu
675 2348 803 2386 corporis
823 2345 899 2377 dici-

33 2392 104 2425 tur,
127 2387 166 2417 de
182 2394 312 2418 externa
329 2387 472 2428 corperis
491 2385 612 2426 specie,
635 2387 673 2417 de
686 2386 898 2428 gesticulatio-

32 2435 93 2465 ne,
116 2427 227 2466 vultu,
252 2427 364 2467 barba,
387 2438 451 2460 non
467 2428 505 2459 de
520 2427 655 2469 inspcffita
669 2429 751 2469 pube
767 2429 797 2460 &
813 2429 897 2460 Ianu-

33 2468 106 2509 gine
120 2469 220 2509 prima
241 2469 433 2511 intelligunt.
479 2469 529 2502 Ab
547 2470 688 2511 utrisque
701 2478 805 2501 autem
826 2479 895 2511 per-

37 2518 125 2550 aeque
148 2510 322 2542 cavendum
346 2519 451 2552 puto:
486 2520 578 2548 nam,
608 2519 644 2542 ut
665 2511 703 2542 de
731 2510 898 2552 posteriori

35 2548 187 2589 sententia
207 2551 293 2592 prius
309 2551 428 2591 dicam,
464 2552 534 2593 quis
551 2552 677 2592 credat,
702 2553 834 2585 Veteres
857 2562 898 2584 ex

34 2591 129 2636 v-ultu
142 2592 308 2633 conjecisse
330 2592 514 2625 facultatem
540 2593 692 2626 virilem?
715 2593 845 2625 fuerunt
862 2594 898 2625 il-

35 2630 61 2664 11
79 2631 248 2665 Prudentes
271 2633 353 2674 Juris
371 2658 381 2674 ,
412 2644 476 2667 non
500 2634 575 2666 artis
598 2634 896 2677 Physiognomieae:

33 2681 95 2720 nec
114 2674 166 2706 vel
190 2673 287 2715 probe
314 2675 446 2717 aruspex
462 2676 495 2708 id
509 2675 605 2708 facile
618 2676 809 2717 praestitei·it.
854 2676 898 2708 Et

35 2714 112 2760 quid
128 2723 203 2747 tunc
218 2715 340 2748 suberat
357 2717 481 2758 probri,
507 2717 560 2749 vel
578 2717 809 2749 inverecundiae
820 2741 829 2757 ,
845 2717 897 2749 vel

35 2764 68 2786 m
127 2757 259 2796 ationis,
283 2757 322 2788 de
342 2759 453 2799 quibus
469 2767 571 2791 tamen
592 2759 711 2790 totiens
725 2759 896 2791 Tribonia-

37 2804 95 2828 nus
108 2822 116 2828 .
142 2798 293 2829 mendacii
315 2808 386 2831 eum
403 2800 568 2838 accusare,
602 2808 637 2831 ut
653 2799 802 2832 accusant
817 2809 895 2841 quo-

37 2845 120 2883 que,
150 2838 221 2879 qui,
248 2839 374 2912 uicquid
396 2841 461 2882 ejus
479 2841 680 2883 inspectionis
700 2840 746 2874 est
763 2849 896 2883 negant,

35 2878 196 2919 mdlgnum
211 2919 218 2925 ι
243 2882 264 2926 ’Π
286 2881 309 2912 11
323 2881 435 2915 iberale
459 2881 582 2915 facinus
605 2881 671 2915 est:
725 2883 895 2923 raesertim,

37 2928 112 2951 cum
134 2929 235 2965 omnis
257 2930 288 2952 in
314 2923 504 2955 contrarium
535 2924 619 2957 abest
648 2934 687 2955 au
720 2925 837 2963 oritas3
861 2934 897 2956 ut

36 2968 123 2991 certe
137 2960 190 2992 hic
203 2960 294 2994 abest.
338 2963 381 2995 At
396 2964 418 2996 fi
434 2974 498 2996 non
513 2965 668 2997 eredimus
683 2965 896 3004 TribonianO,

36 3001 197 3048 credamps
219 3002 328 3043 utique
350 3004 485 3046 Ulpiano
503 3029 515 3045 ,
548 3007 601 3048 qui
627 3006 750 3046 Fragm.
775 3008 810 3039 T.
834 3006 893 3039 XI.

36 3042 66 3083 §.
81 3044 139 3074 ult.
160 3051 205 3074 ita
219 3041 344 3090 scribit:
368 3046 511 3079 Puberem
523 3055 621 3080 autem
636 3049 762 3091 Coffiani
777 3050 895 3090 quidem

35 3095 102 3116 eum
124 3084 177 3125 effe
198 3086 321 3124 dicunt,
347 3089 400 3127 qui
421 3089 524 3121 habitu
549 3093 678 3131 corporis
701 3094 790 3133 pubes
804 3098 894 3132 appa-

35 3135 104 3164 ret,
128 3129 160 3158 id
173 3125 233 3174 est,
255 3129 306 3168 qui
316 3138 460 3169 generare
473 3130 578 3173 potest.
620 3132 776 3175 Proculeji
794 3140 895 3164 autem

33 3178 125 3244 ¹¹²⁷}-
162 3178 213 3242 ςίιι
234 3172 455 3211 quatuordecim
475 3182 567 3210 annos
591 3176 736 3216 explevit.
779 3175 896 3208 Verum

104 3220 157 3245 om.
197 3235 204 3244 .

943 1512 1069 1553 Priscus
1087 1524 1153 1545 eum
1167 1516 1306 1554 puberem
1320 1514 1373 1556 effe
1389 1539 1398 1553 ,
1421 1517 1453 1547 in
1471 1526 1557 1557 quem
1578 1523 1741 1558 utrumque
1750 1527 1817 1550 con*

944 1557 1063 1595 currit,
1088 1555 1125 1590 ἐξ
1141 1557 1262 1589 habitus
1278 1560 1428 1597 corporis,
1451 1558 1487 1593 ἐξ)
1503 1569 1644 1590 numerus
1658 1569 1815 1593 annornm.

943 1597 1041 1630 Vides
1059 1604 1122 1630 tres
1141 1597 1310 1631 sententias
1328 1600 1497 1632 Veterum:
1529 1601 1629 1641 prima
1645 1602 1688 1632 e-'l
1707 1601 1818 1633 Caffia-

942 1649 1076 1677 norum,
1101 1640 1153 1681 qui
1170 1640 1368 1682 pubertatem
1385 1642 1477 1674 maris
1496 1641 1690 1674 aestimabant
1709 1653 1749 1674 ex
1766 1644 1819 1675 lia-¹

942 1681 1012 1712 bitu
1033 1681 1200 1722 corporis,
1226 1681 1358 1714 secunda
1374 1683 1677 1724 Procuiejanorum,
1701 1685 1753 1726 qui
1777 1694 1821 1717 ex

941 1732 1024 1754 anno
1048 1730 1161 1764 quarto
1185 1723 1330 1762 decimo,
1355 1725 1447 1756 tertia
1470 1724 1568 1757 Prisci
1580 1724 1746 1766 Javoieffl,
1764 1726 1819 1768 qui

941 1773 982 1796 ex
1000 1772 1144 1805 uti-oque.
1190 1764 1322 1797 Caffiani
1346 1765 1443 1813 igitur
1467 1776 1534 1798 rem
1557 1766 1729 1798 cernebant
1744 1768 1822 1799 un*-

941 1807 984 1838 τὼ
995 1808 1070 1845 <pam
1088 1829 1097 1844 ‚
1120 1807 1305 1838 naturaliter
1318 1817 1434 1850 quippe
1447 1807 1545 1855 pubes
1562 1808 1627 1848 est,
1674 1808 1704 1841 ui
1722 1817 1816 1850 gene-

940 1857 1008 1879 rare
1030 1846 1155 1888 potest:
1187 1857 1316 1890 eamque
1335 1849 1554 1882 definitionem
1581 1858 1659 1892 puta
1680 1857 1734 1881 ant
1757 1849 1822 1882 effe

941 1889 1139 1921 certissiiiiam
1149 1914 1158 1929 ‚
1170 1889 1251 1921 haud
1267 1891 1477 1923 concedentes
1491 1891 1618 1923 Scholae
1635 1891 1820 1930 contrariae,

942 1940 984 1962 ex
1003 1940 1135 1962 numero
1151 1941 1305 1963 annorum
1319 1932 1398 1963 hanc
1420 1941 1486 1963 rem
1503 1932 1587 1964 redte
1602 1931 1746 1971 definiri,
1768 1940 1819 1964 ut-

942 1980 1019 2014 pote
1044 1982 1117 2003 eum
1139 1972 1171 2003 in
1199 1972 1261 2004 alio
1286 1980 1397 2005 natura
1419 1983 1520 2015 ocyus
1537 1995 1549 2012 ,
1581 1973 1612 2005 in
1636 1973 1700 2005 alio
1722 1973 1819 2005 serius
1864 1976 1868 1978 “

942 2014 1098 2052 exsurgat.
1145 2013 1231 2059 Quid
1246 2021 1371 2052 autem,
1395 2013 1416 2046 fi
1433 2015 1581 2056 pubertas
1596 2013 1696 2046 fuerit
1717 2015 1819 2047 incer-

942 2056 998 2088 ta?
1032 2054 1244 2087 Caffianmum
1270 2054 1433 2087 sententiae
1457 2054 1652 2098 consequens
1676 2055 1722 2089 est
1737 2079 1748 2095 ,
1781 2064 1818 2088 ut:

941 2097 1078 2129 eundum
1094 2097 1193 2128 fuerit
1210 2097 1240 2128 in
1260 2106 1326 2128 rein
1348 2096 1553 2138 praesentem,
1577 2098 1728 2130 nudandae
1746 2107 1817 2129 cor-

942 2139 1028 2182 poris
1070 2146 1168 2177 artes,
1194 2137 1276 2170 unde
1291 2139 1353 2170 vii-i
1371 2138 1493 2179 sumus,
1518 2149 1577 2171 nee
1600 2138 1687 2171 forte
1702 2139 1820 2172 nudan-

941 2181 990 2213 dae
1006 2179 1040 2212 so
1056 2189 1127 2218 um,
1151 2179 1203 2211 sed
1221 2189 1256 2211 ea
1274 2189 1401 2222 quoque
1419 2181 1613 2223 peragenda,
1641 2190 1683 2220 *ex
1728 2181 1820 2213 uibus

942 2220 1065 2254 constet
1079 2222 1117 2252 de
1131 2230 1317 2262 argumento
1333 2222 1404 2254 viri.
1451 2222 1648 2255 Verecundia
1655 2231 1713 2263 pro
1723 2222 1817 2262 iibet,

943 2264 1011 2295 haec
1027 2263 1121 2294 latius
1138 2262 1276 2304 exsequi.
1321 2263 1400 2295 Sane
1425 2264 1540 2305 absque
1557 2274 1596 2296 eo
1615 2264 1671 2295 vix
1689 2262 1817 2295 suffece-

943 2305 985 2336 rit
1005 2303 1070 2336 sola
1089 2303 1239 2345 inspeCHO
1257 2309 1279 2334 τ’
1294 2306 1389 2333 mihim
1401 2329 1410 2344 ‚
1437 2306 1467 2337 &
1497 2313 1619 2337 tantum
1638 2314 1702 2337 non
1721 2305 1817 2336 lubri-

942 2355 979 2378 ca
996 2345 1095 2378 fuerit
1114 2346 1181 2385 ejus
1198 2345 1242 2376 rei
1259 2345 1413 2378 definitio.
1460 2346 1519 2379 Sed
1544 2346 1757 2387 Proeulejanis
1773 2346 1819 2378 di-

942 2387 1088 2428 splicuit,
1113 2386 1288 2419 Praetorem
1303 2387 1391 2419 forte
1414 2396 1559 2419 veriti-ein
1576 2388 1669 2420 maris
1686 2386 1818 2429 inspice-

940 2438 992 2467 re,
1016 2429 1046 2460 &
1070 2437 1147 2460 mox
1170 2436 1291 2460 tentare
1318 2429 1534 2470 pubertatem:
1558 2430 1633 2470 quin
1650 2429 1757 2471 potius
1781 2439 1816 2461 o-

940 2479 1044 2501 mnem
1067 2470 1106 2500 de
1129 2470 1295 2511 pubertate
1320 2469 1527 2511 quaestionem
1550 2469 1624 2503 solis
1640 2471 1728 2503 annis
1745 2471 1817 2502 diri-

941 2511 1086 2549 mebant,
1112 2510 1236 2543 servato
1257 2521 1315 2550 eo,
1341 2512 1427 2553 quod
1448 2512 1484 2544 fit
1500 2513 1544 2541 ἐπ)
1559 2513 1587 2542 01⁸0
1609 2517 1723 2543 mnis—ov.
1766 2511 1816 2544 In-

942 2561 989 2583 ter
1006 2553 1060 2584 has
1077 2551 1246 2584 sententias
1262 2553 1362 2584 inedia
1378 2552 1442 2584 fuit
1461 2553 1558 2586 Prisci
1576 2552 1719 2595 Javoleni
1732 2576 1742 2591 ‚
1761 2553 1817 2594 qui

941 2594 1138 2635 pubertatem
1154 2603 1221 2625 non
1238 2593 1382 2626 censebat
1399 2603 1472 2626 ante
1491 2605 1607 2627 annum
1628 2595 1720 2628 XIV.
1745 2595 1813 2625 iiiio

941 2644 999 2667 nec
1018 2634 1090 2677 post
1105 2645 1221 2666 annum
1237 2635 1328 2667 XIV.
1353 2636 1408 2668 nisi
1424 2646 1463 2667 ex
1480 2636 1590 2668 habitu
1607 2645 1732 2678 quoque
1743 2645 1813 2666 eoi·-

940 2677 1026 2718 poris
1044 2686 1079 2708 ea
1095 2676 1134 2707 de
1151 2686 1185 2708 re
1200 2676 1367 2709 constaret.
1415 2677 1495 2709 Haee
1514 2677 1668 2709 Veterum
1682 2684 1814 2708 contro-

939 2718 1038 2750 verfia
1062 2716 1161 2750 causae
1184 2717 1283 2749 fuerit
1298 2741 1309 2757 ,
1345 2728 1425 2759 quur
1452 2719 1669 2766 Quintilianus
1691 2718 1731 2748 L.
1754 2716 1813 2749 IV.

939 2759 1012 2800 Insb.
1039 2760 1132 2791 Orat.
1157 2760 1188 2790 C.
1201 2769 1229 2790 2.
1253 2770 1316 2792 non
1332 2759 1474 2792 constare
1488 2760 1604 2792 dixerit
1617 2783 1628 2798 ,
1652 2761 1814 2795 anni5,an

939 2802 1043 2833 babitu
1060 2800 1235 2833 aestimanda
1263 2801 1300 2833 fit
1313 2802 1470 2842 pubertas.
1516 2800 1602 2831 Hine
1626 2801 1720 2832 etiam
1744 2800 1812 2840 ejus

938 2843 1129 2875 dissensionis
1145 2841 1277 2883 vestigia
1289 2843 1370 2883 apud
1388 2842 1541 2873 Auctores
1563 2848 1708 2881 exteros,
1732 2841 1813 2881 Jano

939 2895 957 2916 a
982 2883 1076 2916 Costa
1099 2887 1137 2915 ad
1154 2884 1230 2923 Jnlb.
1253 2884 1282 2915 ὃ(
1306 2883 1375 2914 aliis
1400 2883 1552 2914 laudatos.
1597 2881 1741 2922 Javoleni
1767 2890 1818 2914 ta-·

940 2935 1011 2957 men
1035 2926 1220 2957 sententiam
1244 2924 1415 2964 plui-imum
1437 2923 1592 2962 valuiss'e,
1623 2924 1744 2965 colligo
1768 2933 1811 2956 ex

940 2968 1015 2999 loco
1031 2967 1131 3000 Sei-vii
1148 2967 1185 2997 ad
1207 2965 1324 3006 Virgil.
1350 2965 1454 3005 Eclog.
1481 2964 1569 2997 VIII.
1595 2966 1675 3007 vers.
1694 2976 1745 3009 39.
1772 2968 1810 3002 δ’

938 3018 992 3049 40.
1014 3019 1085 3040 nam
1102 3007 1139 3039 ad
1162 3008 1232 3045 illa,

978 3051 1071 3082 Alter
1089 3051 1125 3079 ab
1148 3049 1299 3080 undecimo
1316 3053 1380 3080 tum
1396 3057 1439 3080 me
1454 3050 1519 3090 jam
1534 3054 1652 3089 ceperat
1669 3059 1790 3089 annus,

979 3092 1055 3132 Jam
1065 3091 1201 3132 fragiles
1219 3095 1351 3130 poteram
1366 3099 1383 3120 α
1400 3098 1485 3121 terra
1499 3092 1671 3132 contingere
1679 3103 1788 3125 ramos.

937 3133 982 3165 ita
997 3140 1104 3164 notat:
1130 3131 1165 3163 la
1181 3131 1244 3173 est,
1269 3133 1380 3162 tertius
1403 3134 1545 3164 decimus.
1587 3133 1709 3166 ALTER
1730 3137 1809 3166 enim

937 3177 972 3208 de
985 3177 1093 3207 duobus
1111 3175 1248 3207 dicimus.
1263 3172 1337 3247 NEt
1351 3174 1421 3207 vult
1439 3173 1615 3217 fignificare
1630 3176 1697 3219 jam
1706 3176 1742 3219 se
1756 3178 1807 3223 vis
1847 3177 1852 3180 '

1766 3227 1808 3250 cz-
