2008 3436
199 136 244 171 24.
465 120 860 160 CORNELII

202 207 294 236 tinere
313 226 323 241 ,
357 214 413 234 non
443 206 532 235 etiam
560 206 597 235 ad
618 202 786 244 iiszrmrzmi,
809 226 816 232 .
843 226 849 232 .
875 226 881 232 .
908 226 914 232 .
941 200 976 236 ὅ)
999 202 1060 247 ideo

201 245 366 286 nonsbluta
388 247 513 286 pecunia
533 243 924 287 statutispenfioniberQex
942 244 987 273 die
1004 240 1059 282 jh-

194 287 358 327 palarionis
388 286 485 327 usuras
510 288 614 317 deberi.
669 286 748 329 Quis
768 294 830 315 non
849 284 956 321 Videt,
972 292 1061 328 *quae-

193 328 294 360 litum
318 326 410 358 fuisse
435 328 474 358 de
500 327 631 359 ineunda
655 329 813 356 usurarum
837 324 1059 364 pensitatione,

198 376 305 400 utrum
327 368 478 399 videlicet
505 368 630 409 singulis
657 367 803 397 Kalendis
826 366 954 406 integrae
972 364 1062 409 sortis

199 409 298 441 usurae
317 418 464 448 currant,
487 419 523 440 an
537 418 612 439 vero
629 409 712 439 illius
730 407 880 437 duntaxat
896 405 1062 447 pensionis,

199 460 292 491 quam
310 460 350 482 ex
367 451 458 491 ραξὶο
481 448 604 481 refundi
630 448 845 479 convenerat?
871 447 1002 484 Paulus,
1027 445 1060 476 fi-

197 492 269 523 nito
286 492 388 532 primo
403 490 522 529 mense3
546 491 653 530 primae
672 497 792 520 tantum
810 487 981 528 penfionis:
1000 486 1061 532 An-

200 531 363 573 tagonistae
379 542 455 563 mox
472 542 488 563 a
505 533 614 572 primae
640 529 848 570 stipulationis
871 529 920 559 die
937 527 1058 568 Capitis

199 573 334 605 univerfi
361 573 465 605 usuras
500 571 627 603 vraenan
650 570 809 601 volebant.
855 570 1007 609 Adeoque
1023 568 1057 599 P.

200 614 341 646 Maevius
369 615 397 646 ἃ
426 614 464 645 L.
504 613 591 645 fitius
610 611 834 651 implacabiliter
850 610 1057 651 drffinserunt,

199 655 244 686 ait
267 654 372 687 Zafius
398 655 429 686 in
455 654 598 685 Enarrat.
632 653 668 684 ad
691 653 718 683 h.
746 653 766 683 l.
791 660 892 692 neque
925 651 1056 695 mirum,

198 696 362 736 vegrandis
386 696 468 725 enirn
495 694 559 725 fuit
587 693 731 725 usurariae
763 692 947 732 quantitatis
973 690 1059 722 difle-

197 737 306 768 rentia.
355 735 516 767 Universae
534 735 625 767 sortis
641 734 745 765 foenus
772 733 793 765 fi
811 742 889 774 quot
906 732 1060 764 mensibus

197 777 348 808 debeatur
365 800 375 816 ,
406 776 559 818 pendendi
584 785 676 807 erunt
699 785 715 806 a
734 775 833 815 prima
853 773 954 805 statim
972 782 1060 805 mora

197 817 376 850 XXXVII.
403 817 544 856 denarii,
577 817 607 849 δε
626 815 755 848 sestertii
784 815 867 855 duo:
892 815 935 847 fin
953 823 1058 846 autem

196 858 353 900 pensionis
378 859 531 890 duntaxat
557 857 613 889 suo
633 858 683 889 die
706 867 769 888 non
791 855 900 887 solutae
917 879 927 894 ,
959 857 1058 902 tribus

197 900 330 932 denariis
349 899 509 932 usurarum
528 908 655 931 nomine
679 904 803 940 poterat
824 897 951 937 defungi
972 897 1059 942 debr*

198 950 270 980 tor,
295 950 367 972 cum
384 942 428 972 ita
447 941 530 980 sors,
553 948 627 982 puta
659 938 832 978 menstrua,
856 948 918 970 non
937 939 1059 970 adicen-

198 982 252 1013 dat
277 982 359 1013 ultra
388 982 507 1014 C.C.C.
536 983 605 1013 den.
636 981 638 983 ’
659 981 740 1012 Vide
772 980 803 1011 C.
826 979 897 1011 VII.
921 980 951 1011 ὅ(
969 979 1055 1017 VIII.

196 1023 305 1064 Atque
337 1023 400 1054 hoc
427 1024 614 1055 discriminis
646 1030 842 1054 momentum
874 1021 964 1052 illico
996 1020 1059 1052 sese

196 1064 302 1105 prodit
321 1064 353 1096 in
371 1064 517 1105 pensione
534 1065 653 1106 prima;
676 1064 707 1095 in
724 1061 855 1094 secunda
875 1062 903 1092 &
920 1062 1057 1102 reliquis,

197 1115 291 1146 quam
308 1106 442 1138 immane
461 1105 599 1144 creseat,
624 1104 746 1146 parebit
772 1103 843 1143 Cap.
865 1102 923 1134 XI.
953 1102 1057 1144 thue

196 1147 242 1177 ita
259 1145 395 1179 insolens
412 1157 476 1179 non
494 1147 547 1186 fit,
572 1146 594 1178 fi
617 1144 782 1178 dulcitudo
808 1142 967 1176 usurarum
991 1153 1055 1175 cre-

199 1187 337 1219 ditorem
353 1188 452 1229 egerit
472 1187 695 1219 transvorsum.

236 1229 340 1260 Unica
357 1230 453 1270 igitur
467 1237 534 1260 erat
555 1228 703 1270 quaestio,
726 1238 763 1260 an
781 1228 818 1260 ad
834 1228 987 1259 rationem
997 1226 1056 1272 sol-

196 1269 307 1304 vendae
335 1269 427 1302 sortis
449 1269 547 1301 usurae
571 1270 758 1301 deberentur
776 1293 785 1308 ,
817 1280 855 1300 an
875 1268 1058 1308 simpliciter

195 1310 376 1344 universae?
401 1312 431 1343 ἂ
451 1319 551 1342 tamen
570 1310 794 1341 controversiae
812 1309 907 1340 status
924 1317 985 1339 tam
1005 1318 1056 1339 va-

194 1354 242 1386 rie
257 1362 275 1384 a
298 1353 392 1384 variis
409 1352 606 1393 proponitur.
652 1352 731 1382 Sunt
745 1373 756 1389 ,
785 1351 836 1392 qui
854 1348 1057 1391 quaestionem

194 1394 400 1436 principalem
425 1402 497 1424 cum
522 1392 712 1433 argumentis
739 1391 812 1423 hinc
839 1391 911 1423 inde
926 1391 1059 1431 prolatis

196 1434 405 1467 confundunt.
459 1433 550 1473 Alii,
582 1443 600 1464 a
616 1433 719 1464 verbis
742 1432 957 1474 sententiaque
979 1432 1057 1473 legis

195 1474 320 1518 prorsus
338 1475 449 1514 alieni,
475 1474 581 1506 nescio
601 1484 671 1516 quae
691 1484 755 1506 non
773 1473 965 1515 confingant.
994 1473 1055 1504 Ac-

195 1516 311 1549 curfius
330 1516 493 1557 quaesitum
509 1515 615 1547 refert.
696 1517 788 1547 nando
809 1516 935 1555 incipiat
961 1525 1057 1546 curre-

196 1569 226 1590 re
236 1556 389 1598 stipulatio
410 1568 428 1588 u
442 1568 570 1589 ararum.
618 1557 693 1590 Item
718 1567 757 1588 an
775 1567 811 1588 ex
828 1558 912 1588 tertio
924 1555 1009 1596 pauo
1026 1566 1057 1587 a-

195 1599 249 1630 ᾶίο
270 1598 415 1639 nascatur.
461 1599 639 1640 Utrumque
654 1597 785 1640 operose
806 1605 971 1639 exaggerat
988 1595 1056 1643 Do-

195 1640 296 1672 neilus
314 1640 344 1671 in
364 1641 521 1672 Continent.
545 1640 582 1672 ad
603 1641 630 1672 h.
656 1641 677 1672 l.
702 1640 732 1672 δε
748 1639 893 1681 quidem,
918 1647 954 1670 ut
969 1638 1055 1670 vide-

195 1690 266 1720 tur,
297 1681 380 1712 recte
407 1682 491 1722 quod
509 1681 546 1713 ad
571 1681 734 1722 quaefitum
752 1682 791 1712 de
810 1680 933 1712 afflone
949 1690 989 1712 ex
1003 1689 1055 1721 pa-

194 1723 246 1754 sto
275 1731 476 1763 competente
494 1734 501 1754 :
534 1723 608 1764 quid
627 1723 710 1754 enim
739 1722 801 1754 hoc
818 1721 855 1753 ad
872 1721 1055 1763 praesentem

193 1764 355 1795 materiam
368 1764 384 1796 ἱ)
409 1764 507 1795 immo
523 1772 635 1795 contra
650 1764 771 1805 negotii
790 1771 930 1795 naturam
949 1762 1057 1794 fuisset

194 1805 250 1836 illa
275 1806 453 1837 contentiO.
498 1805 548 1837 Ex
572 1804 772 1846 stipulatione
802 1803 1003 1845 competebat
1026 1814 1056 1835 a-

194 1846 259 1877 etio
274 1846 312 1877 ad
326 1855 420 1888 3750.
443 1846 585 1879 denarios
604 1857 611 1878 ε
645 1846 768 1888 paetum
785 1855 824 1877 ex
839 1845 886 1877 his
910 1854 1055 1878 trecenos

193 1887 407 1928 particulatim
424 1887 489 1918 dari
509 1887 657 1927 volebat,
682 1897 758 1928 ergo
773 1887 810 1918 ad
826 1887 917 1926 illos,
943 1894 1056 1928 utpote

193 1929 254 1968 jam
273 1928 416 1967 debitos,
439 1938 523 1960 nova
544 1929 666 1961 afflone
695 1938 758 1960 non
778 1928 936 1969 indigebat
954 1929 1054 1960 credi«

195 1977 257 2000 tor.
301 1969 378 2001 Erat
396 1970 427 2001 id
445 1970 566 2010 paetum
578 1992 588 2008 ‚
622 1977 657 2001 ut
676 1971 814 2008 vocant,
837 1970 1054 2008 liberatorium,

193 2019 235 2041 ex
250 2020 314 2050 quo
334 2011 488 2042 affionem
507 2020 571 2042 non
587 2010 668 2042 nasci
685 2018 807 2042 certum
822 2009 884 2050 est,
909 2020 981 2043 cum
991 2020 1054 2042 non

193 2051 323 2082 accedat
339 2051 493 2093 obligatio
517 2061 617 2091 nova,
648 2051 699 2083 sed
719 2051 847 2093 pristina
866 2052 918 2084 vel
937 2053 1055 2084 minua-

195 2100 267 2129 tur,
289 2091 342 2123 vel
360 2093 500 2124 tollatur.
545 2092 593 2124 An
612 2100 734 2132 autem,
759 2092 851 2124 salvis
869 2093 899 2124 in
920 2092 1056 2134 singulos

192 2132 312 2165 menses
338 2133 489 2165 trecentis
505 2157 514 2173 ,
548 2134 697 2175 reliquam
723 2134 888 2173 pecuniam
904 2133 972 2175 ipso
987 2134 1056 2174 jure

193 2174 369 2206 conventio
387 2173 602 2213 absorbuerit,
627 2175 687 2206 alia
703 2174 834 2215 quaestio
860 2174 922 2206 est:
945 2185 1054 2207 verum

194 2215 234 2246 de
253 2225 288 2246 ea
306 2216 337 2247 in
356 2215 472 2255 adjet‘ta
491 2214 709 2256 Diffl‘ertatione.
755 2216 903 2248 Attamen
922 2225 985 2248 non
1007 2216 1053 2248 so-

192 2256 242 2288 }us
258 2256 424 2288 Accurfius
442 2256 544 2295 hunc,
569 2266 661 2298 quem
673 2257 829 2295 diximus,
852 2267 990 2289 errorem
1009 2268 1054 2289 er-

193 2297 295 2336 ravit,
329 2296 400 2336 sed,
433 2305 468 2328 ut
485 2298 578 2329 etiam
605 2298 680 2329 alias
697 2297 765 2329 fieri
787 2297 926 2337 adsolet,
948 2299 1055 2340 ingen-

193 2345 257 2369 tem
279 2337 459 2370 DoCtorum
476 2345 632 2370 catervam
649 2338 783 2370 seduxit.
828 2340 916 2371 Adeo
937 2348 971 2371 ut
990 2339 1053 2382 Cy-

193 2388 251 2411 nus
275 2379 350 2411 alibi
380 2389 442 2410 non
465 2378 527 2411 fine
553 2379 642 2411 causa
674 2380 778 2418 dieat,
811 2381 877 2420 ejus
904 2383 1053 2422 temporis

192 2419 270 2452 DD.
294 2430 367 2452 aves
382 2420 517 2459 imitari,
538 2430 606 2462 quae
624 2421 746 2453 unicam
762 2423 964 2461 avolantem,
985 2423 1051 2454 vel-

192 2469 229 2492 ut
245 2461 367 2503 agmine
381 2461 484 2500 facto,
510 2460 689 2500 sequuntur.

208 2515 211 2516 ⁷
234 2502 378 2534 Alterum
405 2501 565 2534 sententiae
589 2503 780 2536 Accurfianae
800 2504 971 2536 membrum
997 2505 1054 2537 hac

193 2542 262 2574 fere
285 2543 407 2574 ratione
433 2542 628 2584 persequitur
650 2544 822 2577 Donellus:
847 2547 946 2587 prima
962 2546 1054 2587 stipu-

193 2584 313 2615 latione
337 2592 463 2614 cautum
487 2592 553 2615 erat
578 2585 616 2615 de
631 2584 714 2616 sorte
730 2585 845 2618 futuris
864 2587 932 2618 Kal.
950 2587 1052 2619 refun-

191 2624 300 2655 denda.
345 2623 528 2656 Centesimae
544 2625 575 2656 in
594 2624 724 2657 secunda
741 2627 919 2668 promiss'ae,
936 2629 966 2660 ni
978 2638 1052 2660 con-

192 2665 337 2696 ventioni
354 2663 461 2696 stetur.
507 2664 585 2696 Dies
601 2666 656 2697 ille
684 2665 893 2707 stipulationis
909 2669 1053 2708 paftione

193 2705 357 2738 subsecuta
372 2713 512 2737 mutatus
534 2715 597 2738 non
623 2706 706 2744 fuit,
728 2717 784 2738 cur
797 2718 872 2750 ergo
889 2709 966 2741 stare
982 2720 1052 2750 pro-

192 2746 318 2781 hibetur
335 2747 352 2778 ἓ
382 2755 445 2787 quo
473 2746 582 2778 colore
593 2770 602 2786 ‚
634 2757 694 2788 qua
710 2748 818 2780 fronte
835 2752 938 2791 itaque
953 2759 1050 2782 certa-

193 2787 297 2828 bitur,
322 2789 433 2829 quando
449 2789 573 2828 incipiat
590 2798 703 2820 currere
714 2788 866 2829 stipulatio
883 2791 1050 2830 usurarum?

191 2828 374 2860 Accurfium
397 2828 435 2860 ab
463 2828 524 2860 hac‘
541 2828 669 2861 censura
703 2831 822 2862 absolvi
849 2831 935 2872 poss'e
956 2831 1051 2863 facile

192 2869 401 2901 crediderim:
436 2879 537 2911 neque
565 2870 648 2902 enim
670 2870 733 2912 ipse
752 2872 928 2912 ignoravit,
951 2873 1002 2904 vel
1027 2874 1050 2904 i—

190 2919 322 2951 gnorare
343 2910 469 2951 potuit,
499 2910 691 2951 stipulationi
718 2911 875 2944 usurarum
903 2913 952 2944 sua
978 2923 1050 2945 con-

192 2952 272 2982 stare
292 2951 381 2983 initia
400 2961 417 2983 a
438 2950 508 2983 Kal.
527 2951 698 2992 proximis,
721 2963 815 2994 quum
834 2953 995 2986 manifeste
1011 2965 1050 2986 co

191 2991 358 3031 respiciant
375 2992 488 3030 verba,
511 3002 562 3034 quo
585 2992 648 3034 post
656 2994 793 3035 salvam,
823 3004 860 3027 an
885 3004 961 3026 vero
980 2995 1047 3026 usu-

193 3041 254 3068 ηε,
285 3033 431 3065 nimirum
442 3034 533 3074 sortis
556 3035 677 3076 integra
693 3058 704 3074 ,
736 3035 766 3067 in
787 3045 876 3076 quam
894 3045 1048 3077 concepta

193 3072 444 3115 fuitstipulatio,
468 3075 579 3107 exinde
598 3084 744 3115 currant,
769 3076 958 3118 disputatum
970 3077 1044 3109 fuis-

926 130 1032 160 VAN
1094 116 1703 158 BYNKERSHOEK

1104 197 1154 237 se,
1179 208 1285 239 putem
1303 199 1480 231 existimare
1500 202 1778 234 Accurfiumznam
1790 202 1877 235 hoca
1890 204 1961 237 Pau-2

1104 240 1137 271 lo
1155 239 1380 272 Diss'entientes
1399 241 1569 282 urgebant,
1587 252 1603 273 e
1620 244 1780 274 contrario
1800 244 1871 284 ille,
1897 246 1962 278 usu-

1104 290 1152 312 ras
1171 288 1291 312 tantum
1307 283 1465 313 committi
1488 292 1545 323 pro
1570 293 1635 314 rata
1666 284 1866 325 pensionum,
1891 297 1964 326 quas

1104 322 1317 353 menstruatim
1353 322 1490 354 solutum
1528 324 1563 355 iri
1603 334 1805 357 convenerat.
1869 326 1964 368 Igitur

1105 362 1229 403 quando
1248 364 1377 404 incipiat
1396 374 1520 395 currere
1552 365 1710 397 usurarum
1732 367 1911 407 simulatio,
1932 371 1962 400 in

1105 409 1193 434 totum
1210 404 1378 443 videlicet,
1411 406 1493 436 recte
1523 407 1683 446 quaefitum
1705 406 1798 438 fuill'e
1814 411 1963 449 proponit

1104 453 1166 476 non
1186 445 1280 476 modo
1305 445 1521 478 Glossatorum
1548 448 1712 489 princeps,
1737 447 1787 479 scd
1806 451 1835 481 &r
1855 450 1962 483 iisdem

1103 485 1207 517 verbis
1234 486 1386 526 plurimus
1413 488 1477 527 eJ'us
1503 488 1644 520 imitator
1674 489 1830 529 CujaciuS.
1876 490 1963 537 Quin

1098 527 1192 557 etiam
1212 526 1324 559 Paulus
1341 527 1466 566 noster,
1490 529 1551 560 hoc
1575 529 1641 570 ipso
1670 531 1817 571 loquendi
1833 541 1962 573 genere,

1100 567 1292 600 adversarios
1317 568 1427 601 dixiss'e
1452 579 1680 603 commemorat
1710 573 1740 603 in
1767 571 1847 614 seqq.
1866 583 1902 604 ex
1916 575 1962 605 die

1095 607 1295 648 stipulationis
1318 609 1416 651 usuras
1439 612 1534 642 deberi
1551 634 1562 650 ,
1608 622 1708 654 neque
1733 614 1873 654 amplius.
1919 615 1962 647 Ec

1102 648 1286 681 Graecorum
1305 655 1488 690 Θεμαπσμὶς,
1514 654 1828 694 quem-producemus
1846 655 1960 696 statim,

1102 691 1154 718 dm*
1174 693 1207 718 ⁷5
1225 695 1302 728 nuspg
1317 695 1360 723 ⁷29
1376 692 1536 728 impu-triow:
1553 715 1563 730 ‚
1587 694 1699 727 addens
1716 696 1754 726 de
1773 699 1840 732 τὲκῳ
1850 700 1963 729 τῗςὲλης

1102 732 1257 767 moinum,
1281 732 1428 764 tollendae
1453 733 1659 767 dubitationis
1683 737 1796 777 gratia:
1821 738 1932 770 eodem
1950 762 1961 777 ,

1102 782 1165 813 quo
1188 773 1369 805 Accursium
1389 774 1637 814 vindicavimus,
1661 777 1767 809 modo.

1144 813 1224 845 illud
1249 813 1322 845 satis
1347 815 1450 846 mirari
1469 826 1532 847 non
1553 816 1694 856 possum,
1716 818 1777 858 Jac.
1798 819 1961 861 Cujacium

1101 853 1171 895 (qui
1201 855 1280 886 bene
1297 879 1306 894 ‚
1341 864 1375 886 ut
1398 856 1535 888 diximus
1553 880 1565 895 ,
1596 859 1625 889 &
1650 859 1836 900 quandoque
1851 864 1964 895 melius

1101 897 1123 927 i.
1145 905 1171 926 e.
1197 896 1310 928 clarius
1325 895 1560 938 distinctiusque
1579 898 1831 933 Controversiam
1850 911 1961 945 propo·

1101 937 1169 977 nit)
1192 937 1230 968 ad
1247 937 1373 969 Paulum
1390 938 1502 971 inLih.
1519 939 1572 970 ΙΙΙ.
1599 939 1708 987 Qloest·
1728 941 1747 972 l.
1761 942 1871 982 Laia,
1891 943 1963 977 scri-

1101 977 1192 1016 bere,
1226 978 1405 1019 quaestionis
1431 979 1524 1011 fuiss'e
1541 1003 1550 1019 ,
1582 988 1677 1012 utrum
1701 982 1788 1023 ufiirae
1806 985 1962 1018 debeantur

1101 1029 1137 1049 ex
1153 1021 1198 1050 die
1214 1020 1436 1060 stipulationis,
1468 1031 1506 1052 an
1536 1031 1572 1052 ex
1587 1024 1654 1060 die,
1676 1033 1727 1064 quo
1741 1026 1870 1064 primum
1885 1028 1962 1059 debi-

1102 1066 1144 1090 tor
1173 1062 1204 1091 in
1218 1060 1370 1102 salvandis
1389 1060 1570 1102 pensionibus
1585 1073 1693 1094 moram
1702 1065 1802 1104 fecit:
1825 1068 1960 1108 quando-

1100 1101 1226 1173 {i'uidem
1251 1101 1317 1142 ipse
1345 1103 1378 1134 in
1400 1102 1598 1144 sequentibus
1629 1105 1767 1144 ejusdem
1801 1107 1958 1143 Commeat.

1126 1142 1187 1173 auli
1204 1142 1428 1184 antagonistam
1448 1145 1579 1176 vervecis
1603 1145 1710 1187 elogio
1734 1147 1897 1191 insigniat,
1922 1150 1965 1190 si,

1101 1184 1185 1224 quod
1202 1193 1265 1215 non
1280 1185 1359 1215 fecit
1368 1207 1379 1222 ,
1402 1186 1579 1216 existimare
1595 1188 1756 1227 potuerit,
1779 1189 1883 1222 usuras
1897 1202 1965 1225 non

1101 1233 1117 1254 a
1137 1232 1278 1265 tempore
1300 1235 1395 1256 morae
1428 1226 1458 1257 h.
1485 1235 1512 1257 e.
1548 1226 1696 1259 Kalendis
1712 1231 1886 1271 proximi83
1910 1232 1962 1266 sed

1100 1265 1137 1296 ab
1155 1265 1334 1306 interposita
1361 1265 1562 1307 stipulatione
1586 1267 1701 1300 deberi.
1744 1271 1833 1302 Adeo
1850 1283 1961 1306 verum

1100 1305 1164 1345 est,
1188 1306 1230 1339 ·in
1259 1307 1402 1347 Operibus
1424 1307 1546 1348 Cujacii
1566 1306 1705 1350 postremis
1729 1313 1961 1348 accurationem

1100 1347 1216 1380 deesse:
1242 1356 1356 1381 caetera
1373 1349 1463 1382 nihil.

1144 1389 1290 1432 Denique
1307 1393 1369 1427 πρός
1387 1393 1504 1423 Διὸνυπι
1521 1393 1600 1426 nihil
1620 1393 1699 1427 facit
1717 1394 1887 1438 Dionyfius
1897 1396 1962 1429 Go-

1101 1430 1265 1464 thofredus
1289 1432 1320 1464 iu
1348 1433 1421 1465 Not.
1451 1437 1580 1478 margin.
1605 1436 1642 1467 ad
1665 1436 1692 1468 h.
1718 1437 1738 1467 l.
1764 1437 1837 1468 dum
1855 1438 1960 1480 quaesi-

1102 1479 1168 1504 turn
1194 1473 1238 1505 ait
1254 1497 1264 1513 ,
1295 1483 1334 1505 an
1362 1474 1398 1509 {9⁹
1410 1485 1438 1506 ·a
1463 1486 1516 1518 quo
1545 1482 1666 1518 tempore
1689 1477 1778 1519 uficrae
1795 1479 1962 1512 debeantur.

1100 1513 1165 1545 Suo
1182 1513 1289 1553 sensu,
1320 1526 1339 1546 a
1358 1526 1410 1558 quo
1435 1522 1556 1558 tenipme
1576 1518 1664 1559 risicrae
1691 1521 1869 1559 debeantur,
1898 1522 1962 1554 dici

1100 1554 1188 1595 posse
1205 1554 1297 1602 fuisse
1311 1556 1538 1598 disceptatum,
1550 1567 1644 1600 prout
1661 1567 1772 1592 contra
1789 1561 1962 1595 Donellum

1101 1595 1206 1628 sumus
1231 1598 1303 1629 tuiti
1324 1609 1331 1629 :
1366 1597 1434 1638 sed,
1458 1610 1499 1631 an
1514 1602 1689 1640 debeantur,
1714 1603 1782 1643 quis
1800 1601 1889 1636 sanus
1905 1614 1959 1637 un-

1100 1645 1190 1679 quam
1208 1637 1428 1672 dubitaverit?
1452 1650 1566 1680 nemo,
1589 1642 1715 1681 hercle,
1739 1653 1832 1676 nemo
1854 1653 1961 1678 tamet-

1099 1679 1200 1719 sisere
1218 1680 1294 1711 nihil
1311 1682 1389 1712 inter
1412 1682 1538 1713 homines
1567 1682 1722 1724 (maxime
1739 1683 1856 1727 JCtos)
1878 1687 1961 1718 indu-

1100 1721 1224 1766 bitatum
1233 1720 1293 1760 fit,
1330 1729 1362 1753 ut
1380 1732 1437 1754 non
1448 1722 1531 1765 poffit
1548 1730 1644 1756 tamen
1651 1725 1796 1767 styripere
1814 1729 1960 1768 quandam

1090 1762 1252 1802 sollicitam
1267 1764 1496 1805 dubitationem,
1519 1773 1554 1797 ut
1571 1765 1646 1797 alibi
1670 1767 1813 1808 loquitur
1830 1768 1960 1811 impera—

1098 1810 1150 1834 tor
1165 1804 1278 1836 noster.

1142 1844 1316 1886 Antequam
1332 1845 1453 1880 causam
1469 1849 1703 1883 controversam
1720 1850 1872 1889 faciamus
1887 1853 1959 1884 mis-

1099 1884 1179 1925 sam,
1191 1887 1295 1928 placet
1311 1889 1349 1919 ad
1365 1889 1430 1929 ejus
1448 1890 1688 1924 illustrationem
1708 1893 1869 1924 adneelere
1881 1893 1961 1925 sum-

1098 1929 1224 1967 matim,
1257 1939 1325 1970 quae
1350 1931 1476 1963 tradunt
1507 1938 1647 1962 nmmum
1688 1935 1848 1966 architecti
1886 1934 1958 1967 Lib.

1096 1968 1239 2001 XXIII.
1262 1970 1322 2002 Tit.
1344 1971 1367 2003 Ι.
1405 1973 1437 2004 C.
1467 1983 1519 2013 42.
1562 1973 1606 2005 sui
1632 1974 1860 2011 'figeac-macne.
1905 1975 1956 2007 Illi

1098 2017 1238 2042 trecenta
1262 2021 1374 2044 mutuo
1396 2013 1489 2044 fuiss'e
1513 2014 1584 2045 data
1616 2015 1737 2056 fingunt
1753 2040 1763 2054 ,
1805 2016 1958 2048 reddenda

1097 2051 1201 2082 mense
1225 2054 1398 2093 proximo:
1431 2054 1611 2086 convenisse
1638 2064 1740 2088 autem
1764 2057 1869 2098 postea
1884 2081 1892 2096 ‚
1918 2057 1956 2090 C.

1096 2091 1260 2133 separatim>
1273 2094 1337 2125 dari
1357 2095 1387 2126 in
1404 2094 1521 2126 menses
1536 2095 1679 2138 singulos.
1724 2097 1808 2130 Dein
1829 2099 1872 2130 ita
1889 2108 1958 2140 pcr-

1097 2140 1192 2174 gllsst:
1215 2138 1291 2169 Τριῶν
1313 2141 1388 2169 μιῇ-ὦν
1412 2135 1585 2173 '‘repemina-av
1598 2160 1609 2176 ,
1641 2138 1683 2174 ,ὠή
1700 2139 1773 2175 mileu
1791 2143 1829 2171 ur}
1849 2140 1956 2170 δεδοκί-

1099 2179 1153 2205 ⁷&
1165 2197 1174 2212 ,
1207 2177 1241 2206 ἐκ
1258 2175 1473 2209 ἀπιττθιότμαα
1490 2179 1510 2206 ⁴²³
1527 2180 1586 2209 δ’)-κς
1604 2181 1746 2211 maiust&
1769 2180 1852 2221 (scil.
1869 2182 1955 2220 vizon,

1098 2216 1182 2256 quod
1198 2217 1387 2249 vocabulum
1405 2218 1617 2251 1·e7e1·iebatu1·
1638 2221 1666 2252 in
1685 2220 1806 2253 Codice
1821 2221 1955 2262 Cujacii,

1097 2256 1298 2289 Basilicorum
1322 2266 1394 2290 ante
1446 2270 1492 2291 ar.
1522 2260 1601 2292 Ann.
1621 2261 1791 2294 Fabrotum
1834 2262 1956 2296 oss'effo-
1985 2280 1990 2290 ι

1098 2298 1156 2337 ris,
1167 2300 1196 2330 ὅ(
1206 2299 1408 2331 necessarium
1430 2301 1473 2332 est
1484 2325 1493 2340 ,
1506 2311 1545 2332 ne
1561 2300 1663 2334 sensus
1676 2273 1831 2345 vacillet?
1843 2306 1894 2334 ἀπο
1919 2308 1958 2336 τί

1097 2343 1174 2377 κοαρέ
1191 2341 1211 2370 ‘1³
1230 2342 1407 2380 ἑπτρωπῖοτως,
1431 2344 1505 2373 nimio
1530 2343 1594 2377 μεπέ
1613 2344 1631 2373 51³·
1655 2350 1751 2380 πρὼν-ιν
1770 2349 1834 2378 stafiva
1856 2346 1877 2373 ἢ
1897 2346 1955 2376 ἷκε·
1980 2372 1982 2375 .

1097 2383 1158 2419 τόν,
1184 2381 1226 2416 »φὴ
1246 2382 1312 2415 pte-7122
1326 2383 1344 2411 δ’·
1362 2384 1471 2416 δεύτερον
1488 2387 1532 2411 τᾶν
1553 2385 1635 2412 ’ἄλλων
1656 2387 1676 2417 ἆ.
1700 2385 1873 2425 HUCUSQUC
1887 2396 1954 2419 ''Ul'-

1097 2420 1162 2453 sum
1188 2422 1356 2455 Parificnfis
1375 2425 1473 2456 editio
1493 2448 1502 2463 ,
1534 2425 1621 2465 cujus
1646 2426 1747 2458 hiatus
1763 2435 1802 2458 cx
1821 2425 1954 2467 Cuiacio

1096 2463 1199 2495 denuo
1216 2463 1402 2505 supplendus
1417 2467 1476 2497 eil:
1506 2471 1529 2505 »53
1557 2467 1621 2498 mm*
1648 2469 1686 2496 m
1704 2470 1777 2501 w'w
1794 2467 1815 2494 Ψ
1832 2471 1952 2504 λυπρά·

1095 2517 1134 2535 νων
1154 2506 1254 2536 ἑκατόν.
1296 2505 1376 2537 Haec
1394 2506 1414 2538 fi
1434 2506 1561 2538 Fabi-oti
1587 2507 1717 2539 editioni
1752 2507 1924 2541 inserantur
1940 2533 1951 2550 ‚

1096 2545 1215 2577 sensum
1237 2546 1354 2577 dabunt
1379 2547 1531 2588 integrum
1547 2571 1556 2586 ,
1589 2557 1681 2588 quem
1706 2549 1780 2580 alias
1807 2558 1847 2580 ex
1865 2559 1953 2591 parte

1097 2588 1188 2618 tertia
1215 2587 1388 2618 claudicare
1411 2589 1554 2626 conflat,
1585 2597 1647 2619 tam
1666 2599 1704 2620 cx
1728 2589 1801 2621 faeti
1820 2589 1920 2632 specie
1935 2601 1953 2624 a

1094 2627 1216 2659 Graecis
1241 2628 1418 2669 proposita,
1443 2638 1532 2669 quam
1552 2639 1591 2660 ex
1612 2629 1674 2670 ipsa
1694 2629 1821 2662 Fabroti
1837 2632 1951 2665 versio-

1093 2678 1132 2699 ne
1150 2669 1269 2700 Latina.
1314 2669 1365 2700 Sic
1392 2677 1426 2700 ut
1449 2677 1513 2701 tum
1537 2670 1607 2708 hic,
1631 2679 1697 2702 tum
1714 2672 1786 2703 alibi
1805 2682 1867 2705 non
1883 2683 1952 2706 ean-

1092 2709 1162 2740 dem
1187 2708 1304 2750 semper
1329 2711 1571 2742 exactitudincm
1598 2711 1700 2750 seryct
1736 2712 1890 2746 Fabrotus
1919 2715 1951 2748 in

1093 2750 1269 2781 exhibendo
1288 2749 1344 2781 suo
1362 2751 1504 2783 Basilice.
1550 2753 1610 2783 Sed
1627 2752 1688 2783 hoc
1708 2756 1842 2792 mpigm.
1887 2754 1948 2797 Ap-

1093 2799 1180 2831 paret
1208 2798 1311 2822 autem
1333 2790 1423 2829 satis,
1456 2792 1636 2832 quaestionis
1652 2794 1781 2835 statum,
1805 2805 1844 2827 cx
1862 2794 1948 2828 Gra:-

1093 2841 1200 2863 corum
1217 2831 1317 2872 specie
1335 2831 1553 2873 resultantem,
1578 2834 1639 2865 ess‘c
1664 2835 1787 2876 planum
1810 2836 1948 2869 facilem-

1093 2882 1174 2913 que,
1197 2873 1227 2904 &
1243 2881 1386 2904 accurate
1405 2873 1641 2914 respondentem
1656 2876 1682 2906 ci
1700 2899 1710 2915 ,
1734 2886 1825 2918 quem
1842 2878 1949 2910 retuli-

1093 2923 1161 2944 mus
1185 2913 1290 2954 supra:
1323 2923 1456 2954 namque
1484 2919 1548 2949 μετιε
1565 2919 1711 2951 mma-m
1728 2924 1793 2952 με..
1814 2914 1958 2959 praestari'

1092 2955 1206 2986 volunt
1232 2954 1334 2986 usuras
1356 2956 1375 2981 ’ἵ
1399 2956 1506 2995 ἑκατόν,
1531 2967 1594 2989 non
1618 2959 1637 2986 πῖ
1652 2959 1710 2990 vm
1731 2960 1880 2999 vno-lenm,
1902 2967 1947 2991 at-

1091 3004 1152 3036 que
1172 2995 1212 3026 ita
1232 2996 1314 3027 illius
1333 2996 1484 3028 duntaxat
1499 2998 1672 3039 pensionis,
1695 3008 1786 3040 quam
1802 3010 1841 3033 ex
1858 3000 1951 3042 pacto

1090 3045 1280 3068 COnVCnCl'ut
1295 3038 1438 3076 διῃρημένους
1456 3039 1529 3070 &inu
1544 3041 1610 3070 ’aaran'
1627 3045 1704 3079 piru.
