2008 3436
152 109 223 148 498
772 109 788 142 Ι
883 109 923 144 Ν

154 195 291 230 Legatum
314 204 347 223 an
368 194 480 224 differat
496 205 510 224 a
529 197 621 233 legato
639 199 839 228 alternationis.
861 201 885 228 1.
906 208 971 235 452.
992 199 1016 228 b.

155 234 261 261 Legata
278 242 366 270 poer.ae
384 236 515 270 nomine,
528 245 602 264 nunc
615 238 772 274 prohibita,
785 247 860 266 nunc
874 238 1015 266 1101131110-

189 279 264 299 runt.
949 280 1015 312 446.

254 311 323 347 Qua:
340 313 452 349 proprie
468 312 588 344 fuerint,
609 321 661 340 nec
677 313 742 340 olim
761 315 832 342 inter
848 322 956 343 veteres
981 316 1017 343 sa-

190 349 224 376 tis·
244 349 387 384 0011111111,
408 359 460 378 nec
475 351 560 379 hodie
577 351 637 379 satis
655 351 773 380 constat.
908 354 972 381 ibid.
994 353 1017 380 b.

253 388 297 416 An
313 388 374 422 jure
398 389 541 417 Pandectis
565 391 722 426 antiquiore
738 389 842 420 fuerint
858 392 961 425 vetita,
981 400 1016 419 an

194 426 304 453 demum
321 428 356 454 ab
373 427 520 455 Antonino
535 429 595 456 Pio.
948 432 1016 465 446.

154 479 232 486 -——
254 464 323 502 Quce
339 468 450 501 proprie
468 464 526 493 sint.
596 474 662 500 447.
685 469 751 501 448.
774 475 839 501 450.
859 477 884 495 a.
905 476 969 502 457.
989 478 1015 495 α.

253 504 298 531 An
311 524 318 535 ,
341 510 371 531 ut
388 513 420 530 ca
436 505 552 532 Veteres
570 504 723 538 definiunt,
742 504 874 534 differant
889 515 904 534 a
919 506 1017 534 condi-

194 542 335 574 tionibus,
356 550 416 576 quae
433 550 447 568 a
463 551 539 570 mero
561 543 678 571 arbitrio
694 543 826 579 pendent.
904 547 969 580 448.
990 546 1015 573 b.

154 594 231 601 -—
254 588 303 607 cur
320 581 472 615 prohibita.
685 590 749 616 451.
771 592 795 609 a.
817 590 881 616 452.
904 590 968 617 455.
991 593 1015 611 a.

253 619 279 645 in
296 619 351 650 cis,
373 626 408 644 au
424 617 528 653 aliquid
545 619 612 647 novi
630 619 660 647 fit
676 619 856 648 constitutum
866 629 915 657 per
930 623 947 649 l.
967 631 1014 650 zm.

191 657 221 684 C.
243 656 272 684 cle
290 657 348 690 bis,
367 665 420 692 qzcae
440 663 505 692 [μανι.
526 666 592 686 nom.
614 659 706 694 retinq.
727 658 753 686 6<
771 658 799 686 in
821 659 845 695 §-
873 660 913 687 ult
942 659 966 688 Ι.
988 659 1014 687 α’.

191 696 271 732 legar.
948 705 1015 733 457.

153 747 229 754 —-—-
254 732 322 767 quid
337 732 460 760 moribus
476 733 613 762 obtineat.
904 738 969 770 458.
989 746 1014 765 a.

251 772 355 799 Eorum
372 771 507 807 exempla.
813 782 879 808 449.
900 782 967 809 454.
988 784 1012 802 α.

153 810 290 845 Legatum
308 818 395 844 poenae
413 811 527 838 nomine
542 819 576 837 an
596 809 700 839 efficiat
716 810 871 848 adoptandi
894 813 938 840 vel
955 820 1014 840 non

192 848 347 883 adoptandi
369 848 497 875 conditio
513 848 659 884 adscripta.
816 858 881 885 454.
901 849 925 878 b.
946 859 1012 885 455.

255 895 289 914 30
307 886 446 914 alit-nandi
461 887 505 914 vel
519 895 575 914 non
591 887 731 915 alienandi
749 888 828 916 servi.
948 889 1011 918 ibid.

253 933 287 951 an
303 925 432 952 conditio
449 925 483 952 de
499 926 601 961 nuptiis
620 926 830 954 contrahendis.
944 935 1010 962 454.

253 963 319 998 quid
339 963 356 990 fi
380 963 539 996 dubitetur,
561 972 595 991 an
619 964 748 993 conditio
762 964 793 993 sit
806 965 898 998 licita,
920 966 963 993 vel
980 966 1011 993 il-

151 977 230 985 ——a

189 1001 281 1033 licita,
304 1003 392 1037 turpis
412 1001 454 1029 vul
471 1002 596 1030 honesta.
898 1011 963 1038 451.
984 1014 1010 1032 a.

250 1048 303 1068 nec
317 1040 344 1067 in
362 1040 480 1067 militum
497 1040 667 1069 testamentis
683 1041 780 1070 valuit.
910 1045 967 1076 456
986 1042 1009 1070 b.

152 1093 232 1100 ———-
253 1087 305 1106 nec
322 1079 348 1105 in
364 1078 444 1106 causa
461 1079 606 1108 libertatis.
769 1086 835 1114 447.
855 1079 879 1108 b.
900 1084 966 1114 456.
986 1080 1009 1108 b.

902 1117 965 1146 ibid.
985 1128 1012 1146 a.

251 1125 303 1144 nec
320 1117 346 1143 in
360 1117 418 1149 bis,
434 1125 493 1152 quae
510 1118 630 1154 Principi
651 1117 857 1154 relinquuntur·

150 1155 228 1191 Ouocl
244 1155 402 1190 Legatorum
417 1155 602 1184 interdittum.
621 1157 656 1184 V.
677 1156 782 1184 Interd.

149 1186 301 1228 Ecgatario
316 1201 373 1221 rem
384 1215 391 1226 ‚
415 1202 473 1221 non
493 1203 541 1230 per
556 1193 704 1222 formulam
721 1194 920 1221 vindicationis
939 1194 1014 1230 lega-

190 1239 245 1260 tam
262 1253 270 1265 ,
291 1231 458 1267 poffidenre,
480 1231 575 1259 heredi
593 1231 626 1258 311
642 1232 826 1268 quadrantem
843 1232 1013 1269 consequen-

189 1271 256 1298 dum
286 1268 362 1297 nulla
390 1269 429 1296 est
461 1269 532 1298 aetio
547 1290 556 1304 ‚
584 1270 629 1298 scd
657 1278 739 1306 agere
759 1270 851 1307 potest
865 1271 1013 1300 interdieto

189 1308 266 1345 quod
282 1308 448 1344 legatorum.
903 1317 966 1343 219.
978 1300 1011 1338 Nb.

515 1385 644 1422 Legatus.

148 1463 271 1497 Legatus
296 1461 474 1490 Proconsulis
497 1462 566 1490 nihil
589 1463 696 1500 proprii
712 1462 798 1491 habet
819 1483 828 1498 ‚
849 1463 932 1492 etiam
949 1462 1011 1499 post

189 1499 343 1536 delegatam
357 1500 590 1537 jurisdictionem.
900 1505 965 1530 206.
986 1511 1012 1529 ιι.

284 1546 346 1566 01110
373 1538 542 1567 Proconsule
565 1548 742 1568 communem
768 1539 902 1568 duntaxat
926 1540 1013 1568 habet

186 1577 408 1615 Jurisdiftionem
426 1599 433 1610 ,
465 1586 522 1605 non
546 1586 614 1606 vero
639 1579 665 1606 in
693 1584 784 1606 totum
808 1578 884 1606 ease
899 1578 1013 1606 abdicat

188 1615 340 1644 Proconsul
351 1637 357 1647 .
368 1616 606 1651 quemadmodum
619 1616 719 1652 reliqui
729 1616 901 1645 mandantes.
917 1616 979 1644 ibid.
989 1616 1011 1644 b.

284 1662 319 1682 an
341 1653 372 1682 fit
396 1662 455 1690 eJus
472 1677 480 1689 ,
513 1654 587 1692 apud
609 1663 693 1692 quem
719 1656 839 1684 mittitur
867 1654 1009 1719 subjefituls.

845 1695 880 1722 11.
903 1701 965 1728 153.
1003 1714 1010 1721 .

286 1741 320 1761 an
335 1732 444 1768 J'udicio
458 1731 516 1766 eJ'us
532 1753 539 1764 ,
569 1731 642 1768 apud
659 1740 742 1768 quem
764 1732 906 1768 legatione
921 1731 1012 1767 fungi-

186 1777 231 1799 tur
246 1791 253 1804 ,
278 1772 333 1800 five
350 1773 384 1801 de
398 1771 495 1800 debito
511 1769 566 1799 five
586 1770 620 1798 de
635 1772 751 1799 crimine
772 1778 869 1807 agatur
884 1790 895 1806 ‚
921 1771 1012 1798 obno-

188 1811 262 1838 xius.
947 1808 1011 1836 ibid.

285 1848 429 1885 quousque
442 1847 598 1884 Principem
614 1848 797 1884 repraesentet.
900 1850 964 1882 156.
984 1857 1010 1876 a.

287 1888 306 1914 fi
321 1888 445 1915 debitum
465 1886 570 1914 solvere
593 1886 749 1922 1101106101,
777 1894 811 1914 an
835 1893 963 1914 exemtus
980 1885 1011 1913 sit

192 1924 256 1952 soro
270 1927 329 1960 ejus
346 1947 352 1958 ‚
374 1925 447 1962 apud
464 1933 546 1960 quem
569 1923 656 1959 degit.
902 1927 965 1958 158.
985 1923 1009 1952 b.

286 1965 335 1992 ubi
355 1963 380 1992 ἃ
395 1963 542 2001 quomodo
559 1963 586 1990 in
603 1963 684 1991 causa
699 1963 775 1992 civili
792 1962 1013 1991 conveniendus.

949 2004 1013 2029 161.

285 2039 334 2067 ubi
350 2049 384 2068 ex
404 2040 505 2068 delie'to
524 2039 746 2068 conveniendus.
950 2047 1013 2073 171.

285 2079 332 2113 (]111
357 2079 385 2106 in
406 2079 471 2106 loco
492 2078 656 2112 Legationis
676 2078 840 2112 habitabat,
864 2082 1014 2114 antequam

189 2116 311 2150 Legatus
326 2116 392 2144 esset
406 2137 413 2149 ,
434 2117 480 2144 ubi
497 2116 717 2144 conveniendus.
953 2119 1014 2144 161.

288 2162 356 2182 num
378 2155 441 2192 quis
456 2153 509 2182 effe
524 2153 607 2190 poffit
623 2156 697 2191 apud
718 2162 766 2183 eos
782 2176 789 2188 ,
821 2160 939 2190 quorum
955 2155 1016 2182 sub-

190 2191 263 2220 ditus
285 2191 335 2226 est„
903 2192 965 2220 ibid.
987 2202 1013 2221 a.

287 2231 336 2266 qui
365 2236 550 2258 mercaturam
579 2231 707 2259 exercuit
731 2252 738 2264 ,
772 2229 798 2258 ἃ
821 2230 849 2258 in
871 2238 931 2258 eam
955 2239 1014 2259 rem

189 2270 331 2297 contraxit
346 2277 408 2297 cum
429 2268 543 2297 subditis
560 2269 618 2303 ejus
635 2291 643 2302 ‚
672 2268 745 2306 apud
766 2277 847 2305 quem
873 2268 1013 2304 legatione

190 2306 337 2342 fungitur,
355 2316 390 2335 an
413 2306 528 2335 domum
547 2315 680 2335 revocare
695 2307 785 2344 poffit.
808 2311 904 2341 165.α.
916 2311 1012 2337 166.a.

288 2346 371 2374 alicui
386 2353 419 2373 ex
437 2345 488 2373 suis
503 2346 633 2381 privatim
652 2355 702 2382 per
724 2346 786 2373 suos
806 2353 918 2382 poenam
940 2347 1013 2380 capi-

191 2383 276 2411 talem
297 2383 421 2420 infiigere
437 2384 544 2419 nequit.
948 2387 1012 2417 167.

287 2422 359 2450 bene
369 2429 462 2451 tamen
473 2422 534 2450 suos
544 2422 656 2449 modice
665 2422 796 2450 coercere
806 2421 906 2458 potest.
916 2421 977 2449 ibid.
987 2422 1011 2450 b.

153 2473 267 2482 ———-
287 2469 323 2489 311
352 2461 381 2489 in
407 2460 470 2489 suos
491 2460 712 2496 jurisdictionem
739 2459 851 2488 civilem
881 2468 1012 2488 exercere

190 2498 284 2535 poffit.
504 2507 507 2509 ·
948 2498 1010 2527 ibid.

154 2549 267 2558 —————-
288 2536 389 2572 quibus
404 2545 437 2565 ex
452 2537 537 2565 causis
558 2536 641 2574 possit
663 2537 808 2565 conveniri
830 2537 858 2564 in
879 2536 944 2564 loco
960 2537 1012 2565 Le-

190 2575 329 2609 gationis,
351 2575 377 2603 dt
396 2576 543 2612 quomodo
558 2582 624 2604 tunc
642 2574 770 2604 facienda
785 2575 884 2610 J'udicii
907 2575 1012 2604 denun-

191 2613 287 2640 ciatio.
949 2616 1011 2644 168.

151 2664 265 2673 —-——
287 2649 306 2678 fi
321 2656 385 2687 agat
399 2651 494 2687 prius,
509 2658 543 2678 an
560 2651 645 2680 etiam
661 2651 797 2689 suscipere
817 2652 955 2680 actionem
971 2658 1010 2680 te·

189 2696 297 2718 neatur.
902 2693 966 2724 169.
986 2689 1010 2718 h.

285 2728 333 2763 qui
350 2735 433 2756 manu
447 2728 523 2764 agit,
544 2735 629 2755 manu
643 2726 739 2763 repelli
753 2726 854 2764 potest.
901 2735 964 2762 171.
984 2737 1011 2756 a.

286 2766 452 2803 delinquens
475 2774 510 2794 an
531 2767 702 2802 Legatorum
721 2766 869 2803 privilegia
891 2766 1011 2795 amittat.

902 2811 966 2839 172.
986 2814 1012 2832 α.

286 2842 334 2871 etsi
351 2843 443 2880 puniri
457 2848 593 2880 nequeat,
612 2843 703 2879 iuberi
719 2848 813 2871 tamen
833 2842 949 2879 regione
964 2850 1010 2871 ex-

187 2878 288 2908 cedere
307 2881 408 2917 potest.
902 2888 964 2915 175.
984 2890 1010 2909 a.

284 2928 319 2948 30
335 2926 366 2949 111
382 2920 616 2948 domirevocetur
631 2919 763 2956 Princeps
776 2918 926 2954 rogandus·
944 2919 1010 2947 ibid.

283 2955 336 2993 qui'
344 2958 511 2986 rebelliones
526 2967 559 2986 ex
579 2957 714 2987 mandato
729 2958 864 2995 Principis
880 2957 918 2985 sui
938 2958 1012 2985 exci-

191 3000 248 3029 tat,
269 3004 303 3024 an
321 2997 346 3026 &
359 2996 505 3033 quomodo
519 2995 686 3033 puniendus.
904 2997 966 3027 182.
987 3006 1012 3024 a.

149 3045 263 3056 ——-
284 3043 319 3063 an
340 3035 560 3070 iurisdiftionem
575 3043 728 3072 prorogare
748 3034 774 3064 &
793 3033 847 3062 fori
863 3033 1012 3071 privilegio

189 3074 356 3102 renunciare
371 3072 460 3110 possit.
817 3074 880 3102 180.
903 3075 966 3102 181.
986 3072 1011 3100 h.

282 3112 348 3146 Ejus
364 3112 481 3149 persona
498 3111 603 3148 semper
617 3111 708 3140 saneta
721 3110 862 3139 habenda.
901 3117 964 3145 147.
986 3109 1011 3139 b.

281 3164 394 3175 ——-
415 3149 581 3181 Hollandiae
603 3148 744 3183 Ordinum
763 3157 797 3178 ea
817 3149 851 3178 dc
874 3157 904 3179 10
928 3148 1011 3214 Effig-

945 3195 954 3214 z
972 3195 979 3215 ι
1003 3207 1010 3215 .

184 3190 252 3216 (um.

1060 200 1160 266 Legati
1188 201 1264 229 bona
1286 201 1402 230 mobilia
1429 209 1495 229 1111111
1519 202 1645 238 pignoris
1666 204 1744 232 causa
1767 207 1829 239 capi
1852 216 1912 243 pos-

1061 246 1225 312 —AEt'Ejus
1253 276 1324 305 aedes
1347 286 1382 306 an
1413 277 1437 306 ὅτ.
1467 284 1604 314 quatenus
1634 281 1737 318 asylum
1748 245 1912 318 Χέξῐιὲὺςέεζιιιέἰ

1765 328 1827 354 177-
1852 325 1913 356 178·

1058 367 1136 374 —-
1157 352 1191 380 de
1214 353 1273 387 ejus
1301 354 1374 385 vita,
1395 354 1493 387 bonis,
1515 355 1733 391 existimatione,
1757 366 1841 387 nemo
1863 361 1913 389 niti

1096 392 1242 427 princeps,
1263 392 1311 426 qui
1332 392 1420 424 mint,
1444 394 1592 421 decernere
1609 395 1708 430 potest.
1850 401 1913 433 183.

1057 443 1136 450 —-—
1157 428 1323 457 Ordinarius
1333 429 1357 457 &
1373 432 1606 459 extraordinarius
1616 434 1664 467 qui
1678 433 1794 462 dicatur.
1810 443 1872 470 ¹47·
1885 446 1911 466 a,

1056 481 1137 489 -—-
1158 468 1359 504 cujuscumque
1373 469 1515 505 dignitatis
1532 479 1567 498 an
1583 471 1696 499 domum
1712 480 1833 501 revocet.
1850 477 1912 508 ¹48·

1848 516 1880 541 16
1903 534 1910 541 .

1058 557 1136 564 -—-
1156 550 1222 571 num
1245 543 1353 572 actione
1375 545 1403 572 in
1427 554 1486 574 10111
1502 548 1648 575 conveniri
1667 547 1748 584 poffir
1765 521 1912 579 secundum

1093 582 1137 616 jus
1152 582 1321 610 Romanum.
1673 594 1736 621 154.
1757 587 1781 614 b.
1804 584 1865 622 155'.
1884 599 1910 618 a.

1156 628 1222 648 num
1246 620 1281 648 de
1301 622 1361 656 jure
1376 621 1509 650 Romano
1530 631 1612 658 agere
1626 623 1725 660 poffit,
1749 625 1795 652 ubi
1811 633 1910 654 conve-

1096 659 1149 686 niri
1165 665 1293 693 nequeat.
1846 665 1908 693 ibid.

1158 705 1191 724 ex
1201 696 1305 724 delictis
1320 698 1346 725 in
1362 697 1503 732 legatione
1518 699 1664 727 commiffis
1681 701 1833 736 cogebatur
1845 702 1911 732 011111

1096 734 1194 762 Romae
1206 734 1342 769 judicium
1357 736 1425 772 pati.
1807 747 1866 774 155.
1884 751 1910 770 a.

1056 772 1156 809 Legati
1178 774 1359 809 municipales
1385 773 1411 802 ὗε
1436 774 1623 810 provinciales
1653 776 1845 806 Romanorum
1874 787 1909 808 an

1090 811 1261 847 Legatorum
1275 813 1337 846 jure
1356 812 1408 840 frui
1424 814 1578 848 potuerint.
1806 819 1865 850 158.
1883 828 1910 847 α.

1156 858 1191 878 30
1206 851 1241 877 ab
1258 849 1362 878 arresto
1378 851 1522 880 immunes.
1676 855 1737 886 156.
1759 854 1782 881 b.
1806 857 1865 888 158.
1883 865 1909 885 a.

1055 902 1134 909 ——-
1155 889 1182 916 in
1202 888 1267 916 loco
1289 889 1472 924 Legationis,
1493 891 1582 919 tacito
1603 890 1737 919 consensu
1763 892 1909 928 Gentium,

1090 926 1199 962 litigare
1216 935 1273 954 non
1288 934 1435 962 coguntur.
1806 933 1864 965 158.
1883 942 1909 960 a.

1156 966 1204 1002 qui
1221 965 1293 1000 apud
1309 974 1371 993 eum
1383 987 1391 998 ‚
1410 965 1445 993 ad
1461 974 1544 1002 quern
1561 965 1703 1001 legantur,
1724 969 1829 1004 recepti
1844 977 1913 998 non-

1093 1002 1159 1031 dum
1177 1003 1238 1032 sunt
1252 1012 1305 1041 pro
1319 1004 1450 1041 Legads,
1468 1013 1503 1032 au
1523 1006 1584 1040 jure
1599 1005 1772 1041 Legatorum
1790 1013 1911 1037 utantur.

1799 1053 1810 1072 1
1835 1054 1861 1079 9.
1886 1055 1913 1075 a.

1055 1094 1134 1101 -——
1154 1088 1220 1108 num
1237 1081 1355 1117 propriis
1370 1079 1425 1108 five
1444 1089 1460 1108 a
1475 1081 1617 1117 legatione
1637 1081 1733 1110 alienis
1751 1053 1871 1119 0031151115
1889 1085 1915 1113 se

1092 1118 1271 1154 interponere
1287 1119 1417 1146 debeant.
1807 1125 1868 1156 165.
1887 1132 1915 1152 a.

1155 1165 1189 1184 an
1207 1158 1233 1185 in
1249 1157 1329 1184 causa
1343 1157 1419 1184 civili
1439 1156 1464 1185 &
1479 1157 1640 1192 pecuniaria
1657 1165 1733 1186 extra
1750 1160 1857 1189 causam
1876 1160 1914 1189 le-

1091 1195 1212 1229 gationis
1228 1194 1396 1229 respondere
1412 1194 1601 1231 apudjudiccs
1617 1197 1681 1232 cogi
1689 1196 1799 1233 poffint.
1810 1202 1872 1228 166.
1886 1208 1914 1228 a.

1155 1233 1281 1269 exempla
1296 1240 1330 1259 ea
1346 1232 1381 1259 de
1397 1241 1436 1260 re.
1848 1237 1912 1266 ibid.

1056 1284 1134 1292 —--
1155 1279 1220 1299 num
1238 1271 1346 1298 3611000
1362 1270 1390 1298 10
1412 1278 1470 1298 rem
1487 1271 1633 1298 conveniri
1649 1278 1762 1306 queant.
1804 1277 1865 1307 169.
1886 1277 1912 1304 11.

1055 1323 1134 1330 —-
1156 1317 1190 1337 an
1207 1308 1423 1343 repressaliarum
1439 1309 1574 1336 immunes
1592 1308 1650 1336 sint.
1806 1319 1868 1346 179.
1887 1314 1913 1342 h.

1154 1347 1173 1375 si
1188 1347 1279 1381 male,
1299 1355 1332 1375 ex
1347 1346 1481 1375 mandato
1499 1354 1591 1375 tamen
1611 1346 1733 1383 faciant,
1755 1357 1791 1378 an
1806 1350 1912 1379 detine-

1091 1385 1114 1414 ri
1130 1385 1172 1414 vel
1188 1386 1282 1423 puniri
1297 1384 1407 1421 possint.
1807 1390 1868 1418 180.
1886 1390 1912 1418 b.

1051 1437 1131 1445 --
1151 1433 1185 1453 30
1203 1424 1277 1453 bello
1297 1430 1361 1452 orto
1383 1424 1434 1452 tuti
1451 1422 1511 1452 fint.
1800 1427 1864 1455 ibid.
1883 1437 1910 1456 ι.

1053 1461 1214 1499 Legarorum
1230 1462 1346 1491 crimina
1362 1462 1479 1499 duplicis
1494 1463 1603 1497 generis
1619 1462 1688 1492 sunt.
1806 1471 1867 1499 171.
1886 1466 1913 1495 b.

1054 1514 1134 1522 ——
1155 1500 1292 1529 distinetio
1315 1503 1344 1529 in
1369 1500 1525 1528 ordinarios
1549 1500 1574 1529 &
1589 1501 1830 1531 extraordinarios
1847 1511 1914 1533 num

1095 1542 1168 1576 apud
1187 1540 1303 1568 Veteres
1320 1539 1482 1567 obtinuerit.
1848 1549 1912 1576 147,

1152 1578 1213 1613 Jure
1228 1586 1263 1605 an
1278 1583 1394 1606 utantur
1409 1578 1438 1606 in
1453 1577 1551 1612 Belgio
1565 1576 1792 1616 Commz'ffizriffen.
1805 1582 1867 1613 164.
1886 1580 1912 1609 b.

1054 1615 1214 1653 Legatorum
1238 1616 1264 1644 δι
1283 1615 1405 1652 ipsorum
1428 1616 1570 1644 Comitum
1585 1617 1730 1652 privilegia
1757 1625 1812 1653 qua
1829 1618 1913 1646 ratio-

1087 1662 1124 1682 ne
1140 1654 1276 1690 exstingui
1291 1654 1420 1682 dicantur
1436 1654 1594 1690 Legatione
1609 1654 1748 1683 exstinc‘ta.
1803 1659 1866 1685 166.
1885 1658 1912 1685 b.

1151 1694 1277 1722 Comites
1292 1693 1339 1729 qui
1358 1691 1424 1725 fint,
1447 1701 1504 1728 quo
1518 1693 1578 1727 jure
1595 1699 1724 1727 utantur,
1746 1701 1780 1720 an
1795 1692 1911 1723 domum

1090 1737 1241 1766 revocent,
1250 1730 1277 1759 &
1286 1739 1320 1759 an
1329 1739 1426 1759 eorum
1435 1731 1510 1759 bona
1519 1731 1622 1759 arresto
1633 1731 1799 1764 subjaceant.
1813 1735 1876 1766 167.
1885 1743 1912 1762 a.

1248 1769 1266 1797 fi
1276 1769 1457 1806 deliquerint,
1466 1769 1541 1804 quod
1551 1768 1640 1797 forum
1651 1769 1804 1798 sortiantur.
1817 1773 1878 1804 176.
1886 1780 1915 1799 a.

1052 1822 1132 1830 --
1151 1822 1230 1830 —-
1251 1815 1287 1836 an
1302 1808 1331 1836 in
1347 1807 1521 1844 capitalibus
1536 1807 1621 1836 caufis
1638 1816 1654 1835 a
1670 1808 1782 1841 Legatis
1797 1809 1914 1844 punien-

1091 1847 1130 1875 di.
1673 1846 1736 1874 ibid.
1757 1848 1780 1874 b.
1804 1853 1866 1881 177.
1886 1856 1913 1876 a.

1053 1884 1088 1913 de
1105 1885 1264 1921 Legatorum
1276 1885 1337 1920 jure
1355 1883 1509 1913 revocandi
1530 1883 1644 1913 domum
1661 1884 1779 1913 edictum
1796 1884 1914 1914 Hollan-

1093 1923 1143 1952 diae
1157 1923 1308 1952 Ordinum.
1805 1931 1858 1957 159
1885 1933 1913 1953 a.

1055 1961 1214 2000 Legatorum
1228 1962 1288 1997 jura
1305 1969 1362 1989 non
1378 1960 1500 1998 petenda
1516 1969 1549 1989 ex
1562 1962 1622 1995 jure
1637 1961 1778 1989 Romano.
1850 1969 1914 1996 155.

1255 2008 1289 2028 30
1303 2006 1466 2036 competant
1481 2000 1555 2028 exuli
1571 1999 1597 2028 <St
1612 2000 1639 2027 in
1653 2007 1764 2036 poenam
1779 1999 1915 2036 proscrip-

1095 2044 1140 2071 to.
1163 2038 1211 2073 qui
1226 2045 1278 2074 pro
1292 2038 1400 2073 Legato
1420 2038 1546 2066 mittitur.
1805 2045 1866 2071 179.
1887 2047 1915 2066 a.

1058 2076 1093 2105 de
1114 2077 1274 2114 Legatorum
1295 2075 1359 2104 foro
1380 2076 1407 2103 in
1429 2076 1593 2104 criminibus
1617 2083 1709 2103 mores
1730 2076 1863 2103 Gentium

1092 2114 1219 2150 exempla
1238 2114 1410 2151 Legatorum
1433 2115 1471 2142 ob
1494 2115 1609 2142 crimina
1633 2115 1794 2150 punitorum
1813 2113 1838 2142 ἀ
1855 2121 1914 2142 11011

1091 2154 1265 2190 punitorum.
1847 2159 1879 2186 17
1886 2159 1913 2186 3.

1057 2192 1218 2229 Legatorum
1239 2190 1415 2228 privilegium
1434 2190 1489 2218 fori
1508 2198 1566 2226 quo
1586 2191 1646 2225 J'ure
1666 2195 1783 2225 negatur
1802 2189 1915 2225 Legatts

1095 2231 1235 2258 minorum
1251 2230 1395 2258 Gentium.
1850 2230 1914 2262 148.

1057 2283 1134 2291 --—-
1157 2268 1302 2305 privilegia
1327 2266 1388 2304 ipsis
1407 2276 1441 2296 ex
1457 2267 1519 2303 J'ure
1533 2266 1667 2295 Gentium
1682 2265 1777 2294 debita
1800 2273 1835 2294 an
1858 2273 1914 2303 qua

1094 2307 1171 2335 Gens
1185 2305 1266 2343 poffit
1281 2305 1388 2334 tollere.
1804 2307 1867 2338 176.
1885 2313 1912 2332 a.

1057 2359 1136 2368 -—
1156 2344 1271 2381 quando
1287 2352 1344 2372 non
1361 2342 1476 2380 prosint.
1804 2342 1866 2370 ibid.
1887 2341 1912 2371 b.

1055 2397 1137 2405 -—
1158 2383 1282 2411 sanetitas
1297 2390 1374 2419 quae.
1395 2381 1421 2410 δι
1437 2390 1472 2411 311
1487 2380 1553 2410 inde
1569 2380 1746 2418 privilegium
1762 2379 1825 2408 sori.
1849 2387 1912 2415 152.

1055 2436 1135 2443 ——-
1156 2421 1285 2458 specialia
1299 2421 1422 2448 nomina.
1804 2421 1868 2452 163.
1887 2428 1914 2447 a.

1052 1784 1133 1792 .—

1055 2474 1136 2481 ·—
1154 2461 1234 2488 varia
1249 2460 1365 2487 nomina
1379 2466 1432 2486 nec
1444 2466 1500 2487 una
1516 2456 1652 2487 conditIo.
1849 2462 1914 2490 147.

1054 2511 1135 2520 —-·
1154 2505 1254 2526 uxores
1270 2505 1304 2525 an
1323 2498 1393 2525 inter
1408 2497 1526 2525 comites
1542 2493 1726 2524 numeranda.
1804 2495 1866 2523 168.
1885 2503 1913 2523 a.

1056 2544 1071 2564 a
1089 2536 1203 2574 Legatis
1218 2542 1356 2571 quatenus
1372 2535 1479 2563 coactio
1496 2534 1586 2562 abess‘e
1604 2533 1714 2561 debeat.
1849 2535 1913 2561 160.

1055 2574 1169 2612 Legaris
1178 2574 1473 2602 eorumveComitiuus
1483 2574 1531 2609 qui
1544 2572 1670 2606 iniuriam
1681 2569 1771 2598 fecitte
1780 2571 1912 2606 argueba-

1091 2619 1158 2647 tur,
1185 2612 1329 2641 incidebat
1352 2612 1421 2640 olim
1447 2612 1477 2639 10
1498 2611 1531 2639 L.
1555 2610 1655 2647 Juliam
1679 2607 1716 2636 de
1737 2608 1765 2636 vi
1790 2608 1913 2645 publica.

1804 2655 1816 2674 1
1860 2668 1867 2674 .
1885 2656 1912 2675 a.

1054 2703 1134 2711 -—
1153 2688 1303 2718 ordinariis
1326 2686 1449 2717 Romani
1470 2690 1579 2714 veteres
1605 2692 1664 2713 non
1686 2682 1724 2712 usi
1741 2706 1749 2718 ,
1770 2682 1795 2712 ἃ
1815 2654 1911 2721 {gara

1803 2730 1827 2750 κ
1858 2744 1866 2751 .
1884 2732 1910 2751 a.

1054 2766 1085 2794 de
1094 2765 1206 2801 Legatis
1220 2773 1281 2801 quae
1291 2767 1439 2792 occurrunt
1457 2762 1484 2789 in
1498 2762 1559 2796 jure
1573 2761 1658 2790 Rom.
1673 2755 1787 2789 nonnisi
1803 2729 1912 2789 dfi’to-

1090 2803 1256 2832 vincialibus
1269 2802 1295 2830 &
1308 2800 1522 2836 municipalibus
1534 2799 1717 2829 exaudienda.
1803 2806 1863 2833 155.
1882 2809 1909 2828 a.

1052 2841 1167 2880 Legatos
1189 2841 1321 2877 Princeps
1345 2839 1456 2867 mittere
1475 2838 1566 2876 potest
1583 2860 1591 2873 ,
1614 2844 1686 2875 quot
1708 2837 1827 2902 libueribt.
1846 2837 1910 2904 {hu}

1190 2916 1266 2946 salvo
1278 2916 1339 2950 iure
1355 2915 1505 2947 Gentium.
1527 2923 1579 2942 nec
1595 2921 1710 2947 omnes,
1731 2920 1782 2941 nec
1797 2883 1910 2948 ‹1111qu-

1091 2963 1201 2993 cunque
1216 2954 1427 2982 conditionibus
1445 2955 1567 2989 recipcre
1584 2951 1688 2980 ncoetl‘e
1704 2950 1752 2980 est.
1775 2952 1836 2985 158.
1881 2960 1908 2980 a.

1055 2995 1174 3034 Legum-r
1187 2992 1227 3022 est
1242 2992 1430 3021 mandatarius
1447 2992 1582 3027 Principis
1599 2991 1646 3019 sui.
1844 2996 1908 3024 250.

1188 3031 1266 3069 quod
1280 3031 1337 3068 egit
1355 3037 1453 3059 contra
1469 3038 1599 3058 arcanum
1616 3026 1791 3061 mandatum,
1812 3034 1846 3055 an
1865 3035 1910 3055 va-

1089 3071 1156 3100 leat·
1187 3108 1255 3138 fines
1269 3106 1394 3137 mandati
1407 3106 1552 3144 egrediens
1567 3114 1623 3135 non
1638 3064 1907 3141 obligatrrinci'ssggi

1091 3144 1278 3176 mandantem.
1845 3140 1907 3171 ibid.

1185 3184 1205 3214 fi
1220 3189 1347 3216 mutatur
1362 3185 1397 3216 ad
1414 3192 1459 3214 res
1475 3183 1556 3215 serias
1575 3181 1696 3220 agendas
1712 3202 1719 3215 ‚
1741 3179 1841 3217 duplex
1859 3180 1907 3246 {³¹2}
