2008 3436
323 100 408 142 nD
446 100 487 135 L.
515 97 583 134 1x.
625 96 672 134 D.
710 95 791 132 DE
834 95 1006 133 LEGE
1045 95 1345 142 RHomA,
1386 98 1425 135 c.
1453 99 1498 134 11.
1527 100 1591 135 111-

58 197 121 222 tam
138 187 409 229 profundeeegerit
426 185 465 217 de
482 183 658 227 privilegiis
675 183 895 230 Mercatorum
906 205 917 222 ,

57 233 88 271 §t
106 229 145 261 de
160 229 263 262 addita
276 229 382 261 Patria
392 227 431 259 ad
447 226 647 258 emerendum
665 223 811 256 favorem
830 224 917 256 Prin-

56 272 154 311 cipis,
178 274 353 312 (memnon
374 270 488 310 probat
510 264 772 299 Nicomedienses
795 268 825 298 in
845 275 916 297 cau-

55 312 87 344 sa
103 305 275 353 naufragii,
299 311 374 352 quin
392 310 443 341 vel
469 309 532 340 ulla
556 318 608 347 re,
641 306 780 353 habuifl'e
809 307 918 348 praeci-

53 362 146 395 puos.
167 368 170 374 v
191 354 222 386 Si
242 353 373 394 patriam
391 361 455 391 non
474 350 615 391 aetorum
642 347 760 387 scriba,
786 348 836 380 sed
856 348 919 380 Eu-

54 395 181 427 daemon
212 394 321 427 libello
336 391 558 433 -apposueri't,..
571 390 664 422 unice
683 390 762 422 illud
781 389 917 422 dandum

53 436 180 468 ridetur
209 433 425 467 consuetudini
445 456 455 472 ,
492 433 520 464 ἀ
549 440 625 464 tunc
660 431 853 472 aliquando,
887 432 918 463 &

52 487 138 510 nunc
157 477 259 509 ubivis
280 474 432 506 Gentium
451 481 607 514 receptas,
633 482 698 514 quo
716 474 760 512 is,
786 472 916 514 quiadi-

54 527 127 557 ων,
152 519 184 550 in
207 515 406 549 rescribendo
433 514 545 546 habeat
579 514 734 546 irationem
765 518 917 548 αὐτονομίας

51 559 139 598 forte
157 559 222 599 ejus
240 558 323 596 loci,
341 557 422 588 unde
445 557 474 587 ei
497 556 548 597 qui
569 555 744 597 supplicat,
760 556 852 597 origo
862 554 918 588 est.

94 601 149 632 Ait
161 623 171 639 ,
192 597 255 634 ἠύς
267 601 397 630 'niz-anm
414 606 538 630 Βασιλεα.
570 597 652 642 Quis
671 598 722 629 hic
738 596 836 629 fuerit
854 598 916 629 An·

50 642 197 679 tunitius,
217 650 281 673 non
298 640 364 679 est,
396 639 478 671 unde
502 638 572 671 sciri
595 638 699 680 poflit.
743 639 824 671 Sane
846 639 916 671 fim-

48 683 175 726 pliciter
192 681 296 724 polito
325 681 479 713 Antonini
502 680 632 713 nomine
651 681 742 712 Pium
759 680 909 722 intelligi·

47 733 133 764 mus,
150 731 194 763 ,ut
218 731 296 764 puta
324 723 405 764 qui,
433 732 504 755 cum
533 723 650 763 primus
674 722 909 754 Antoninorum

47 765 231 807 Principum
249 764 348 795 fuerit
364 787 374 802 ,
403 764 481 795 illud
501 772 615 796 nomen
640 763 722 805 quasi
741 764 911 804 praecepit,

47 807 139 840 licuti
166 807 266 847 Julius
290 805 412 844 Caesar,
436 805 627 843 Otiavianus
655 804 830 846 Augustus,
850 803 911 836 Ti-

48 849 152 880 berius
178 847 329 879 Claudius
355 846 444 879 Nero
471 847 604 888 aliique,
631 845 780 886 Caesaris,
804 846 910 888 Augu-

47 889 85 923 sti
96 912 106 929 ,
130 889 256 922 Tiberii
274 889 396 930 aliaque
413 888 561 925 nomina,
597 897 667 929 quae
686 888 767 919 inter
782 891 920 920 duas-«zuar

47 932 120 964 suos
141 931 234 973 primi
253 930 424 972 geffcruut.
445 930 504 961 Sed
522 938 585 961 non
607 930 717 969 utique
734 929 811 960 illud
832 928 907 960 scm-

46 983 101 1015 per
118 982 230 1004 verum
248 972 313 1011 est,
338 973 367 1002 <St
384 981 468 1002 nunc
486 971 584 1011 vulgo
602 977 734 1010 negatur
750 970 788 1000 de
808 970 908 1001 Anto-

46 1016 124 1047 nino
141 1015 172 1047 in
191 1014 210 1045 l.
239 1023 284 1054 17.
303 1013 344 1054 ff.
366 1014 400 1043 de
413 1010 488 1053 star.
511 1013 618 1042 hoiiiitz.
644 1020 707 1042 non
729 1019 852 1050 tamen,
873 1018 909 1042 ut

45 1057 122 1088 inibi
143 1055 285 1101 equidem
303 1054 430 1085 videtur
443 1075 454 1090 ,
479 1054 602 1098 ratione
625 1052 665 1083 ibi
690 1051 761 1084 satis
780 1053 903 1084 idonea.

45 1096 200 1143 Quamvis
216 1103 320 1126 autem
336 1094 688 1136 generaliterostmeat,
700 1102 734 1125 ut
744 1103 798 1135 per
808 1094 909 1125 Anto-

43 1148 151 1172 ninum
176 1137 372 1178 intelligatur
387 1137 622 1167 Antoninorum
641 1137 777 1176 primus,
804 1143 908 1167 tamen

43 1182 108 1213 hoc-
124 1188 187 1211 non
209 1179 301 1209 aliter
322 1177 369 1209 est
383 1176 590 1215 servandum,
613 1186 705 1218 quam
729 1177 781 1208 ubi
802 1176 908 1219 distin-

43 1221 158 1255 &ionis
177 1219 257 1251 ratio
272 1219 379 1251 haberi
405 1218 529 1259 potest3
562 1218 631 1264 haec
650 1218 774 1259 quando
792 1218 910 1257 cessht,

42 1273 106 1297 non
124 1263 191 1299 est,
213 1270 281 1293 cur*
303 1270 361 1300 pro
388 1260 554 1291 Antonino
571 1268 689 1300 ⁴primo
718 1260 920 1303 pronuncia-3

42 1315 131 1343 mus,
154 1303 227 1345 quia
245 1311 321 1334 tunc
348 1301 484 1333 dubitari
511 1302 640 1342 nequit,
665 1301 704 1332 de
731 1310 794 1342 quo
813 1301 920 1337 verba

42 1346 130 1379 fiant.
175 1342 357 1377 Causaiilla
380 1342 590 1377 distinctionis
612 1351 684 1374 cum
711 1343 805 1390 alibi,
841 1350 916 1379 tumr

44 1388 97 1420 hic
118 1386 233 1419 cessat:
259 1385 343 1428 quod
358 1385 441 1416 enim
467 1382 807 1416 nomen-distinctionis
831 1394 918 1431 crgo).

43 1428 220 1462 Eudaemon
250 1425 416 1458 addidisset
444 1426 482 1457 ad
521 1425 753 1467 Imperatorem.
773 1427 914 1469 Antonia

43 1480 118 1509 uum
138 1493 147 1509 ,
181 1469 232 1502 cui
259 1467 452 1510 supplicabat
469 1490 480 1506 ,
510 1467 628 1509 quique
658 1467 702 1498 ibi
729 1477 808 1503 unus
835 1474 906 1500 ‘erat

42 1512 226 1549 duntaxat?
247 1511 332 1552 quod
352 1509 447 1540 etiam
466 1510 616 1541 Actorum
634 1507 763 1541 scriba?
775 1510 913 1543 Antoni·-

43 1562 120 1586 num
140 1552 317 1595 igitur-hic·
329 1551 513 1592 simpliciter
539 1551 623 1589 dici,
640 1558 682 1582 ⁴ut
712 1551 749 1582 ab
771 1551 840 1583 aliis
860 1551 903 1582 di-

42 1594 286 1636 stinguatur,ne
294 1593 361 1624 veri
378 1592 504 1633 quidem
522 1592 616 1623 habet
635 1592 779 1633 speciem.
806 1592 916 1639 Quin-2

41 1637 109 1669 imo
133 1637 164 1668 ἀ
181 1636 210 1667 in
243 1634 464 1676 deprecatione
489 1633 585 1665 facile
611 1634 717 1666 utrobi
744 1643 783 1665 ue
811 1634 905 1666 omis-

41 1676 109 1710 sum
126 1676 203 1710 esset
221 1675 322 1718 ipsum
339 1675 493 1708 Antonini
513 1685 629 1707 nomen
639 1698 650 1714 ,
675 1676 704 1707 ὅ(
736 1676 906 1717 impliciter

40 1719 158 1751 dietum
183 1718 344 1759 Imperator
372 1717 423 1748 vel
455 1718 568 1759 Ccesar,
593 1717 855 1758 quemadmodum
873 1717 905 1749 in

40 1760 139 1799 astis,
163 1769 298 1802 quorum
323 1768 394 1800 pars
416 1757 518 1790 exstat
549 1759 582 1790 in
611 1759 631 1790 l.
664 1768 694 1800 7.
723 1759 764 1801 ff.
798 1761 836 1791 ad
863 1759 905 1791 L.

43 1801 112 1844 Jul.
135 1803 169 1833 de
194 1803 232 1848 ‘ai
249 1802 330 1847 priv.
358 1800 388 1832 ὅ(
419 1800 440 1832 l.
469 1810 516 1842 13.
536 1800 578 1841 ff.
614 1799 790 1847 ,Quod-igme.
826 1802 901 1842 caus}

40 1852 142 1885 neque
165 1853 262 1875 enim
278 1852 310 1874 in
336 1840 565 1882 supplicatione
583 1865 593 1881 ,
618 1851 803 1883 cogmtione
820 1848 918 1874 caus-1

42 1883 84 1917 sae
96 1907 108 1923 ,
129 1883 262 1923 at'tisve,
287 1893 357 1924 quae
375 1883 413 1914 de
429 1884 468 1914 iis
487 1883 604 1915 fiebant
623 1907 632 1922 ,
663 1885 702 1915 de
721 1893 785 1925 quo
802 1893 918 1925 agere:

42 1935 110 1965 tur,
133 1926 240 1967 potuit
259 1925 384 1965 ambigi.
421 1924 586 1957 Pertinent
607 1925 677 1956 haec
694 1935 752 1965 eo,
776 1934 812 1958 ut
830 1925 905 1957 scia-

40 1973 128 2007 mus,
153 1977 207 2009 per
228 1966 446 2004 Antoninum,
471 1966 524 1997 ubi
542 1966 579 1998 ad
598 1966 784 2007 praesentem
805 1966 906 1999 sermo

40 2008 177 2048 est,non
195 2007 367 2040 necessario
382 2007 473 2038 Pium
490 2007 647 2080 intelliqis
666 2017 762 2048 quum
780 2010 824 2040 ita
839 2018 905 2040 ces-

42 2050 108 2088 set,
132 2059 201 2091 quae
230 2050 259 2081 id
285 2049 433 2086 induxit,
464 2049 556 2081 ratio.
639 2049 706 2089 ujus
733 2051 777 2082 rei
799 2050 907 2082 fortis-

41 2090 148 2123 simum
171 2098 384 2131 argumentum
411 2089 456 2121 est
488 2090 519 2122 in
548 2091 567 2121 l.
594 2101 624 2132 3.
652 2090 691 2131 ff.
717 2093 750 2123 a'e
778 2092 825 2122 hir
846 2102 907 2132 quae

43 2134 75 2163 in
104 2130 165 2173 test.
191 2132 298 2164 delent.
321 2140 454 2173 namque
479 2132 522 2164 ibi
547 2131 591 2164 est
620 2134 801 2174 exemplum
827 2134 909 2165 aeto-

643 2232 911 2268 CAPU

264 2320 367 2364 Ku'w
397 2319 544 2361 Βαισῑλεῧ
572 2319 736 2363 Ἀντωνῖνε.

1768 110 1834 138 101

961 192 1029 215 rum
1042 205 1052 222 ,
1077 191 1142 224 quo
1160 189 1224 216 non
1241 183 1325 215 aliud
1341 183 1387 214 est
1404 182 1556 217 illustrius
1586 186 1675 218 ullibi
1690 195 1700 224 ;
1724 186 1833 218 omnia

962 225 993 256 in
1009 234 1074 256 rem
1089 223 1273 265 praefentem
1291 225 1536 266 concipiuntur,
1558 227 1740 269 simpliciter
1767 236 1831 259 me-

962 274 1105 297 moratur
1124 266 1325 308 Antoninus,
1347 266 1438 298 nullo
1465 267 1668 306 discrimine,
1690 269 1774 308 unt-le
1791 269 1839 300 ab¹

963 307 1032 339 aliis
1049 305 1194 348 dignosci
1210 307 1327 348 possit,
1348 308 1489 347 adjecto,
1514 309 1544 340 &
1572 315 1675 342 tamen
1701 310 1834 342 ibifnon'

961 348 1072 388 Pium,
1098 348 1326 381 sedearcum
1353 348 1415 380 effe
1444 350 1685 391 intelligendum
1712 348 1752 382 esx
1770 350 1830 382 Pu-

961 389 1054 421 dente
1075 389 1106 421 δε
1130 389 1299 428 Pollione,
1323 390 1438 422 additis
1458 390 1672 430 Consulibus,
1689 391 1830 422 constat.

961 432 1012 465 Ex
1036 431 1151 464 nostris
1177 438 1282 462 autem
1310 432 1385 464 attis
1414 432 1494 464 nihil
1526 432 1649 464 constat
1674 433 1827 471 omnin03

959 481 1031 505 uter
1059 472 1155 514 igitur
1180 472 1437 513 Antoninorum,
1462 473 1536 506 Pius
1560 473 1758 512 Marcusve,
1790 473 1828 504 ab

962 515 1159 547 Eudaemone
1185 514 1238 545 hic
1264 514 1364 547 fuerit
1386 516 1507 557 aditus,
1533 524 1598 547 non
1623 523 1697 546 tuto
1721 513 1831 547 defini-

962 557 1067 595 veris,
1088 565 1176 587 certe
1195 556 1383 588 alterutrum
1411 556 1504 589 fuiss'e
1525 565 1565 588 ex
1592 565 1632 588 eo
1649 557 1734 588 credi
1759 565 1832 597 pos·

962 596 1026 637 set,
1049 597 1134 639 quod
1163 597 1356 629 Maecianum
1375 622 1384 638 ,
1415 598 1469 637 qui
1495 598 1566 630 haec
1591 599 1684 630 nobis
1708 598 1828 637 refert,

960 639 998 671 ad
1015 638 1169 671 Antonini
1190 638 1359 671 Caracallae
1383 640 1437 672 vel
1447 639 1602 672 Antonini
1625 638 1830 682 Heliogabali

956 689 1099 722 tempora
1119 679 1293 721 perveniss‘e
1311 681 1366 712 vix
1385 680 1451 721 est,
1487 689 1523 713 ut
1543 682 1607 713 dici
1649 689 1738 713 ueats

997 722 1146 754 Attamen
1177 721 1311 761 Joannes
1343 722 1494 755 Scldenns
1536 723 1606 755 Lib.
1658 723 1682 755 Ι.
1723 722 1827 754 Ilffaris

958 762 1055 803 Clanfi
1076 764 1106 795 C.
1148 773 1197 802 25.
1226 764 1256 795 ὅ(
1282 763 1390 803 Jacob.
1437 763 1659 796 Gothofredus
1687 764 1725 796 ad
1742 765 1787 796 vh.‘
1801 763 1823 796 l.

957 807 1030 846 Gap.
1063 804 1118 836 Vl.
1143 814 1198 846 per
1214 805 1412 837 Antoninum
1440 806 1572 838 omnino
1599 806 1715 846 volunt
1732 805 1826 838 Pium

955 847 1091 888 intelligi
1109 847 1140 878 in
1162 847 1219 877 hac
1234 845 1357 887 specie;
1383 847 1438 879 ille
1464 847 1572 886 nulla,
1594 847 1647 878 hie
1675 856 1740 879 non
1763 847 1824 879 alia

953 889 1095 927 ratione,
1121 896 1214 928 quam
1231 888 1316 928 quod
1337 888 1367 920 in
1380 888 1443 929 fine
1459 889 1487 920 h.
1506 889 1526 921 l.
1550 899 1605 930 per
1623 890 1745 924 &mmm
1769 890 1824 917 Αὕ-

952 943 1024 964 asam
1047 929 1084 961 iit
1111 929 1323 961 exaudiendus
1344 930 1475 962 Marcus
1487 953 1498 969 ,
1520 932 1608 971 cujus
1627 930 1649 962 fi
1666 931 1761 962 ctiam
1780 939 1826 962 ra-

953 972 1074 1003 tionem
1100 979 1239 1012 quaeras,
1263 970 1391 1003 habebis
1414 980 1481 1002 eam
1499 993 1510 1010 ,
1564 972 1626 1003 uod
1654 971 1688 1004 su
1712 982 1745 1004 ra
1790 980 1824 1004 er

952 1012 1148 1044 Antoninum
1172 1019 1321 1053 oporteat
1341 1012 1520 1053 intelligere
1532 982 1640 1045 Pium.
1717 1012 1744 1045 st
1785 1022 1828 1045 oc

951 1054 1043 1085 valde
1059 1053 1208 1094 lepidum.
1253 1053 1313 1085 Sed
1329 1063 1406 1086 vero
1426 1055 1569 1089 θειὰητῶ
1595 1052 1727 1088 Aahx&
1757 1065 1826 1087 non

952 1095 996 1127 cst
1007 1096 1155 1133 Marcus,
1180 1104 1216 1126 uc
1225 1095 1267 1126 fic
1284 1094 1355 1126 inde
1375 1094 1455 1127 nihil
1470 1095 1658 1135 concludas3
1678 1096 1830 1128 aliaratio

952 1136 1167 1175 Gomon-edi,
1190 1145 1282 1176 quam
1312 1136 1451 1168 diximus
1468 1161 1479 1176 ,
1510 1137 1593 1168 ratio
1618 1147 1684 1170 non
1707 1137 1775 1176 est,
1795 1139 1826 1172 δε

952 1188 1028 1219 quas
1049 1178 1104 1210 ille
1124 1181 1222 1218 porro
1239 1177 1336 1209 habet
1353 1178 1384 1209 in
1403 1178 1485 1211 hanc
1514 1187 1601 1218 rem,
1623 1178 1705 1212 nihil
1723 1179 1823 1223 magis

951 1220 1076 1251 efficere
1095 1219 1235 1251 dicemus
1251 1219 1322 1260 Cap.
1343 1220 1406 1261 ult.»

968 1278 972 1286 ι
993 1259 1070 1293 Non
1086 1261 1285 1301 vrurl‘usscum
1310 1262 1422 1294 eodem
1447 1260 1657 1304 Gothofredo
1682 1263 1753 1304 Cap'.
1777 1262 1819 1296 V.

951 1302 988 1338 &⁴
1012 1302 1083 1336 XL·
1098 1303 1203 1344 placet
1231 1303 1359 1343 prolixe
1387 1302 1510 1335 causam
1535 1303 1819 1346 fingerezpec'ulia-

950 1351 1035 1385 rem,
1059 1354 1116 1376 cur
1132 1344 1213 1379 inre
1226 1344 1373 1385 praesenti
1393 1344 1562 1387 naufragus
1578 1345 1756 1379 Eudaemon
1769 1347 1822 1388 ip-

950 1385 1029 1417 sum'
1050 1385 1274 1428 Imperatorem
1308 1387 1449 1418 adierit:
1479 1394 1544 1418 non
1575 1387 1660 1420 enim
1695 1387 1822 1430 liquido

949 1428 1072 1459 conssat
1104 1428 1143 1459 de
1166 1427 1326 1468 :qualitate
1350 1425 1463 1460 cauffae
1480 1451 1491 1468 ,
1525 1427 1792 1471 personarumque
1807 1453 1821 1471 ‚

949 1478 1062 1501 contra
1078 1476 1154 1511 quas
1178 1469 1356 1502 Eudaemon
1379 1468 1589 1512 supplicavit,
1615 1478 1651 1503 ut
1671 1470 1728 1503 su'o
1744 1471 1823 1504 loco

949 1512 1102 1551 dicetur,
1133 1511 1209 1552 quin
1233 1510 1256 1547 fi
1281 1511 1344 1543 hoc
1372 1510 1550 1551 constaret,
1572 1522 1637 1544 non
1663 1513 1824 1546 continuo

949 1553 1011 1594 (ut
1022 1553 1082 1585 ille
1098 1550 1255 1594 putabat)
1281 1552 1371 1585 causa
1392 1553 1554 1595 singularis
1577 1553 1677 1590 fuerit
1698 1554 1824 1587 necess'e

949 1594 994 1626 est
1010 1618 1020 1634 ‚
1052 1603 1122 1636 quae
1146 1594 1186 1625 ad
1211 1593 1439 1636 Imperatorem
1468 1594 1631 1637 praebebat
1670 1596 1791 1628 aditum
1811 1607 1824 1629 ε

949 1635 1084 1668 Romani
1104 1636 1187 1668 enim
1207 1635 1369 1677 Principes
1386 1646 1461 1668 ante
1478 1636 1743 1678 Constantinum,
1767 1637 1824 1679 qui

950 1678 1087 1720 Magnus
1102 1677 1164 1709 dici
1183 1676 1285 1717 solet,
1308 1688 1326 1709 a
1346 1678 1491 1719 quolibet
1509 1679 1541 1711 in
1557 1679 1649 1712 rebus
1666 1679 1822 1721 quibusli-

948 1719 1002 1751 bet
1019 1719 1204 1759 adibantur,
1226 1729 1289 1751 non
1307 1719 1383 1752 dico
1398 1730 1415 1752 a
1431 1721 1664 1753 mercatoribus
1676 1721 1730 1753 vel
1746 1731 1825 1755 nau-

950 1762 990 1793 tis
1002 1784 1014 1800 ,
1036 1760 1091 1793 sed·
1109 1760 1162 1793 vel
1182 1771 1200 1792 a
1220 1760 1318 1794 servis
1342 1761 1372 1794 δι
1391 1761 1411 1794 fi
1429 1762 1503 1803 quid
1520 1761 1618 1795 servis
1642 1763 1745 1796 minus
1763 1762 1820 1796 est.

948 1802 1055 1843 Atque
1069 1803 1116 1835 illi
1134 1805 1222 1838 κόψε
1239 1802 1326 1836 κόσμοι
1337 1827 1347 1843 ,
1374 1810 1497 1836 tantum
1516 1804 1555 1836 iis
1571 1812 1640 1836 erat
1657 1805 1823 1840 comitatis

949 1845 1206 1917 ἓηεινῑῑειῑίἰῖδυῆ
1227 1854 1335 1876 earum
1351 1854 1455 1877 rerum
1471 1846 1691 1887 cognitionem
1707 1846 1759 1878 vel
1775 1847 1822 1888 ip-

950 1886 971 1918 fi
996 1884 1120 1927 suscipi
1151 1893 1226 1926 ant,
1251 1886 1303 1918 vel
1331 1886 1426 1918 etiam
1452 1896 1511 1928 pro
1541 1897 1576 1919 re
1599 1894 1671 1919 nata
1692 1887 1820 1930 'delega-

949 1927 1024 1959 bant
1047 1927 1134 1966 aliis,
1158 1928 1212 1959 vel
1239 1927 1445 1960 remittebant
1470 1928 1508 1959 ad
1532 1929 1708 1961 ordinarios
1732 1929 1818 1970 Judi-

949 1979 1013 2001 ces.
1058 1968 1155 2015 Quod
1172 1968 1195 2000 fi
1209 1969 1279 2009 quis
1297 1969 1442 2010 ignoret,
1466 1970 1550 2011 legat
1577 1969 1722 2003 libellum
1745 1972 1818 2002 Sen-

933 2012 1109 2042 -tentz'czrzim
1138 2009 1181 2041 D.
1217 2009 1400 2050 Hadriani,
1432 2011 1462 2043 &
1489 2012 1509 2043 l.
1542 2016 1572 2046 8.
1604 2011 1640 2047 ξῇ9
1659 2022 1688 2050 9.
1714 2011 1755 2054 ff.
1781 2013 1817 2044 de

954 2050 1039 2093 Offic.
1065 2050 1183 2090 Praeficl.
1207 2052 1237 2083 &
1262 2061 1332 2093 quae
1356 2061 1414 2084 nos
1440 2062 1476 2084 ea
1499 2053 1538 2084 de
1564 2063 1597 2085 re
1622 2053 1759 2085 diximus
1783 2055 1817 2086 in

952 2092 1205 2176 &Ilgrolsliizgulari
1222 2093 1269 2125 ad.
1295 2093 1315 2124 l.
1341 2093 1437 2126 Lefta
1462 2104 1514 2134 40.
1530 2094 1572 2136 ff.
1595 2096 1628 2126 de
1650 2096 1710 2127 reb.
1734 2096 1813 2127 cred.

960 2234 995 2269 T
1092 2234 1184 2270 111.

795 2320 1025 2377 Naucpey'mor
1051 2323 1247 2369 ’πηιῇπινπς
1274 2323 1316 2366 0²1
1345 2327 1392 2376 ‘rifi'
1414 2322 1579 2374 Ἰταλιέι.

323 2413 461 2449 Domine
487 2414 666 2461 Imperator
689 2416 860 2452 Ammine.
912 2416 1134 2465 Nazffragfflm
1159 2420 1194 2452 in
1218 2418 1320 2452 ltalia
1334 2415 1520 2463 facientes.

135 2505 225 2536 omini
247 2503 441 2545 appellatio,
464 2514 556 2545 quam
581 2503 752 2548 Augustum
778 2507 904 2540 Tiberi-

152 2555 265 2586 umque
279 2568 291 2584 ,
314 2544 544 2586 Imperatorum
567 2547 783 2580 Romanorum
813 2557 904 2590 optu-

42 2596 112 2618 mos
134 2595 318 2626 maxumos,
341 2595 506 2628 tantopere
532 2589 728 2621 exhorruisse
752 2590 905 2631 legimus,

42 2628 87 2659 ita
102 2627 318 2666 moxeviluit‚
331 2635 367 2659 ut
381 2628 419 2659 dc
427 2639 498 2660 aevo
513 2629 574 2669 jam
590 2629 646 2661 suo
662 2631 818 2663 Senecam
829 2632 902 2671 Epi-

36 2667 122 2710 stolis
143 2667 332 2708 prodiderit,
355 2670 450 2702 etiam
471 2670 586 2702 obvios
617 2680 779 2712 quosque,
802 2673 822 2705 li
848 2682 902 2704 no-

43 2718 114 2741 men
140 2717 206 2754 non·
232 2707 444 2754 succurreret,
469 2710 621 2744 salutatos
641 2712 734 2746 fuiffe
750 2714 901 2746 Dominus.

43 2749 120 2782 Non
136 2750 179 2780 est
197 2757 314 2790 igitur,
335 2759 392 2782 cur
409 2753 577 2791 miremur,
599 2753 679 2786 hanc
708 2765 823 2787 vocem
840 2756 900 2787 lm-

41 2791 179 2833 peratori
197 2790 250 2837 'ijl
268 2790 326 2821 Pio
340 2792 391 2823 vel
408 2792 600 2835 philosopho
615 2794 801 2837 adscriptam
820 2797 900 2836 effe,

42 2842 114 2863 cum
132 2841 268 2863 maxime
282 2839 359 2864 tunc
379 2842 415 2864 ea
434 2834 581 2867 solemnis
608 2835 707 2869 fuerit
724 2839 757 2870 in
773 2839 901 2870 adlocu-

43 2873 185 2919 tionibus
204 2895 215 2910 ‚
243 2882 315 2913 quae
341 2873 379 2904 ad
412 2873 586 2917 Principem
622 2878 748 2911 fiebant.
804 2879 902 2926 Quod

43 2914 96 2946 hic
114 2914 288 2945 hudaemon
310 2923 413 2955 graece
428 2915 510 2949 dixit
527 2919 603 2952 κύω
623 2924 750 2959 Banasa,
784 2921 899 2953 Vivius

42 2955 144 3000 Zeno⁸
162 2954 200 2985 ad
225 2955 438 2995 Antoninum,
462 2956 548 2989 forte
574 2961 704 2993 eundem
724 2962 822 2995 latine
844 2972 898 2994 ex-

43 2996 120 3027 tulit
136 3005 167 3041 ¹.ss
189 2995 263 3042 l.·3.
283 2995 324 3037 ff.
346 2998 381 3027 de
403 2998 449 3028 his
545 3001 580 3032 in
596 2999 660 3042 test.
683 3003 791 3036 delent.
835 3004 896 3036 Ro-

41 3046 78 3079 go
98 3060 107 3075 ,
141 3045 243 3077 inquit
305 3036 455 3070 Domum
497 3049 706 3082 MPERATOR,
728 3047 832 3077 audias
857 3056 901 3077 me

39 3079 211 3123 patienter..
244 3060 306 3109 ,De
326 3087 450 3110 mmm
473 3082 632 3115 vocabulo
655 3085 735 3118 nihil
763 3096 901 3127 mone0,

42 3128 142 3160 neque
162 3128 246 3150 enim
265 3119 509 3165 idquemquam
535 3122 696 3165 offendet,
717 3128 771 3168 qui
788 3130 902 3167 novit,

42 3158 174 3191 Graecos
190 3169 255 3191 non
273 3160 336 3192 alio
361 3161 428 3193 fere
457 3162 664 3205 Imperatores,
689 3167 720 3198 &
741 3169 852 3200 eodem
869 3179 903 3201 o-

35 3200 98 3234 ·lim
113 3201 164 3234 vel
178 3199 380 3244 Magzstratus
396 3205 570 3238 nonnullos
583 3207 760 3248 exprimere
774 3210 904 3242 consue-

946 2507 1035 2540 visse.
1081 2507 1140 2539 Sed
1156 2507 1242 2539 alind
1260 2507 1389 2548 agimus.

992 2549 1197 2590 Compellato
1211 2548 1360 2590 Principe
1374 2557 1440 2580 rem
1461 2548 1577 2590 gestam
1602 2548 1735 2589 exponit
1751 2548 1814 2581 Eua

947 2591 1081 2622 daemon.
1127 2591 1313 2628 Navoqjaaov,
1336 2590 1403 2629 ait,
1425 2594 1593 2628 mmm-m,
1614 2590 1644 2622 ἃ
1670 2600 1739 2630 quae
1767 2590 1811 2622 se-

949 2639 1098 2673 quuntur.
1143 2631 1192 2663 Ita
1208 2631 1380 2664 Florentiae
1405 2631 1547 2671 editum3
1571 2631 1714 2663 Alciatus
1738 2631 1810 2663 Lib.

948 2673 987 2705 ll.
1014 2672 1173 2713 Dispunaeffi.
1197 2683 1228 2714 5.
1253 2673 1462 2705 &Salmasius
1479 2675 1512 2704 de
1538 2674 1618 2704 modo
1650 2672 1813 2713 Usta-arum

949 2715 1074 2756 Capy.
1096 2714 1250 2746 exhibent
1268 2717 1503 2755 voevdytov,atque
1518 2714 1661 2746 ita&alii
1684 2723 1724 2744 ex
1741 2712 1814 2752 sua,

947 2765 982 2787 ut
998 2756 1100 2788 videri
1116 2757 1250 2794 volunt,
1273 2755 1512 2795 emendatione,
1533 2765 1605 2786 cum
1623 2763 1726 2786 tamen
1742 2755 1812 2786 haec

944 2797 1040 2829 lectio
1061 2797 1099 2830 fit
1115 2798 1262 2838 antiqua3
1286 2797 1402 2832 ,κυάμου
1428 2796 1488 2836 jam
1512 2796 1611 2827 edidit
1625 2795 1813 2828 Ludovicus

944 2839 1197 2871 Blaublommius
1225 2838 1350 2871 Parisiis
1375 2847 1457 2869 anno
1486 2837 1632 2879 1523.‘&
1649 2836 1811 2882 Robertus

944 2880 1118 2922 Stephanus
1139 2880 1253 2911 ibidem
1272 2889 1355 2911 anno
1379 2888 1469 2919 1527.
1488 2879 1518 2910 ἃ
1534 2878 1586 2917 qui
1603 2876 1731 2918 praefuit
1745 2878 1810 2909 edi-

945 2922 1024 2954 tioni
1042 2922 1124 2963 apud
1139 2921 1350 2953 Sennetonios
1369 2919 1514 2961 Lugduni
1537 2928 1626 2959 1549.
1644 2918 1689 2949 ita
1704 2926 1810 2952 autem

940 2973 1050 2995 omnes
1064 2963 1130 3001 illi,
1149 2969 1184 2992 ut
1206 2971 1307 3003 graeca
1326 2961 1449 2999 munais,
1474 2969 1539 2991 non
1555 2961 1650 2991 latina
1665 2961 1811 3000 vavrae-wia

939 3014 1020 3036 voce
1037 3003 1179 3035 videatur
1201 3003 1272 3034 usus
1290 3002 1474 3034 Eudaemon.
1528 3001 1587 3032 Sed
1614 2999 1716 3033 Tusci
1747 3001 1811 3034 Co-

943 3046 1023 3078 dicis
1040 3043 1209 3076 auctoritas
1232 3044 1328 3075 facile
1344 3041 1731 3079 obtinebit‚retinendum
1747 3042 1810 3077 esse

943 3087 1112 3126 *mecei-'2⁴05
1131 3093 1202 3125 nam
1224 3093 1259 3115 ut
1287 3084 1438 3115 translato
1462 3082 1646 3124 Bysantium
1672 3082 1812 3126 Imperio

944 3128 1086 3160 Romana
1108 3127 1214 3165 lingua
1231 3134 1321 3156 mere·
1333 3123 1402 3157 fere
1422 3123 1577 3166 Cecropis
1594 3123 1676 3157 facta
1699 3125 1812 3158 deinde

945 3168 1012 3208 est,
1037 3169 1081 3199 ita
1102 3167 1132 3200 ἀ
1151 3165 1256 3199 Graeci
1275 3175 1347 3197 cum
1373 3165 1457 3205 hoc,
1481 3172 1548 3197 tum
1573 3166 1643 3199 aliis
1658 3167 1810 3208 tempori·
1848 3184 1853 3187 -

945 3210 1004 3242 bus
1020 3208 1121 3282 mffim
1140 3217 1181 3241 ex
1196 3208 1317 3247 latino,
1338 3207 1493 3250 Principis
1512 3206 1646 3249 Populi,
1668 3207 1810 3240 sermone

1110 3260 1131 3293 3
1707 3257 1809 3282 traxe-
