2008 3436
251 27 259 43 Χ

169 110 611 163 OBSERVArioNUM
662 93 796 162 Junis
850 108 1064 147 ROMANi
1114 107 1202 144 ΜΒ.
1225 101 1294 145 Vi.
1348 100 1387 144 ci.
1416 100 1496 143 xii.
1537 100 1634 144 xiii.

202 241 221 257 ‘
623 223 985 269 CAPUT

1741 108 1807 149 191

1081 223 1212 263 XII.

196 328 355 368 Tentatur
375 328 442 366 alia
466 320 690 372 transpositio,
716 321 826 404 αἰὶαέἔ
844 316 1034 404 ἔνιιεηᾱαᾶἱο
1060 317 1094 350 ἱη
1123 316 1163 350 L.
1195 326 1250 350 10.
1277 326 1329 361 pr.
1357 313 1396 351 ff.
1426 313 1471 349 de
1499 313 1639 350 Condit.

869 378 972 403 emon
1007 377 1033 400 r.

89 480 229 523 ostquam
258 477 411 519 Ulpianus
440 473 563 505 dixerat
577 495 587 507 ,
627 468 846 517 conditionem
863 464 891 506 fi

27 485 87 566 P
109 521 255 564 nupserit,
279 519 374 550 etiam
390 515 511 557 impleri
530 512 615 560 poss'e
630 521 709 558 vivo
729 510 889 556 tell-acore,

26 576 103 599 mox
126 562 211 596 addit
228 583 239 600 ,
268 569 333 592 non
365 567 474 590 onmes
497 553 737 595 conJunCtiones
761 551 892 598 implere

18 602 241 639 'condicionem
252 624 264 641 ‚
282 607 356 642 puta
374 601 449 630 enim
462 621 473 637 ,
496 598 618 638 inquit,
640 597 766 640 nondum
784 592 893 639 nubilis

26 650 119 681 aetaiis
136 647 169 678 in
185 646 297 676 dormant
313 643 414 673 mariti
433 638 554 671 deducite
565 661 575 676 ,
597 647 655 667 non
669 640 772 682 purat-t
795 634 891 681 comit-

20 691 100 722 'iloni'
111 700 121 727 ς
132 688 186 729 secl
201 685 236 720 ὅ)
249 683 276 724 fi
291 686 319 715 ei
335 681 489 724 conjuncla
501 683 538 719 sii·
552 702 561 717 ‚
576 679 658 721 cujus
674 682 787 722 nciptiii]
805 686 832 706 ez
848 685 891 707 m-

27 729 178 763 ter-ditium
188 726 228 766 fit
242 750 252 766 ,
272 727 347 757 idem
363 725 497 755 dicemus.
544 719 670 765 Deinde
692 725 805 764 quaerit
820 740 832 756 ,
854 726 892 764 an

26 772 134 816 postea
155 768 302 802 nubendo
332 765 424 807 poliit
447 772 554 805 parere
577 761 755 805 conditioni
772 781 786 805 ι,
809 761 894 800 quali

27 824 91 847 non
119 808 293 852 nupserit?
319 809 348 839 ὅ(
373 815 461 848 putat
486 801 634 836 defcciss'e
658 801 895 846 conditionem,

27 855 51 889 fi
64 855 103 887 de
122 853 232 897 primis
247 849 366 891 nuptiis
387 846 516 880 testator
535 843 659 876 senserit
674 865 684 881 ,
709 842 769 873 lioc
791 842 892 889 super-

28 896 130 929 dicto:
155 894 278 935 benigne
294 896 391 922 tamen
412 887 563 920 <licendum
581 883 779 930 esiflioticlum
793 882 893 928 imple-

31 944 92 970 tam
107 936 298 968 conditionem
312 930 463 971 cltfeciiim.
498 928 550 959 sic
567 927 682 966 legitur
700 934 729 955 in
746 926 892 972 omnibus

28 979 136 1012 Libris
157 976 247 1009 MSS.
278 974 308 1004 δε
329 972 420 1003 editis
438 993 448 1009 ,
479 967 534 1000 niss
556 966 640 1007 quod
659 964 892 1012 Huloandeffly,

31 1017 242 1052 Vintimillius
252 1012 451 1046 exhibuerint
461 1033 472 1048 ‚
490 1010 615 1040 nundum
632 1008 823 1051 conditionem
840 1015 892 1036 im-

27 1062 137 1104 pletam
149 1055 299 1095 defeciam.
339 1051 436 1098 Quod
450 1051 560 1082 eodem
578 1047 678 1086 redit3
704 1045 758 1092 sed
772 1045 892 1092 sensum

32 1102 98 1144 ejus
114 1094 275 1133 sententiae
297 1094 435 1126 desidero
453 1092 626 1135 idoneum..
656 1088 809 1134 Conditio
836 1096 891 1133 nu-

28 1143 106 1186 ptiis
121 1137 294 1178 adscripta,
316 1145 380 1168 non
397 1134 544 1176 impletur
564 1154 574 1170 ,
591 1129 651 1176 ‘nisi
667 1128 754 1175 justa:
772 1127 893 1160 fuerint

29 1193 73 1218 nu
110 1182 146 1214 iae
160 1203 172 1219 ,
194 1177 359 1218 siinju'lae,
383 1174 528 1211 conditio
546 1171 740 1216 suspenditur
758 1193 768 1208 ,
791 1170 893 1216 donee

25 1225 62 1266 ju
89 1233 115 1256 ae
132 1220 307 1262 sequantur.
341 1217 531 1258 Exemplum
546 1212 590 1245 est
607 1214 637 1244 in
655 1217 731 1243 dote
747 1209 893 1257 promisla

28 1264 110 1308 apud
128 1261 332 1303 Papinianum
348 1261 380 1292 in
398 1260 418 1290 l.
431 1261 482 1292 68.
500 1256 541 1298 ff.
561 1256 595 1287 de
626 1270 628 1272 v
645 1263 693 1284 ure
713 1254 768 1284 dot.
791 1252 892 1299 ⁶0.th

27 1305 110 1350 apud
125 1304 296 1346 Ulpianum
312 1301 344 1333 in
363 1299 564 1337 conditione,
577 1298 621 1328 tel
637 1302 762 1340 amento
779 1293 889 1340 adlcri-

24 1344 92 1391 >pta.
138 1343 340 1386 Suspenditur
355 1366 366 1381 ,
390 1342 515 1382 inquam
533 1363 542 1380 ‚
568 1340 599 1370 ὃς
618 1335 765 1383 differtur
784 1335 890 1367 condi-

31 1390 100 1428 tio,
124 1397 188 1419 non
207 1392 312 1417 autem
330 1382 451 1416 defecta
471 1382 537 1420 est',
556 1389 626 1412 nam
642 1388 712 1419 quae
730 1376 825 1424 semel
839 1376 890 1423 de-

28 1429 129 1469 fecit,
151 1426 284 1469 amplius
305 1423 493 1457 reviviscere
516 1432 580 1454 non
600 1419 715 1467 potest.
762 1417 849 1466 Quid
864 1427 888 1450 i-

52 1471 116 1504 itur
132 1469 154 1503 fi
174 1467 300 1501 femella
321 1467 424 1498 minor
444 1463 518 1497 XII.
543 1472 631 1495 annis
650 1460 681 1494 se
700 1470 814 1492 marito
835 1458 886 1491 de-

27 1482 111 1546 fierit
126 1513 143 1545 ἱ)
174 1519 237 1543 non
265 1506 441 1540 censebitur
470 1504 620 1548 nupsisse,
654 1504 727 1545 quia
752 1500 890 1534 nondum

28 1553 153 1588 subatra
168 1551 250 1584 ferre
263 1550 371 1592 jugum
386 1549 472 1581 valet
486 1547 612 1579 cervice
622 1569 632 1584 ,
656 1544 708 1592 vel
719 1567 731 1582 ,
752 1543 776 1591 ‚fi
794 1543 889 1583 valet,

29 1597 85 1630 lex
104 1593 222 1637 nuptiis
237 1591 464 1633 impedimento
482 1588 536 1620 est.
562 1587 621 1619 Sed
639 1586 713 1632 quid
729 1586 890 1624 dicemus,

27 1638 70 1678 fi,
95 1635 178 1680 quafi
193 1643 256 1667 non
272 1631 426 1674 nupserit,
451 1629 557 1673 postea
574 1652 584 1668 ,
610 1638 697 1660 annis
724 1626 799 1660 XII.
830 1635 890 1658 ma-

26 1679 97 1723 jor,
121 1675 296 1710 conditioni
316 1673 478 1715 paruerit?
495 1671 651 1712 Ulpianus
665 1667 889 1715 defeetamtpu-

25 1729 76 1754 tat
93 1717 328 1754 conditionem,
352 1715 373 1748 fi
391 1714 525 1747 testator
540 1714 573 1744 (le
587 1713 681 1758 primo
701 1708 829 1750 nuptiali
841 1711 890 1752 jii-

25 1773 64 1806 go
75 1785 88 1802 ,
110 1761 162 1793 cui
180 1758 280 1791 adhuc
299 1758 398 1798 impar
417 1763 483 1788 erat
499 1779 509 1795 ,
535 1752 672 1786 senierit.
718 1751 777 1784 Sed
794 1760 887 1790 mox,

25 1801 114 1836 miffa
134 1811 171 1833 ea
188 1799 340 1832 sententia
356 1820 367 1838 ,
392 1808 462 1840 quae
482 1806 542 1829 nec
561 1795 708 1836 aequitate
723 1817 733 1832 ,
757 1802 815 1825 nee
834 1802 889 1824 vo-

25 1844 147 1878 luntate
172 1840 329 1874 testatoris
357 1837 634 1872 commendabatur
651 1860 661 1876 ,
695 1836 818 1877 benigne
847 1839 890 1865 tci-

24 1884 109 1926 mdn,
121 1884 244 1926 inquit,
269 1883 421 1913 dicendum
440 1878 481 1922 est
492 1903 504 1919 ,
524 1877 808 1918 nondumimpletam
826 1884 891 1906 con-

25 1922 164 1960 ditionem
181 1923 334 1965 defeclam.
381 1923 500 1964 Atqui,
526 1930 560 1952 ut
578 1920 663 1958 dixi,
688 1917 810 1950 defecta
825 1926 891 1949 non

25 1967 92 2007 est,
113 1967 254 2008 alioquin
269 1963 382 1997 frustra
399 1964 503 1996 denuo
520 1962 722 2003 impleretur,
749 1959 779 1991 &
800 1967 889 2000 quae,

26 2009 105 2042 scire
124 2008 241 2046 velim,
264 2006 464 2047 benignitas,
489 2005 509 2037 fi
525 2001 699 2036 defeciss'et.
862 2042 867 2047 -

106 2059 179 2082 uum
204 2058 314 2080 eorum
339 2048 508 2079 verborum
529 2044 631 2078 sensus
656 2053 720 2075 non
739 2041 776 2075 fit
793 2064 804 2080 ‚
836 2041 893 2074 nisi

24 2050 186 2134 pugnus,
211 2089 276 2136 ipsa
293 2087 402 2121 Gloss‘a
419 2088 481 2129 jam
498 2088 623 2119 videtur
648 2084 736 2116 fei-ro
767 2084 893 2116 medici-

26 2144 98 2166 nam
110 2130 288 2174 quaefiviffe.
315 2131 457 2169 Sic,ait,
482 2130 601 2170 copula:
623 2135 812 2173 Diei-:pinum
831 2134 892 2156 EST

28 2176 283 2206 conon-ionem
301 2180 486 2203 IMPLETAM
509 2171 526 2211 ζ
525 2171 643 2212 seilicet
653 2170 686 2200 tle
690 2167 891 2209 j-iic'toJixvon-

28 2224 109 2248 num
133 2221 337 2251 DEFECTAM,
358 2211 394 2247 ὅ)
405 2211 447 2250 fic
466 2214 558 2243 adhuc
575 2211 689 2252 impleri
701 2208 804 2254 potest.
828 2208 890 2240 Ad-

26 2256 74 2288 dit
93 2255 206 2288 deinde
220 2255 312 2286 aliam
331 2252 508 2294 scripturae,
532 2263 596 2285 non
614 2259 742 2284 mutatae
759 2274 768 2289 ,
794 2258 888 2281 inter-

26 2298 247 2340 pretationem.
284 2294 343 2327 Vel
364 2296 409 2326 dic
418 2317 430 2333 ,
451 2296 642 2326 conditionem
659 2290 801 2333 defeciam
820 2301 890 2322 non-

27 2340 94 2371 dum
114 2339 265 2379 impletam
285 2338 318 2367 a'e
331 2337 419 2378 jure,
442 2336 477 2371 ἐξ
499 2338 544 2367 ita
559 2336 650 2366 adhuc
664 2330 757 2375 potest
775 2333 890 2374 impleri

27 2382 62 2412 in
79 2380 200 2412 alierjus
214 2378 345 2419 pei-sena.
391 2378 472 2416 Sed,
496 2385 530 2409 ut
549 2377 615 2408 dixi
631 2400 642 2416 ,
673 2375 817 2407 conuitio
839 2375 890 2404 de-

28 2418 110 2458 fecta
126 2429 285 2462 nunquam
303 2418 426 2459 impleri
443 2419 555 2460 potest.
582 2417 731 2458 Cujacius
746 2414 785 2446 L.
796 2414 889 2447 XIII.

31 2461 153 2501 Observ.
177 2462 208 2494 C.
230 2460 284 2492 ult.
307 2462 378 2501 quia
397 2460 550 2501 Ulpianus
570 2459 731 2497 adfirmat,
745 2456 888 2496 quodne-

66 2513 98 2535 re
113 2503 338 2540 constituerat,
361 2502 559 2542 negationem
577 2501 679 2539 addit,
705 2500 767 2530 hoc
784 2498 889 2530 modo:

48 2546 180 2577 icendum
197 2543 257 2586 efl,
276 2543 403 2575 nondum
419 2543 571 2584 impletam
587 2543 802 2577 conditionem,
814 2549 889 2572 NON

28 2584 179 2626 defeaam.
222 2585 282 2618 Sed
305 2594 401 2626 quum
422 2584 511 2616 Secia
529 2584 634 2616 nostra
659 2583 826 2614 abhorreat
851 2581 889 2613 ab

28 2626 181 2667 ejusmodi
197 2628 229 2659 vi
247 2626 374 2667 majori,
386 2625 416 2657 ὅ(
428 2632 531 2658 tamen
543 2625 890 2667 scriptti·a,quaenune

27 2668 155 2709 legitur,
167 2668 278 2710 procul
295 2666 392 2699 dubio
409 2665 447 2698 fit
461 2666 595 2706 vitiosa,
614 2667 749 2708 primum
766 2664 889 2697 succur-

28 2708 92 2749 rit,
109 2719 153 2747 ,an
170 2720 233 2742 non
252 2719 310 2752 pro
326 2706 441 2748 defesta
459 2707 586 2740 rescribi
605 2708 707 2750 posset
725 2730 736 2747 ,
759 2707 870 2747 refecici
880 2729 892 2746 ,

30 2749 62 2782 id
75 2749 138 2790 est,
160 2757 315 2792 reparata,
337 2749 370 2780 in
387 2758 479 2789 quam
498 2748 684 2781 sententiam
704 2748 820 2790 reficere
839 2758 892 2780 oe-

30 2791 131 2823 currit
149 2791 267 2835 saepius.
291 2791 341 2824 Ita
352 2789 479 2823 dixiss'et
493 2790 666 2832 Ulpianus,
683 2791 725 2832 fi,
750 2800 819 2832 quae
832 2790 893 2832 pri-¹

611 2881 888 2919 c'APU

932 473 1020 496 mum
1048 459 1159 504 injuste
1187 460 1362 504 nupserat,
1395 459 1502 504 postea
1519 458 1599 502 juste
1629 461 1728 493 nubat
1745 482 1754 500 ,
1780 459 1813 493 &e

933 505 974 539 fic
987 504 1165 537 conditioni
1199 511 1295 542 areat,
1305 506 1432 536 nondum
1443 504 1594 544 iiiipleccim
1605 505 1812 541 conditionem„

933 545 1075 588 resectam
1092 547 1123 579 id
1140 548 1172 578 el
1197 569 1206 586 ,
1222 551 1389 586 reparatam
1408 544 1468 586 effe.
1496 545 1710 587 Cetei-oquin,
1724 544 1812 586 quod

935 588 1034 631 magis
1051 589 1177 630 placet,
1202 594 1277 618 utor
1293 586 1533 629 transpositione
1552 609 1563 625 ,
1588 597 1652 619 non
1671 597 1726 626 ea,
1751 594 1813 626 qua

936 631 1039 663 utitur
1066 628 1176 661 Glossa
1194 652 1204 668 ,
1230 628 1302 669 quia
1319 629 1540 661 conditionem
1567 628 1675 661 statuit
1700 627 1813 669 imple-

937 681 1000 704 tam
1012 695 1022 711 ,
1048 681 1117 712 qua:
1137 680 1201 702 non
1218 677 1285 701 erat
1297 693 1306 709 ‚
1333 669 1384 702 sed
1402 670 1463 702 alia
1479 693 1488 710 ,
1514 679 1612 711 eaque
1640 669 1790 702 levillima
1799 686 1813 707 5

936 714 968 746 in
983 714 1066 745 hune
1091 712 1220 744 modum
1232 722 1240 743 :
1252 712 1377 755 benigne
1396 713 1658 744 tamendicendiim
1671 709 1814 752 effimin-

938 756 1005 787 dtim
1026 753 1170 795 defetiam
1188 754 1382 785 conditionem
1395 776 1406 794 ‚
1437 753 1597 794 impletam.
1644 752 1720 786 Hoc
1744 751 1814 789 est,

938 796 1156 828 conditionem
1174 819 1184 834 ,
1225 804 1297 836 quae
1323 805 1387 827 non
1409 793 1570 827 defecerat
1595 805 1650 837 per
1667 795 1813 837 priores,

937 847 1049 880 easque
1065 835 1192 877 injustas
1210 837 1354 877 nuptias,
1380 835 1442 868 ess'e
1458 837 1609 877 impletam
1632 846 1687 878 pei·
1705 835 1814 869 secun-

935 880 1009 917 das,
1032 887 1144 919 easque
1160 875 1264 922 justes.
1291 878 1323 910 Si
1340 886 1452 910 neutra
1471 878 1652 919 conjeftura
1666 878 1812 920 placeat,

935 930 1011 952 eece
1029 928 1154 951 tertiam
1172 941 1184 957 ‚
1208 918 1296 951 lensu
1320 929 1385 952 non
1413 920 1516 951 minus
1534 920 1661 952 idoneo.-
1707 919 1813 956 Puto,

936 961 1039 1002 inquit
1057 961 1210 1001 Ulpianus
1222 983 1231 999 ,
1257 960 1279 992 fi
1298 960 1336 992 de
1352 961 1462 1001 primis
1478 962 1598 1002 nuptiis
1619 960 1748 993 senserit
1766 968 1811 992 te-

935 1001 1052 1042 stator,
1076 1001 1173 1034 filiam
1195 1002 1339 1041 desectam
1359 1003 1521 1044 conditione
1538 1026 1550 1041 ‚
1573 1002 1686 1035 deinde
1703 1003 1746 1034 ita
1767 1002 1810 1034 le-

935 1053 993 1085 ge:
1018 1045 1142 1085 benigne
1154 1048 1253 1074 tamen
1270 1044 1424 1074 dicendum
1441 1042 1502 1084 eft,
1520 1046 1666 1083 nondum,
1686 1044 1810 1085 impleta

936 1086 1119 1123 conditione,
1140 1084 1293 1125 defecicim.
1320 1084 1419 1127 Quod
1429 1085 1482 1116 alii
1494 1084 1582 1117 forte
1596 1086 1810 1126 praetulerint,

935 1126 1017 1168 quasi
1037 1127 1128 1158 litera
1152 1135 1180 1156 m
1204 1125 1251 1157 bis
1271 1126 1352 1156 male
1374 1126 1510 1166 repetita
1533 1136 1573 1158 ex
1595 1127 1752 1168 proximis
1776 1137 1810 1158 u-

936 1168 1073 1209 trimque
1091 1167 1268 1199 vocabulis.
1293 1166 1346 1198 Sic
1361 1166 1500 1207 diceret,
1549 1168 1663 1200 uellam
1679 1176 1734 1208 pei·
1751 1168 1811 1200 im-

935 1217 1088 1241 maturam
1111 1208 1371 1249 conjunctionem
1389 1218 1455 1241 non
1477 1211 1514 1241 de
1534 1209 1627 1241 ecisse
1650 1209 1811 1241 conditio-

935 1260 993 1290 ne,
1006 1250 1027 1282 si
1045 1248 1170 1292 postea,
1192 1258 1313 1281 matura
1328 1249 1399 1281 viro
1406 1260 1496 1293 ‚eain
1514 1251 1707 1293 impleverit.
1733 1250 1757 1282 F
1759 1261 1811 1282 or-

937 1302 968 1324 te
989 1293 1019 1324 δι’
1037 1292 1180 1333 trajectio
1198 1290 1318 1324 Gloss'ae
1336 1290 1463 1324 defendi
1481 1292 1585 1334 poll'et
1603 1315 1615 1332 ,
1648 1292 1700 1324 sed
1717 1292 1811 1325 aliter

934 1335 1093 1375 explicata
1111 1356 1122 1372 ,
1156 1341 1251 1375 atque
1276 1333 1319 1365 ibi
1345 1333 1536 1375 explicatam
1561 1335 1680 1374 video,
1712 1335 1815 1376 imple—

935 1382 996 1407 tam
1023 1376 1215 1408 conditionem
1232 1397 1244 1414 ,
1272 1377 1399 1407 nondum
1415 1375 1584 1417 defetiam,
1610 1376 1642 1408 id
1665 1376 1731 1415 est,
1754 1385 1813 1418 pet

933 1417 1082 1451 secundas
1106 1419 1231 1458 nuptias
1253 1416 1347 1449 fuiss'e
1372 1417 1535 1458 impletam
1563 1418 1783 1450 conditionem
1799 1438 1813 1456 9

933 1469 1003 1502 quae
1021 1459 1163 1491 nondum
1179 1458 1338 1491 defecerat
1349 1482 1359 1498 ,
1384 1457 1436 1491 sed
1451 1459 1488 1491 ad
1504 1460 1537 1491 id
1555 1467 1680 1501 tempus
1706 1459 1814 1492 fuerat

932 1501 1038 1533 dilata.
1085 1500 1197 1542 Elige,
1222 1501 1308 1542 quod
1321 1501 1449 1542 placet,
1474 1501 1622 1533 omnibus
1639 1502 1686 1533 his
1707 1501 1813 1533 modis

933 1542 1036 1582 abest,
1061 1544 1113 1584 qui
1130 1542 1231 1574 abesse
1247 1543 1359 1582 debet,
1385 1543 1486 1583 major
1504 1551 1620 1575 motus.⁴
1653 1542 1736 1575 Duae
1753 1552 1813 1574 vo-

934 1585 1015 1616 culae
1034 1584 1189 1617 duntaxat
1208 1583 1437 1624 restituuntur,
1451 1595 1584 1626 quarum
1600 1584 1700 1617 altera
1718 1584 1750 1616 in
1767 1583 1812 1616 al-

936 1626 1033 1658 terius
1059 1627 1168 1658 locum
1192 1626 1342 1667 migravit
1359 1650 1369 1666 ,
1394 1627 1447 1658 vel
1476 1636 1536 1658 una
1552 1627 1665 1658 duaeve
1683 1626 1813 1665 literae,

931 1667 1071 1710 proclivi
1094 1667 1179 1699 vitio
1197 1690 1208 1707 ‚
1233 1675 1396 1699 mutantur
1422 1668 1723 1710 velexpunguntm·
1738 1689 1751 1706 ,
1774 1674 1814 1700 uc

932 1711 1012 1741 bene
1027 1708 1064 1741 fit
1080 1709 1155 1740 loco
1162 1730 1175 1747 ,
1199 1709 1343 1750 alioquin
1359 1708 1532 1751 desperato.

974 1750 1027 1783 Sic
1046 1749 1262 1789 absolvimus,
1280 1750 1367 1792 quod
1382 1751 1436 1782 vel
1454 1751 1591 1783 maxime
1611 1748 1765 1793 agendum
1781 1760 1812 1783 e-

932 1800 989 1826 rat.
1036 1792 1096 1824 Sed
1114 1791 1200 1823 aliud
1219 1791 1357 1833 superest
1371 1801 1450 1824 mox
1475 1794 1508 1825 in
1521 1795 1670 1834 principio
1686 1815 1698 1832 ,
1723 1793 1812 1834 quod

933 1833 1080 1867 nonnihil
1097 1833 1223 1865 tui-bare
1241 1834 1357 1875 posfit3
1382 1834 1479 1866 verba
1499 1835 1541 1867 fic
1558 1835 1675 1867 habent
1692 1845 1700 1866 ε
1735 1833 1814 1866 Haeo

933 1876 1081 1913 conditio,
1104 1884 1210 1907 FILIAE
1234 1884 1340 1915 MEAE,
1367 1884 1442 1906 CUM
1459 1885 1650 1916 NUPSER1T‚
1670 1877 1740 1907 talis
1756 1873 1813 1916 est,

934 1924 966 1949 iit
983 1918 1032 1959 qiii
1052 1914 1172 1957 testatus
1191 1914 1251 1957 est,
1275 1917 1392 1957 impleri
1407 1916 1584 1957 fhlummoclo
1612 1918 1813 1950 conditionem

934 1959 1083 1996 voluerit,
1101 1967 1159 1988 non
1170 1957 1249 1999 stitis
1269 1960 1384 2000 egerit,
1408 1960 1531 2000 quando.
1577 1958 1611 1991 Si
1631 1959 1714 2000 legas
1735 1983 1744 1998 ,
1771 1965 1811 1989 ut:

935 2000 1107 2033 Florentiae
1119 2000 1148 2031 δε
1164 1999 1278 2041 tibique
1293 2000 1413 2041 reperi,
1429 1999 1503 2040 filice
1520 2011 1608 2039 mece,
1624 1999 1812 2032 subaudien-

935 2042 1010 2074 dum
1027 2040 1092 2080 est,
1111 2042 1144 2072 clo
1163 2041 1227 2084 lego
1246 2047 1287 2072 tot
1305 2042 1352 2073 vel
1371 2047 1432 2078 τοῖς
1453 2042 1570 2083 absque
1586 2051 1626 2073 eo
1638 2042 1723 2074 enim
1741 2040 1808 2073 sen-

936 2083 986 2116 sus
1004 2082 1035 2114 se
1053 2082 1134 2114 tueri
1151 2093 1216 2115 non
1235 2082 1349 2124 potest.
1396 2081 1505 2125 Quum
1521 2093 1600 2115 vei-o
1617 2083 1648 2114 id
1662 2082 1700 2115 fit
1725 2082 1810 2115 dui-i-

936 2124 1097 2163 asculum,
1122 2125 1231 2156 malim
1250 2125 1373 2166 legere,
1392 2127 1463 2166 filia
1482 2135 1547 2156 mea
1564 2135 1630 2156 cum
1654 2123 1808 2166 nupserit:

934 2176 1005 2198 nam
1022 2167 1052 2198 ὃς
1069 2176 1110 2197 ex
1130 2164 1332 2209 sequentibus
1349 2174 1496 2208 apparet,
1520 2167 1569 2208 agi
1586 2166 1625 2198 de
1646 2175 1689 2198 nu
1715 2166 1767 2198 tiis
1786 2165 1813 2197 i-

933 2207 1015 2254 psius
1032 2207 1120 2240 filiae.
1167 2207 1273 2246 Illud,
1295 2218 1353 2239 non
1370 2210 1451 2251 stitis
1466 2211 1562 2250 egerit
1579 2224 1591 2247 ,
1621 2217 1685 2249 quo
1730 2215 1812 2240 mox

934 2249 1092 2291 lequitur,
1118 2248 1149 2280 δε
1167 2248 1340 2281 Florentiae
1359 2259 1486 2292 quoque
1505 2249 1622 2291 legitur
1638 2270 1650 2288 ,
1674 2248 1811 2288 dubito,

933 2301 970 2322 an
990 2290 1062 2323 satis
1078 2291 1192 2322 Latine
1207 2291 1351 2331 dicatur,
1376 2302 1412 2324 ea
1427 2300 1541 2332 nempe
1556 2290 1785 2332 significatione
1796 2312 1811 2330 ,

933 2342 1025 2374 quam
1045 2331 1148 2364 sensus
1165 2332 1312 2374 postulat.
1338 2333 1431 2365 Unde
1445 2332 1604 2374 pleraeque
1619 2331 1788 2364 Editiones
1797 2353 1811 2370 ‚

933 2383 1006 2406 ante
1020 2373 1043 2405 F
1047 2374 1255 2414 lorentinain,
1280 2375 1452 2413 exhibent,
1476 2383 1534 2405 non
1549 2373 1629 2415 stztis
1649 2374 1806 2416 exegerit,

934 2416 986 2448 vel
997 2438 1008 2454 ,
1026 2425 1083 2447 non
1101 2416 1191 2447 etiam
1208 2416 1287 2457 fiatis
1304 2418 1387 2459 exigi
1405 2438 1417 2454 ,
1444 2423 1522 2457 puta
1539 2415 1668 2446 voluerit
1685 2437 1697 2454 ‚
1721 2413 1807 2455 quod

935 2457 1097 2498 praecedit.
1143 2457 1203 2489 Sed
1229 2463 1457 2499 quomodoeun
1483 2466 1522 2487 ue
1548 2457 1632 2497 legas
1648 2473 1660 2495 >‚
1690 2454 1812 2497 semper

932 2498 1171 2531 incommodum
1195 2500 1256 2531 erit
1280 2501 1308 2527 τό
1324 2535 1327 2538 Α
1345 2499 1412 2531 atis.
1460 2466 1548 2542 Quid
1572 2499 1594 2531 fi
1614 2497 1776 2529 credamus
1795 2518 1809 2535 ‚

933 2549 1040 2571 veram
1067 2540 1097 2572 δε
1118 2549 1296 2582 germanam
1359 2540 1454 2582 lpiani
1479 2540 1666 2581 ici-ipturam
1687 2537 1779 2570 fuisse
1795 2559 1809 2577 ,

932 2592 989 2614 non
996 2581 1165 2625 sategerit,
1188 2592 1318 2624 eamque
1336 2591 1451 2614 vocem
1462 2604 1474 2620 ‚
1498 2581 1575 2613 licet
1590 2581 1642 2613 hie
1659 2587 1762 2621 aptam
1775 2579 1807 2610 ἃς

931 2623 1110 2665 propriam,
1135 2632 1239 2656 tamen
1259 2648 1268 2663 ,
1293 2624 1365 2667 quia
1388 2622 1578 2655 insolentior
1595 2629 1663 2654 erat
1678 2645 1687 2660 ,
1710 2631 1726 2652 a
1754 2619 1808 2665 Li-

933 2665 1042 2696 brai-iis
1059 2665 1162 2697 minus
1179 2665 1371 2698 intellettam
1395 2664 1510 2702 fuisse,
1533 2672 1627 2705 atque
1645 2663 1716 2694 ideo
1735 2660 1808 2708 seis:

932 2705 996 2738 sam
1015 2708 1044 2738 dc
1063 2715 1216 2738 mutatam
1235 2708 1266 2739 in
1280 2708 1359 2750 fictis
1379 2707 1473 2748 egerit
1492 2707 1509 2737 ἓ
1530 2705 1565 2737 Id
1585 2704 1710 2746 quidem
1728 2701 1807 2734 nubi

934 2747 1008 2780 satis
1027 2746 1072 2780 est
1089 2748 1264 2791 probabile.

940 2881 975 2916 T
1074 2877 1242 2917 XIIL

723 2971 776 3006 De
799 2972 885 3006 votis
913 2971 1075 3006 nonnulla.

121 3076 140 3098 e
154 3067 241 3098 votis
259 3063 305 3098 est
328 3064 442 3099 Titulus
457 3062 677 3100 pandectarum
693 3069 726 3099 de
738 3066 908 3099 Pollicita?

142 3109 267 3140 tionibus
277 3131 288 3146 ,
306 3116 384 3140 vota
395 3109 478 3140 enim
493 3118 548 3150 per
563 3108 764 3141 eminentiam
779 3109 896 3149 pollici-

467 3150 474 3155 ’
547 3149 637 3181 Unde
659 3150 761 3181 Varro
778 3152 832 3182 a&
855 3164 898 3180 »ε-

34 3196 132 3233 ςᾳνγὲ,
153 3190 323 3232 Fragment.
348 3197 382 3232 p.
403 3201 441 3223 m.
468 3199 537 3232 135.
582 3190 716 3233 ,Μῄονες
725 3192 827 3234 solitos
853 3194 900 3223 tle-

35 3155 158 3183 tationes
179 3149 327 3191 appellari
350 3151 500 3182 obtinuit.

937 3070 1051 3098 cumam
1068 3066 1196 3098 Herculi
1213 3073 1342 3103 vovere,
1364 3067 1417 3096 nee
1436 3065 1533 3096 decem
1552 3063 1613 3095 dies
1633 3064 1808 3096 intermitte-

938 3118 991 3146 re,
1011 3108 1082 3149 quin
1102 3115 1358 3140 POLLUCERENT
1378 3106 1568 3147 populumque
1592 3105 1808 3143 α’ξύμέολωεῑιω

941 3159 1044 3180 corona
1063 3149 1163 3180 laurea
1181 3148 1378 3179 demitterent.
1426 3147 1477 3179 De
1494 3147 1646 3186 decimis,
1672 3145 1809 3178 Herculi
1849 3175 1853 3178 .

936 3190 1079 3232 pollucem·
1102 3190 1206 3224 solitis
1222 3211 1234 3229 ‚
1256 3189 1346 3229 plura
1361 3188 1456 3223 habet
1473 3187 1639 3225 Ruffardus
1657 3188 1694 3221 ad
1727 3188 1747 3234 l:
1780 3197 1809 3218 zi

1729 3230 1759 3269 ᾗ.
1781 3237 1811 3259 9.
