2008 3436
161 122 204 161 84
416 116 820 154 CORNELII
892 125 1000 152 VAN

156 198 246 239 pitlas
277 197 518 238 consequentias
536 220 548 236 ,
571 207 648 239 quas
674 197 789 231 novisti
812 205 938 229 texere:
961 194 1030 227 fue-

156 244 232 271 runt
249 245 321 269 ante
340 237 452 270 -lrnerii
477 248 624 281 tempora
649 239 852 272 Authenticae
871 263 879 277 ,
911 246 987 278 crgo
1005 237 1031 267 is

157 279 214 320 suo
244 288 387 321 tempore
416 281 534 312 nullius
557 280 620 312 suit
645 281 764 313 auctor.
816 281 906 312 Adeo
939 280 1031 320 stipes

157 323 224 354 11011
241 330 273 352 es
287 345 296 360 ,
332 321 385 362 qui
412 321 497 362 ipsus
519 323 765 361 animadvertas,
789 323 856 354 haec
880 321 944 352 dici
961 320 1031 361 plus

159 372 252 404 quam
276 363 388 395 stulte:
413 372 452 394 eo
476 364 574 405 igitur
599 363 769 405 confugis,
798 373 834 395 ut
853 363 915 394 1100
942 370 1030 403 argu-

160 412 271 436 mento
287 414 352 436 non
368 403 578 446 neceffimccm,
601 404 652 436 sed
673 406 903 446 praefinitionem
929 402 1030 435 incul-

161 446 303 485 caveris,
320 445 485 486 fundatam
503 445 624 478 scilicet
652 445 722 487 (ita
751 454 786 477 tu
807 445 945 487 loqueris
967 444 1036 476 lati-

159 487 226 529 ne)
248 488 280 520 in
305 488 324 519 l.
345 498 395 519 22.
415 487 454 528 ff.
477 489 510 518 de
528 488 697 519 Prohalz'ow
722 498 817 529 apage
834 495 955 518 merum
970 495 1033 517 rus.

161 528 229 570 Qui
249 528 370 568 scripsit
392 529 525 570 primam
534 529 776 568 Authenticam‚
802 527 1034 570 praesumendtts

161 569 207 602 est
224 571 320 602 etiam
338 570 473 611 reliquas
491 569 663 611 ἴοι-11111110,
687 571 718 602 111
741 571 940 602 voluntatem
967 569 1051 608 ejus·

164 611 335 653 probemus
359 611 452 643 fuill‘e
473 619 646 649 mutatam,
671 612 715 643 ita
732 620 766 643 tu
789 612 838 643 vis
857 610 969 652 colligi
990 611 1033 641 le-

164 653 316 694 pidissime
332 651 530 693 Disputator.
574 653 657 683 Audi
689 662 781 693 quam
805 651 946 684 absurde.
991 650 1034 683 Ir-

163 692 287 733 nerius,
311 702 463 733 quantum
479 693 622 734 equidem
638 693 730 725 nobis
747 693 892 732 constat,
914 693 1034 734 primus

162 735 283 777 scripsit
307 733 437 775 Gloffizs,
462 744 537 775 ergo
563 734 685 776 scripss't
710 745 841 773 omnes,
872 735 905 767 ni
922 734 1033 775 probe-

161 787 231 808 mus
257 776 478 814 contrarium3
510 785 603 807 nemo
620 799 631 814 ,
661 776 717 808 nisi
746 775 1031 818 Pagenstechcrus,

161 819 214 850 vel
237 827 278 849 ex
293 827 333 848 eo
355 816 431 848 aulit
458 817 630 858 colligere,
656 816 781 850 Gloss'as
800 821 923 851 ἀνωνόμιις
948 817 1031 849 Irnc-

164 860 204 891 rii
224 859 304 898 effe,
328 859 409 890 male
436 866 559 899 pereat,
583 859 636 899 qui
665 867 696 890 te
726 867 787 891 tam
813 867 905 891 acute
922 858 1033 890 docuit

162 901 356 933 ratiocinari.
402 899 434 932 Si
456 899 731 940 praesumtionibus
752 901 782 933 δι
804 900 1034 933 verosimilibus

162 943 194 974 in
214 941 315 983 specie
336 941 499 982 proposita
523 942 722 982 pugnandum
746 941 824 974 esset
840 965 850 980 ,
879 940 1033 982 composi-

164 992 250 1015 tores
266 982 528 1015 Autlienticarum
555 992 618 1014 uno
637 983 741 1024 plures
757 982 850 1015 fuiffe
868 983 984 1018 docere
1003 990 1035 1013 te

163 1032 310 1097 poter-opt
328 1024 488 1066 Miscella,
510 1033 580 1065 quae
606 1025 640 1056 in
657 1024 737 1056 hanc
758 1024 944 1057 sententiam
963 1023 1034 1055 dedi

168 1068 210 1099 Ca
231 1092 238 1098 .
288 1091 294 1098 .

206 1073 430 1140 §tormentatur
447 1115 565 1147 porro,
590 1107 676 1149 quod
701 1106 878 1140 Germanos
900 1107 1035 1139 dixerim

1074 116 1678 154 BYNKERSHOEK

1075 203 1140 228 tate
1160 197 1307 229 disserant
1325 197 1390 230 alii.
1433 197 1527 230 Nihil
1546 198 1660 238 igitur,
1686 205 1722 229 ut
1740 198 1829 237 dixi,
1850 198 1936 234 habe-

1074 238 1129 270 bas
1162 240 1357 280 praecipuum
1391 248 1505 280 praeter
1539 238 1721 280 quisquilias
1749 240 1779 272 &
1801 247 1938 282 errores,

1075 289 1173 312 unum
1192 288 1286 321 atque
1307 281 1440 312 alterum
1460 281 1727 316 duntaxametuli
1749 281 1781 313 in
1798 280 1939 318 Diatriba

1074 322 1091 362 (
1103 322 1140 353 ad
1162 321 1370 355 omnesenim
1398 321 1609 363 nauseabam)
1635 322 1693 354 hos
1720 331 1812 364 quam
1837 322 1940 364 inepte

1073 362 1221 394 defendas
1246 372 1323 394 mox
1346 362 1475 399 dicam:
1507 363 1592 404 quod
1613 363 1652 399 ad
1677 363 1818 404 reliquos
1840 364 1940 398 adhuc

1076 405 1134 437 tibi
1161 413 1294 445 parcere,
1307 403 1483 444 constitui,
1507 414 1547 436 ne
1567 404 1712 437 materies
1731 404 1826 444 defit,
1850 404 1873 438 fi
1891 405 1940 441 db-

1077 456 1142 478 nuo
1162 445 1302 486 prodeas.
1334 445 1394 477 Sed
1413 445 1488 487 quid
1504 454 1539 477 tu
1554 445 1592 477 ad
1616 446 1826 484 calumniam,
1849 455 1940 490 quarn

1078 497 1175 519 vocas
1192 510 1204 526 ,
1233 496 1332 519 meam
1367 487 1406 518 de
1437 487 1618 529 depraedato
1654 487 1850 521 Sti-auchio?
1876 498 1940 525 nnn

1076 529 1232 561 diffiniulo
1247 536 1301 560 aut
1316 538 1417 570 nego,
1434 528 1558 570 inquis,
1573 538 1624 570 me
1639 529 1769 562 subinde
1783 529 1941 572 Strauchii

1077 571 1124 602 uti
1141 569 1343 611 argumentis.
1376 570 1462 602 Ecce
1488 568 1591 602 furem
1618 569 1837 603 manifestum!
1862 568 1941 604 bene

1077 611 1114 644 fit
1147 612 1204 643 tibi
1231 621 1304 642 cum
1332 611 1390 643 illo
1425 610 1626 645 confeffionis
1643 635 1655 651 ,
1685 621 1777 656 quam
1802 612 1941 654 extorti,

1077 652 1231 692 candore,
1253 660 1284 684 at
1303 662 1380 684 vero
1397 652 1449 684 fur
1470 651 1619 693 candide,
1643 663 1744 696 egone
1758 653 1826 688 dixi
1844 659 1875 691 te
1891 663 1945 686 ce-.

1077 695 1142 726 lare
1161 694 1280 726 crimen
1297 694 1416 726 tuum?
1441 694 1528 726 absit.
1561 693 1668 733 Dico,
1695 704 1727 727 te
1747 702 1800 726 tua
1829 694 1943 728 habere

1076 745 1117 767 ex
1127 735 1312 774 Strauchio,
1324 742 1358 766 tu
1376 735 1407 766 id
1420 735 1595 775 confiteris,
1608 737 1682 777 quid
1701 737 1781 768 ultra
1798 737 1943 770 anhelas?

1118 776 1223 809 Unum
1250 775 1295 808 est
1310 800 1319 816 ,
1351 785 1417 817 quo
1440 784 1471 808 te
1498 786 1561 809 non
1586 786 1719 819 purgas,
1745 777 1796 809 sed
1819 778 1944 820 purgari

1076 818 1164 860 poss'e
1182 817 1302 856 credis3
1326 827 1375 849 me
1391 818 1538 850 vidilicet
1554 818 1709 851 infimulas
1728 819 1867 860 ejusdem
1882 820 1942 852 cri-

1077 861 1179 892 minis.
1225 858 1300 890 Huc
1322 857 1430 890 refero
1446 884 1456 899 ,
1492 859 1593 900 quod·
1608 859 1752 892 libellum
1775 866 1882 892 meum
1903 860 1942 894 ad

1077 902 1097 933 l.
1123 900 1219 933 Lesta
1241 909 1292 940 40.
1312 900 1354 941 ff.
1377 901 1410 932 de
1436 900 1510 932 Reo.
1539 900 1621 932 Cred.
1647 902 1678 933 in
1706 911 1768 941 eo,
1790 901 1875 942 quod
1891 901 1942 941 ed-

1077 943 1159 983 ieci,
1194 942 1351 973 Corollario
1380 941 1524 983 insignies
1553 942 1649 974 titulo
1672 942 1866 986 farragini53
1898 942 1941 976 fin

1079 986 1142 1016 hoc
1177 983 1335 1024 intelligas
1371 983 1411 1014 de
1445 984 1654 1023 comportatis
1686 985 1820 1016 aliorum
1853 983 1944 1017 dietis

1078 1023 1284 1066 scriptisque,
1309 1025 1453 1056 mentiris
1482 1024 1650 1065 splendide.
1696 1024 1802 1057 Tuam
1829 1025 1944 1066 fidem,

1078 1067 1208 1107 mquam
1229 1066 1341 1097 habes!
1367 1065 1539 1103 Noverunt
1555 1076 1664 1098 omncs
1681 1076 1732 1099 me
1748 1067 1779 1099 ἃ
1794 1067 1885 1100 aliter
1901 1068 1944 1102 in-

1078 1114 1287 1148 terpretatum
1310 1105 1373 1138 effe
1400 1107 1423 1138 l.
1448 1106 1542 1145 lesia,
1565 1111 1657 1148 quum
1684 1107 1801 1140 faftum
1828 1108 1873 1140 est
1896 1103 1946 1141 iid—

165 1150 197 1182 in
214 1148 421 1182 Barbarorum
436 1149 561 1190 scriptis
577 1159 641 1181 non
662 1148 850 1191 distinguere
867 1150 949 1182 inter
970 1149 1060 1180 Λιι-ι
1078 1149 1141 1181 huc
1157 1172 1167 1188 ,
1201 1149 1231 1180 &
1256 1148 1348 1180 aliam
1372 1147 1568 1180 constituisse
1593 1147 1766 1181 docti-inam
1792 1150 1825 1180 de
1848 1150 1946 1190 pactis

167 1192 329 1229 roaiz-ricus,
351 1200 412 1231 qua
435 1189 646 1222 Novellarum
670 1191 857 1232 compendia
874 1215 883 1230 ,
916 1193 946 1222 ot
971 1189 1034 1220 Azi-

168 1234 312 1264 ili-entitas
340 1232 392 1264 vel
418 1232 668 1263 Anthemicarzmz
688 1232 811 1273 Corpus,
836 1242 896 1273 qua
914 1230 1036 1263 Novel-

166 1274 213 1306 las
225 1297 236 1312 ,
260 1274 290 1305 Gt
309 1281 432 1310 tamen,
457 1283 516 1314 qua
532 1273 577 1304 est
595 1273 794 1312 temeritate,
816 1273 855 1304 de
878 1273 1036 1313 plerisque

166 1314 331 1346 Germanis
361 1315 390 1346 id
415 1314 513 1355 ipsum
537 1323 614 1345 mox
633 1315 779 1345 concedit
797 1338 807 1353 ,
842 1313 939 1345 semet
960 1314 1035 1344 dun-

169 1365 255 1388 taxat
274 1356 435 1388 vindicans
453 1356 491 1386 ab
509 1355 563 1386 illa
582 1354 659 1386 labe.
702 1355 744 1386 At
761 1365 821 1396 ego
837 1355 860 1388 fi
878 1354 1038 1387 ostendam

171 1399 220 1430 vel
243 1407 283 1429 cx
313 1398 369 1428 hae
391 1405 444 1427 tua
461 1395 637 1436 Desewfione
653 1396 827 1436 personata,
853 1397 986 1428 eundem
1007 1403 1038 1426 te

167 1449 306 1471 errorem
331 1447 452 1476 errare,
477 1437 552 1478 quid
576 1437 663 1469 dabis
690 1438 745 1470 nili
769 1437 846 1470 risus
871 1439 900 1470 (St
918 1437 1037 1478 jocos?

167 1480 312 1521 exspecta
331 1478 496 1520 pufillum,
525 1479 555 1511 ἃ
577 1479 683 1510 audies
706 1479 736 1510 O
764 1480 865 1511 multa
890 1479 1038 1511 fleturum

165 1521 295 1563 Caput!
337 1529 395 1551 nee
418 1527 509 1561 potes
540 1520 631 1552 aliter
654 1544 664 1559 ,
707 1530 800 1559 (1113111
826 1520 1009 1554 Sti-auclnus
1028 1543 1039 1558 ,

167 1563 417 1596 Azizhcntz'carum
435 1562 540 1602 Corpus
555 1561 752 1602 intelligere,
763 1562 785 1595 fi
802 1561 872 1595 sana
889 1562 926 1595 iit
943 1562 1037 1601 ratio,

167 1614 227 1646 qua
249 1613 290 1635 ex
313 1602 479 1635 Odofredo
502 1603 532 1635 ὅ(
551 1604 715 1635 nonnullis
732 1602 848 1636 Gloffis
866 1603 1036 1636 Authenti-

166 1655 274 1678 carum
310 1645 439 1677 lacinias
472 1653 595 1677 tantum
621 1644 771 1678 adscribis
797 1645 919 1677 Irnerio
938 1670 948 1684 ,
988 1645 1037 1676 illi

166 1688 283 1730 quippe
305 1695 377 1718 cum
397 1687 506 1726 ajunt,
537 1685 633 1718 verba
653 1686 795 1728 quaedarn
821 1686 930 1719 Irnerii
955 1685 1035 1726 esse,

166 1738 226 1761 nec
251 1727 380 1769 reperiri
408 1727 448 1768 in,
465 1727 717 1760 Authenticarum
743 1729 881 1770 Corpore,
906 1738 947 1760 ex
971 1727 1036 1760 sen-

167 1770 268 1803 tentia
285 1769 461 1808 Strauehii,
485 1769 548 1801 hoc
571 1770 707 1808 volunt,
729 1780 766 1802 ea
785 1771 881 1802 verba
901 1780 965 1802 non
984 1779 1038 1801 ex-

168 1812 246 1844 stare
265 1812 296 1844 in
314 1811 536 1850 Authenticis,
561 1819 597 1843 ut
613 1812 749 1852 primurn
773 1811 958 1853 composita:
976 1811 1038 1844 Co-

164 1854 272 1885 dicive
288 1851 412 1885 insertae
434 1851 584 1891 fuerunt,
607 1853 661 1884 'sed
684 1853 788 1885 addita
806 1853 868 1886 else
891 1853 928 1885 ab
944 1853 1039 1885 inter-

167 1895 314 1936 polatore
330 1894 460 1926 lrnerio.
505 1894 548 1925 Et
567 1893 659 1933 sane,
685 1894 706 1926 fi
726 1895 1038 1935 pei-Autherztz'cczrzim

169 1938 277 1977 Corpus
300 1935 436 1976 intelligi
461 1934 585 1977 poss'ent
612 1936 812 1968 Authentieae
831 1937 862 1968 in
881 1936 1036 1969 Codicem

165 1978 294 2015 relatze,
317 1977 363 2008 uti
381 1986 444 2008 non
461 1976 548 2017 poffe
565 1977 767 2018 probavimus
782 1979 852 2019 Cap.
865 1977 919 2010 ΠΙ.
930 1977 1033 2010 Diutr.

168 2017 389 2060 &imprudens
410 2018 461 2049 1110
481 2017 612 2059 largitur
626 2018 732 2051 noster
742 2018 939 2057 Alexander,
960 2020 1033 2059 jam,

165 2059 292 2097 fateor,
318 2059 454 2099 speciem
474 2059 600 2090 haberet
617 2059 695 2091 illud
711 2060 750 2091 de
768 2059 843 2093 solis
860 2060 969 2093 Irnerii
986 2061 1035 2091 ad-

167 2100 343 2132 ditionibus
368 2109 595 2132 commentum.
657 2100 754 2133 Nunc
780 2102 852 2143 quia
884 2100 1007 2134 constat
1025 2123 1036 2139 ,

168 2142 264 2174 etiam
283 2140 468 2181 Magistello
484 2140 612 2180 nostro,
636 2151 690 2183 per
706 2142 954 2175 Authenticarum
971 2143 1036 2174 Cor-

165 2193 222 2224 pus
236 2182 372 2222 intelligi
396 2182 571 2222 Novellas,
604 2184 799 2216 intercidunt
816 2185 1038 2223 auctoritates,

168 2234 244 2265 quas
259 2222 315 2269 ipsi
333 2223 515 2256 Strauchius
532 2223 676 2265 suggessit
693 2224 732 2256 de
746 2226 888 2257 additore
906 2225 1039 2257 Irnerio.

170 2265 257 2311 Quid
266 2265 376 2296 enim?
397 2265 598 2306 reperiuntur
619 2266 652 2297 in
668 2265 870 2299 Authenticis
887 2267 1039 2299 nonnulla

170 2306 280 2340 h‘nerii
291 2329 301 2346 ,
326 2316 395 2347 quae
410 2315 474 2338 non
493 2306 616 2339 exstant
633 2307 664 2338 in
690 2307 863 2350 archetvpo
884 2308 1038 2340 Novella-

171 2358 260 2386 rum,
283 2357 360 2388 ergo
377 2357 445 2380 eam
462 2348 667 2380 Authenticae
684 2345 823 2389 partem',
836 2359 905 2391 quae
925 2349 968 2381 ibi
987 2358 1040 2380 ex-

172 2390 250 2428 stat,
275 2388 411 2421 lrnerius
428 2398 493 2421 non
511 2389 623 2422 dedit?
652 2398 747 2421 nemo
766 2392 947 2432 quisquam,
972 2400 1039 2422 mo-

172 2433 213 2463 tio
231 2431 319 2462 sanus
341 2431 371 2462 δί
389 2430 507 2468 siccus,
528 2431 571 2462 itu
588 2431 730 2470 colliget.
777 2432 836 2464 Sed
853 2432 932 2464 nolo
956 2441 1041 2472 repe-

174 2481 364 2544 tere,Ht11uae
386 2472 418 2503 in
450 2473 530 2503 banc
555 2482 622 2504 rem
650 2472 715 2504 dixi
736 2471 855 2505 affatim
880 2473 912 2505 in
929 2472 988 2514 fin.
1011 2473 1040 2504 d.

176 2516 249 2546 Cat).
315 2537 321 2543 .

215 2549 346 2586 ‘Accedo
368 2553 404 2585 ad
431 2550 536 2593 aliud,
558 2555 642 2596 quod
670 2565 752 2596 aegre
773 2557 848 2588 tulit
874 2554 972 2590 homo
989 2565 1043 2588 va-

173 2606 252 2633 nu8‚
277 2595 327 2634 &,
343 2595 375 2627 ni
392 2594 508 2634 fallor,
528 2595 650 2628 causam
666 2597 752 2628 dedit
771 2597 923 2638 pudorem
942 2596 1042 2636 suum,

175 2638 198 2671 fi
214 2645 306 2678 quem
324 2636 438 2675 habet,
462 2636 623 2678 purgandi.
668 2637 809 2670 Iudicavi
830 2639 1043 2679 aliquotiens,

175 2679 243 2719 ejus
259 2686 332 2709 cum
357 2676 564 2715 sententiam,
595 2685 663 2710 turn
685 2687 867 2720 argumenta
883 2679 1043 2711 δἐι-01101111

176 2719 257 2752 esse:
283 2718 408 2750 scilicet
428 2727 492 2750 non
508 2719 579 2750 vult
600 2719 701 2750 videri
716 2720 881 2758 imitator,
904 2729 967 2751 non
984 2718 1041 2751 ser—

176 2770 254 2793 vum
276 2769 382 2802 pecus.
425 2759 515 2801 Ego,
539 2761 623 2792 bone
649 2760 728 2799 Vir,
752 2760 938 2792 tenuitatem
955 2768 1042 2792 tuam

177 2802 236 2834 tibi
255 2811 317 2833 non
336 2801 549 2842 exprobravi,
571 2800 623 2833 sed
640 2801 692 2843 qui
711 2802 800 2843 potui
818 2802 928 2841 aliter,
952 2810 1044 2843 quam

177 2843 333 2875 defunctis
357 2842 505 2876 Molinaei
530 2843 560 2874 &
583 2842 740 2875 Strauchii
771 2842 980 2884 argumentis,
1012 2851 1045 2874 te

178 2883 370 2925 compellare
381 2907 389 2922 ,
405 2884 459 2924 qui
478 2883 557 2915 hanc
571 2883 611 2915 de
627 2884 828 2916 Authenticis
842 2884 931 2917 litem
948 2884 1044 2917 etiarn

180 2934 265 2957 tuam
284 2923 415 2956 fecisti?
439 2924 493 2966 qui
518 2925 610 2965 potui
626 2925 738 2964 aliter,
761 2934 854 2966 quam
872 2925 978 2958 dicere
992 2925 1044 2963 id,

180 2965 266 3007 quod
283 2975 331 2997 res
352 2965 397 2997 est
410 2988 420 3004 ,
443 2965 523 2997 1111111
551 2974 583 2997 te
609 2966 722 2998 habere
770 2967 961 3013 raecipuurn,
984 2966 1045 2998 uti-

179 3017 247 3052 que
257 3007 342 3056 quod
358 3007 489 3038 refutari
508 3006 546 3039 fit
562 3007 702 3050 dignum.
718 3006 742 3040 P
757 3015 828 3045 acet
846 3007 943 3048 1111111,
960 3007 1044 3049 quod

180 3046 224 3078 est
239 3058 271 3079 111
288 3050 416 3089 satyra:

537 3090 670 3122 Zisentz'ri
692 3089 803 3132 nefiz'o,
827 3091 933 3123 librum

218 3169 224 3175 .
269 3130 302 3160 Si
322 3131 414 3161 malus
433 3129 491 3171 est,
515 3141 621 3173 nequeo
634 3132 754 3164 laudare

181 3169 339 3216 Displicet
372 3170 549 3204 institutum
575 3173 704 3214 vulgare
735 3182 843 3206 ornnes
882 3174 912 3206 &
941 3173 1047 3206 omnia

179 3211 323 3244 laudandi
352 3219 445 3252 quam
470 3212 582 3246 blande
614 3215 710 3248 etiam
733 3215 773 3248 de
799 3215 865 3256 ejus
891 3215 937 3248 rei
960 3214 1045 3247 utili-

1074 1191 1153 1233 juris
1173 1187 1274 1230 siricii
1291 1188 1486 1220 conto-aeribus
1506 1188 1653 1230 acljeffls,
1675 1199 1765 1231 quam
1795 1190 1833 1222 ab
1858 1191 1946 1230 ullo,

1079 1230 1165 1272 quod
1187 1229 1282 1262 sciam
1299 1252 1310 1268 ,
1341 1229 1514 1262 constituta
1536 1230 1619 1269 fuit3
1643 1233 1718 1272 quin
1744 1231 1776 1264 ὅτ
1820 1242 1944 1273 arerga,

1079 1281 1149 1313 quae
1178 1271 1270 1308 dedi,
1294 1270 1526 1303 observationis
1557 1281 1651 1304 novae
1682 1272 1754 1304 esse.
1820 1271 1876 1304 Ton
1902 1272 1945 1305 se-

1080 1313 1142 1345 mel
1164 1312 1196 1343 id
1215 1312 1320 1343 testati
1344 1311 1416 1344 sunt
1433 1312 1500 1344 Viri
1521 1311 1610 1353 supra
1628 1320 1660 1344 te
1683 1313 1714 1345 &
1732 1314 1861 1355 vulgum
1879 1323 1945 1345 eru-

1079 1354 1155 1386 diti:
1181 1362 1328 1395 provoco
1341 1361 1394 1393 te,
1419 1361 1455 1385 ut
1474 1353 1665 1396 cerebellum
1682 1361 1772 1386 tuum
1785 1355 1946 1396 excutias,

1080 1396 1111 1427 dt
1126 1404 1175 1426 me
1192 1395 1364 1427 convincas
1384 1395 1549 1427 mendacii.
1593 1394 1798 1436 Dispeream,
1822 1395 1843 1428 fi
1861 1395 1946 1437 quic-

1079 1446 1170 1478 quam
1192 1436 1246 1468 sim
1279 1434 1452 1477 scripturus
1487 1445 1622 1477 unquam
1642 1461 1651 1476 ,
1685 1436 1770 1478 quod
1796 1436 1946 1478 scripturn

1079 1477 1124 1509 eit
1139 1477 1244 1519 prius,
1263 1478 1373 1518 utique
1392 1477 1478 1519 quod
1495 1487 1554 1519 ego
1571 1477 1697 1519 adsequi
1714 1486 1838 1519 potero.
1862 1478 1947 1512 Idem

1079 1519 1101 1552 fi
1128 1518 1187 1550 tibi
1218 1517 1361 1558 sederet,
1384 1528 1447 1551 non
1470 1526 1523 1550 tua
1552 1519 1681 1560 Trifolz‘a
1696 1541 1708 1558 ,
1738 1520 1947 1560 Sicizimenra,

1080 1558 1261 1599 Benedifta,
1283 1559 1473 1602 Aphorismi,
1499 1561 1663 1600 Coitz‘ones,
1690 1561 1840 1603 19811511εεί
1860 1562 1892 1596 iu
1912 1564 1947 1597 ne

1079 1604 1215 1638 ἰῆεέῠττκ
1235 1603 1265 1634 &
1281 1601 1432 1643 quicquid
1448 1601 1636 1642 ineptiarum
1651 1601 1788 1636 effudisti
1798 1613 1946 1645 unquam,

1081 1653 1144 1677 tam
1175 1644 1244 1676 cito
1269 1643 1444 1675 volitarent
1471 1644 1589 1684 piperis
1617 1643 1780 1687 thurisque
1807 1645 1945 1678 cuculli:

1079 1686 1150 1719 haec
1174 1686 1260 1728 enim
1289 1694 1355 1717 non
1377 1685 1507 1727 legunt,
1531 1685 1588 1718 nisi
1610 1686 1664 1727 qui
1689 1693 1735 1718 te·
1750 1686 1947 1728 Praeceptone

1080 1727 1208 1771 discunt
1232 1726 1380 1767 desipere.
1424 1726 1457 1759 Si
1481 1735 1546 1759 non
1570 1733 1663 1768 potes
1687 1727 1800 1768 aliter,
1823 1735 1860 1760 ut
1881 1726 1948 1761 scio

1081 1778 1114 1802 te
1130 1778 1195 1801 non
1223 1767 1330 1810 poffe,
1353 1777 1448 1801 uerno
1468 1766 1532 1807 est,
1556 1769 1611 1810 qui
1633 1775 1666 1801 te
1687 1769 1776 1812 cogit
1799 1769 1945 1803 scribere.

1081 1811 1200 1844 Verum
1216 1810 1312 1842 redeo
1326 1810 1367 1850 ad
1378 1819 1433 1849 ea,
1448 1819 1518 1851 quae
1534 1810 1736 1851 nugivendust
1746 1819 1837 1844 notat
1852 1809 1944 1849 surri-

1079 1852 1180 1895 puiffe
1198 1861 1249 1883 me
1259 1852 1428 1884 Strauchio
1453 1853 1483 1884 ἃ
1507 1850 1563 1883 fibi
1588 1850 1608 1893 ζ
1614 1850 1670 1885 fibi
1689 1851 1863 1892 videlicet,
1884 1855 1946 1894 qu'a

1080 1893 1236 1927 Sti-auchii
1260 1891 1486 1934 descriptori.)
1528 1892 1611 1925 Haec
1645 1896 1751 1929 autem
1782 1891 1853 1928 sunt
1872 1892 1944 1926 loca
1974 1904 1979 1908 ·

1078 1936 1160 1977 apud
1185 1933 1385 1967 Odofredum
1410 1934 1440 1966 ὃς
1470 1933 1709 1975 Urspergensem
1733 1934 1888 1967 Abbatem
1905 1934 1945 1967 de

1078 1976 1210 2009 lrnerio.
1257 1976 1402 2017 Ineptum
1418 1975 1540 2016 Caput!
1565 1984 1697 2017 uterque
1712 1975 1804 2008 locus
1820 1985 1861 2009 an
1879 1983 1945 2008 non

1079 2019 1156 2051 mihi
1181 2016 1447 2059 repraesentandus
1461 2015 1526 2048 fuit
1544 2039 1555 2055 ,
1577 2026 1668 2058 quam
1695 2016 1880 2050 Strauchius
1909 2026 1945 2050 u-

1080 2067 1214 2101 troque,
1225 2058 1369 2100 quamvis
1384 2066 1564 2100 perperam,
1589 2065 1696 2089 utatur
1709 2058 1741 2090 in
1756 2067 1822 2090 rem
1841 2057 1947 2091 suam?

1079 2111 1117 2133 an
1140 2110 1204 2132 non
1231 2098 1296 2141 ipsa
1318 2099 1415 2130 verba
1438 2105 1527 2130 erant
1552 2098 1800 2140 repraesentanda
1815 2122 1827 2138 ,
1849 2108 1948 2142 quum

1079 2143 1172 2175 aliam
1192 2141 1251 2180 iis,
1270 2149 1361 2181 quam
1377 2149 1458 2179 VOS,
1476 2138 1662 2172 sententiam
1678 2140 1844 2173 dederim?
1866 2139 1946 2173 addo

1080 2184 1176 2216 etiam
1199 2206 1209 2222 ,
1241 2191 1337 2223 quum
1372 2180 1469 2212 verba
1496 2180 1653 2214 Odofredi
1681 2181 1804 2214 Critica
1829 2180 1947 2215 fuerim

1080 2223 1281 2257 medicatus?
1303 2233 1342 2255 an
1362 2231 1427 2254 non
1452 2222 1565 2254 eodem
1590 2223 1659 2264 Cap.
1690 2222 1755 2256 III.
1786 2232 1851 2265 quo
1876 2222 1946 2255 haec

1080 2276 1140 2308 ago
1151 2289 1161 2305 ,
1184 2273 1402 2298 commemoro
1422 2263 1622 2296 Strauchium
1639 2265 1669 2296 &
1683 2271 1731 2304 te,
1756 2273 1830 2296 cum
1845 2263 1947 2297 norni-

1081 2308 1180 2340 natim
1198 2330 1208 2346 ,
1242 2314 1309 2338 tum
1336 2306 1499 2343 ἅπροιώπως
1526 2304 1624 2346 (nam
1652 2306 1770 2338 totiens
1794 2304 1948 2338 nominari

1081 2359 1148 2381 non
1171 2357 1237 2379 eras
1259 2345 1398 2389 dignus)
1424 2346 1454 2378 δε
1480 2355 1591 2378 enarro
1617 2345 1731 2378 refello
1756 2355 1795 2378 ue
1814 2345 1948 2379 vessram

1084 2391 1122 2422 de
1138 2389 1326 2422 auftoritate
1349 2387 1504 2419 Odofredi
1527 2388 1560 2430 ὃς
1580 2387 1713 2420 Abbatis
1763 2386 1847 2429 rsper
1869 2386 1948 2420 enfis

1085 2430 1297 2463 sententium?
1319 2428 1394 2471 quid
1419 2429 1489 2460 lieic
1513 2427 1704 2469 suppressum
1726 2428 1791 2468 est,
1813 2426 1859 2460 ste
1874 2427 1948 2460 lio?

1086 2473 1139 2514 qui
1154 2472 1216 2511 ait,
1241 2481 1301 2503 vos
1318 2479 1477 2512 perperam
1494 2470 1670 2510 intelligere
1694 2469 1766 2501 loca
1804 2468 1944 2506 uaedam,

1085 2524 1124 2547 un
1142 2523 1207 2546 non
1223 2512 1249 2544 is
1275 2521 1314 2543 eo
1331 2512 1399 2554 ipso
1415 2511 1477 2550 ait,
1501 2510 1582 2552 apud
1604 2519 1661 2541 vos
1683 2509 1750 2541 haec
1771 2519 1787 2541 a
1809 2509 1947 2542 ducier?

1085 2565 1154 2597 quae
1171 2553 1265 2585 verba
1281 2554 1410 2585 volebas
1428 2561 1478 2583 ine
1493 2560 1588 2593 porro
1603 2550 1733 2590 perdere
1749 2551 1779 2583 δι
1796 2549 1949 2584 incassum

1086 2595 1227 2638 garrire?
1251 2593 1302 2628 De
1325 2593 1447 2626 Niellio
1474 2592 1552 2624 1111111
1575 2591 1663 2630 dixi,
1686 2601 1780 2633 quam
1804 2601 1855 2624 me
1881 2601 1946 2624 11011
1994 2592 1995 2597 ’

1085 2637 1218 2679 probare
1232 2637 1299 2676 ejus
1312 2634 1496 2668 sententiam
1510 2633 1548 2664 de
1563 2632 1636 2664 loco
1651 2631 1800 2674 Gregorii
1813 2633 1873 2666 Ma
1896 2633 1947 2673 ni,

1084 2688 1176 2719 quem
1197 2677 1326 2719 explico
1353 2677 1423 2716 Cap.
1449 2673 1505 2706 VI.
1526 2674 1556 2705 δε
1579 2673 1618 2704 dc
1637 2673 1764 2714 Pepone
1788 2683 1847 2706 una
1878 2681 1949 2706 orte

1084 2720 1166 2753 linea
1180 2719 1210 2750 id
1228 2719 1296 2758 aio,
1321 2717 1406 2758 quod
1419 2725 1469 2746 me
1482 2714 1598 2747 dudum
1616 2714 1728 2746 docuit
1746 2713 1855 2747 Guido
1871 2714 1946 2747 Pan-

1084 2760 1217 2792 cirollus
1231 2761 1264 2790 de
1284 2759 1363 2790 Clar.
1376 2757 1455 2799 Leg.
1473 2756 1630 2797 luteo-pret.
1655 2766 1679 2787 c.
1696 2765 1743 2798 13.
1788 2756 1820 2788 Si
1838 2764 1874 2789 tu
1891 2755 1949 2788 Pe-

1085 2811 1128 2844 po
1142 2802 1238 2833 etiam
1251 2807 1389 2841 pepones
1405 2797 1583 2839 quaefiveris
1593 2820 1604 2836 ,
1625 2796 1703 2829 este.

1128 2842 1225 2875 Nunc
1250 2841 1360 2882 accipe
1389 2838 1546 2880 specimen
1574 2838 1803 2880 impudentiae,
1824 2839 1947 2878 dicam,

1086 2894 1124 2916 an
1145 2881 1346 2924 negligentiae
1374 2880 1462 2912 tuae‘?
1484 2880 1563 2911 dicis
1588 2889 1638 2912 me
1661 2887 1746 2912 tuam
1773 2880 1812 2911 de
1827 2879 1948 2912 Irnerio

1086 2923 1272 2958 sententiam
1309 2922 1496 2964 plerumque
1530 2921 1685 2962 imputare
1718 2921 1886 2967 *Molinaeo
1905 2921 1950 2968 ,⁶⁵

1086 2964 1255 2999 Germanis
1273 2987 1283 3004 ,
1315 2972 1388 2995 cum
1415 2971 1518 2994 tamen
1542 2971 1691 3003 nequeam
1716 2971 1881 3003 ignorare,
1904 2969 1948 2994 ita

1085 3008 1181 3040 etiam
1196 3005 1311 3046 sentire
1329 3004 1470 3036 eruditos
1494 3004 1615 3050 Belgas,
1658 3002 1776 3036 Nonne
1799 3003 1830 3035 id
1847 3001 1946 3045 ipsum

1086 3047 1152 3087 est,
1175 3056 1212 3079 os
1226 3046 1406 3085 inficetum,
1431 3046 1516 3087 quod
1532 3046 1615 3077 dixit
1624 3043 1774 3076 Praefatio
1783 3042 1947 3076 Diatriboe?
1974 3050 1984 3077 ’.

1087 3088 1227 3130 nunquid
1252 3089 1295 3120 ibi
1315 3087 1435 3128 legisti,
1456 3089 1527 3128 quin
1555 3086 1593 3121 ὅ)
1607 3087 1651 3117 ita
1675 3086 1708 3116 in
1729 3085 1831 3127 Belgio
1848 3086 1946 3116 docere

1088 3129 1211 3173 Bezgae?
1233 3129 1321 3162 vides
1345 3129 1464 3170 igitur,
1488 3137 1538 3160 me
1561 3127 1593 3159 id
1614 3136 1676 3158 non
1695 3125 1864 3168 ignorasse,
1886 3133 1944 3157 nec

1086 3171 1207 3204 celaffe.
1251 3169 1460 3204 Memineram
1483 3169 1602 3211 probe,
1623 3167 1772 3205 eandem,
1795 3171 1885 3212 quarn
1910 3171 1942 3196 tu

1086 3212 1224 3256 sequeris
1238 3235 1249 3252 ,
1288 3211 1328 3245 de
1355 3210 1475 3245 Irnerio
1500 3208 1685 3243 sementiam
1716 3217 1767 3241 me
1787 3203 1944 3278 (10011111ἰῖ

1869 3255 1909 3278 cu
