2008 3436
239 103 679 146 OBSERVATIONUM
729 102 865 151 JURIS
916 79 1129 142 ROMANI
1179 106 1377 145 L13.V11.
1429 111 1468 147 C.
1494 113 1596 150 XVl.

48 188 225 222 inflexisset.
271 189 322 222 Sic
342 188 396 221 ille
421 187 452 219 in
475 184 604 234 E·’?P⁰fif·
630 185 658 217 d.
682 184 801 216 Novell.
828 183 853 215 Ι.
879 184 908 216 δε

52 232 176 270 (basuli.
202 231 288 263 LIX.
314 230 343 262 δε
359 231 440 262 inter
459 237 544 259 varia
562 227 794 259 hilibleiuatum
804 235 908 257 exem-

46 268 151 317 pla'ad
173 273 193 304 l.
219 282 243 304 1.
272 273 304 304 C.
326 274 358 303 de
382 271 536 313 Digni'tut.
559 270 588 300 δι
606 268 647 300 iic
665 268 782 298 docent
800 289 811 305 ,
840 277 874 297 ut
891 277 908 298 a

46 314 247 355 Praeceptore
266 313 320 345 suo
337 313 529 349 didicerant,
553 308 727 350 Giphanius
747 310 776 340 ὁὶ
794 308 907 354 Μενη-

47 357 127 393 lius,
150 357 201 388 liic
222 355 261 386 L.
283 354 319 386 ΙΙ.
345 354 487 385 Variam.
509 361 546 382 ex
565 350 682 393 anucc'o
700 350 736 394 ·C.
758 360 786 387 9.
798 350 854 381 ille
871 349 907 381 ad

47 400 67 430 l.
90 409 117 431 Τ.
147 399 177 429 C.
200 398 237 428 acl
260 396 297 427 L.
322 395 434 427 Fizlcid.
779 433 784 438 1

89 432 262 471 Marcellus
282 437 310 468 in
331 443 378 477 pr.
403 437 430 467 1,).
454 436 474 466 l.
493 444 542 465 20.
567 433 631 474 agit
649 433 687 479 de
704 432 825 474 specie,
847 442 908 474 qua

44 489 194 523 patronus
212 503 221 518 ,
256 487 296 509 ex
313 478 418 508 debita
436 484 523 516 parte
546 474 633 506 lieres
652 474 833 512 institutus,
856 484 906 506 ne-

44 531 105 564 que
118 522 216 559 ultra,
235 519 391 560 stipulanti
411 525 512 549 tamen
532 516 822 561 fideicuiniiiiliiii-iq
835 525 905 562 pro-

43 562 143 600 misit,
168 560 198 592 se
218 561 287 601 plus
304 559 365 591 eise
378 559 522 590 daturum
540 581 549 596 ,
579 560 609 589 et
627 565 670 588 ait
695 559 724 589 in
749 568 784 588 ea
806 560 907 598 speeie

38 600 208 646 patronum
235 611 298 633 non
323 600 384 632 elle
403 600 579 642 cogendum
600 598 721 630 solvere
739 620 749 636 ,
782 609 817 629 ize
837 606 907 639 pars

41 655 79 678 ex
105 644 212 685 legabis
234 644 414 674 verecumii'ae
440 641 594 682 patrm-mli
624 642 721 672 debita
745 646 903 685 tunicati-tir.

43 687 125 719 Mox
150 683 254 716 transit
280 684 318 715 ad
342 684 433 716 aliam
460 682 615 724 l‘pecicin,
641 683 679 713 de
703 691 817 728 quovis
840 682 904 728 alio

42 736 152 768 nempe
169 725 280 757 herede
293 724 457 762 instituto,
481 725 514 755 cle
531 724 601 761 ilio,
626 724 729 764 inquit
751 726 778 764 ς.
803 732 827 754 1.
853 729 903 754 ακ-

39 770 130 800 bimrz'
156 766 248 808 potest}
264 789 274 805 ‚
312 769 361 808 qui
378 791 387 806 ,
425 767 497 807 qumi
517 773 569 805 per
597 764 757 796 Ιῆιίσιιίίιιῑῑι
777 766 902 796 retinere

36 816 172 852 poterat,
194 803 375 840 voluntatem
392 808 536 850 testatoris
548 806 853 851 securus,spopondit
866 807 901 846 je

39 853 184 883 daturum.
232 851 288 881 Serl
312 852 406 891 magii*
427 848 468 891 est
485 871 496 886 ,
522 855 554 878 -ιιῑ
576 857 633 877 nou
652 848 733 893 soffia·
752 856 901 893 sttaessw-

33 893 151 934 fcffioni
172 893 308 923 elwini-e.-
330 891 561 932 qnenimiiiwcizim
585 890 661 919 enlm
677 911 688 926 ,
705 897 732 926 fl
751 887 901 932 Jqlviffec,

34 930 124 975 Ji'i'iem
145 931 274 974 nstrum-i?
295 931 350 973 sliu
373 930 533 972 adim-[leffe
557 931 713 960 videbatui·
730 951 740 967 ,
765 930 800 963 δ’)
816 929 900 959 milla

40 978 65 1006 ei
85 977 217 1016 repetitio
239 973 363 1013 ινηαζθζι
376 974 502 1012 ,ἵκῃ-ιιι,
526 973 569 1001 ita
588 970 624 1004 δ”
633 970 823 1016 stipulatione
834 976 900 1010 pro-

38 1018 173 1054 cede-nte,
191 1022 289 1046 contra
304 1016 393 1054 sidem
413 1012 576 1056 testatoris,
597 1021 681 1052 quam
698 1017 900 1057 ag7zovtt,ve-

37 1059 133 1090 menti
154 1060 179 1088 ei
202 1057 301 1087 merito
321 1062 494 1086 occari-etur.
533 1052 757 1098 &Marcellus
777 1053 828 1098 hic
847 1061 898 1098 pa-

37 1101 98 1132 lam
123 1098 241 1129 diceret
257 1120 266 1135 ‚
305 1096 388 1137 quod
407 1104 478 1127 euni
505 1095 635 1135 furseum
658 1092 768 1124 dixisse
791 1100 899 1139 ,innuit

36 1140 204 1180 Cujacius,
234 1138 348 1170 frustra
363 1138 401 1168 de
416 1137 604 1168 emblemate
628 1135 758 1180 ellemus
782 1135 898 1181 sollici-

35 1183 58 1214 ti
75 1205 84 1219 ‚
124 1189 193 1212 nani
216 1179 256 1211 iic
268 1203 278 1218 ,
312 1179 380 1210 aliis
398 1178 552 1218 ajcntibus
568 1199 579 1214 ,
606 1177 675 1208 aliis
690 1177 874 1223 negantibus
886 1199 896 1215 ,

33 1221 222 1256 Ixflarccuuin
242 1229 473 1253 numeraremus
495 1220 574 1251 inter
588 1228 642 1249 eos
659 1240 670 1256 ,
700 1228 752 1258 qui
773 1219 897 1263 ajebant

12 1275 15 1278 ⁴
34 1263 204 1296 Falcidiam
223 1262 339 1293 remitti
359 1261 465 1302 polle,
489 1260 509 1292 ii
530 1269 660 1292 mortuo
684 1257 831 1290 testatore
854 1266 899 1290 ita

34 1303 229 1337 convenerit.
273 1303 304 1336 Si
331 1312 441 1334 omnes
464 1302 546 1342 Juris
574 1301 727 1333 Auctores
755 1310 817 1346 uno
843 1310 898 1331 ore

33 1345 211 1387 negassent,
232 1345 283 1377 vel
297 1344 335 1376 de
352 1344 532 1382 Marcello,
552 1352 592 1374 ex
611 1343 680 1374 aliis
699 1343 797 1388 locis,
821 1351 896 1373 con-

35 1380 144 1427 staret,
166 1396 237 1418 eum
253 1385 372 1428 negass'e
383 1409 392 1424 ,
409 1387 589 1424 aurii-maiis,
612 1394 681 1426 quae
697 1384 748 1414 hic
761 1383 892 1425 legitur,

34 1428 185 1462 sententia
209 1429 338 1460 omnino
358 1427 435 1459 ess'et
454 1425 590 1468 suspecta
606 1450 616 1465 ,
643 1427 672 1457 ὁὶ
687 1426 743 1456 vix
761 1427 894 1471 interce-

33 1471 136 1502 derem
150 1493 160 1509 ,
187 1470 353 1512 quominus
371 1469 566 1500 crederemus
589 1467 650 1498 esse
672 1465 895 1513 transcriptum

33 1515 72 1544 ex
89 1512 117 1543 d.
138 1511 158 1542 l.
183 1511 236 1543 ult.
262 1511 292 1542 C.
313 1512 351 1542 ad
372 1510 411 1542 L.
435 1510 546 1541 Rzlcicl.
580 1509 640 1541 Sed
655 1517 727 1553 cum
746 1509 825 1539 olim
845 1510 894 1554 iu-

32 1552 112 1587 e'rint
129 1551 200 1593 JCti
214 1553 330 1593 ajentes
348 1552 377 1584 &
391 1559 540 1592 negantes
560 1573 571 1589 ,
599 1550 707 1596 quidni
724 1559 815 1591 aequo
832 1559 895 1595 ani-

30 1603 84 1628 rno
106 1592 241 1626 feramus
261 1594 412 1634 aientium
439 1592 647 1630 sententiam,
674 1601 704 1622 in
729 1591 895 1636 l'andettas

40 1635 49 1640 “
73 1644 154 1677 oque
179 1635 308 1667 relatam
321 1635 337 1667 ἱ)
362 1636 392 1667 <St
408 1644 464 1666 cur
479 1643 547 1665 earn
571 1644 588 1665 a
607 1633 808 1665 Triboniano
829 1642 894 1665 mu-

64 1685 126 1709 tam
140 1677 299 1709 credamus
312 1686 352 1708 eo
369 1675 439 1708 solo
456 1683 642 1717 argumento
652 1699 662 1715 ‚
686 1675 772 1715 quod
787 1673 894 1716 postea

29 1717 176 1760 Princeps
193 1719 343 1759 aientium
360 1716 546 1750 sententiam
560 1718 747 1748 auctoritate
758 1715 808 1747 sua
817 1725 892 1749 con-

29 1758 230 1799 firmaverit?
261 1760 334 1792 huic
356 1758 508 1801 prurigini
530 1758 592 1798 J'am
616 1756 705 1799 supra
728 1756 893 1803 occursum

32 1799 76 1840 est
95 1801 128 1834 C.
145 1801 221 1835 XII.
245 1803 277 1833 in
294 1801 350 1842 fin.
378 1802 408 1833 <St
427 1800 468 1834 fic
490 1799 586 1832 etiam
605 1799 657 1831 hic
678 1807 820 1831 occurrit
837 1799 892 1831 do-

62 1842 72 1883 ',
106 1852 174 1876 mus
190 1843 314 1887 WybO.

43 1880 51 1888 ”
145 1884 244 1917 nolim
255 1909 265 1926 ,
287 1885 372 1927 quod
388 1886 425 1918 ad
442 1885 526 1917 hunc
540 1884 665 1923 locum,
688 1883 739 1930 hic
757 1882 891 1930 sub—liste-

34 1933 88 1966 re,
109 1935 214 1968 quaero
231 1928 360 1968 potius,
387 1928 468 1960 unde
488 1925 755 1966 sciantCujacius,
774 1924 891 1967 Gipha-

34 1965 119 2008 fiius,
140 1967 315 2008 Mei-illius,
337 1969 526 2001 Marcellum
548 1967 636 1999 forte
654 1967 775 2008 negass'e
791 1990 803 2014 ,
821 1967 845 1999 F
848 1967 890 1998 al-

36 2000 144 2046 &di'am
164 2009 254 2051 paeto
274 2010 394 2042 remitti
419 2009 505 2051 poffe
523 2010 539 2041 ἱ)
562 2018 632 2040 nam
654 2012 755 2050 palam
774 2008 825 2055 hic
841 2008 890 2040 ad-

34 2047 134 2082 firmat
151 2073 161 2089 ,
190 2051 220 2083 &
236 2051 266 2083 in
283 2053 471 2083 contrariam
491 2050 676 2082 sententiam
700 2051 816 2082 nullibi
838 2060 890 2081 ex-

34 2090 93 2122 stat
110 2090 187 2123 alius
208 2091 352 2125 Marcelli
379 2093 484 2125 loeus:
521 2093 609 2132 Saepe
637 2090 724 2122 soleo
747 2092 891 2137 damnare

33 2131 181 2163 Virorum
201 2133 324 2171 „etiam
376 2134 496 2166 ravium
508 2158 518 2174 ,
553 2132 730 2173 Φανπίσματα,
747 2157 756 2169 ,
779 2142 832 2174 qul
851 2133 891 2164 de

31 2172 124 2206 rebus
141 2172 229 2213 piane
245 2174 367 2207 incertii
380 2176 468 2214 iniis,
492 2175 574 2217 quafi
592 2184 632 2206 ex
652 2175 775 2216 tripode
793 2174 895 2216 Apol-'

31 2214 123 2252 linis,
143 2216 358 2253 pronunciant.
402 2216 547 2256 Dixeris,
571 2217 832 2258 quemadmodum
849 2216 890 2248 A-

29 2255 106 2297 pion
123 2254 352 2289 Grammaticus
367 2256 521 2297 Homeri,
543 2257 584 2290 fic
602 2257 820 2298 eosJCtomm
837 2267 889 2288 ve-

30 2304 131 2328 terum
156 2307 260 2329 manes
272 2298 432 2337 evocasse,
458 2299 487 2331 &
505 2299 578 2340 quid
595 2300 657 2331 illis
674 2298 785 2331 sederit
800 2323 810 2338 ,
834 2308 888 2331 ex-

27 2336 170 2382 plorasse.
215 2339 270 2371 Ait
287 2338 464 2371 Marcellus
478 2341 509 2372 in
527 2347 575 2381 pr.
601 2341 628 2372 h.
654 2340 675 2371 l.
697 2348 888 2382 patronum,

27 2387 68 2410 ex
86 2378 150 2412 sola
168 2380 308 2421 legitima
325 2379 520 2420 institutum,
546 2382 575 2414 ὃς
595 2389 697 2413 tamen
715 2384 796 2414 ultra
813 2392 830 2413 a
853 2382 888 2414 li-

27 2420 118 2452 bei-to
132 2429 313 2463 gravatum,
335 2431 399 2454 non
415 2423 514 2454 teneri
529 2424 612 2455 ultra
625 2422 765 2463 solvere,
782 2433 888 2465 quam-

26 2461 76 2495 vis
91 2461 286 2504 promiserit,
308 2473 348 2496 ne
369 2464 527 2496 minuatur
546 2465 704 2506 legitima,
727 2475 819 2506 quam
836 2465 887 2496 de-

26 2502 81 2534 bet
99 2504 284 2536 reverentiae
300 2505 463 2546 patronali.
507 2505 561 2538 Sic
578 2505 622 2537 est
640 2515 679 2537 ex
700 2507 769 2547 lege
784 2506 885 2547 Papia.

26 2541 112 2576 Hinc
127 2544 286 2586 quaesitum
306 2548 370 2585 est,
390 2555 427 2577 an
444 2546 516 2585 illi,
537 2547 590 2589 qui
609 2555 762 2579 caverunt
785 2547 816 2578 se
838 2548 888 2579 da-

27 2591 132 2627 turos,
156 2586 238 2627 quod
276 2596 309 2620 er
329 2587 367 2620 L.
383 2587 552 2620 Falcidiam
570 2590 705 2620 retinere
720 2597 885 2630 poterant,

25 2625 126 2658 adhuc
141 2627 187 2658 uti
209 2630 261 2668 poi
275 2637 322 2660 int
339 2628 493 2660 beneficio
516 2631 603 2662 illius
621 2629 716 2671 Legis
727 2630 744 2661 ¹?
765 2631 798 2661 id
821 2630 884 2669 est,

24 2677 63 2699 an
81 2667 113 2700 in
130 2667 282 2708 Falcidia,
304 2670 388 2711 quod
402 2669 440 2701 ad
465 2670 609 2702 heredem
628 2679 812 2702 extraneum
827 2694 838 2709 ,
861 2672 885 2703 i-

23 2707 94 2740 dem
110 2709 186 2750 juris
204 2709 260 2748 fit,
280 2712 366 2751 quod
379 2711 412 2743 in
428 2710 539 2752 Papia,
549 2711 635 2753 quod
646 2712 683 2742 ad
697 2714 884 2752 patronum?

25 2749 57 2781 &
78 2749 180 2791 inquit
200 2750 373 2784 Marcellus
389 2751 421 2783 in
443 2751 470 2794 §.
499 2762 524 2784 1.
548 2755 582 2784 de
603 2753 654 2783 illo
675 2754 805 2795 dubitari
821 2759 886 2794 pos-

13 2789 49 2831 fi·
59 2811 73 2828 ,
91 2791 176 2831 quod
191 2791 293 2832 ipsum
308 2792 352 2824 est
363 2817 373 2832 ,
394 2793 478 2834 quod
492 2802 596 2826 narrat
610 2793 784 2835 Imperator
803 2795 835 2827 in
855 2797 884 2827 d.

24 2831 44 2862 l.
69 2831 123 2862 ult.
150 2832 182 2863 C.
205 2833 244 2862 ad
267 2833 306 2864 L.
329 2833 442 2865 Falcid.
470 2836 617 2866 veteribus
639 2835 751 2877 legibus
771 2837 804 2867 in
824 2846 885 2868 am-

23 2871 198 2914 biguitatem
226 2873 374 2905 daducium
392 2874 442 2914 effi
457 2897 469 2914 ,
501 2876 531 2906 ἃ
551 2875 662 2908 definit
679 2877 737 2909 ,hic
745 2877 883 2909 Marcel-

23 2913 91 2951 lus,
112 2913 208 2954 magis
227 2913 278 2954 effe
290 2935 302 2952 ,
329 2921 363 2946 ut
382 2915 469 2947 heres
491 2927 547 2947 non
563 2916 646 2958 poffir
659 2919 722 2958 Jitae
740 2918 884 2960 confeffio-

22 2954 56 2984 ni
68 2954 195 2984 obviare.
239 2954 390 2987 Rationes
408 2956 650 2990 dubitandinon
668 2960 881 3000 exquirimus,

22 3002 124 3035 neque
140 2993 236 3025 etiam
249 2994 433 3034 decidendi,
453 3006 526 3028 cum
542 2998 581 3029 de
596 2998 751 3032 Eunomia
768 3000 882 3032 Roma-

23 3034 63 3066 na
80 3044 144 3066 non
160 3044 294 3076 agamus.
315 3035 437 3068 Sufficit
449 3058 460 3074 ‚
481 3037 529 3076 ius
545 3047 581 3070 ea
597 3039 636 3070 de
651 3049 685 3071 re
699 3040 793 3073 fuisse
807 3052 882 3074 con-

22 3073 219 3115 troversum,
244 3076 274 3116 <Sc
289 3076 480 3110 Marcellum
493 3078 525 3110 in
546 3088 582 3110 ea
601 3079 694 3112 fuiffe
710 3080 882 3123 sententia,

22 3116 55 3148 in
74 3125 135 3157 qua
150 3116 303 3157 Ulpianus
317 3116 382 3149 fuit
398 3118 431 3149 in
449 3119 476 3149 d.
499 3118 519 3150 l.
543 3123 596 3160 46.
621 3123 651 3153 ὅῑ
675 3121 788 3155 Paulus
805 3133 883 3164 quo-

23 3157 131 3197 quein
151 3157 232 3198 l.71.
247 3157 288 3199 ff.
305 3160 344 3190 ad
365 3158 404 3189 L.
417 3158 530 3190 Falcid.
554 3162 700 3202 &,quod
715 3164 753 3194 ad
763 3164 885 3196 SCtum

21 3197 238 3274 Pesffriflanpm,
253 3199 440 3235 'Maecianus
463 3200 496 3234 in
515 3201 539 3234 l.
558 3205 609 3236 62.
635 3202 676 3245 ff.
697 3204 732 3241 de
753 3205 882 3239 Condift.

91 3249 145 3272 om.
187 3264 195 3273 .

1753 125 1823 164 233

950 185 1045 217 iudei).
1093 184 1190 231 Quod
1205 195 1278 218 cum
1294 196 1400 229 aperte
1416 189 1467 222 hic
1485 193 1671 232 profitentur
1685 193 1823 227 Mai-cel-

950 227 1015 266 lus,
1039 226 1166 265 iiescio,
1187 238 1282 269 quare
1300 230 1364 261 hoe
1384 232 1526 263 videatur
1548 237 1731 275 negandum.
1778 236 1822 268 U-

950 268 1036 309 tique
1051 269 1075 299 A
1083 278 1204 300 utiores
1223 278 1345 301 veteres
1364 272 1529 305 duit-misse
1550 284 1672 308 certum
1695 277 1741 308 est
1757 301 1767 316 ,
1792 279 1823 310 ὃς

950 319 1037 350 aeque
1051 318 1194 350 certum,
1219 310 1319 351 ipsum
1339 312 1503 353 Cujaci'um
1530 319 1558 345 ut
1579 315 1761 357 Glpllginiw'
1791 321 1821 351 [l.

950 351 969 382 i.
995 355 1045 392 46.
1072 352 1236 393 ipsumque
1251 353 1434 387 Merilli'uin'
1453 355 1614 388 adduxill‘e
1636 362 1663 389 il.
1689 360 1707 390 i.
1727 370 1776 401 71-
1791 361 1823 391 ἃ

949 394 977 423 ci.
1003 394 1023 424 i.
1047 397 1097 424 62.
1124 403 1188 434 quo
1210 393 1405 434 probarent,
1431 396 1462 427 id
1487 397 1556 429 aliis
1584 408 1709 440 quoque
1733 401 1823 440 ,Cris

950 434 1098 475 placuiil'e
1109 457 1120 473 ,
1143 434 1228 475 quod
1241 435 1292 467 hic
1303 436 1341 467 de
1350 438 1510 470 Marcello
1519 439 1650 471 relat-tim
1662 442 1714 472 eit.
1730 442 1819 488 Quin

949 476 1044 507 facilc
1063 475 1219 508 adientior
1236 477 1399 518 Merillio,
1424 479 1615 512 existimanti
1633 506 1642 521 ‚
1667 492 1733 514 eam
1760 493 1822 514 ιεηη

951 518 1080 549 tentiam
1098 518 1194 559 magis
1210 517 1303 550 fuisse
1319 528 1475 561 receptam
1487 543 1498 559 ,
1514 522 1608 553 etiam
1630 523 1718 562 idco,
1737 524 1823 565 quud

950 559 980 590 in
1000 558 1161 590 l’andettis
1177 560 1300 591 nullum
1319 563 1488 602 repererim
1505 562 1620 604 JCtulii
1634 589 1643 604 ‚
1670 575 1724 606 qui
1743 576 1821 597 ciiii-

950 600 1042 631 ti·aria
1068 598 1221 632 sententia
1246 600 1345 633 fuerit
1370 602 1439 635 usus
1456 626 1467 642 ,
1491 614 1561 636 nam
1579 605 1617 636 de
1636 608 1823 647 Marcelli),

949 649 983 677 ut
997 641 1082 680 dixi,
1108 641 1138 672 id
1152 641 1293 674 divinare
1311 653 1375 676 non
1392 644 1476 677 licet.
1502 647 1620 678 Suaves
1636 646 1706 679 sane
1728 648 1820 688 sunt,

947 683 998 723 qui
1014 692 1054 713 ex
1071 692 1130 721 co,
1157 685 1242 728 quod
1258 685 1297 716 de
1313 693 1516 726 patronorum
1538 688 1680 730 legitima
1695 691 1821 722 dixerat

946 723 1140 762 Marcellus,
1165 725 1275 765 illum,
1295 735 1358 759 non
1378 729 1821 770 interpolatum,idemdixis-

946 764 976 796 se
992 765 1043 797 iiui
1063 765 1238 809 linguntde
1257 769 1372 808 quovis
1393 769 1522 802 herede:
1537 771 1618 812 quafi
1631 782 1708 804 vero
1724 774 1755 806 in
1765 783 1818 815 pa-

946 814 1039 837 trono
1056 815 1119 837 non
1137 815 1292 839 rationem
1307 809 1438 842 dediilet
1464 811 1644 853 nngalai-eni
1663 838 1672 854 ,
1697 816 1734 847 ab
1751 816 1819 856 ejus

942 847 1119 879 reverentia
1141 849 1297 893 petitam,
1322 860 1390 891 quae
1418 852 1449 884 in
1473 853 1585 885 herede
1604 856 1695 896 plane
1713 865 1817 889 extra-

942 897 1002 920 neo
1019 897 1083 920 non
1101 888 1234 921 obtinet.
1267 892 1297 923 Si
1314 893 1396 924 idem
1412 894 1461 933 jus
1478 895 1508 926 in
1525 905 1611 927 ouini
1631 897 1742 929 herede
1762 898 1818 930 ob-

943 930 1042 975 tinere
1053 929 1235 974 Mai-celius
1252 931 1333 964 bona
1350 933 1412 965 fide
1426 937 1562 976 putasset
1577 961 1588 976 ,
1615 938 1724 981 utique
1739 939 1815 972 fuis-

944 972 988 1002 iet
1004 974 1115 1008 latius,
1139 972 1224 1012 quod
1244 974 1280 1004 ad
1294 983 1462 1015 patronum
1476 1000 1485 1015 ,
1499 979 1650 1011 omittere
1660 981 1818 1014 rationem

942 1012 1029 1043 illam
1047 1011 1248 1056 singularem,
1271 1016 1498 1056 &generaliter
1517 1027 1579 1050 tam
1596 1021 1817 1064 l’apiae‚quam

943 1053 1091 1098 Falcidiae
1111 1052 1251 1099 respeftu
1267 1063 1442 1096 praetexere
1459 1065 1511 1098 jus
1530 1062 1691 1101 publicum
1703 1087 1712 1102 ,
1732 1065 1818 1105 quod

940 1101 1140 1135 privatorum
1155 1098 1252 1135 pactis
1273 1097 1386 1129 mutari
1407 1108 1472 1131 non
1489 1103 1611 1141 poil‘et,
1637 1113 1707 1135 nain
1725 1105 1793 1137 haec
1805 1130 1817 1145 ,

940 1144 1005 1166 non
1033 1135 1092 1178 alia
1121 1136 1201 1166 ratio
1225 1137 1366 1170 redditur
1389 1138 1553 1174 sententiae
1573 1144 1753 1184 Marcello,
1779 1155 1816 1178 ut

940 1186 1024 1220 nunc
1041 1180 1104 1216 eit,
1129 1176 1275 1210 adversae.
1321 1179 1392 1211 Una
1411 1188 1487 1213 tunc
1503 1192 1534 1216 in
1556 1192 1689 1227 utraque
1714 1187 1817 1228 specie

941 1217 1109 1249 sufieciss‘et
1126 1219 1229 1259 ratio,
1255 1220 1309 1252 nisi
1333 1230 1419 1261 eam,
1446 1233 1537 1264 quam
1557 1226 1595 1257 de
1614 1230 1741 1268 patroni
1765 1240 1813 1261 re-

940 1260 1083 1304 verentia
1100 1260 1232 1306 legimus
1252 1263 1282 1306 in
1295 1267 1343 1302 pr.
1362 1273 1379 1294 a
1394 1263 1671 1307 Compositori'uus
1696 1270 1812 1303 Pande-

939 1302 1057 1332 &aru-ii
1070 1310 1114 1332 101
1125 1311 1250 1343 quoque
1266 1303 1411 1337 insertam
1428 1316 1590 1348 nugemur.
1618 1313 1723 1352 Atque
1740 1312 1810 1344 haee

940 1352 975 1373 ut
1001 1345 1195 1383 probemus,
1224 1345 1417 1379 Marcellum
1440 1350 1537 1382 videri
1561 1351 1736 1384 distinxiss'e
1752 1354 1811 1386 Le-

939 1393 1010 1426 gem
1034 1384 1160 1426 Papiam
1179 1394 1197 1416 a
1215 1386 1353 1419 Falcidia
1368 1412 1377 1427 ‚
1404 1390 1434 1421 ot
1450 1391 1534 1431 quod
1548 1393 1587 1424 de
1603 1393 1741 1426 Falcidia
1764 1396 1810 1427 di-

940 1426 1010 1465 xit,
1022 1425 1133 1474 dixill'e
1154 1425 1323 1460 secundum
1339 1432 1437 1472 inagis
1452 1436 1613 1475 vulgarem
1630 1434 1743 1468 seQam
1763 1436 1812 1470 sui

941 1476 1102 1509 temporis.

982 1509 1010 1542 N
1018 1520 1077 1542 unc
1106 1511 1266 1545 videamus
1281 1537 1292 1553 ,
1315 1524 1353 1547 an
1375 1515 1523 1551 Marcelli
1549 1519 1698 1561 loquendi
1723 1521 1808 1553 ratio

936 1558 1062 1597 praeuet
1072 1574 1082 1590 ,
1095 1554 1180 1594 quod
1191 1555 1439 1599 Jurisprudentia
1454 1561 1600 1601 praestare
1616 1571 1679 1594 non
1689 1564 1813 1604 potuit.

937 1593 981 1625 Et
995 1595 1120 1639 quidem
1131 1595 1311 1628 Merilliuiii
1330 1599 1409 1631 nihil
1424 1601 1591 1643 quicquam
1611 1602 1745 1635 ostendit
1757 1603 1811 1636 sti-

938 1635 1004 1674 lus,
1029 1644 1141 1680 utique
1161 1639 1200 1682 de
1217 1647 1256 1669 eo
1270 1640 1349 1671 nihil
1372 1640 1437 1682 ipse
1451 1651 1561 1684 notat,
1575 1644 1740 1685 CuJ'acium
1753 1655 1808 1678 ve-

938 1686 975 1708 ro
1000 1677 1030 1708 &
1054 1675 1250 1718 Giphanluin
1275 1689 1384 1713 movet
1409 1681 1596 1717 Graeeissans
1619 1686 1742 1718 scilicet
1761 1687 1809 1719 lo-

938 1726 1052 1759 quutio
1063 1741 1075 1757 ,
1098 1728 1158 1769 qua
1177 1723 1272 1752 cautio
1289 1721 1420 1756 effertur
1439 1727 1599 1759 vocabulo
1617 1728 1812 1770 confeffionis,

937 1759 999 1791 hoc
1015 1758 1077 1800 est,
1103 1762 1291 1795 (Jraecorum
1315 1768 1455 1799 mouri-ea
1469 1790 1480 1804 ,
1503 1773 1764 1809 quemadmodum
1775 1771 1810 1804 in

937 1801 957 1833 l.
980 1810 1029 1842 25.
1056 1802 1151 1842 §.ult
1169 1803 1209 1850 ff.
1234 1806 1268 1836 a'e
1280 1805 1450 1840 Probatz'on.
1477 1818 1570 1850 quam
1592 1811 1746 1853 integram
1765 1813 1810 1844 le-

936 1852 1006 1888 gem
1024 1867 1034 1889 ,
1066 1853 1210 1885 quamws
1233 1848 1323 1879 nullo
1347 1849 1439 1888 jure,
1463 1850 1664 1884 'li-iboniano
1681 1863 1809 1895 quoque

936 1885 1126 1916 adieribunt.
1165 1885 1279 1920 Nolim
1300 1889 1351 1920 hic
1367 1900 1533 1923 excurrere
1552 1893 1583 1924 in
1603 1903 1808 1928 communem

935 1926 1044 1958 locum
1059 1949 1069 1966 ,
1098 1927 1191 1959 multa
1215 1930 1247 1959 in
1274 1929 1409 1973 Digestis
1435 1933 1533 1965 Groeco
1557 1935 1673 1966 dicendi
1699 1946 1807 1979 genere

926 1969 1043 2009 Jcripta
1057 1971 1179 2009 reperim
1190 1992 1202 2008 ,
1217 1971 1303 2011 quod
1316 1982 1536 2013 argumentum
1554 1975 1745 2018 Augustinus
1762 1978 1805 2010 L.

934 2009 973 2041 H.
1001 2009 1157 2041 Emendat.
1183 2012 1215 2043 C.
1229 2021 1256 2043 1.
1282 2013 1312 2045 &
1331 2014 1383 2045 aiii
1397 2016 1524 2056 prolixe
1537 2016 1704 2059 exiequuti
1721 2018 1805 2059 sunt,

933 2051 1034 2082 dicam
1055 2051 1182 2097 potius,
1203 2052 1400 2095 confeffionem
1421 2056 1451 2088 <Sc
1473 2058 1540 2097 hic,
1567 2060 1596 2090 <St
1614 2060 1645 2090 in
1669 2061 1695 2090 d.
1720 2061 1805 2101 l.25.

934 2091 962 2134 §.
983 2092 1039 2124 ult.
1064 2093 1184 2134 vulgari
1212 2095 1441 2136 fignificatione
1459 2100 1562 2141 accipi
1588 2110 1647 2142 pro
1673 2102 1805 2134 declara-

934 2133 1067 2175 tionefici
1077 2156 1088 2172 ,
1105 2144 1296 2180 quocunque
1314 2137 1440 2170 demum
1457 2142 1554 2172 modo
1571 2142 1642 2183 quis
1658 2144 1806 2175 volunta-

935 2184 999 2207 tem
1016 2177 1046 2207 ἁ
1062 2176 1157 2207 animi
1177 2176 1296 2210 sensum
1312 2180 1572 2220 expi·ess'ei·it.si'n
1586 2192 1691 2215 autem
1701 2185 1803 2216 omni-

933 2227 976 2248 no
995 2217 1166 2249 contendas
1180 2242 1191 2258 ,
1215 2219 1414 2261 confeffioiiem
1432 2222 1484 2254 hic
1499 2224 1561 2255 dici
1577 2234 1636 2266 pro
1652 2225 1715 2266 ipsa
1732 2236 1805 2257 cau-

935 2259 1022 2290 tione
1032 2280 1043 2296 ,
1057 2259 1253 2301 memineris,
1266 2263 1319 2294 vel
1339 2271 1436 2294 unum
1451 2264 1640 2298 Ciceronem
1651 2290 1659 2305 ,
1672 2275 1706 2298 ut
1723 2268 1806 2299 alios

932 2298 1054 2345 Latinae
1069 2300 1203 2341 Linguae
1216 2302 1370 2335 Aiitrores
1381 2305 1549 2346 transeam,
1562 2308 1631 2348 plus
1647 2308 1730 2350 saepe
1737 2319 1804 2339 con—

924 2341 1188 2387 feſjwizerdixisse
1208 2353 1266 2385 pro
1288 2344 1501 2379 instrumentis
1518 2348 1546 2379 ὅ(
1565 2349 1803 2392 chirographis,

932 2383 1046 2424 quibus
1056 2382 1120 2414 111ae
1138 2386 1352 2418 continentur.
1398 2386 1520 2420 Adfero
1542 2399 1638 2421 unum
1650 2393 1807 2424 duntaxat

932 2425 1039 2455 locum
1055 2433 1095 2455 ex
1123 2426 1210 2458 Orat.
1227 2433 1281 2467 pro
1305 2428 1403 2459 Sextio
1419 2436 1505 2470 prope
1522 2430 1580 2471 fin.
1627 2431 1733 2480 Quod,
1757 2433 1804 2466 in-

932 2465 1018 2506 quit,
1044 2471 1158 2497 tamum
1181 2467 1221 2508 est
1243 2471 1275 2500 in
1299 2479 1342 2500 me
1354 2469 1480 2510 scelus?
1502 2474 1570 2513 quid
1590 2476 1804 2515 trinioperede«

931 2507 1004 2548 liqui
1028 2507 1100 2545 illo,
1125 2508 1175 2539 illo
1197 2511 1264 2548 die,
1286 2520 1350 2541 cum
1370 2513 1408 2542 acl
1431 2522 1481 2543 vos
1501 2515 1636 2553 indicia,
1663 2516 1801 2556 litteras,

931 2551 1181 2581 CONFESSIONES
1212 2554 1369 2583 communis
1395 2555 1482 2585 exitii
1509 2556 1632 2587 detuli?
1655 2557 1747 2598 plane
1766 2564 1804 2587 ut

925 2589 1016 2629 patiti
1031 2590 1165 2622 dicimus
1180 2602 1239 2634 pro
1255 2591 1435 2635 scripturis,
1460 2596 1572 2636 quibus
1589 2597 1642 2629 illa
1660 2607 1803 2638 compre-

929 2630 1126 2671 henduntur,
1152 2642 1188 2664 ut
1204 2633 1369 2666 observavi
1395 2636 1487 2668 Libro
1511 2638 1598 2680 Sing.
1621 2640 1659 2670 ad
1676 2639 1716 2670 L.
1742 2639 1804 2669 Le„

928 2670 975 2703 ἃα
1001 2673 1043 2703 C„
1059 2672 1101 2704 V.
1147 2675 1314 2707 Summoto
1343 2677 1439 2718 igitur
1465 2678 1664 2710 Triboniano
1691 2680 1802 2711 multis

927 2713 1031 2757 modis
1047 2713 1127 2746 bene
1145 2714 1176 2747 se
1194 2716 1289 2749 habet
1311 2717 1452 2759 confeffioss
1485 2719 1593 2760 Magis
1612 2721 1728 2759 miror,
1753 2723 1801 2752 ob-

927 2756 1033 2786 viandi
1053 2757 1185 2788 verbum
1196 2759 1301 2799 ,quod
1321 2760 1350 2790 δε
1368 2759 1469 2800 ipsum
1486 2760 1538 2790 hic
1554 2761 1714 2799 occurrit,
1734 2761 1798 2793 Cu-

925 2795 1041 2836 jacium
1059 2797 1090 2828 δε
1107 2796 1300 2839 Giphanium
1314 2809 1378 2831 non
1394 2799 1577 2838 offendill'e,
1598 2801 1629 2832 id
1638 2802 1723 2832 enim
1732 2802 1800 2840 ,fa-

927 2837 1048 2868 miliare
1065 2836 1171 2870 seculo
1187 2840 1339 2881 prolapsae
1357 2840 1418 2880 jam
1428 2841 1627 2880 Latinitatis,
1638 2843 1719 2883 apud
1729 2853 1800 2883 eos,

928 2879 982 2919 qui
1000 2887 1093 2919 pure,
1119 2880 1278 2921 eleganter
1295 2882 1324 2912 ἀ
1342 2881 1483 2912 Romane
1499 2881 1660 2922 scribunt,
1682 2882 1800 2917 frustra

926 2928 1045 2959 quaeras
1055 2941 1065 2957 ,
1083 2920 1139 2951 niii
1156 2931 1252 2952 unum
1269 2920 1448 2952 Sallustium
1464 2923 1585 2963 placeat
1601 2925 1672 2955 exci
1697 2934 1748 2957 ere
1763 2927 1797 2959 in

928 2960 1073 3003 chgiirm.
1099 2961 1129 2991 C.
1156 2961 1195 2992 V.
1217 2964 1249 2993 in
1268 2968 1314 3002 pr.
1338 2961 1358 2993 fi
1373 2972 1484 3004 nempe
1505 2973 1579 2995 vere
1596 2965 1650 2997 ille
1679 2963 1795 3008 cripse-

926 3010 988 3039 rit,
1013 3009 1048 3031 ut
1066 3001 1096 3031 in
1119 3002 1274 3044 plerisque
1294 3002 1486 3043 Codicibus,
1511 3005 1606 3037 etiam
1623 3006 1717 3039 MSS.
1742 3018 1798 3041 ex-

926 3041 1053 3073 hibetur
1067 3062 1079 3078 ,
1113 3049 1173 3073 zum
1191 3047 1321 3083 primum
1336 3044 1479 3084 superbiae
1500 3047 1666 3079 nobilitatis
1696 3051 1796 3088 obvzja-

927 3089 988 3113 tum
1008 3080 1058 3121 est.
1095 3083 1156 3115 Sed
1171 3094 1244 3116 cum
1260 3085 1292 3116 in
1308 3085 1376 3116 aliis
1391 3085 1497 3118 Libris
1514 3087 1654 3129 legatur,
1679 3092 1796 3124 obviam

926 3125 1000 3167 ilani
1027 3121 1067 3162 cst
1086 3147 1097 3162 ,
1129 3125 1209 3157 niliil
1236 3133 1308 3156 tuto
1333 3126 1464 3168 colligas
1488 3137 1527 3160 ex
1551 3130 1626 3161 loco
1644 3130 1699 3163 sus
1715 3133 1797 3165 effito.

927 3163 1024 3195 Diice
1040 3166 1148 3204 potius
1172 3176 1188 3198 a
1211 3166 1295 3198 Clar.
1312 3165 1445 3199 Dukero
1468 3170 1501 3200 de
1527 3170 1659 3204 Latinit.

926 3210 1019 3237 veter.
1039 3210 1079 3278 {J
1090 3210 1163 3249 3'93.
1187 3217 1302 3241 vocem
1322 3210 1460 3243 obviandi
1483 3220 1546 3247 non
1564 3212 1625 3246 esse
1643 3214 1720 3247 adeo
1741 3224 1798 3247 no-

1090 3259 1111 3290 g
1704 3265 1775 3288 vain
1785 3279 1799 3298 ,

1715 3174 1798 3206 Ctor.
1835 3177 1841 3180 “
1851 3169 1854 3173 ’
