2008 3436
405 95 807 138 CORNELM

309 181 435 223 Absque
460 192 499 213 eo
527 181 548 214 fi
571 180 630 218 fit,
661 180 714 211 illa
727 180 851 221 placere
865 188 929 210 non
947 187 1016 219 pos-

153 222 242 260 sunt,
259 223 314 255 nili
333 231 434 256 tamen
452 223 516 264 ipse
533 233 596 254 non
615 221 686 253 satis
706 221 872 261 adsequar,
885 229 1016 260 quomo-

150 264 192 295 do
209 262 401 296 satisfaciant
418 264 617 302 difficultati,
642 272 733 303 quam
753 261 949 303 Giphanius‚
967 260 1016 291 Pi-

153 305 277 344 thoeus,
301 306 373 344 alii,
398 316 437 338 ex
456 315 496 337 eo
513 306 588 337 loco
605 313 748 336 movent.

193 346 253 378 Sed
269 347 306 378 ad
324 356 422 388 usque
438 346 679 379 Constantinum
698 346 746 377 M.
766 343 941 385 perduraffe
959 347 1015 372 ἐνυ-

151 389 267 417 τὲυθυνον
284 388 362 420 illud
383 389 477 430 patris
495 388 672 429 imperium,
692 396 730 417 ex
755 384 822 426 ipso
839 383 1016 416 Constanti-

150 438 192 460 no
223 430 355 470 probare
384 430 439 462 sibi
466 429 614 461 videntur
636 428 665 458 in
690 429 710 459 l.
736 427 790 458 ult.
817 427 848 457 C.
871 426 905 456 de
930 425 1016 457 Patr.

146 470 250 512 potest.
272 470 323 503 seu
341 472 448 512 potius
466 471 496 502 in
517 471 536 501 l.
563 480 591 501 2.
619 470 650 500 C.
679 469 732 500 Th.
756 469 788 498 cle
814 467 917 498 Liber.
941 465 1016 512 causi

153 510 284 544 Prolixe
297 513 361 553 agit
378 511 600 544 Constantinus
617 510 649 540 in
669 511 698 541 cl.
723 510 743 540 l.
766 518 795 539 ρ.
818 507 856 538 de
865 515 1017 552 emb-ejus-

149 561 211 592 que
237 554 330 585 bonis
349 576 360 591 ,
390 554 442 594 qui
471 553 616 593 ignorans
638 549 823 581 servitutem
847 546 963 585 servrt,
988 547 1019 578 ὅ(

177 595 324 626 raemittit
347 595 409 626 hoc
432 592 646 624 beneditlum:
684 590 836 622 Libertati
853 599 871 619 a
888 588 1017 630 Majori-

157 670 160 671 ⁷
173 645 205 667 us
226 642 341 667 tantum
356 634 513 675 impensimz
528 631 568 672 est
578 655 588 669 ,
610 638 643 663 ut
655 633 809 672 patribus,
833 631 934 673 quibus
948 630 1018 660 vitae

154 677 188 706 in
205 678 307 708 liberos
325 677 456 716 necisque
478 672 604 715 potestas
625 673 759 714 permiffiz
776 671 816 712 eft
827 693 838 709 ,
858 672 965 717 eripere
982 670 1018 715 li-

152 718 292 749 ber-tatem
320 727 377 747 non
401 716 510 748 licerer.
562 715 636 747 Hoc
664 715 684 745 l.
710 724 740 745 2.
763 712 929 744 exordium
945 711 1020 743 Tri-

149 758 303 793 bonianus
332 757 509 789 collocavit
537 756 568 788 in
600 756 629 787 d.
662 756 683 787 l.
713 756 766 786 ult.
799 753 868 792 sed,
900 760 936 783 ut
958 753 1020 792 iam

155 801 264 831 monui
291 800 324 830 C.
346 797 386 830 Π.
409 807 468 839 pro
480 797 617 839 permiffit
634 795 694 837 est,
721 796 806 838 quod
823 795 854 826 in
876 795 941 839 Coti.
965 792 1019 824 Th.

137 837 140 841 ⁴
155 840 220 878 est,
243 839 397 881 rescripsit
409 862 419 878 ,
441 839 509 870 olim
521 839 658 880 permiffiz
674 844 749 870 erat.
793 835 906 870 Lemo
924 842 1020 880 inter·

154 882 261 923 polata
276 881 371 912 habet
394 880 654 922 significationem
670 878 823 920 praeteriti
843 885 1020 921 temporis,

154 924 186 954 dt
204 923 283 954 nihil
301 922 470 964 quicquam
493 920 596 953 obstat
607 943 619 959 ,
648 930 713 952 non
729 918 919 959 interpolata
933 917 1021 963 signi-

153 964 336 996 ficationem
383 962 521 995 raesentis
546 963 718 1003 temporis,
748 962 778 993 dt
795 958 918 991 obstare
938 958 1020 1004 dice-

152 1013 220 1044 res,
245 1012 339 1046 atque
354 973 380 1037 ii]
396 1013 508 1045 nempe
529 1003 754 1037 Constantinus
776 1000 964 1042 vegrandem
987 999 1022 1030 il-

154 1046 216 1078 lam
235 1046 425 1088 potestatem
444 1044 496 1077 sua
512 1045 613 1078 adhuc
635 1052 729 1076 aetate
745 1044 1023 1087 licitam-pronun-

156 1087 269 1120 tiasset.
315 1087 375 1120 Sed
398 1087 471 1128 quia
495 1087 534 1117 de
558 1086 724 1129 Majorz'lncs
749 1085 835 1125 agit,
868 1082 1025 1128 illudpm-

156 1129 238 1171 miffiz
258 1127 314 1170 eft,
339 1127 412 1160 satis
431 1128 630 1159 commodam
647 1126 800 1168 praeteriti
824 1133 974 1170 temporis
991 1122 1026 1155 si-

157 1170 394 1211 gnificationem
412 1169 570 1210 recipere,
594 1169 677 1200 recle
695 1167 877 1211 observavit
893 1164 1027 1205 jacobus

159 1211 381 1244 Gothofredus
397 1210 435 1242 ad
454 1212 481 1250 ιζ.
495 1211 516 1241 l.
530 1220 559 1242 2.
584 1218 778 1251 quaecunque
794 1216 878 1238 enim
896 1205 1026 1251 sequun-

158 1262 229 1293 tur,
253 1253 348 1284 etiam
362 1252 398 1283 ad
407 1251 540 1294 Majores
554 1251 716 1283 referenda
733 1249 822 1293 sunt,
845 1248 874 1278 ὃ(
895 1246 1026 1291 pollem,

158 1294 181 1328 fi
202 1295 279 1326 tanti
297 1293 396 1332 ell'et,
419 1293 660 1333 quamplurimas
671 1289 824 1331 ejusmodi
845 1288 1027 1333 locut1ones

159 1334 291 1369 adferre.
337 1335 411 1367 Plus
423 1335 514 1372 dico;
538 1343 577 1365 ne
596 1334 720 1374 quidem
737 1330 814 1367 illud
831 1327 966 1375 permifffz
975 1325 1028 1368 est,

160 1387 201 1412 ex
219 1384 324 1408 mente
349 1373 546 1408 Constantini
566 1397 577 1413 ,
610 1374 756 1406 inducere
773 1368 1029 1416 possefigmiica-

159 1419 279 1450 tionem
294 1416 454 1459 praesentis
471 1415 638 1455 temporis:
663 1423 733 1446 nam
758 1412 780 1444 si
800 1410 923 1453 pollet,
945 1410 1027 1442 dice-

159 1468 208 1492 ret
228 1458 291 1500 ipse
302 1482 310 1497 ‚
335 1456 522 1499 potestatem
537 1456 615 1487 vitae
629 1457 777 1496 necisque
792 1462 832 1483 eo
845 1476 854 1491 ‚
872 1461 935 1493 quo
954 1458 1030 1483 tunc

159 1501 346 1542 loquebatur
366 1522 376 1537 ,
411 1505 554 1537 tempore
570 1497 693 1529 licitam
713 1494 949 1537 permiss'amque
966 1515 978 1531 ,
1001 1493 1030 1525 &

163 1551 266 1574 tamen
289 1549 384 1573 nemo
402 1540 545 1577 dubitat,
566 1548 638 1571 ante
653 1536 904 1580 quinquennium
921 1541 1030 1573 certe,

154 114 224 151 354
878 109 939 134 vi
962 108 985 134 u

152 181 264 213 velint.

767 1626 1132 1664 CAPUT

1059 94 1666 134 BYNKERSHOEK.

1058 177 1080 210 fi
1096 187 1158 210 non
1180 185 1270 216 ante,
1295 177 1380 208 illam
1397 175 1585 216 potestatem
1602 175 1696 209 fuiss'e
1716 176 1866 208 abolitam
1883 184 1922 210 ex

1060 219 1151 259 huius
1169 218 1261 260 ipsius
1278 216 1478 251 Constantini
1498 218 1517 248 l.
1542 228 1593 250 un.
1617 219 1648 249 C.
1673 220 1707 249 de
1732 217 1792 249 His
1832 219 1860 248 αι’
1890 229 1920 249 ιι,

1058 262 1189 292 rent.vel
1199 261 1279 292 liber.
1292 259 1381 292 occisi.
1393 268 1463 298 quae
1473 258 1597 291 dataest
1606 258 1699 291 Anno
1708 227 1860 291 CCCIZV
1880 258 1918 291 II.
1961 294 1965 299 ,

1059 310 1155 342 quum
1166 301 1232 333 haec
1251 302 1311 333 Le.
1333 301 1457 331 demum
1476 299 1547 331 data
1557 299 1594 332 sit
1603 299 1696 332 Anno
1708 298 1923 333 CCCXXIII.

1102 342 1341 375 Diocletianum
1358 340 1518 381 abrogaffe
1536 341 1636 372 videri
1658 341 1823 374 occidendi
1838 347 1925 381 pote-

1061 382 1193 422 statem,
1224 384 1296 424 quia
1319 381 1472 414 vendendi
1497 382 1661 423 abrogavit
1677 383 1709 414 in
1733 382 1753 414 l.
1782 391 1808 413 1.
1836 382 1868 413 C.
1890 382 1924 413 do

1062 425 1179 457 Patrib.
1203 427 1252 466 qui
1270 423 1318 464 fil.
1332 423 1401 465 suos
1422 420 1545 463 dzstrax.
1598 423 1764 455 Theodori
1781 422 1925 456 Marcilii

1062 465 1215 498 sententia
1233 465 1298 504 est,
1321 465 1414 496 etiam
1440 466 1472 497 C.
1490 464 1528 497 II.
1555 462 1924 505 repraesentataffedmi-

1061 506 1094 538 hi
1115 516 1178 538 non
1197 507 1337 547 probata.
1383 505 1454 546 Ego
1473 515 1551 536 vero
1574 513 1703 547 putem,
1727 504 1926 539 venditiones

1061 548 1234 579 liberorum
1253 548 1282 580 ὅ(
1299 555 1371 579 ante
1388 546 1627 579 Diocletianum
1650 546 1792 585 ceffaffe,
1818 546 1848 579 dc
1863 552 1927 588 cap.

1055 590 1187 629 proximo
1208 589 1238 619 id
1255 589 1346 630 plena
1363 587 1423 620 fide
1440 587 1505 619 sum
1523 588 1728 629 probaturus,
1750 587 1801 620 sed
1814 587 1888 629 quid
1905 587 1928 621 fi

1060 639 1100 661 eo
1122 629 1247 661 demum
1272 637 1416 670 tempore
1431 628 1449 660 ἶ)
1479 629 1550 670 plus
1576 628 1621 661 est
1639 630 1805 667 occidere,
1825 629 1929 663 minus

1060 670 1213 709 vendere,
1240 670 1261 701 fi
1287 679 1326 702 ex
1355 668 1478 700 ratione
1493 679 1559 701 rem
1575 671 1781 709 aestimemus,
1802 680 1866 703 non
1889 679 1930 703 ex

1062 713 1192 745 fitrurata
1222 711 1386 742 locutione
1408 710 1539 750 alicujus
1566 711 1715 744 Rhetoris
1735 719 1789 744 aut
1808 711 1931 745 Poetae.

1063 735 1135 786 ffec
1155 752 1346 783 contradicit
1365 750 1565 783 Constantini
1581 774 1592 790 ‚
1616 753 1669 784 vel
1691 753 1845 795 Majomm
1862 752 1930 786 sen-

1065 793 1180 832 tentia,
1216 793 1247 825 in
1279 794 1309 825 d.
1336 792 1358 824 l.
1387 802 1415 824 2.
1441 792 1586 831 laudata,
1608 793 1631 825 fi
1650 793 1729 825 hanc
1744 796 1930 836 interprete·

1064 845 1155 874 mur,
1190 842 1225 865 ut
1262 834 1294 865 C.
1317 833 1342 865 I.
1377 842 1450 865 cum
1469 832 1536 874 ipso
1552 833 1708 866 Marcilio
1726 835 1933 876 interpretan-

1063 877 1133 909 dam
1154 875 1216 907 esse
1239 875 1398 907 duximus.
1445 874 1552 921 Quare
1577 874 1748 907 necess'ario
1767 885 1831 907 non
1847 877 1935 910 valet

1064 918 1164 956 ratio,
1190 926 1260 958 quae
1281 927 1299 949 a
1313 916 1498 948 venditione
1513 916 1674 957 prohibita
1690 917 1728 949 ad
1745 926 1854 948 necem
1863 926 1935 958 pro-

1064 959 1198 991 hibitam
1220 957 1386 990 deducitur
1405 967 1415 996 3
1449 965 1521 988 ante
1546 958 1645 990 caedes
1661 980 1672 996 ,
1704 958 1775 999 post
1789 958 1934 992 venditio

1066 1000 1206 1041 patribus
1224 999 1332 1040 potuit
1347 997 1409 1030 ess'e
1426 998 1608 1038 interdicta,
1634 998 1684 1031 sed
1708 1009 1746 1032 an
1759 1000 1804 1031 ita
1818 998 1934 1040 fuerit,

1068 1042 1099 1073 dc
1118 1041 1192 1081 quid
1209 1040 1313 1085 prius,
1337 1039 1411 1080 quid
1429 1039 1582 1081 posterius
1597 1041 1634 1073 s1t
1650 1041 1855 1082 abrogatum,
1870 1050 1937 1075 non

1069 1082 1162 1114 ausim
1189 1081 1317 1122 praecile
1343 1080 1514 1112 adfirmare.
1567 1081 1710 1121 Sufficit,
1741 1091 1783 1113 ex
1804 1083 1832 1113 d.
1858 1082 1879 1114 l.
1906 1091 1934 1115 1.

1070 1133 1134 1156 non
1154 1123 1293 1163 liquere,
1318 1122 1354 1154 ad
1370 1131 1465 1163 usque
1487 1121 1725 1155 Diocletianum
1742 1124 1883 1165 patribus
1899 1124 1937 1157 li-

1069 1163 1166 1196 cuisse
1186 1164 1218 1195 in
1239 1163 1360 1195 viscera
1378 1163 1430 1194 sua
1449 1162 1567 1195 saevire.

1111 1204 1229 1237 Praeter
1246 1203 1317 1242 has,
1342 1203 1416 1235 alias
1441 1204 1579 1235 rationes
1594 1214 1658 1237 non
1678 1207 1800 1247 reperi,
1823 1205 1937 1247 quibus

1069 1256 1110 1278 ex
1131 1245 1320 1276 Auttoribus
1341 1244 1457 1276 nostris
1478 1244 1677 1285 defenditur,
1703 1256 1765 1278 tam
1781 1247 1866 1286 sero,
1891 1255 1938 1278 at-

1070 1296 1131 1328 que
1156 1285 1205 1317 illi
1234 1285 1370 1323 volunt,
1403 1284 1522 1317 durass'c
1541 1287 1727 1326 potestatem
1743 1288 1906 1320 occidendi
1926 1310 1940 1327 ,

1070 1336 1228 1369 quumque
1243 1327 1306 1359 illae
1325 1326 1405 1360 nihil
1422 1329 1579 1367 probent,
1603 1328 1632 1360 ἀ
1657 1336 1769 1360 contra
1782 1330 1936 1369 probave-

1071 1379 1132 1402 rim
1152 1374 1216 1409 cap.
1230 1369 1353 1409 praeced.
1382 1377 1447 1400 non
1469 1368 1602 1408 amplius
1631 1369 1824 1409 cauffemur,
1847 1370 1940 1403 levis-

1070 1410 1154 1443 fimis
1177 1410 1255 1441 adeo
1284 1408 1532 1450 suspicionibus,
1562 1409 1794 1444 Tribonianum
1813 1409 1940 1443 infestas

1073 1461 1183 1483 manus
1201 1449 1339 1483 intulisse
1362 1450 1460 1482 Paulo
1487 1450 1520 1482 in
1543 1450 1564 1483 l.
1595 1459 1643 1485 11.
1661 1453 1704 1495 ff.
1724 1454 1757 1485 de
1778 1451 1882 1484 Liber.
1904 1450 1941 1488 Β

1068 1490 1181 1534 pastum
1198 1492 1300 1525 haered.
1322 1490 1418 1534 instit.

1231 1625 1320 1663 VI.

213 1723 362 1759 Venditio
389 1723 556 1758 liberorum
580 1721 701 1768 quando
724 1720 926 1763 obtinuerit,
951 1718 1070 1803 quaZflo
1097 1717 1285 1803 cleffizverit,
1311 1717 1412 1753 variae
1437 1717 1599 1754 variorum
1626 1717 1828 1767 Sententiae,
1853 1718 1895 1762 δ’

879 1780 945 1815 quae
970 1780 1007 1804 no
1031 1779 1060 1803 15
1082 1778 1104 1816 p
1119 1776 1224 1805 ασθαι.

255 1881 296 1902 on
319 1869 487 1902 recitamus
508 1868 561 1900 hic
586 1867 740 1899 duntaxat
760 1867 896 1899 aliorum
912 1865 1031 1898 senten-

163 1872 252 1956 N
279 1913 357 1951 tias,
389 1910 457 1950 sed,
489 1909 564 1941 dum
588 1909 726 1941 nostram
753 1911 942 1950 probamus,
961 1907 1033 1953 reli-

166 1967 240 1998 quas
255 1953 424 1994 rejicimus.
470 1951 516 1983 Ut
528 1958 632 1982 autem
647 1951 687 1982 de
703 1960 797 1990 nece,
819 1951 863 1982 ita
875 1950 913 1981 de
925 1948 1034 1980 vendi-

167 1999 256 2030 tione
271 1995 442 2027 liberorum
467 2001 577 2024 verum
601 1990 666 2030 est,
689 1992 755 2032 ejus
771 1992 950 2023 libertatern
973 1989 1035 2021 ess'e

167 2040 222 2080 qui
242 2037 336 2069 citius
345 2057 357 2073 ,
379 2036 409 2066 ἀ
426 2033 487 2065 esse
501 2034 554 2074 qui
570 2031 687 2071 serius,
710 2043 802 2074 quam
814 2040 965 2074 oportet,
981 2040 1034 2062 ex-

169 2080 311 2114 stinetam
326 2076 468 2108 credunt.
492 2074 628 2115 Jacobus
646 2074 817 2107 Raevardus
826 2074 863 2106 ad
874 2072 1033 2105 LL.XII.

170 2123 261 2154 Tabb.
288 2119 321 2150 C.
339 2116 395 2149 III.
420 2116 506 2148 illam
525 2115 696 2147 liberorum
721 2115 957 2147 vendendorum
978 2123 1033 2154 po-

165 2163 311 2199 testatem
339 2168 378 2190 ne
406 2157 530 2198 quidem
554 2156 931 2188 aetateDecemvirorum
952 2156 1036 2187 obti-

167 2203 266 2239 nuisse
289 2200 343 2235 fibi
369 2198 552 2241 persuadet,
582 2196 646 2239 ipse
662 2196 784 2229 scilicet
799 2207 863 2229 non
877 2197 916 2228 de
934 2206 1008 2229 vera
1026 2220 1037 2237 ‚

167 2246 219 2279 sed
240 2245 279 2275 de
297 2240 478 2282 imaginaria
500 2239 702 2278 venditione,
724 2248 793 2280 quae
816 2240 848 2270 in
867 2238 1039 2280 emancipa—

169 2286 310 2320 tionibus
335 2279 548 2314 intercedebat
563 2303 574 2320 ,
601 2280 763 2313 intellexit
793 2281 889 2311 verba
904 2279 1038 2312 Decem-

169 2330 330 2364 virorum,
352 2332 464 2355 contra
479 2330 618 2396 apertam
636 2320 783 2364 Dionysii
798 2321 1039 2360 auctoritatem,

169 2371 266 2404 etiam
282 2367 321 2399 ab
335 2364 475 2405 Ulpiano
501 2396 503 2399 ,
519 2363 678 2401 abilinam,
700 2372 736 2394 ut
754 2363 847 2394 latius
864 2363 931 2394 haee
951 2361 1037 2394 exse-

170 2410 342 2454 quebamur
375 2406 409 2438 C.
427 2405 452 2437 I.
533 2414 605 2436 uum
632 2414 710 2436 vero
741 2403 888 2445 Dionysii
918 2404 1012 2437 fidem
1027 2428 1038 2444 ,

169 2459 282 2485 contra
305 2447 493 2481 Raevardum
510 2469 522 2484 ,
550 2445 693 2487 sequatur
717 2445 846 2477 Ulricus
867 2445 1015 2478 Huberus
1029 2468 1040 2485 ,

172 2494 356 2530 Praeceptor
382 2488 460 2519 olim
484 2487 608 2526 noster,
641 2488 681 2520 L.
713 2487 752 2520 II.
786 2487 918 2529 Digreff.
953 2488 984 2520 C.
1009 2498 1038 2528 4.

172 2544 239 2568 non
253 2529 470 2565 animadverto
483 2552 492 2568 ,
513 2538 575 2569 qua
595 2530 717 2561 ratione
737 2527 800 2570 ipse
819 2539 895 2560 mox
912 2529 1041 2567 dixerit,

172 2577 246 2611 latis
263 2571 338 2605 XII.
363 2569 499 2602 Tabulis
525 2569 649 2601 cess'affe
672 2570 797 2611 quidem
812 2579 919 2602 veram
935 2571 1039 2602 vendi-

175 2618 297 2651 tionem
323 2611 513 2650 liberorum,
546 2610 596 2642 sed
617 2620 681 2643 non
707 2610 831 2643 cess‘affe
846 2611 894 2651 jus
910 2612 986 2643 vitae
1007 2621 1042 2643 ac

173 2658 278 2695 necis,
303 2663 368 2687 non
388 2651 460 2684 satis
478 2652 545 2683 haec
563 2651 616 2684 fibi
633 2652 787 2684 constant.
834 2652 906 2684 Nec
923 2653 988 2684 ulla
998 2661 1042 2684 et-

175 2701 237 2733 iam
253 2694 440 2730 auctoritate
459 2692 692 2729 movetur,nili
711 2692 796 2732 quod
814 2693 858 2724 ita
879 2694 1042 2725 intellexe-

175 2742 218 2774 rit
242 2735 486 2772 Constantinum
520 2733 552 2766 in
579 2734 600 2766 l.
621 2734 675 2766 ult.
711 2734 742 2765 C.
773 2736 806 2765 de
839 2740 919 2774 patr.
940 2734 1041 2775 potest.

177 2782 231 2824 qui
259 2787 362 2812 tamen
383 2799 394 2816 ,
426 2783 462 2806 ut
488 2773 561 2807 satis
585 2775 673 2814 dixi,
706 2775 801 2816 longe
819 2775 910 2806 aliter
928 2775 1043 2807 intelli-

177 2822 295 2865 gendus
310 2818 364 2851 est.
410 2816 471 2851 Sed
488 2816 535 2848 his
555 2816 669 2854 millis,
697 2816 735 2848 ad
758 2825 813 2848 eos
831 2814 1017 2847 transcamus
1034 2841 1043 2856 ‚

203 2865 232 2895 ui
261 2858 416 2893 vendendi
437 2857 617 2890 libertatem
642 2857 757 2895 serius,
791 2866 884 2898 quam
899 2866 952 2897 par
971 2857 1015 2888 est
1035 2880 1047 2896 ,

179 2875 332 2938 Publatam
350 2899 488 2932 censent.
534 2898 606 2932 Hos
632 2899 714 2930 inter
738 2897 804 2936 est,
828 2905 863 2929 ut
877 2898 937 2929 alia
953 2907 1044 2930 occa-

181 2947 265 2979 sione
286 2943 376 2985 supra
395 2949 522 2982 quoque
540 2939 732 2979 indicabam,
757 2939 950 2971 Theodorus
958 2940 1043 2971 Mar-

182 2987 274 3019 cilius
299 2984 504 3023 interpretum.
537 2981 610 3013 LL.
644 2980 721 3014 XII.
757 2981 847 3012 Tabb.
875 2981 906 3012 C.
933 2979 1044 3013 XXV.

181 3028 235 3068 qui
253 3027 295 3058 ait
306 3048 316 3064 ‚
338 3025 387 3065 jus
403 3022 557 3055 vendendi
575 3022 711 3063 primum
726 3021 896 3063 antiquaffe
915 3020 1046 3053 Diocle-

183 3068 301 3099 tianum
324 3067 356 3097 in
387 3065 409 3096 l.
435 3073 461 3096 1.
494 3064 525 3095 C.
556 3065 590 3095 de
622 3063 740 3095 Patria.
775 3065 825 3104 qui
849 3063 897 3103 fil.
912 3063 982 3104 suos
1003 3064 1046 3094 di-

178 3107 274 3149 Jtrax.
309 3115 408 3145 neque
436 3113 539 3142 tamen
565 3104 652 3136 illam
686 3104 879 3145 impietatem
915 3105 1047 3136 omnino

185 3157 260 3180 tune
277 3145 337 3177 esse
356 3145 549 3186 profligatam
560 3169 569 3184 ,
581 3145 823 3178 Constantinum
838 3145 922 3177 enim
940 3146 1001 3177 inl.
1016 3156 1043 3177 2.

187 3190 220 3221 C.
247 3187 320 3219 Eod.
352 3187 382 3217 ὁ(
402 3187 434 3218 in
463 3187 482 3217 l.
507 3196 555 3218 zm.
588 3187 621 3220 C.
645 3188 700 3222 Th.
719 3188 754 3227 df
776 3187 838 3220 His
860 3187 910 3229 qui
919 3185 1044 3230 sangui-

1074 1865 1132 1897 nol.
1165 1869 1251 1906 empt.
1279 1864 1328 1896 vel
1361 1869 1441 1895 nutr.
1464 1871 1562 1905 accep.
1589 1867 1755 1908 permisisse
1772 1866 1913 1909 patribus
1929 1892 1940 1908 ‚

1075 1907 1180 1939 vietus
1206 1907 1347 1947 vitaeque
1372 1904 1434 1937 suae
1455 1907 1555 1946 gratia
1571 1932 1580 1947 ,
1602 1908 1702 1940 filium
1722 1909 1860 1941 filiamve
1876 1908 1941 1942 san-

1076 1948 1279 1990 guinolentos
1298 1946 1441 1978 vendere.
1486 1948 1538 1979 Sic
1557 1949 1628 1987 ille,
1660 1949 1690 1981 δε
1704 1950 1746 1982 fic
1762 1950 1856 1982 etiam
1872 1949 1941 1982 Hu-

1077 1992 1185 2021 bertus
1210 1987 1386 2030 Giphanius
1414 1987 1452 2018 ad
1479 1988 1499 2020 l.
1524 1990 1577 2021 ult.
1612 1991 1642 2022 C.
1676 1991 1710 2022 de
1737 1997 1816 2032 patr.
1837 1989 1942 2032 potest.

1077 2030 1287 2063 Diocletiano
1309 2038 1421 2069 nempe
1445 2030 1579 2069 primum
1608 2031 1780 2064 tribuentes
1825 2032 1945 2065 rohibi-

1078 2072 1199 2103 tionem
1214 2070 1392 2110 hujusmodi
1412 2070 1641 2104 venditionum.
1685 2073 1796 2106 Franci
1812 2083 1868 2106 cus
1876 2073 1944 2107 Bal-

1077 2113 1191 2145 duinus
1205 2112 1243 2143 ad
1264 2112 1302 2143 L.
1327 2110 1446 2141 Romuli
1464 2111 1571 2144 XVII.
1594 2114 1732 2146 incertus
1749 2115 1871 2147 confilii
1889 2113 1942 2148 est:

1080 2154 1160 2197 Jus,
1180 2154 1304 2194 inquit,
1326 2153 1471 2183 vendendi
1483 2151 1622 2194 filiifam.
1643 2158 1727 2196 patri
1739 2157 1831 2197 plane
1848 2158 1944 2189 adem-

1075 2202 1161 2237 ptum
1172 2194 1262 2236 fuiffe
1283 2200 1404 2233 tempore
1427 2192 1585 2234 nostrorum
1610 2196 1776 2237 JCtorum,
1799 2203 1874 2230 certo
1891 2197 1943 2231 ad-

1075 2236 1196 2278 firmare
1220 2246 1276 2267 non
1299 2234 1426 2276 pqffum,
1440 2237 1495 2277 sed
1510 2235 1699 2277 posteriorum
1722 2239 1861 2281 Caefiirum
1884 2239 1944 2273 Re-

1071 2278 1196 2319 scriptis
1214 2278 1304 2318 plane
1317 2277 1468 2317 sublatam
1488 2278 1580 2320 fuiffe
1603 2280 1679 2311 hamc
1693 2282 1871 2312 venditionis
1876 2280 1945 2353 {e-

1082 2321 1154 2351 ciem
1164 2321 1242 2360 satis
1259 2317 1389 2360 constat,
1410 2320 1440 2350 δε
1461 2328 1538 2350 mox
1559 2321 1662 2353 laudat
1680 2318 1875 2354 Diocletiani
1914 2330 1945 2352 e-

1082 2360 1233 2402 scriptum
1253 2360 1284 2391 in
1304 2363 1333 2392 d.
1351 2359 1372 2390 l.
1398 2369 1424 2391 1.
1451 2360 1483 2391 C.
1507 2362 1540 2392 de
1559 2364 1668 2401 patrib.
1693 2365 1742 2404 qui
1759 2361 1806 2403 fil.
1820 2361 1888 2404 suos
1903 2363 1949 2394 di-

1076 2400 1173 2445 strax.
1219 2402 1262 2434 At
1285 2401 1392 2443 postea
1413 2402 1582 2434 certiorem
1605 2403 1725 2436 confilii
1740 2402 1833 2435 fuisse
1847 2401 1915 2445 ipsu

1084 2443 1270 2476 Balduinum
1285 2442 1406 2475 constat
1421 2452 1461 2474 ex
1475 2445 1542 2484 ejus
1555 2443 1742 2484 Constantino
1756 2445 1806 2476 M.
1823 2452 1854 2486 p.
1874 2449 1947 2484 248.

1084 2485 1204 2523 Primi,
1234 2485 1336 2526 inquit
1361 2483 1425 2523 ibi,
1457 2484 1547 2525 nostri
1571 2485 1650 2527 Jcti
1668 2487 1802 2517 videnter
1818 2495 1883 2517 cum
1897 2485 1950 2528 jus

1085 2526 1160 2557 illud
1184 2527 1255 2557 vitae
1285 2525 1320 2560 ὅ)
1348 2527 1428 2556 necis
1450 2526 1613 2567 improbaffe
1628 2550 1637 2565 ‚
1660 2532 1721 2558 tum
1736 2537 1803 2558 vero
1816 2529 1949 2568 patriam

1082 2564 1396 2608 potestatertifiliijfum.
1419 2572 1469 2597 aut
1494 2568 1639 2598 vendendi
1659 2573 1710 2599 aalt
1731 2569 1881 2611 obligandi
1897 2569 1948 2600 da-

1085 2619 1154 2639 mna
1177 2609 1200 2640 ὲ.
1246 2608 1352 2639 Probo
1369 2607 1447 2639 lianc
1463 2607 1669 2648 posteriorem
1694 2608 1898 2650 sententiam,
1919 2609 1950 2642 ἃ

1086 2652 1225 2682 rationes
1240 2658 1315 2680 mox
1336 2649 1509 2689 expediam.

1129 2691 1175 2722 Ut
1189 2699 1272 2721 nunc
1288 2690 1390 2720 dicam
1404 2713 1412 2727 ‚
1438 2690 1522 2730 quod
1541 2689 1605 2731 ipsc
1625 2690 1746 2732 sentio,
1757 2700 1879 2725 certum
1894 2692 1951 2727 im·

1086 2740 1270 2770 motumque
1285 2731 1361 2761 mihi
1379 2730 1480 2770 sedet,
1490 2731 1681 2772 promiscuas
1698 2733 1950 2766 lil:e1·orumven-

1086 2774 1223 2805 ditiones
1233 2772 1402 2804 Romulum
1422 2772 1588 2813 pcrmifisse
1603 2774 1745 2814 patribus
1757 2797 1767 2811 ‚
1791 2775 1952 2816 &quidem

1088 2814 1193 2847 severa
1215 2813 1291 2844 adeo
1309 2814 1396 2853 lege,
1422 2820 1456 2844 ut
1472 2813 1560 2854 supra
1576 2825 1613 2845 ex
1639 2814 1726 2854 osui,
1748 2814 1884 2848 Numam
1902 2817 1951 2848 de-

1088 2856 1160 2887 inde
1180 2855 1370 2895 Pompilium
1382 2877 1392 2893 ,
1417 2862 1452 2885 ut
1470 2863 1505 2885 ut
1522 2855 1600 2887 hanc
1634 2856 1797 2888 ibertatem
1815 2857 1951 2890 venden-

1087 2896 1118 2928 di
1142 2898 1289 2937 probaret
1309 2918 1320 2933 ,
1348 2894 1504 2936 excepiss'e
1536 2903 1640 2930 tamen
1661 2897 1780 2938 filium,
1810 2899 1842 2930 in
1864 2898 1951 2939 cujus

1087 2938 1211 2978 nuptias
1235 2937 1433 2969 conl'enlill'et
1476 2944 1568 2976 ater,
1590 2939 1850 2980 quemadmodum
1874 2941 1951 2972 lianc

1088 2979 1309 3018 exceptionem
1326 2978 1436 3010 retulit
1491 2979 1630 3021 ionyfius
1644 2979 1848 3013 Halicarnass.
1860 2980 1897 3012 L.
1912 2978 1948 3012 11.

1083 3027 1115 3062 p.
1137 3030 1175 3051 m.
1196 3024 1246 3056 98.
1273 3021 1302 3051 ὃς
1319 3019 1505 3051 Plutarchus
1519 3020 1551 3052 in
1575 3021 1678 3052 Numa
1694 3027 1726 3061 p.
1743 3031 1782 3053 m.
1811 3025 1879 3054 126.
1902 3021 1950 3055 ad-

1088 3061 1153 3093 dita
1167 3061 1290 3092 ratione
1303 3084 1312 3100 ,
1336 3060 1421 3101 quod
1437 3061 1598 3102 indignum
1613 3069 1752 3103 putaret,
1778 3063 1951 3102 mulierem,

1090 3112 1158 3145 quae
1185 3103 1304 3134 homini
1331 3103 1433 3134 libero
1457 3111 1500 3133 nu
1523 3102 1622 3142 tillet,
1656 3112 1732 3135 mox
1749 3112 1864 3145 cogere
1881 3126 1892 3142 ,
1915 3110 1951 3135 ut

1089 3154 1160 3176 eum
1180 3143 1270 3175 servo
1287 3144 1421 3175 viveret.
1465 3136 1492 3175 E
1508 3143 1521 3175 l
1536 3145 1605 3177 haec
1615 3153 1676 3175 una·
1690 3140 1859 3186 exceptio,
1881 3152 1951 3184 quae

1088 3186 1117 3219 ὅ(
1136 3185 1199 3227 ipsa
1220 3195 1323 3218 veram
1342 3184 1439 3217 fuiil'e
1455 3185 1671 3224 venditionem
1687 3185 1808 3218 abunde
1823 3185 1949 3255 probarit,

1369 3231 1371 3247 ι
1911 3236 1920 3254 ι
1932 3233 1949 3254 c
