2008 3436
171 117 240 160 326
424 108 823 147 CORNELII
896 115 1003 140 VAN

166 202 251 223 mum
270 192 483 232 processerint.
536 185 893 237 Quotusquisque-sane
918 185 948 235 in
970 184 1029 236 Ro-

168 233 293 273 publica
316 234 456 265 Romana
490 233 628 269 Orator,
652 230 705 271 qui
725 239 789 260 non
806 236 882 274 item
901 226 998 271 thus
1018 226 1030 256 ‚2

166 275 196 305 ἀ·
213 275 463 316 quotusquisque
481 283 520 306 ex
536 274 671 306 Oratore
689 267 897 315 JCtus‘Qipse
916 266 1030 299 Cicero

160 321 213 354 pro
232 315 359 348 Mimo.
390 315 545 358 plurimos
565 313 682 351 refert,
713 310 842 343 desertis
859 310 1031 341 Oratorum

164 356 306 396 partibus
319 380 329 395 ‚
353 358 390 389 ad
404 355 660 398 Jurisprudentiae
678 351 899 399 profeffioncm
919 347 948 380 se
956 358 1029 379 con-

166 397 291 437 tuliss'e3
312 398 382 439 sed,
407 408 447 431 ne
465 398 590 439 longius
604 394 834 436 exspatiemur,
863 399 956 436 quam
980 399 1031 420 ne-

164 438 246 470 ceffe
260 439 324 479 est,
349 451 386 472 an
400 450 465 473 non
483 439 609 472 Servius
628 437 658 469 ἀ
676 435 808 481 Tubero
820 457 830 472 ‚
854 439 1032 476 priusquam

164 480 201 511 ad
231 480 283 520 Jus
311 482 418 514 Civile
434 480 616 517 transirent,
641 485 754 522 optimi
776 472 954 520 Oratores?
975 471 1032 516 ille

164 530 229 552 non
255 523 396 555 transivit
414 547 423 563 ,
458 521 514 554 nisi
540 518 610 561 post
640 519 891 561 objurgationem
916 512 1030 557 Quinti

166 562 296 603 Mucii,
326 565 356 596 δε
374 573 497 602 tamen,
533 570 593 602 qua
611 560 729 591 Orator
741 579 752 595 ‚
775 566 806 588 in
821 554 896 586 foro
913 553 1032 598 Princi-

164 612 271 644 patum
289 605 470 642 obtinebat,
493 609 579 634 certe
601 598 673 641 post
695 598 842 642 Marcum
859 594 1007 642 Tullium
1020 617 1030 632 ,

165 652 201 675 ut
228 645 421 687 Pomponius
449 644 558 676 retulit
586 641 618 672 in
651 639 679 681 §.
700 649 751 681 43.
767 640 853 682 supr:
904 635 1031 680 lubero

164 696 229 718 non
247 688 407 724 traniivit,
429 685 483 717 nisi
501 682 663 725 postquam
678 680 759 721 apud
777 678 929 725 Caeiarem
946 685 962 707 a
978 674 1030 707 Ci-

165 736 280 759 cerone
301 728 402 759 vic'tus
419 726 514 764 esset,
537 732 572 755 ut
589 729 743 754 memorat
759 721 811 752 hlc
839 717 904 760 lpse
927 716 956 758 §.
979 719 1031 757 46.

164 767 305 809 Uterque
323 769 417 809 igitur
427 775 500 799 ante
519 766 655 802 Orator,
678 761 749 804 post
766 760 884 807 JCtus‚
907 758 1031 803 &uter-

162 818 222 849 que
240 816 446 850 argumento,
477 805 725 850 Eloquentiam,
751 810 846 834 etiam
869 800 931 833 fine
951 798 1032 839 Juris

164 850 314 888 scicntia,
335 849 389 881 sibi
415 849 558 881 conflare
574 871 584 887 ,
609 847 639 879 &
662 842 892 891 iibrsufficere.
929 882 935 887 ⁵

206 892 347 923 Fuerunt
364 891 442 923 olim
453 915 463 930 ,
489 890 519 922 ἀ
536 897 630 921 nemo
647 885 859 923 inficiabitur,
883 891 935 923 qul
949 890 1031 930 utra-

165 943 225 974 que
239 941 306 964 arte
324 933 502 964 valuerunt.
557 929 713 970 Exempla
727 923 959 971 eoi-umtadfert
977 924 1033 955 ba-

165 975 234 1006 bius
257 976 285 1007 ci.
312 974 351 1006 L.
377 973 453 1006 XII.
479 974 510 1005 C.
534 982 566 1014 3.
608 969 713 1002 Marci
733 967 866 1013 Catonis
882 973 977 1006 puta,
1002 964 1032 996 δι

165 1016 339 1055 Scaevolae,
371 1015 538 1056 Serviique
563 1012 617 1044 Sul
643 1011 695 1042 icii
715 1032 727 1048 ,
754 1008 785 1040 hi
802 1016 885 1038 emm
902 1015 942 1037 ex
959 1015 1030 1052 pro-

164 1057 244 1089 feffo
263 1057 294 1089 id
309 1064 460 1098 egerunt,
484 1064 518 1087 ut
537 1054 566 1086 &
590 1053 605 1094 J
639 1052 682 1090 ti,
706 1052 735 1097 dt
755 1050 906 1095 Oratores
922 1047 1033 1093 essent,

163 1097 215 1130 sed
233 1098 372 1137 nunquid
390 1098 473 1129 idem
492 1094 633 1129 Cicero?
656 1090 886 1137 addit-quidem·
900 1088 1031 1120 Cicero-

164 1149 236 1172 nem
261 1139 376 1172 Fabius
390 1161 402 1178 ,
431 1138 482 1170 sed
504 1136 648 1169 oratione
673 1142 770 1174 magis
788 1129 931 1163 iubmissa
951 1140 959 1161 :
980 1129 1030 1161 M.

168 1181 283 1213 Tullius
301 1204 310 1219 ,
346 1180 450 1222 inquit
469 1202 481 1219 ‚
510 1187 568 1210 non
595 1177 673 1207 inodo
701 1177 780 1206 inter
797 1173 943 1219 agencium
958 1180 1032 1202 nun-

164 1233 251 1265 quam
266 1220 308 1264 est
323 1219 475 1263 destitutus
494 1218 627 1262 scientia
657 1216 745 1258 Juris
755 1237 766 1254 ,
780 1214 836 1255 sed
853 1218 942 1244 etiam
959 1222 1031 1243 com-

160 1271 266 1305 ponere
292 1264 392 1305 aliqua
415 1264 449 1294 de
476 1272 505 1294 eo
536 1264 667 1300 coeperat.
714 1256 789 1289 Hoc
811 1253 856 1285 est
872 1277 883 1293 ,
907 1252 929 1285 fi
950 1253 1033 1299 recte

165 1307 357 1346 interpretor
376 1328 387 1344 ,
418 1313 482 1336 non
506 1302 602 1334 modo
629 1298 763 1331 callebat
788 1303 910 1341 tantum
924 1294 1006 1334 Juris
1022 1315 1032 1331 ,

165 1354 317 1388 quantum
334 1346 462 1378 Oratori
482 1344 554 1376 satis
569 1341 632 1380 est,
656 1347 767 1371 verum
793 1343 907 1374 etlam,
930 1341 966 1366 ut
986 1334 1033 1366 fa-

165 1388 227 1420 cile
245 1387 382 1429 quodvis
397 1384 653 1427 adgrediuntur,
674 1385 813 1427 coeperat
826 1377 864 1408 de
873 1376 946 1417 Jure
955 1385 1032 1423 non-

164 1429 246 1461 nihil
267 1428 455 1469 scriptitare.
500 1425 603 1472 Quale
615 1422 715 1454 fuerit
732 1424 951 1465 argumentum
967 1426 1033 1458 eJus

164 1471 274 1509 Libri,
300 1479 363 1501 non
393 1468 492 1506 dicit,
521 1476 599 1505 nec,
620 1460 867 1509 anabsolverit,
891 1465 1031 1505 qoeperai,

164 1512 267 1553 inquit
290 1534 299 1550 ‚
332 1516 506 1550 componere.
551 1504 693 1547 Respicit
710 1501 850 1550 forteqad
866 1500 1032 1533 Ciceronis

165 1553 296 1586 Librum
315 1552 349 1582 de
365 1551 442 1592 Jure
463 1550 555 1582 Civili
572 1550 604 1580 in
623 1551 717 1578 artem
743 1543 921 1590 redigendo,
938 1551 1032 1589 quem

164 1594 259 1626 hodie
282 1592 354 1624 non'
370 1592 519 1624 habemus
535 1614 547 1631 ,
577 1590 608 1622 ὁ(
632 1587 721 1628 cuius
745 1585 895 1618 Titulum
912 1583 1031 1616 indicat

165 1634 290 1667 Gellius
315 1634 355 1666 L.
380 1633 405 1666 Ι.
431 1633 521 1666 Nou.
544 1631 645 1664 Amc.
672 1629 705 1675 C:
727 1636 777 1659 22.
823 1625 874 1672 An
890 1624 1031 1657 absolve-

164 1677 206 1709 rit
223 1677 252 1708 ἃ
266 1675 398 1708 ediderit
416 1675 499 1708 hunc
514 1674 647 1707 Librtun
662 1694 672 1710 ,
697 1668 762 1711 lpse
776 1666 902 1707 nescio,
927 1667 958 1699 ἃ
981 1676 1032 1698 ne-

163 1717 268 1751 sciunt
294 1726 420 1759 quoque
437 1741 447 1756 ,
480 1717 534 1758 qui
560 1715 612 1752 id,
636 1720 730 1753 atque
744 1709 766 1743 fi
784 1716 907 1755 certum
924 1707 1001 1740 esset
1020 1730 1032 1746 ,

163 1768 248 1792 nunc
278 1757 419 1790 scribunt
439 1769 448 1797 ;
479 1757 587 1800 potius
606 1760 718 1786 contra
733 1758 911 1792 putaverim
927 1771 938 1788 ,
961 1759 1032 1781 narn

163 1810 220 1832 cur
237 1799 377 1841 alioquin
394 1799 507 1831 Fabius
524 1797 671 1833 dixisset,
694 1797 816 1834 coeperat
836 1790 1031 1837 componere?

163 1843 224 1875 Sed
249 1841 358 1872 demus
388 1840 579 1873 Ciceronem
604 1842 754 1870 conatum
779 1833 841 1880 esse
861 1833 1033 1879 ahquid-m

163 1883 237 1924 Jure
254 1882 372 1921 Civili,
398 1882 428 1914 &
449 1891 489 1914 ex
507 1882 592 1922 ejus,
617 1886 709 1952 (Luam
728 1875 855 1922 babuit,
881 1872 1030 1913 scientia,

165 1924 241 1966 quin
260 1924 290 1955 ὃς
306 1923 419 1955 fiducia
437 1921 504 1963 sui,
525 1922 623 1954 nonni
649 1919 670 1951 il
685 1915 892 1963 scriptitass'e,
913 1925 980 1962 non
989 1923 1032 1962 ta3

165 1975 255 2004 rnen,
281 1972 317 1996 ut
334 1965 447 2006 reliqui
464 1972 544 2003 tres,
569 1969 704 2004 quorum
728 1958 780 1990 hic
796 1966 943 1996 memini,
965 1956 1032 1997 Juri

173 2005 344 2040 ποῇεεηείο
378 2004 410 2037 se
438 2005 563 2037 dederat
576 2028 586 2044 ,
619 2004 648 2035 δι
666 2001 727 2033 hoc
746 2007 849 2031 tamen
867 2008 942 2045 vere
963 1997 1007 2030 est
1019 2020 1031 2037 ,

164 2016 280 2089 iCtum
305 2047 376 2079 effe.
421 2046 596 2078 Distulerat
625 2041 845 2086 profeffionem
877 2040 1031 2080 Jurispru-

165 2089 279 2121 dentiae
298 2088 339 2119 ad
356 2087 545 2120 senestutem
557 2110 568 2126 ,
583 2094 617 2118 ut
635 2083 716 2126 ipse,
729 2081 784 2113 sub
801 2081 932 2123 persona
941 2081 1031 2114 Cras-

166 2130 209 2169 fi,
232 2129 351 2161 fatetur
382 2130 422 2161 L.
447 2129 471 2161 Ι.
503 2130 536 2161 de
570 2129 658 2160 Orat.
691 2126 720 2156 d.
746 2124 778 2155 C.
795 2131 853 2169 45.
876 2123 907 2154 &
928 2121 1032 2169 rursus

168 2172 208 2204 L.
232 2170 257 2202 Ι.
282 2171 315 2201 de
340 2170 413 2202 LL.
450 2172 480 2203 C.
503 2182 534 2212 3.
579 2170 646 2211 Ego
677 2175 766 2203 vero,
792 2172 922 2211 inquit,
938 2169 1033 2195 aetaizs

162 2214 260 2254 potius
287 2214 437 2255 vocationi
467 2211 641 2252 confidebam
661 2231 673 2247 ,
702 2216 766 2253 cuni
792 2206 952 2252 praesertim
974 2215 1032 2252 non

167 2253 346 2294 reczffurem,
379 2264 431 2295 quo
463 2255 559 2285 minus
582 2261 656 2283 more
671 2248 889 2295 patrio-sedem
910 2256 943 2277 zn
957 2247 1031 2294 solio

168 2295 378 2336 consulentibus
400 2295 615 2337 responderem,
638 2289 851 2333 seneftutzsque
873 2297 931 2319 non
953 2298 1029 2319 iner-

167 2339 205 2369 tis
233 2342 317 2379 grato
350 2342 436 2378 atque
466 2334 578 2377 honesto
603 2334 752 2376 fungerer
787 2339 912 2361 munere.
972 2329 1031 2361 Sed

166 2388 243 2410 mox
270 2378 300 2409 C.
324 2387 353 2418 4.
380 2388 444 2418 non
461 2377 594 2410 obscure
608 2375 744 2412 indicat,
769 2370 800 2403 se
821 2371 857 2403 ab
879 2371 942 2418 boc
960 2381 1030 2413 pro-

165 2419 268 2462 posito
295 2418 444 2451 destitisse
461 2444 470 2459 ,
501 2419 585 2461 quod
611 2417 749 2450 laborem
766 2423 829 2445 non
851 2422 1031 2452 minueret,

166 2461 217 2494 sed
241 2468 368 2501 augeret
383 2483 394 2499 ,
424 2462 499 2501 quin
528 2459 676 2492 humilius
692 2456 772 2494 effe,
796 2463 940 2502 quam-ut
959 2454 1032 2501 ase

165 2501 336 2543 exspectari
355 2501 466 2542 poffit,
489 2502 614 2533 libellos
625 2500 783 2543 conficere
803 2497 841 2528 de
859 2495 1033 2543 stilllcidio-

165 2553 236 2577 rum
259 2552 294 2574 ac
317 2543 356 2574 de
382 2544 534 2582 parietum
550 2543 638 2583 jure,
663 2549 715 2574 aut
734 2539 971 2585 stipulationum
1003 2539 1033 2570 &

165 2584 356 2627 judiciorum
377 2582 530 2616 formulas
553 2592 754 2624 componere.
799 2579 905 2626 Atque
929 2588 989 2619 ita,
1011 2579 1033 2612 fi

165 2625 266 2668 ipsum
290 2624 489 2671 *Ciceronem
518 2625 771 2665 interrogemus,
795 2621 910 2654 Cicero
933 2621 1031 2662 JCtus

164 2677 229 2700 non
253 2673 324 2698 erit.

207 2708 251 2740 At
264 2707 377 2747 audio,
402 2708 535 2749 undiqua
560 2716 598 2738 ue
618 2715 742 2744 tamen,
754 2706 787 2737 in
804 2704 961 2737 Cicerone
969 2704 1032 2745 pel-

163 2751 271 2783 lucere
290 2758 472 2790 argumenta
488 2716 630 2780 maiculae
648 2746 921 2793 jurisprudentiae,
942 2746 1032 2791 §tve-

165 2801 209 2822 rae
233 2790 318 2822 illius
345 2790 375 2821 ἂ
403 2800 466 2822 non
490 2788 608 2821 fucatae
629 2787 858 2832 Pliiloiophiae,
883 2786 1031 2831 plurimas

165 2832 245 2874 apud
261 2841 332 2863 eum
350 2840 459 2863 extare
474 2830 676 2862 definitiones
693 2830 723 2861 <St
738 2828 926 2874 quaestiones
937 2826 1030 2875 Juris,

164 2874 300 2904 multum
317 2872 474 2914 disputare
493 2872 532 2903 de
551 2871 783 2909 contraftibus,
803 2868 914 2901 &inde
925 2877 1030 2914 oriun-

163 2915 211 2946 dis
226 2913 401 2946 afflonibus
412 2937 422 2954 ,
446 2914 522 2955 quin
543 2914 683 2954 integros
695 2912 737 2944 ali
762 2918 820 2942 uot
829 2909 945 2954 Libros
960 2907 1030 2939 scri-

164 2954 250 2995 pfiffe
276 2956 309 2986 de
341 2955 472 2997 Legibus
492 2977 503 2994 ‚
522 2963 655 2996 quorum
672 2962 734 2985 tres
774 2951 906 2992 odieque
927 2949 1028 2990 luper-

166 2994 253 3027 sunt:
279 2996 308 3028 &
324 2995 410 3035 inde,
435 2996 465 3028 ὅ(
483 2995 608 3028 aliunde
628 2995 723 3027 video
745 2993 847 3032 effici,
872 3001 934 3024 non
958 3000 1030 3022 eum

165 3036 280 3075 privati
303 3037 456 3069 duntaxat
480 3037 562 3078 Juris
588 3035 681 3068 fuisse
698 3033 900 3072 consultum,
926 3031 976 3064 sed
1000 3032 1031 3064 ὅ(

167 3075 261 3114 sacri,
285 3077 315 3109 &
337 3078 479 3118 publici,
501 3080 530 3110 ἀ
550 3078 706 3109 naturalis.
729 3075 806 3114 Sed,
829 3081 1029 3116 quantacum-

167 3125 226 3155 (ΝΕ
240 3117 364 3160 demum
381 3118 479 3150 fuerit
495 3118 599 3151 Tullii
617 3117 864 3162 jurisprudentia
879 3139 889 3155 ,
920 3124 1029 3160 nemo,

167 3163 203 3186 ut
219 3164 350 3200 opinor,
372 3169 440 3191 eam
459 3160 622 3192 mirabitur
639 3160 668 3191 in
686 3160 757 3191 viro
769 3180 781 3196 ,
805 3166 858 3198 qui
878 3157 908 3188 ὅ(
928 3166 960 3188 in
979 3165 1029 3187 ne-

165 3196 282 3236 gotist,
306 3198 336 3229 &
359 3198 391 3232 in
410 3200 504 3240 foro,
535 3202 565 3233 ἅ
592 3201 624 3234 in
643 3200 817 3242 Republica
836 3204 922 3230 totus
938 3206 1003 3228 erat
1021 3206 1028 3227 :

1078 94 1677 136 BYNKERSHOEK

1073 181 1151 213 mihi
1166 179 1273 221 potius
1290 178 1319 209 in
1342 177 1440 219 patria
1468 175 1650 216 peregrinus
1673 174 1765 208 fuisse
1780 184 1872 220 atque
1888 184 1937 214 ad-

1074 231 1154 254 vena
1180 221 1341 252 videretur
1361 243 1370 258 ,
1403 217 1424 250 si
1446 217 1524 249 nibil
1551 216 1688 249 scivisset
1704 218 1770 258 eius
1784 218 1880 260 Juris,
1904 224 1935 256 in

1074 272 1137 304 quo
1162 261 1341 293 versabatur
1361 283 1370 299 ,
1401 266 1436 292 ut
1461 257 1551 291 Civis
1566 259 1745 299 Romanus,
1771 268 1804 291 ut
1821 262 1937 299 Orator

1076 305 1157 336 inter
1183 304 1301 344 primos
1323 302 1441 343 primus
1457 321 1469 338 ,
1498 300 1632 340 denique
1649 307 1684 331 ut
1701 301 1905 342 Magistratus
1925 329 1937 346 ,

1076 353 1126 376 tot
1142 345 1300 383 tantisque
1319 342 1500 374 muneribus
1510 340 1646 372 functus.
1689 341 1789 374 Aulus
1801 343 1938 386 Gellius,

1076 394 1111 417 ut
1128 385 1219 426 ipsius
1229 383 1435 416 Grammatici
1450 382 1512 415 effe
1529 382 1661 422 doceat,
1682 382 1835 422 JCtorum
1851 387 1938 419 locu-

1076 427 1178 458 tiones
1198 426 1228 458 &
1244 425 1398 457 formulas
1421 423 1521 462 scire,
1550 423 1608 455 hac
1634 425 1757 456 ratione
1771 426 1873 459 utitur
1895 428 1935 461 L.

1075 467 1153 499 XX.
1178 467 1221 498 N.
1248 467 1318 499 Ait.
1345 467 1377 498 C.
1402 476 1431 504 9.
1453 467 1485 497 in
1508 466 1599 497 medio
1618 475 1715 498 rerum
1738 466 1773 501 ὅ)
1792 467 1936 501 bominum

1073 510 1238 549 vituinrqui
1269 509 1391 546 colunt,
1420 509 1556 550 ignorare
1587 516 1644 538 non
1668 518 1681 539 ο
1702 514 1775 540 ortet
1796 511 1886 541 verba
1906 521 1936 543 a·

1074 549 1198 580 &ionum
1231 550 1366 580 civilium
1396 550 1562 580 celebriora.
1617 548 1652 581 In
1727 548 1874 591 agisti-atu
1905 551 1937 584 id

1073 591 1171 631 magis
1187 600 1296 621 verum
1315 589 1378 628 est,
1401 590 1431 621 &
1444 598 1560 631 quotus
1584 590 1693 632 uisque
1711 591 1742 623 in
1763 591 1824 624 hac
1835 591 1938 625 nostra

1074 631 1247 672 Republica
1263 630 1307 663 est
1317 653 1328 669 ,
1351 631 1405 671 qui
1421 630 1565 670 Juriscon
1582 632 1667 664 ultus
1683 641 1746 665 non
1767 633 1868 673 cluit,
1888 634 1942 668 sed

1075 679 1197 710 tamen,
1219 673 1291 713 quia
1306 672 1399 703 rebus
1415 672 1551 713 publicis
1569 673 1598 705 &
1623 673 1755 714 privatis
1779 674 1909 708 interest
1925 698 1937 714 ,

1074 720 1110 744 ut
1132 713 1352 754 Magistratus,
1374 720 1409 744 ut
1425 712 1546 753 Judex,
1570 715 1774 757 non'ignarus
1791 716 1836 748 est
1859 716 1940 757 Juris

1073 754 1187 796 patrii,
1211 754 1241 786 &
1258 753 1398 795 Legum,
1419 762 1493 794 quas
1507 754 1668 795 Principes
1696 757 1725 789 ἃ
1751 756 1886 790 Ordines
1909 767 1939 789 e-

1073 795 1223 827 dixerunt
1238 794 1255 826 ἰ)
1285 795 1318 827 in
1341 794 1497 827 Cicerone
1517 795 1713 837 Philosopho
1730 799 1799 839 quis
1814 800 1938 831 mirabi-

1076 845 1127 868 tur
1142 836 1223 876 Juris
1239 837 1388 869 naturalis
1405 835 1566 870 scientiam
1577 837 1595 870 ‘2
1619 838 1651 870 in
1669 837 1796 880 Augure
1813 841 1882 882 quis
1890 841 1940 882 Ju-

1074 878 1117 910 ris
1133 878 1234 909 sacri?
1256 878 1286 909 in
1304 878 1443 911 Consule
1460 879 1530 920 quis
1551 879 1632 920 Juris
1645 879 1783 920 publici,
1805 881 1837 913 in
1854 882 1937 923 Judi-

1076 929 1113 950 ce
1129 919 1199 961 quis
1214 918 1298 959 juris
1309 919 1452 961 privati?
1478 919 1642 953 Ciceronis
1657 930 1736 954 vero
1756 923 1789 954 de
1803 922 1940 966 ¹Legibus

1075 960 1163 992 Libri
1190 969 1254 992 non
1279 962 1377 1008 magis
1401 960 1472 992 sunt
1493 961 1532 993 de
1554 961 1644 1003 Jure,
1660 973 1777 1005 quam,
1803 964 1941 1005 ejusdem

1075 1002 1267 1043 argumenti,
1298 1002 1386 1034 Libri
1415 1002 1576 1042 Platonis;
1606 1005 1636 1037 ἀ
1653 1014 1813 1047 perperam
1829 1005 1940 1038 Corra-

1074 1043 1131 1074 dus
1161 1044 1195 1074 de
1259 1041 1370 1084 uaestur.
1406 1043 1498 1075 Cicer.
1529 1051 1561 1085 p.
1585 1056 1622 1077 m.
1647 1051 1720 1089 363.
1753 1047 1784 1079 id
1803 1056 1883 1088 opus
1905 1048 1943 1079 de

1075 1084 1207 1127 Legibus
1230 1087 1254 1118 '1
1267 1085 1377 1116 ullium
1402 1093 1467 1116 non
1494 1086 1622 1118 edidiss'e
1647 1097 1687 1119 ex
1712 1098 1751 1120 eo
1778 1088 1911 1129 conjicit
1927 1111 1939 1128 ,

1075 1126 1160 1166 quod
1188 1126 1405 1171 Quintilianus
1425 1125 1558 1166 dixerit,
1582 1129 1688 1169 coepiffe
1715 1130 1834 1171 aliquid
1857 1139 1944 1162 com-

1074 1176 1192 1208 ponere
1217 1169 1256 1200 de
1276 1168 1368 1209 Jure,
1392 1176 1432 1198 eo
1447 1168 1530 1200 enim
1554 1168 1641 1201 Libri
1664 1173 1698 1202 de
1722 1170 1854 1213 Legibus
1875 1180 1942 1204 non

1074 1208 1234 1249 pertinent
1249 1233 1259 1249 ,
1291 1217 1326 1240 ut
1351 1208 1467 1246 novit,
1499 1209 1552 1250 qui
1576 1219 1631 1242 eos
1653 1211 1786 1253 legerit,
1809 1212 1861 1245 sed
1884 1222 1941 1255 po-

1077 1249 1162 1287 tius,
1188 1258 1223 1280 ut
1244 1250 1333 1291 supra
1350 1247 1545 1289 dicebamus,
1567 1250 1663 1283 Liber
1685 1255 1718 1285 de
1743 1253 1820 1295 Jure
1847 1255 1943 1286 Civili

1075 1290 1108 1320 in
1131 1295 1223 1321 artem
1245 1291 1412 1333 redigendo,
1458 1290 1613 1336 Quamvis
1629 1294 1726 1334 igitur
1741 1295 1870 1337 largiar,
1890 1295 1944 1328 Ci-

1076 1339 1223 1363 ceronem
1240 1342 1305 1364 non
1324 1331 1478 1363 duntaxat
1498 1330 1588 1373 supra
1606 1335 1661 1366 vul
1686 1345 1720 1366 us
1740 1336 1912 1368 Orator-um
1930 1360 1942 1377 ,

1099 1371 1152 1403 uin
1175 1373 1205 1404 &
1231 1371 1425 1411 Consulum,
1455 1372 1652 1415 aliorumque
1695 1376 1913 1418 iagissratuum
1930 1401 1943 1418 ,

1069 1381 1157 1455 ῗυνίε
1175 1412 1269 1446 fuiss'e
1284 1413 1470 1456 prudentem
1482 1436 1492 1452 ,
1511 1423 1552 1446 ex
1571 1424 1610 1447 eo
1631 1424 1734 1449 tamen
1752 1416 1943 1452 Ciceronem

1074 1463 1140 1486 non
1162 1453 1271 1487 fecero
1294 1455 1410 1496 JCtum
1426 1478 1437 1494 ,
1467 1463 1503 1486 ut
1524 1455 1596 1496 JCti
1620 1457 1765 1491 definitio
1783 1458 1829 1492 est
1837 1482 1849 1499 ‚
1872 1470 1943 1502 quae

1074 1495 1136 1528 ess'e
1154 1496 1271 1536 debet,
1290 1497 1371 1538 apud
1390 1495 1492 1537 ipsum
1518 1497 1707 1532 Ciceronem
1736 1502 1765 1532 d.
1796 1501 1836 1534 L.
1862 1501 1887 1535 1.
1910 1504 1946 1535 de

1078 1538 1168 1570 Orat.
1195 1538 1227 1570 C.
1251 1548 1303 1579 49.
1329 1539 1359 1571 &
1376 1546 1412 1569 ut
1431 1537 1504 1579 JCti
1523 1540 1683 1573 vocabulo
1707 1549 1844 1574 utuntur
1855 1551 1944 1576 vete-

1074 1588 1123 1611 res
1136 1579 1308 1620 AuCtores,
1331 1588 1429 1621 utque
1443 1579 1476 1611 in
1493 1580 1681 1614 recensenda
1698 1592 1808 1616 eorum
1823 1593 1944 1617 memo·

1073 1621 1120 1652 ria
1139 1621 1240 1653 utitur
1263 1620 1328 1664 ipse
1351 1620 1557 1662 Pomponius.
1590 1623 1651 1656 Sed
1672 1623 1744 1656 satis
1764 1623 1811 1658 est
1829 1625 1868 1658 de
1891 1626 1945 1660 Ci-

1074 1671 1190 1694 cerone
1211 1672 1276 1696 non
1298 1662 1392 1704 JCto.
1711 1675 1714 1677 ’

1119 1703 1253 1736 Sermone
1276 1706 1364 1736 etiam
1382 1706 1503 1748 antiquo
1524 1705 1588 1748 usw
1610 1706 1767 1749 affeftavit
1780 1710 1912 1752 scribere
1928 1734 1941 1751 ‚

1076 1744 1112 1781 &⁹
1139 1747 1200 1777 ideo
1228 1754 1335 1788 purum.
1367 1746 1457 1778 Libri
1488 1747 1550 1789 ejus
1569 1752 1653 1791 grati
1672 1751 1827 1784 habentur.
1871 1751 1944 1785 Effe

1074 1787 1194 1828 aliquid
1210 1788 1242 1820 in
1261 1787 1345 1820 hisce
1365 1788 1487 1827 verbis,
1512 1790 1595 1830 quod
1613 1800 1701 1824 aures
1729 1803 1793 1826 non
1813 1793 1944 1826 vitiosas

1075 1828 1228 1869 offendit,
1247 1839 1340 1861 nemo
1359 1828 1455 1861 facile
1474 1833 1647 1872 negaverit.
1699 1833 1836 1866 Budaeus
1853 1835 1890 1866 ad
1913 1835 1943 1867 h.

1076 1870 1116 1903 L.
1137 1870 1202 1912 usus
1225 1878 1326 1902 mutat
1344 1871 1375 1902 in
1398 1871 1496 1912 veryur
1511 1895 1523 1911 ,
1551 1882 1706 1913 praetexta
1723 1876 1818 1907 etiam
1835 1875 1942 1908 aucto-

1074 1912 1169 1943 ritate
1188 1912 1382 1954 quorundam
1403 1912 1592 1954 Librorum,
1611 1915 1640 1947 δι’.
1657 1916 1808 1957 intelligit
1816 1916 1855 1948 de
1863 1917 1941 1949 XII.

1075 1951 1178 1985 Tabb.
1203 1952 1253 1986 sed
1271 1962 1383 1996 auget,
1414 1963 1477 1986 non
1504 1953 1588 1986 sanat
1605 1957 1711 1990 ulcus:
1734 1967 1835 2000 neque
1857 1958 1943 1991 enim

1074 1993 1197 2026 constat
1224 1994 1302 2027 XII.
1344 1995 1485 2027 Tabulas
1508 1997 1653 2030 oratione
1687 1998 1773 2030 versa
1804 2008 1943 2041 unquam

1074 2035 1222 2076 prodiiss‘e
1238 2058 1248 2074 ,
1282 2036 1312 2068 &
1338 2036 1440 2068 minus
1466 2038 1613 2077 constat,
1644 2038 1826 2072 Tuberonis
1848 2050 1944 2082 opera

1075 2077 1240 2117 prodiiss'e,
1264 2086 1365 2119 neque
1381 2078 1475 2109 etiam
1494 2078 1599 2111 versus
1617 2079 1705 2119 sunt,
1726 2091 1826 2122 quos,
1842 2090 1878 2114 ut
1897 2089 1943 2114 ta-

1075 2120 1141 2157 les,
1166 2118 1331 2160 proposuit
1348 2118 1490 2150 Budaeus.
1535 2119 1584 2151 Ad
1603 2124 1669 2153 baec
1697 2122 1892 2164 Pomponius
1914 2133 1944 2156 a·

1096 2160 1121 2190 it
1143 2159 1182 2191 de
1204 2159 1466 2201 jurisprudentia,
1492 2170 1556 2193 non
1578 2162 1617 2194 de
1640 2163 1729 2195 Poe-fi
1748 2163 1940 2198 Tuberonis.

1074 2168 1142 2233 lgxiifi
1174 2208 1277 2232 tamen
1308 2201 1461 2239 Budaeus,
1495 2203 1579 2243 quod
1602 2204 1700 2246 magis
1724 2206 1910 2239 crediderim
1928 2230 1941 2247 ,

1075 2251 1130 2283 per
1152 2242 1250 2283 vevfihs
1270 2242 1464 2273 intellexerit
1480 2245 1629 2284 periodos,
1653 2246 1820 2287 sententias
1841 2247 1870 2280 &
1893 2257 1941 2280 ca-

1070 2285 1137 2324 pita
1161 2283 1300 2324 quaedam
1313 2306 1324 2322 ,
1345 2294 1361 2314 a
1386 2282 1415 2314 se
1440 2283 1599 2324 invicem,
1622 2288 1765 2328 quamvis
1790 2298 1854 2320 non
1877 2297 1942 2321 me-

1073 2333 1146 2365 tro,
1179 2324 1340 2364 distincta,
1374 2323 1424 2356 sed
1455 2326 1506 2358 vel
1529 2326 1571 2359 fic
1591 2327 1741 2369 obscura,
1767 2329 1797 2362 δε
1819 2337 1942 2362 tantum

1075 2376 1139 2399 non
1163 2367 1288 2411 inepta,
1309 2367 1369 2398 crit
1391 2367 1562 2408 loquutio,
1597 2370 1707 2411 utique
1729 2370 1751 2403 fi
1774 2369 1848 2403 XII.
1874 2370 1940 2402 Ta-

1074 2408 1162 2441 bulas
1195 2408 1365 2440 iubaudias.
1411 2409 1597 2442 Mornacius
1623 2410 1676 2442 hic
1703 2411 1788 2443 delet
1826 2420 1942 2445 vocem

1074 2451 1158 2493 usus,
1182 2449 1267 2483 sensu
1291 2450 1480 2490 commodO,
1504 2461 1612 2493 parum
1634 2460 1741 2493 gratos
1750 2450 1872 2484 scilicet
1890 2453 1941 2486 ha-

1076 2493 1141 2525 beri
1166 2491 1350 2524 Tuberonis
1380 2490 1493 2524 Libros
1511 2516 1521 2532 ,
1542 2492 1628 2534 quod
1650 2491 1843 2526 affectaverit
1866 2493 1941 2527 scri-

1076 2536 1149 2567 bere
1163 2534 1295 2575 sermone
1317 2533 1452 2579 antiquo,
1478 2543 1541 2565 non
1564 2534 1708 2576 vulgari,
1732 2544 1792 2566 nec
1813 2534 1940 2570 usitato.

1075 2577 1136 2609 Sed
1159 2576 1238 2608 hanc
1262 2574 1357 2617 ipsam
1381 2575 1564 2606 iententiam
1594 2574 1793 2616 habebimus,
1818 2576 1862 2616 fi,
1885 2575 1940 2611 sal-

1076 2628 1115 2649 va
1139 2626 1238 2657 voce,
1263 2625 1353 2647 unam
1376 2616 1529 2648 duntaxat
1559 2616 1681 2648 literam
1707 2626 1882 2658 mutemus,
1908 2619 1939 2652 &

1075 2660 1230 2701 legamus,
1255 2665 1290 2688 ut
1310 2664 1388 2698 puto
1412 2657 1575 2698 legendum
1587 2679 1598 2696 ,
1620 2659 1758 2700 antiqui,
1779 2668 1843 2691 non
1859 2661 1939 2692 anti-

1074 2711 1145 2744 quo,
1174 2701 1234 2732 boc
1267 2698 1379 2739 patto:
1392 2698 1523 2740 sermone
1558 2701 1674 2741 antiqui
1694 2700 1759 2741 usus
1778 2700 1937 2742 affeiiavit

1064 2743 1212 2783 scribere:
1235 2740 1297 2771 hoc
1321 2739 1387 2780 cst,
1409 2749 1473 2780 quo
1496 2740 1573 2772 olim
1596 2741 1724 2782 Antiqui
1750 2741 1780 2774 &
1805 2742 1936 2775 Veteres

1076 2783 1263 2820 utebantur,
1285 2791 1349 2812 non
1372 2791 1436 2822 quo
1459 2781 1504 2813 illi
1518 2804 1530 2819 ‚
1552 2782 1604 2822 qui
1631 2782 1814 2815 Tuberonis
1839 2793 1937 2825 aequn·

1075 2826 1120 2858 les
1141 2831 1239 2856 crant.
1261 2822 1414 2854 Vocabula
1435 2823 1521 2853 moris
1544 2825 1658 2865 antiqui
1674 2824 1758 2856 dixit
1781 2823 1938 2858 Ausonius

1074 2867 1105 2898 in
1131 2866 1264 2897 Gratiar.
1290 2862 1346 2895 αὲἶ.
1377 2865 1414 2895 ud
1447 2862 1552 2904 Imper.
1586 2866 1726 2898 Gratiam.
1746 2871 1780 2906 p.
1801 2875 1840 2898 m.
1868 2871 1935 2902 182.

1073 2907 1151 2938 Mos
1173 2906 1235 2938 five
1259 2903 1330 2936 usus
1350 2905 1495 2951 antiquus
1514 2906 1688 2946 opponitur
1718 2907 1797 2938 mori
1822 2907 1886 2940 five
1907 2916 1938 2939 u-

1052 2947 1118 2979 'sui
1144 2947 1284 2988 vulgato.
1311 2945 1440 2978 Curtius
1464 2947 1503 2978 L.
1528 2947 1550 2979 l.
1577 2947 1609 2979 C.
1632 2957 1660 2980 2.
1685 2947 1724 2979 de
1740 2947 1935 2981 Alexandro:

1072 2989 1255 3025 vehiculum,
1274 2997 1326 3028 quo
1350 2988 1491 3019 Gordium
1515 2988 1608 3020 Midae
1626 2994 1742 3029 patrem
1762 2989 1874 3021 vecium
1896 2999 1935 3021 es-

1065 3031 1099 3072 Je
1127 3028 1296 3071 constabat,
1328 3029 1461 3069 aspexit,
1494 3031 1575 3061 cultu
1601 3030 1677 3062 baud
1712 3031 1767 3062 une
1787 3042 1805 3062 a
1825 3031 1936 3062 viliori-

1075 3074 1125 3102 bus
1156 3071 1341 3112 vulgatisque
1372 3071 1423 3111 usic
1453 3071 1616 3103 abhorrens.
1707 3071 1870 3104 rediderim
1894 3071 1934 3104 le-

1073 3111 1227 3154 gendum,
1251 3111 1437 3153 transpoiito
1460 3122 1480 3142 s.
1506 3112 1678 3160 vulgatique
1699 3113 1780 3154 ustis,
1800 3113 1832 3144 id
1850 3111 1935 3144 enim

1074 3155 1167 3194 longe
1199 3153 1321 3194 praessai
1343 3175 1353 3190 ,
1385 3154 1443 3184 alia
1474 3153 1568 3185 lettio
1603 3162 1659 3186 Vix
1692 3153 1812 3186 sensum
1832 3153 1934 3186 habet.

1074 3195 1172 3227 Cetter
1183 3205 1234 3227 um
1255 3194 1292 3225 de
1316 3195 1509 3236 Antiquariis
1535 3194 1595 3227 illis
1612 3194 1641 3228 ὅ(
1656 3201 1845 3235 vianensi-n,
1863 3203 1933 3265 qula-

1909 3243 1935 3269 ἲς
