2008 3436
440 111 834 150 CORNELII

183 197 252 233 cle,
277 194 331 227 sctl-
345 203 381 225 an
402 194 431 225 ἃ
448 194 541 225 habet
559 193 757 235 privilegium
769 215 777 229 ,
793 200 831 222 ne
848 189 910 230 ipsa
927 189 963 220 ad
983 187 1044 219 Cu-

183 237 261 268 riam
279 235 436 266 vocetur?
461 234 625 276 Nusquam
643 234 672 264 id
690 232 839 272 scriptum
866 229 919 262 est.
967 229 1043 260 Uta-

185 287 236 308 tur
260 277 418 317 pupilluS,
448 276 531 317 quod
557 277 648 307 babet
664 297 674 312 ,
706 272 874 314 privilegio
892 295 900 309 ‚
931 270 1044 306 vidua,

184 319 268 358 quod
283 327 345 349 non
367 317 480 355 habet,
504 326 542 348 ne
556 325 670 348 utatur.
716 313 841 352 Major,
864 313 917 352 qui
932 311 1046 350 Reipu-

185 360 278 390 blicae
298 357 389 390 causa
408 357 529 394 abfuit,
553 368 592 388 ex
618 354 786 397 privilegio
804 352 978 384 restituitur
991 373 1001 388 ,
1025 350 1046 381 fi

184 400 260 440 quid
285 399 388 430 damni
412 399 449 431 sit
467 421 476 437 ,
505 398 554 429 sed
580 408 617 429 an
649 398 678 427 ἃ
702 393 876 425 restituitur
902 390 1046 423 adversus

186 450 274 479 eum,
311 441 362 480 qui
389 441 502 480 pariter
535 437 727 478 Reipublica:
760 433 849 465 causa
882 432 1044 464 abfuerit?

186 480 264 512 Non
289 481 412 512 dubitat
436 481 616 512 Marcianus
641 487 671 509 111
696 476 716 507 l.
736 476 788 506 ult.
808 475 849 515 ff.
874 475 925 505 Ex
946 474 1046 513 quibus

187 522 263 563 caiis]
292 523 363 563 ilztij.
385 531 443 553 nec
465 521 670 551 dubitandum
693 516 758 554 est,
782 517 871 557 quia,
896 516 948 554 qui
967 513 1045 553 pari-

189 571 235 593 ter
249 562 369 601 abfuit,
392 572 453 593 non
473 562 563 591 habet
579 559 777 600 privilegium
791 579 801 594 ,
822 566 862 587 ne
883 562 992 585 contra
1017 553 1047 584 se

187 603 504 645 restitutiopetatur,
530 601 580 633 sed
605 610 639 633 ut
659 599 740 640 ipse,
767 607 805 631 ex
830 595 919 628 causa
942 595 1046 627 absen-

187 129 257 162 310
910 119 1017 145 VAN

1091 103 1694 143 BYNKERSHOEK

1087 187 1158 226 tite,
1183 185 1414 217 restitutionem
1431 183 1574 215 obtinere
1588 183 1687 224 poffit.
1733 182 1879 215 Ecclefiae
1893 184 1941 218 da-

1089 237 1155 259 tum
1171 227 1215 259 est
1227 250 1237 265 ‚
1259 235 1298 258 ne
1317 236 1364 258 res
1380 225 1446 264 ejus
1467 223 1640 265 Episcopus
1665 223 1779 254 alienet
1791 245 1800 260 ,
1822 223 1872 255 sed
1888 234 1942 257 no-

1088 270 1143 300 lim
1165 276 1330 309 propterea
1347 267 1449 304 dicas,
1474 265 1604 296 eundem
1626 263 1687 295 effe
1704 264 1877 310 acquirendi
1899 264 1942 298 fa-

1088 401 1153 422 non
1169 389 1214 422 est
1235 391 1267 421 C.
1289 399 1314 421 1.
1338 389 1382 421 X.
1406 390 1438 418 cle
1455 388 1554 419 Rebus
1570 386 1681 427 EccleJ:
1704 385 1792 417 alien.
1814 385 1860 417 vel
1877 396 1942 420 non.

1089 432 1161 471 quia
1184 430 1325 469 constat,
1347 431 1394 469 jus
1419 428 1566 461 Eccleliae
1601 427 1661 458 ess‘e
1686 427 1856 465 retinendi,
1880 436 1946 467 quae

1090 472 1204 510 habet,
1235 481 1298 502 non
1319 480 1422 502 autern
1445 470 1569 501 alterius
1600 467 1746 500 Ecclefiae
1774 467 1948 508 aquirendi,

1090 523 1160 553 quae
1179 514 1276 544 altera
1294 521 1357 542 non
1383 510 1486 552 potest
1509 511 1652 541 alienare.
1699 508 1864 540 Adverl'am
1880 517 1947 550 par·

1092 562 1154 584 tem
1164 554 1212 593 jus
1224 553 1391 593 privilegio
1400 551 1591 585 contrarium
1608 559 1671 582 non
1686 549 1797 580 habere
1812 549 1950 583 inomni·

1091 595 1148 626 bus
1164 593 1259 626 caulis
1276 592 1404 625 sufficit.
1943 596 1950 621 t
1970 608 1973 610 -

792 683 1147 724 CAPUT

1246 683 1336 718 VI.

242 775 409 822 Qiaeritur
435 773 470 807 de
496 773 572 807 aliis
598 769 780 816 quibusdam
805 766 947 814 petsonis
971 776 1009 800 ac
1035 763 1155 810 caustr,
1181 775 1223 798 an
1248 764 1289 798 ad
1306 764 1562 809 jurisdifflonem
1590 763 1690 797 Curia·
1712 763 1905 809 pertineant.
1946 780 1949 782 ·

291 881 332 903 on
351 869 497 901 constitui
525 866 794 901 Commentariun]
813 863 946 896 scribere
969 862 1005 894 ad
1025 861 1053 903 §.

305 918 334 947 8.
370 911 461 943 Euan.
491 912 556 942 Cur.
582 909 666 940 Hvll.
694 916 784 947 1531.
817 905 922 937 neseio
951 904 1056 941 enim,

193 966 231 987 :in
250 955 410 995 quisquam
429 952 482 991 iit,
512 952 562 992 qui
592 960 659 981 eam
681 949 820 980 cloacam
840 954 970 986 purgare
987 954 1058 985 pos-

194 997 241 1029 iit.
287 994 487 1031 Elegan'tiora
505 992 646 1034 quaedam
664 996 840 1030 proponere
867 994 1055 1024 contentus,

194 1037 313 1076 reliqua
332 1035 473 1074 Oedipos
487 1034 614 1066 traetare
627 1031 787 1072 permitto,
804 1027 976 1071 Quaesitum
993 1025 1054 1063 est,

195 1088 234 1109 an
260 1075 453 1108 Eccleliastae
470 1100 479 1112 ‚
512 1075 565 1115 qui
587 1074 618 1105 in
650 1070 820 1103 Hollantlia
847 1077 972 1100 munere
1003 1067 1060 1103 suQ

193 1119 389 1160 funguntur,
400 1117 480 1158 apud
497 1115 621 1148 Curiam
635 1111 796 1144 conveniri
813 1109 1057 1150 poffintffiunt,

195 1161 247 1201 qui
267 1160 373 1199 ajunt,
396 1157 488 1195 sunt,
510 1157 561 1198 qui
585 1161 709 1196 negant.
754 1151 805 1184 De
829 1151 904 1183 foro
921 1149 1059 1181 Clerieo-

196 1210 264 1232 rum
286 1200 360 1241 quid
379 1199 452 1239 Jure
472 1199 614 1229 Romano
631 1193 838 1226 constitutum
855 1192 916 1229 sit,
941 1189 1058 1221 intelli-

197 1243 298 1283 gimus
314 1250 353 1271 ex
370 1241 389 1271 l.
421 1249 469 1279 25.
499 1238 534 1273 (5)
553 1239 574 1269 l.
592 1248 643 1279 533.
663 1243 710 1276 pr.
735 1234 770 1268 (5)
791 1233 817 1273 §.
847 1242 873 1263 1.
901 1233 932 1262 C.
957 1232 989 1261 cle
1016 1230 1058 1260 E-

194 1282 267 1324 pist.
294 1282 329 1316 &³
348 1282 450 1312 Cierio.
496 1279 555 1311 Sed
572 1280 629 1309 alui
653 1284 736 1308 nune
756 1274 821 1312 est,
845 1274 874 1304 δέ
897 1273 975 1303 011111
998 1270 1060 1315 fuit

199 1322 488 1356 Eccleiiasticorum
519 1318 671 1351 conditio.
727 1315 811 1358 Quia
839 1322 941 1345 tamen
964 1310 1060 1342 nostri

198 1363 392 1397 Ecclefiastae
422 1364 452 1392 in
478 1359 717 1392 Pontificiorum
751 1355 972 1391 Sacer-dotum,
1008 1351 1061 1390 qui

200 1405 306 1437 Curiae
334 1404 497 1439 suberant,
530 1401 634 1432 locum
666 1397 858 1433 successere,
887 1394 966 1434 apud
1001 1392 1062 1424 Cu-

201 1447 276 1478 riam
300 1445 382 1476 recte
408 1442 592 1478 conveniri,
627 1441 656 1471 δε
682 1439 724 1470 ita
744 1440 888 1470 Senatum
914 1434 1062 1466 Frilieum

204 1497 253 1527 15.
277 1486 335 1526 Jul.
371 1488 458 1524 1607.
483 1481 628 1523 judieass'e
655 1481 785 1512 relatum
817 1477 861 1509 est
885 1476 953 1518 (1).
1000 1475 1061 1506 Eo-

201 1529 332 1567 demque
355 1526 450 1557 modo
475 1526 506 1556 in
529 1522 697 1555 Hollandia
722 1521 844 1561 quidam
873 1524 1063 1558 argumenta-

202 1578 253 1600 tur
282 1568 357 1608 (2),
391 1566 443 1598 eui
466 1566 517 1597 alii
543 1563 784 1600 contradicunt,
817 1559 917 1591 adlata
940 1556 1064 1598 quidem

204 1620 240 1641 ea
255 1609 398 1647 ratione,
423 1607 476 1638 sed
501 1615 564 1638 non
589 1604 744 1641 refutata;
769 1601 990 1634 contradicunt
1013 1607 1064 1628 au-

203 1659 286 1688 tem,
310 1650 381 1690 quia
399 1649 524 1689 vulgare
542 1645 693 1677 domicilii
711 1644 831 1681 forum,
855 1642 905 1672 ubi
925 1640 991 1680 quis
1012 1639 1064 1669 de-

204 1693 272 1733 git,
297 1690 407 1722 servari
426 1688 597 1730 &publice
616 1689 645 1719 <Sc
663 1685 809 1727 privatim
829 1680 1064 1723 expedit,mul-

206 1733 311 1773 tisque
328 1731 462 1772 Legibus
479 1730 544 1770 ejus
561 1728 726 1759 auctoritas
741 1724 911 1757 constituta
923 1721 976 1753 eit.
1003 1721 1067 1752 Un-

206 1774 244 1805 de
273 1773 352 1804 alius
378 1772 460 1803 dixit
490 1771 566 1812 (3),
586 1769 617 1800 id
639 1769 670 1800 in
697 1767 790 1799 Friiia
814 1773 934 1797 tantum
959 1770 1067 1793 verum

205 1814 285 1852 effe,
312 1815 341 1845 ὅ(
363 1813 465 1844 rursus
492 1813 570 1844 alius
595 1810 671 1850 (4),
696 1807 903 1840 Eccleiiarum
930 1803 1068 1836 pastores

207 1855 349 1887 moribus
369 1853 481 1886 nostris
501 1852 621 1884 nullum
636 1851 748 1882 lmbcre
764 1848 835 1880 Fori
847 1846 1067 1888 privilegium,

210 1896 284 1935 sed,
319 1904 354 1926 ut
382 1895 493 1927 Laicos
511 1917 521 1932 ,
550 1893 632 1933 apud
654 1890 827 1923 ordinarios
856 1888 980 1928 judices
1010 1884 1070 1916 effe

207 1936 454 1969 conveniendos.
499 1935 577 1967 Sane
593 1929 780 1964 veriffiinum
797 1930 869 1968 est‚.
882 1929 919 1959 ad
942 1928 1069 1959 Curiam

210 1979 318 2010 vocari
334 1987 398 2009 non
414 1975 522 2018 posse,
544 1984 620 2013 nec,
646 1974 698 2015 qui
718 1981 807 2004 extra
825 1970 945 2010 Hagam
963 1976 1068 2000 mune-

206 2029 241 2051 re
268 2019 322 2050 suo
351 2019 545 2060 funguntur,
569 2024 703 2056 unquam
724 2020 856 2045 vocatos
873 2010 976 2043 fuisse.
1021 2009 1069 2041 An

208 2060 369 2093 Pontitieii
403 2059 587 2091 Sacerdotes
619 2057 696 2088 olim
736 2055 839 2093 Curia}
872 2051 1071 2087 subfuerint‚

209 2101 286 2134 milii
307 2110 370 2132 non
388 2099 456 2131 satis
473 2100 588 2138 liquet,
614 2107 684 2129 nam
701 2097 778 2128 niliil
795 2094 898 2127 Curia:
924 2092 1071 2124 tribuitur

212 2144 244 2174 in
273 2141 301 2183 §.
321 2146 355 2176 ¹8.
382 2141 475 2172 Furni.
504 2141 574 2171 Cur.
599 2138 682 2169 Holl.
710 2146 799 2178 1531.
825 2144 919 2176 quam
944 2142 978 2164 ut
1005 2132 1071 2163 vin-

211 2183 319 2214 dicent
340 2182 481 2221 injurias,
507 2178 731 2211 Ecclcfiasticis
752 2179 869 2214 illatas,
887 2175 979 2215 idque
994 2173 1069 2204 dun-

212 2231 318 2261 taxat,
338 2223 360 2255 fi
376 2222 561 2254 cunctentur
583 2219 742 2251 vindicare
760 2217 883 2250 Ballivii
899 2215 928 2258 §
943 2225 988 2247 12.
1000 2215 1067 2245 ibid.

210 2266 277 2303 An,
296 2265 446 2304 ¹inquam,
471 2263 547 2294 olim
568 2259 774 2292 Ecclefiastici
790 2257 985 2294 subfuerint,
1008 2264 1072 2287 non

213 2305 287 2338 satis
303 2305 380 2337 milii
400 2304 518 2345 liquet,
543 2302 592 2334 sed
617 2302 677 2333 hoc
700 2302 816 2342 liquet,
839 2296 1073 2331 Ecclesiasticos

212 2346 334 2379 nostros
354 2347 384 2377 in
401 2344 641 2376 Pontiiicioruin
657 2344 706 2384 jus
724 2352 785 2374 non
803 2339 972 2373 successiss'e
984 2362 992 2377 ‚
1005 2337 1071 2369 nul-

213 2389 274 2420 lam
298 2388 380 2419 enim
408 2386 637 2418 immunitatem
664 2382 869 2416 Ecclefiastici
888 2380 981 2412 nostri
1007 2387 1071 2420 prae

214 2429 320 2461 Laicis
333 2428 457 2459 habent.
480 2427 521 2458 Et
537 2426 582 2457 ait
599 2425 627 2466 §.
644 2434 672 2466 7.
699 2424 764 2456 LL.
787 2421 963 2455 Ecclesiast.
982 2420 1070 2452 lloll.

217 2475 248 2504 8.
272 2470 371 2502 Mart.
397 2477 486 2508 1591.
510 2466 569 2508 (5)
599 2465 713 2499 subsint
736 2463 928 2498 Eccleliastae
953 2463 1073 2505 legibus

216 2511 298 2550 loci,
322 2511 361 2542 de
382 2519 445 2550 quo
470 2510 590 2550 agitur,
614 2509 644 2540 ἃ.
672 2514 797 2548 parcant
822 2504 1073 2546 Magistratibus,

216 2561 368 2593 quatenus
384 2550 523 2582 officium
541 2559 649 2581 eorum
666 2558 728 2580 non
748 2547 936 2580 adversatur.
981 2544 1077 2577 Curia

218 2602 323 2624 tamen
343 2592 524 2624 Hollandiae
549 2591 593 2622 ait
617 2591 655 2631 (6
685 2613 694 2628 ,
719 2589 802 2622 suam
825 2589 901 2620 olii‘n
920 2587 1011 2619 fuisse
1032 2587 1076 2627 ju-

217 2633 431 2666 1151116ὶίοηοω
456 2632 487 2663 111
508 2631 645 2663 Ecclesia
676 2631 741 2662 ieos
765 2629 971 2667 Pontificios,
988 2628 1023 2665 ,ὃς
1041 2627 1076 2659 fi-

214 2675 280 2707 mul
300 2673 423 2705 nostros
442 2673 473 2704 in
491 2681 599 2703 eorum
617 2672 666 2711 jus
684 2670 864 2702 suceeffiss‘e.
908 2671 966 2701 Sed
981 2670 1019 2700 de
1032 2670 1077 2709 ju—

217 2715 397 2748 risdittione
414 2713 492 2745 nihil
510 2713 675 2754 quicquam
696 2711 828 2752 probat,
850 2719 882 2741 at
905 2711 943 2742 de
968 2711 1077 2741 immu-

218 2757 318 2788 nitate
340 2755 513 2792 duntaxat,
536 2762 628 2794 quarn
647 2760 770 2783 veteres
795 2750 1001 2783 Ecclesiastici
1028 2751 1078 2781 bu-

219 2797 354 2829 buiss'ent
378 2806 396 2827 a
424 2794 550 2827 tributis
571 2793 726 2835 Haganis,
759 2793 788 2824 ὅ(
804 2793 856 2832 qui
881 2801 1023 2823 veterum
1048 2792 1078 2821 ot

219 2838 395 2870 nostrorum
413 2845 516 2877 parem
534 2835 654 2866 causam
669 2833 804 2870 dixerit,
826 2833 903 2872 juris
928 2832 1079 2863 Ecclefia-

221 2880 308 2919 stiei,
333 2878 448 2912 veteris
464 2877 493 2909 &
508 2875 585 2909 novi
601 2884 710 2917 parum
734 2872 894 2907 consultus
916 2873 969 2906 cst.
1015 2873 1077 2905 Au-

261 3003 323 3041 (1)
343 3003 436 3034 Sande
452 3001 541 3039 Dechf.
560 3001 626 3040 Fris.
646 3001 681 3030 L.
696 3001 718 3029 I.
743 2999 775 3030 T.
791 3001 813 3029 I.
833 2998 922 3037 Defin.
944 3007 968 3028 1.

265 3043 325 3078 (α)
345 3043 418 3070 Bello
434 3040 564 3080 Juridico
579 3040 644 3079 Casu
659 3040 807 3068 XXXVII.
828 3047 854 3066 n.
879 3047 903 3067 ι.

261 3081 321 3118 (3)
342 3082 404 3109 Van
420 3081 561 3109 Leeuwcn
577 3079 612 3107 R.
628 3079 668 3107 H.
683 3078 718 3106 R.
737 3077 806 3106 L.1.
829 3075 859 3104 T,
873 3078 909 3105 111.
928 3085 954 3104 n.
978 3082 1002 3110 ς.

223 3118 555 3192 Epgjct.)a23dr-oenew'egen
579 3117 609 3145 de
627 3116 689 3145 LL.
711 3117 813 3154 Abrog.
834 3115 868 3144 aa
889 3116 908 3144 l.
932 3122 976 3149 29.
998 3112 1027 3144 C.
1048 3112 1078 3143 de

257 3194 316 3230 (5)
336 3193 603 3233 Kerken-Ordening
619 3193 695 3224 Plac.
709 3192 758 3225 111.
781 3200 807 3222 2.
829 3199 854 3228 3.
876 3199 902 3227 4.

1099 861 1166 893 Ctor
1184 867 1285 892 tamen
1302 861 1400 891 amicae
1419 860 1588 890 Collationir
1607 859 1664 900 (7)
1680 858 1779 904 adhuc
1797 866 1884 900 urget
1893 857 1953 906 pri-¹¹

1098 903 1249 943 vilegium
1273 900 1336 946 fori
1364 901 1395 932 in
1417 899 1610 946 Ecclesiastis
1635 901 1793 942 llagauis,
1814 908 1953 942 quamws
1989 903 1993 906 '

1098 942 1251 981 fateatur,
1283 943 1313 973 id
1333 941 1388 973 usu
1406 942 1540 973 obtineri
1567 951 1629 972 non
1656 941 1766 983 polse,
1797 941 1828 973 in
1855 940 1965 982 Hagam,

1099 986 1146 1016 nis
1158 1008 1166 1022 ,
1187 985 1414 1024 inquam,nam
1433 983 1515 1023 quod
1530 982 1565 1013 ad
1583 982 1660 1014 alios
1677 983 1805 1014 aliarum
1825 980 1960 1015 Urbiunf

1098 1025 1319 1062 Ecclefiastas,
1352 1033 1528 1064 nunquam,
1554 1024 1637 1062 quod
1662 1023 1777 1062 sciam,
1801 1022 1895 1054 Curia
1911 1022 1958 1063 iu·-

1098 1066 1309 1098 risdictionem
1326 1063 1408 1096 suam
1430 1064 1589 1101 defendit,
1616 1066 1644 1096 ot
1669 1070 1772 1097 tamen
1794 1054 1982 1098 defendet&

1100 1107 1253 1145 debebat,
1284 1106 1324 1144 fi,
1355 1105 1438 1144 quod
1457 1106 1643 1146 generaliter
1669 1105 1707 1136 de
1736 1103 1960 1142 Ecclefiasticis'

1101 1149 1202 1187 dixit,
1229 1148 1307 1178 tueri
1328 1145 1437 1187 posset.
1472 1146 1522 1177 De
1542 1145 1678 1186 Haganis
1694 1146 1767 1178 solis
1781 1147 1869 1178 aliam
1886 1155 1961 1187 quo÷

1102 1199 1160 1230 que
1187 1189 1340 1220 rationem
1369 1187 1502 1218 advocat
1529 1186 1643 1224 Curia,
1676 1187 1760 1228 quod
1786 1196 1898 1228 nempe
1915 1186 1973 1220 illi*

1102 1230 1280 1269 pertineant
1299 1228 1335 1258 ad
1354 1227 1482 1259 tertium
1503 1228 1579 1259 illud
1595 1237 1691 1267 genus
1708 1228 1867 1260 hominum
1878 1254 1885 1263 .
1897 1227 1961 1261 Ha-

1103 1280 1152 1310 gae
1170 1268 1393 1303 habitantium,
1419 1268 1450 1298 in
1469 1277 1545 1307 quos
1563 1267 1666 1299 Cui-ise
1683 1268 1758 1300 esset
1771 1269 1962 1308 jurisdictio,

1106 1311 1158 1343 sed
1196 1310 1240 1341 ita
1278 1308 1431 1339 debuiil'et
1472 1308 1558 1339 illam
1597 1309 1692 1339 solam
1727 1310 1879 1342 rationem
1915 1320 1964 1342 ur-

1104 1361 1197 1393 gere,
1230 1349 1358 1389 reliquis
1382 1348 1496 1380 omiffis
1509 1370 1519 1386 ,
1541 1355 1572 1378 at
1597 1358 1698 1389 neque
1721 1358 1788 1382 eam
1811 1351 1965 1384 rationem

1105 1393 1209 1467 guffiae
1233 1389 1399 1432 prodess‘e,
1432 1389 1503 1421 satis
1534 1388 1610 1421 1111111
1644 1391 1754 1422 videor
1783 1389 1872 1432 supra
1893 1401 1964 1437 μσς

1127 1444 1142 1465 a
1170 1443 1198 1465 e.

1147 1475 1200 1507 De
1218 1472 1385 1511 Notariis,
1409 1472 1459 1514 qui
1476 1471 1576 1513 Hagae
1604 1472 1764 1513 habitant,
1786 1473 1860 1513 quid
1883 1473 1965 1508 dice'-

1106 1516 1200 1549 mus?
1221 1515 1264 1547 Et
1286 1523 1358 1546 eum
1382 1523 1417 1544 ea
1441 1513 1479 1544 de
1499 1522 1532 1544 re
1555 1515 1766 1554 quaereretur,
1786 1515 1967 1558 responsura

1107 1557 1255 1595 invenio,
1280 1555 1339 1596 (8)
1363 1554 1443 1595 apud
1459 1553 1585 1585 Curiam
1600 1555 1682 1586 reete
1701 1557 1947 1599 convenir1‚qui
1970 1586 1974 1597 ,

1108 1600 1146 1631 ab
1164 1598 1334 1630 Ordinibus
1354 1595 1556 1633 Hollandiae,
1586 1597 1703 1635 praevio
1723 1596 1827 1630 Curiae
1850 1599 1966 1633 exami-

1108 1650 1169 1678 ne,
1192 1646 1356 1675 creantur,
1379 1637 1416 1668 ad
1441 1635 1683 1677 Magistratuum
1708 1638 1792 1676 loci,
1821 1640 1874 1673 ubi
1900 1639 1968 1674 offi2.

1108 1682 1160 1713 cio
1180 1679 1234 1712 suo
1251 1678 1387 1711 functuri
1404 1676 1495 1716 sunt,
1520 1678 1774 1719 propositionem.
1819 1681 1901 1726 Quae
1922 1691 1969 1718 ra-

1111 1723 1157 1754 tio
1184 1720 1302 1762 oppido
1325 1718 1369 1750 est
1396 1719 1510 1759 inepta.
1555 1718 1723 1750 Notarium
1747 1728 1849 1754 tamen
1868 1722 1970 1764 Haga.

1109 1773 1203 1800 num,
1225 1761 1305 1803 apud
1324 1759 1449 1792 Curiam
1469 1759 1507 1790 de
1521 1757 1594 1791 foro
1610 1760 1818 1800 excipientem
1829 1763 1944 1803 ‚Curia
1955 1785 1970 1804 ‚

1110 1804 1222 1845 reiecta
1238 1801 1449 1842 exceptione,
1473 1801 1553 1841 apud
1571 1799 1599 1832 se
1615 1801 1734 1834 eausam
1758 1803 1863 1836 dicere
1885 1805 1969 1837 dam-

1111 1846 1197 1878 navit
1221 1854 1267 1876 10.
1290 1843 1367 1875 Dec.
1394 1845 1483 1882 1677.
1507 1841 1574 1882 (9).
1599 1841 1658 1873 Sed
1676 1842 1763 1876 forte
1779 1845 1869 1885 ideo,
1885 1846 1969 1886 quod

1112 1889 1142 1919 ὅ(
1162 1886 1244 1918 idem
1259 1892 1324 1916 erat
1343 1883 1538 1921 sollicitator,
1564 1892 1656 1924 quem
1679 1893 1794 1918 vocant
1813 1887 1926 1928 litium,
1938 1887 1970 1921 δε

1112 1927 1214 1970 quod,
1239 1926 1290 1967 qui
1309 1934 1346 1957 ex
1358 1924 1497 1964 duplici,
1521 1933 1584 1964 quo
1597 1923 1760 1964 fungitur,
1777 1924 1905 1967 officio,
1917 1928 1972 1961 du-

1110 1970 1185 2011 plex
1205 1967 1308 1999 forum
1326 1966 1439 2004 habet,
1463 1965 1544 2005 apud
1563 1964 1716 2006 superius,
1730 1968 1759 2000 ἅ
1776 1968 1898 2010 dignius
1906 1968 1971 2002 for'.

1113 2019 1144 2042 tc
1163 2011 1313 2041 duntaxat
1332 2006 1568 2039 conveniendus
1589 2008 1636 2038 fit.
1680 2007 1740 2039 Sed
1762 2017 1800 2041 an
1820 2009 1865 2042 illi
1884 2010 1969 2042 Solli-

1113 2053 1266 2089 circitor-es,
1283 2047 1400 2079 etiarnsi
1414 2046 1493 2078 nibil
1508 2047 1593 2078 aliud
1613 2049 1768 2088 agant,ad
1783 2050 1970 2090 jurisdictio-

1113 2101 1185 2125 nem
1200 2090 1304 2122 Curiae
1331 2088 1523 2129 pertineant,
1555 2089 1668 2119 merito
1693 2089 1828 2123 dubitari
1849 2091 1972 2124 ostendi

1113 2133 1201 2174 supra
1229 2132 1259 2163 C.
1281 2129 1304 2162 I.
1329 2128 1372 2170 vsi
1399 2128 1598 2170 Pragniutici.
1643 2128 1788 2162 Ceterum
1809 2132 1848 2167 de
1869 2132 1971 2165 Nota-

1114 2175 1186 2212 riis,
1212 2172 1264 2214 qui
1286 2170 1384 2216 Hagze
1409 2169 1566 2207 habitant,
1589 2179 1669 2202 anno
1692 2180 1780 2213 1734.
1806 2173 1888 2205 inter
1910 2173 1972 2207 Cu.-

1113 2216 1190 2247 riam
1223 2215 1252 2245 dt
1284 2209 1507 2252 Magistratum
1544 2211 1708 2251 Ilaganum
1734 2214 1816 2254 apud
1839 2215 1974 2248 Ordines

1114 2254 1295 2288 Hollandiae
1312 2261 1396 2284 nova
1413 2251 1451 2283 lis
1479 2251 1655 2283 contestata
1675 2251 1738 2292 est,
1761 2263 1821 2286 nec
1844 2255 1886 2288 ibi
1909 2254 1972 2288 Cu-

1114 2298 1159 2329 ria
1176 2305 1231 2328 eos
1249 2295 1304 2327 fibi
1319 2292 1512 2331 vindicavit,
1534 2293 1617 2334 quod
1636 2293 1830 2328 constituant
1845 2296 1973 2330 tertium

1114 2337 1194 2370 illud
1216 2345 1311 2378 genus
1338 2335 1521 2373 hominum,
1549 2334 1588 2366 de
1608 2343 1671 2374 quo
1697 2335 1784 2377 supra
1808 2337 1973 2378 aliquoties

1113 2379 1200 2417 dixi,
1225 2377 1274 2410 sed
1291 2386 1330 2408 ex
1345 2376 1405 2408 alio
1421 2375 1542 2416 capite,
1575 2375 1595 2407 fi
1613 2385 1725 2418 nempe
1745 2377 1871 2410 Notarii
1894 2377 1971 2418 sint,

1116 2421 1146 2452 ὅτ.
1169 2419 1257 2452 fimul
1274 2416 1442 2458 fungantur
1458 2417 1526 2449 aliis
1538 2417 1730 2456 muneribus,
1754 2427 1822 2459 quae
1836 2428 1893 2451 eos
1911 2417 1971 2451 Cu-

1115 2462 1169 2493 riae
1187 2461 1262 2502 foro
1283 2458 1468 2499 subjiciunt,
1481 2458 1509 2489 &
1527 2458 1677 2498 ejusmodi
1697 2458 1901 2491 Notariorum
1910 2458 1974 2492 Cu—

1116 2503 1161 2535 ria
1193 2511 1240 2542 14.
1268 2501 1353 2540 Sept.
1385 2507 1472 2541 1734.
1497 2500 1654 2540 prolixum
1682 2499 1867 2542 Catalogum
1889 2509 1975 2532 com-

1117 2542 1243 2585 posuit,
1272 2543 1302 2574 ὃς
1326 2541 1495 2573 Ordinibus
1518 2539 1651 2571 tradidit.
1697 2539 1790 2572 Verbi
1809 2541 1930 2582 gratia,
1953 2539 1976 2575 fi

1118 2584 1282 2618 1imuls1nt
1301 2582 1473 2620 Advocati,
1503 2581 1739 2619 Procuratores,
1761 2581 1856 2613 aliive
1870 2604 1880 2620 ,
1911 2581 1975 2615 Cu-

1120 2627 1174 2658 ria:
1191 2624 1303 2657 subditi
1318 2645 1327 2661 ‚
1352 2623 1382 2654 &
1397 2622 1490 2654 facile
1505 2619 1684 2660 consentio,
1709 2621 1729 2653 fi
1744 2623 1796 2663 qui
1810 2621 1880 2655 sunt
1896 2623 1974 2664 ejus-

1121 2667 1224 2705 modi,
1238 2664 1385 2705 superiori
1398 2664 1427 2695 ὅ(
1436 2662 1567 2703 digniori
1582 2661 1654 2693 soro
1663 2661 1724 2694 esse
1738 2662 1975 2706 adscribendos,

1119 2709 1170 2741 sed
1193 2709 1264 2749 quia
1281 2705 1372 2737 Curia
1387 2703 1542 2744 Catalogo
1570 2701 1624 2734 suo
1651 2703 1801 2744 plurimos
1828 2703 1975 2749 inseruit,

1121 2745 1402 2791 quos.Magistatus
1425 2753 1516 2785 negat
1533 2752 1572 2774 ex
1597 2744 1684 2783 aliis,
1708 2745 1821 2786 quibus
1841 2743 1939 2787 fungu
1963 2761 1978 2770 .

1121 2799 1189 2828 tur,
1211 2788 1323 2820 officiis
1343 2786 1379 2817 ad
1399 2785 1524 2817 Curiam
1543 2785 1718 2824 pertinere,
1741 2786 1873 2819 Ordines
1897 2754 1983 2819 uniit

1121 2831 1284 2872 quicquam
1301 2827 1400 2858 adhue
1414 2825 1633 2858 definiverunt.
1681 2826 1798 2858 Interea
1815 2826 1922 2866 vides,
1934 2835 1976 2859 cx

1122 2882 1162 2904 co
1179 2870 1271 2908 solo,
1295 2869 1380 2910 quod
1402 2867 1529 2899 Notarii
1548 2866 1621 2906 lint,
1646 2867 1725 2901 nihil
1746 2867 1801 2902 fibi
1817 2876 1901 2900 nunc
1922 2868 1976 2900 tri·

1898 2908 1974 2966 bue·

1183 2996 1221 3034 6)
1243 2995 1275 3024 In
1289 2993 1386 3031 grandi
1396 2991 1511 3030 Epistula
1526 2993 1559 3021 ad
1574 2992 1688 3021 Ordines
1697 2992 1770 3021 Hau.
1785 2991 1844 3021 data
1855 2969 1976 3030 15.Ap2'.

1123 3045 1153 3071 ι)
1279 3042 1319 3061 11.
1341 3033 1366 3060 <t
1381 3034 1408 3060 in
1424 3033 1515 3060 collat.
1534 3034 1618 3060 uniit-a
1638 3040 1664 3068 p.
1683 3038 1749 3068 439.
1769 3029 1805 3065 ὅ)
1817 3039 1882 3066 440.

1143 2998 1178 3064 -ἓ
1199 3057 1205 3063 .
1226 3043 1253 3071 p.

1157 3074 1170 3110 (
1203 3073 1216 3110 )
1235 3073 1262 3099 d·
1284 3080 1311 3107 p-
1334 3077 1398 3115 4395
1419 3069 1458 3114 ¹&³
1474 3079 1540 3112 ⁴⁴:0-

1158 3112 1172 3186 ἓ
1204 3109 1311 3185 {gello
1324 3107 1451 3148 Jurtdtco
1466 3109 1531 3146 Caju
1548 3116 1592 3142 90.

1279 3148 1344 3186 Casu
1356 3155 1402 3181 90.

1181 3043 1195 3070 7

1180 3081 1195 3140 {³

1181 3157 1199 3183 9

1993 3 2008 59 ’1

1988 80 1991 85 “
2005 68 2008 97 l

1998 108 2008 137 ,l

2002 161 2008 175 l,

1993 176 1999 203 ¹.

2002 276 2006 289 1

1087 319 1220 348 vorem,
1244 308 1296 349 qui
1313 306 1357 338 est
1372 306 1548 343 retinendi,
1571 306 1704 344 ideoque
1728 314 1759 336 1n
1780 304 1871 336 aliam
1886 305 1944 338 Ec·
1997 306 2005 328 s

1088 350 1209 381 clefiam
1232 348 1421 389 Episcopum
1448 348 1581 379 alienare
1608 345 1713 386 posse,
1746 354 1815 376 nam
1841 354 1946 379 verum
1987 352 1990 353 ’
