2008 3436
284 107 440 145 LissRl
490 101 857 142 SINGULARIS
907 102 988 140 AD
1038 102 1079 138 L.
1130 103 1341 150 LECTA,
1392 105 1614 146 cmxiii.

57 194 242 230 sententiam
260 189 372 223 dixisl'c
389 186 471 220 suam
486 185 524 217 dc
541 184 598 224 iis,
612 192 691 231 ‘quae
710 189 786 214 tunc
802 189 923 228 tem-po-

57 238 100 270 ris
127 232 444 268 contr-avertebantur
465 251 475 267 ,
505 227 535 272 «St
565 225 692 270 quidem
731 230 922 270 conti-ariam

58 277 156 310 Paulo
203 284 274 307 cum
298 274 322 305 is
344 271 486 304 videatur
514 267 597 299 solus
615 263 787 298 sustinuisse
802 264 923 304 junctas

58 301 195 351 umbon’e
217 316 403 359 phalanges,
426 312 470 343 ait
489 309 572 342 enim
594 307 754 345 Dicebam,
781 304 868 337 secus
886 315 922 337 ac

58 361 90 394 iri
121 361 141 391 l.
165 360 217 390 ult.
244 357 284 399 ff.
317 355 388 398 qood
422 359 485 384 com
508 359 548 382 eo.
592 348 703 381 Taceo
722 347 922 393 simultates,

58 401 253 442 cumprimis
282 397 402 430 strenue
428 395 510 426 inter
545 400 610 437 ares
631 397 772 421 exerceri
791 389 919 435 solitas,

57 440 306 486 quandoquidem
332 435 488 470 suffecerit
526 440 669 474 pecimen
694 439 735 462 cx
762 429 783 461 l.
805 439 857 478 43.
877 429 917 471 ff.

56 487 91 517 de
113 483 219 515 astion.
250 486 316 513 emt.
350 478 445 514 ’Λγιθῇ
466 477 488 504 δ’
506 477 553 508 'dats
572 475 617 504 „ai
635 471 833 517 ss?⁰²⁰²“!,ht
851 471 921 502 haec

57 526 96 558 de
117 522 336 567 probabilitate
353 516 489 551 censurae
513 516 545 548 in
561 515 731 557 Ulpianum
749 512 831 544 dicta
848 511 917 545 sun-

59 575 221 648 to‘Nequit
238 611 340 636 autem
362 601 467 633 induci
492 599 563 641 Joh.
583 597 751 631 Gocddeus
766 598 800 643 de
821 597 920 643 Contr.

60 650 97 686 ὅ)
117 648 255 680 committ.
270 643 375 685 Jtipul.
401 644 432 675 C.
458 640 548 674 vill.
572 650 602 672 n.
619 644 671 672 61.
698 647 732 670 ut
750 637 922 676 existimet,

55 692 119 724 hoc
145 689 217 720 loco
247 686 416 727 Ulpianum
442 681 586 715 destinari
603 706 612 722 ‚
642 682 733 722 quia,
756 680 778 712 si
794 679 921 712 credere

57 731 183 773 dignum
203 727 270 768 est,
296 726 358 769 ipse
381 727 413 758 in
436 726 457 757 l.
488 734 535 767 13.
555 730 601 764 pr.
621 722 663 764 ff.
687 731 825 769 common.
846 727 918 767 prec-

55 774 128 806 dior.
149 779 245 812 quum
272 770 418 809 loquatur
438 767 476 798 dc
500 766 674 807 obligatione
688 761 920 810 Ptrstlpljldtltg-

54 817 101 846 nis
117 814 229 856 legem,
252 811 348 843 docet
363 809 449 851 pacta
470 805 721 849 stipulationibus
747 804 860 850 melle,
884 804 918 835 si-

54 856 120 887 cuti
138 856 188 886 hic
209 853 331 885 Paulus.
378 849 492 897 Quod,
517 849 594 880 licet
616 855 782 892 utrumque
800 846 920 877 lumino

53 897 123 938 jure
142 904 290 937 negemus
302 917 310 933 ‚
343 893 387 925 nil
417 900 520 923 tamen
538 891 597 928 πρὶς
614 892 831 934 {meaquippe
847 895 921 932 cuin

56 949 95 971 co
124 947 189 969 non
213 934 357 967 obstante
381 933 543 975 potuerint
571 930 633 962 effe
654 929 813 976 discordes
829 936 922 974 ⁸circa

57 978 283 1020 obiigationem
306 974 485 1012 usurarum,
508 972 572 1004 vid.
601 972 632 1002 C.
657 969 699 1002 λ.
726 967 920 1014 CuJaciusad

58 1022 130 1054 Lia.
157 1018 210 1051 Ill.
237 1015 341 1056 Ost-eft.
375 1014 485 1052 posili,
508 1014 540 1045 in
570 1014 589 1044 l.
610 1011 794 1051 Lecta,szib
813 1013 871 1055 jin.
896 1019 918 1055 ¹.'

55 1064 151 1095 tidem
180 1050 274 1099 uegit
300 1058 465 1098 Ulpianum
489 1053 655 1095 designari,
681 1052 710 1084 ὅ(
725 1051 881 1097 [ιπηεηὴιό
898 1059 920 1081 i-

56 1103 143 1146 psun
164 1102 192 1133 in
210 1093 365 1140 principio
381 1097 517 1137 ejusdem
535 1096 691 1140 Continent.
714 1092 920 1138 conuellerat,

79 1144 138 1176 uod
160 1143 239 1174 inrci·
256 1141 321 1180 ejus
342 1139 506 1171 Vni-[maia
525 1147 588 1169 non
612 1143 772 1181 immerito
793 1133 917 1180 referas.

95 1185 183 1217 ititur
203 1192 297 1223 porro
315 1181 369 1212 iile
385 1186 571 1220 argumento
595 1178 615 1209 l.
646 1186 693 1208 11.
718 1178 747 1218 ᾖ.
775 1185 801 1207 1.
820 1175 860 1217 ff.
886 1184 919 1206 ae

54 1227 96 1260 R.
110 1226 142 1258 C.
167 1224 217 1256 cui
237 1223 317 1254 idem
335 1230 533 1263 reponimus,
547 1218 630 1261 quod
640 1217 920 1258 Goeddeo,qtiuin

55 1267 162 1300 eadem
186 1265 221 1297 iit
241 1264 401 1304 utriusque
415 1261 564 1293 tiiduffio.
607 1260 726 1292 Statuit
744 1266 846 1290 tamen
859 1257 920 1304 Cu-

53 1309 152 1351 jacius
180 1307 249 1338 heic
272 1305 359 1337 Pauli
383 1312 539 1335 certamen
564 1301 716 1343 singulare
739 1309 810 1331 cuin
831 1299 919 1341 Papi-

55 1352 149 1383 niano
167 1373 176 1388 ,
213 1349 243 1380 cic
268 1347 310 1378 ita
333 1354 404 1378 ante
430 1354 501 1375 cuni
521 1343 644 1384 Viglius
661 1342 814 1374 Zuichem
830 1341 867 1387 ad
890 1340 917 1383 §.

57 1404 93 1425 ex
112 1402 140 1424 eo
159 1396 254 1422 autem
271 1399 299 1430 7.
326 1389 358 1419 in
368 1387 423 1428 fin.
450 1384 524 1426 Inst.
543 1386 619 1427 quib.
638 1385 708 1416 mod.
721 1382 794 1430 ,lestz
811 1384 918 1423 infirm.

56 1434 151 1475 Cujus
178 1431 305 1464 adducit
336 1429 356 1461 l.
380 1439 412 1470 5.
439 1427 480 1468 ff.
513 1428 546 1458 de
561 1426 693 1473 separat.
717 1430 821 1471 juncta
843 1425 917 1472 l·.3:

56 1476 87 1519 §.
110 1475 165 1507 ult.
190 1474 247 1504 eod.
275 1479 308 1503 ut
333 1469 464 1511 colligat
482 1492 491 1507 ,
524 1468 728 1509 Papinianum
755 1473 849 1498 etiam
875 1468 919 1498 ibi

56 1519 88 1549 in
114 1525 222 1548 notam
249 1513 335 1545 Pauli
362 1512 530 1544 incurrere.
576 1509 645 1542 lino
671 1508 864 1541 luculentius
886 1508 919 1540 in

58 1559 80 1590 l.
103 1568 153 1598 φῖ.
183 1556 222 1598 ff.
256 1556 289 1586 cle
321 1561 383 1595 acq.
409 1552 466 1584 vel.
490 1552 586 1583 amitt.
612 1552 677 1582 [κεν.
703 1550 723 1582 l.
748 1549 802 1582 ult.
821 1549 863 1592 ff.
885 1551 918 1581 de

55 1599 134 1642 Jure
164 1597 222 1640 fise.
255 1596 285 1628 &
311 1595 503 1628 Dec‘retorum
530 1593 633 1626 Libris
650 1592 774 1635 passim:
799 1591 920 1634 quin&

56 1651 73 1673 a
96 1634 197 1682 posita
215 1638 388 1679 iniquitatis
409 1644 485 1668 nota
501 1634 532 1666 in
543 1635 563 1667 l.
575 1635 664 1677 6o.§.
675 1645 705 1675 4.
720 1633 760 1675 ff.
771 1634 805 1664 de
820 1633 862 1665 R.
872 1632 919 1666 N.

87 1689 278 1713 erumtamen
297 1702 308 1718 ‚
339 1677 481 1720 quamvis
504 1676 616 1709 lubens
641 1675 812 1708 concedam
831 1697 843 1714 ,
871 1683 922 1706 ne-

53 1722 260 1768 minem-plus
270 1720 440 1762 Papiniano
455 1719 603 1760 vapulare
620 1718 652 1750 in
671 1716 795 1758 scriptis
814 1715 921 1756 Pauli,
962 1748 965 1749 γ

54 1765 87 1798 in
102 1763 248 1806 praeienti
265 1762 343 1794 illud
357 1761 425 1794 fieri
440 1769 503 1793 non
518 1760 714 1792 crediderim.
758 1757 836 1804 Non
852 1766 921 1790 utar

54 1815 91 1839 ea
107 1805 248 1842 ratione,
278 1803 363 1845 quod
391 1804 422 1835 in
446 1801 671 1843 Manuscripto
697 1810 769 1832 meo
786 1798 849 1841 ipse
867 1799 921 1831 Pa-

51 1847 215 1890 pinianus,
238 1845 329 1877 velut
346 1844 467 1877 Auctor
479 1867 489 1883 ,
512 1843 731 1886 praescribatur
747 1842 828 1884 Legi
847 1840 920 1874 XL.

54 1897 128 1921 cum
145 1887 284 1929 ignorem
295 1909 306 1925 ,
328 1896 388 1926 qua
404 1885 474 1918 fide.
520 1886 580 1917 Sed
599 1884 671 1927 quia
682 1883 835 1916 sententia
844 1882 920 1914 Pau-

55 1930 78 1963 li
104 1938 167 1962 non
193 1927 377 1959 obtinuisset
402 1927 434 1959 in
464 1926 642 1966 auditorio,
668 1926 758 1966 cujus
799 1922 890 1956 raeses
906 1947 918 1963 ‚

54 1971 255 2008 moderator,
279 1970 309 2001 &
326 1969 442 2001 arbiter
454 1968 639 2009 Papinianus
655 1974 731 1999 erat.
804 1975 919 1998 rouun-

55 2012 162 2045 ciaffet
177 2012 303 2052 potius,
327 2020 363 2042 ac
383 2019 454 2041 eum
470 2009 578 2041 fecisse
597 2009 728 2051 legimus
746 2008 778 2040 in
795 2008 823 2039 d.
836 2007 856 2038 l.
867 2016 918 2047 97.

50 2054 92 2096 ff.
115 2055 148 2085 de
169 2062 233 2094 aeq.
256 2053 304 2084 vei
326 2053 423 2083 amitt.
448 2051 548 2083 haered.
573 2051 604 2083 id
623 2049 690 2088 est,
722 2049 744 2081 fi
765 2058 875 2080 verum
891 2057 920 2080 a·

55 2104 174 2127 mamus
183 2116 196 2132 ,
215 2094 317 2126 minus
334 2093 427 2125 recte.
470 2092 552 2124 Haec
566 2092 654 2124 forte
670 2090 920 2122 animadvertens

55 2136 180 2178 Viglius
195 2134 268 2166 dicio
287 2136 343 2166 loco
352 2157 364 2173 ,
388 2143 422 2166 ut
437 2133 529 2165 staret
546 2134 612 2174 ejus
627 2138 875 2165 commemorata
884 2140 918 2162 o-

55 2177 145 2220 pinio
164 2199 173 2215 ,
203 2176 326 2216 putavit
344 2198 354 2214 ,
385 2175 507 2207 Partem
534 2175 632 2207 Paulo
660 2171 820 2219 adversam
837 2172 919 2204 obti-

55 2217 166 2250 nuisse.
210 2217 270 2248 Sed
283 2227 378 2258 quam
395 2217 425 2249 ἃ
441 2216 520 2249 illud
543 2226 608 2249 non
622 2216 660 2249 sit
675 2214 860 2257 probabile,
883 2220 919 2245 ut

55 2260 88 2292 in
108 2257 190 2299 seqq.
216 2257 318 2290 sumus
342 2258 523 2299 probaturi,
554 2265 660 2290 manet
676 2257 804 2294 eadem,
825 2264 919 2297 quarn

55 2299 276 2337 adstruximus,
299 2299 426 2340 Ulpiani
438 2299 578 2330 denotati
589 2297 837 2331 verisimilitudo,
856 2297 916 2328 Ve-

56 2351 126 2374 rum
141 2341 179 2371 de
199 2340 245 2371 his
267 2339 337 2372 satis
351 2364 359 2379 ‚
385 2341 414 2372 dt
431 2339 517 2371 forte
537 2340 607 2381 plus
625 2339 709 2372 satis.

101 2381 198 2425 Igitur
228 2382 266 2412 ad
287 2391 380 2413 arma.
462 2382 580 2419 uamvis
605 2381 662 2413 ille
679 2381 777 2414 Paulo
794 2388 918 2414 contra-

55 2424 137 2463 rius,
170 2424 200 2455 δ(
229 2431 300 2454 cum
325 2432 364 2454 eo
383 2422 495 2464 reliqui
507 2428 650 2463 putarent
664 2424 702 2455 ad
721 2424 918 2463 exceptionem

58 2471 172 2498 tantum
185 2464 307 2505 proileſje
321 2462 458 2504 pastum,
481 2469 596 2504 tamen,
620 2464 682 2503 ait,
705 2464 762 2505 ipſs>
776 2465 842 2506 jure
859 2473 917 2494 non

57 2507 251 2538 ‘committetur
275 2505 425 2546 itsitrarwn
451 2505 599 2548 obligatio.
656 2505 808 2537 Videmui‘
829 2514 917 2536 certe

59 2549 134 2586 ὕδρῳ
147 2547 237 2580 *eiu-n·
250 2569 260 2584 ,
271 2547 313 2578 ita
329 2546 420 2578 aliam
439 2546 500 2578 alia
514 2547 638 2588 excipit
653 2547 833 2579 difficultas.
856 2545 915 2577 Di-

57 2589 162 2621 ximus
187 2588 257 2629 Cap.
273 2588 346 2620 xii.
371 2597 500 2627 eorum,
525 2598 593 2629 quae
611 2588 788 2620 Adversarii
809 2596 917 2620 move-

59 2629 155 2668 bant,
177 2638 241 2661 non
259 2629 352 2661 alium
371 2628 432 2661 ess'e
450 2628 588 2669 sensum,
614 2639 706 2671 quam
726 2629 806 2672 pacti
822 2638 916 2661 exce-

60 2671 200 2713 ptionem
222 2669 296 2701 sorti
322 2670 473 2701 duntaxat
500 2670 690 2703 obstaturam
708 2695 719 2711 ,
752 2680 824 2703 cum
853 2669 918 2712 ipsa

100 2711 164 2743 etio
193 2710 237 2741 nil
259 2711 313 2742 nisi
337 2710 450 2743 sortem
477 2718 658 2745 concernat.
703 2712 801 2753 Atqui
819 2711 917 2753 JCtus

56 2763 90 2786 in
108 2750 243 2792 ejusdem
263 2753 433 2793 argumenti
451 2755 642 2794 repetitione
656 2754 918 2786 Diffentientium

60 2801 195 2826 mentem
214 2791 336 2823 videtur
354 2793 396 2824 ita
412 2795 589 2835 explicare,
614 2796 658 2827 uti
673 2795 916 2834 existimass'ent,

61 2834 184 2877 pactum
204 2833 401 2873 simpliciter,
424 2835 537 2877 absque
554 2837 618 2869 ulla
633 2838 796 2870 mentione
811 2835 915 2874 sortis,

58 2875 102 2908 ad
114 2875 334 2914 exceptionem
349 2876 504 2915 prodeffe:
550 2878 612 2910 uod
629 2878 813 2921 negavimus
835 2880 863 2909 d.
883 2878 917 2909 C.

63 2915 140 2949 XII.
174 2914 400 2962 consequenter
422 2918 506 2959 hujus
567 2921 617 2961 gis
634 2919 885 2962 interpretationi
907 2941 920 2957 ,

60 2963 155 2999 quarn
186 2955 374 3001 instituimus
406 2958 475 2998 Cap.
507 2958 550 2991 X.
593 2960 717 2993 Poterit
743 2961 818 2992 huic
836 2960 918 2992 scru-

63 2999 141 3040 pulo
159 3006 304 3042 occurri,
326 2997 474 3039 siquidem
491 2999 649 3041 dieamus,
666 3002 745 3034 hanc
759 3010 920 3043 argumen-

65 3040 92 3071 ti
119 3037 334 3070 assumtionem
357 3039 394 3070 ad
421 3040 549 3081 primam
579 3042 645 3082 ejus
674 3044 921 3085 propositionem

64 3078 276 3125 referendam,
305 3085 348 3111 ex
367 3089 464 3126 eaque
481 3082 695 3122 explicandam
711 3085 793 3122 esse,
814 3094 921 3126 quem-

66 3119 232 3153 admodum
251 3119 315 3160 ipsa
333 3130 377 3152 rei
401 3130 510 3153 natura
523 3145 536 3161 ,
572 3124 602 3156 ὁ(
617 3125 788 3165 praesertim
810 3127 925 3161 ’ἔμφασις

68 3162 101 3194 in
115 3160 303 3234 {graffium
325 3160 395 3194 satis
414 3162 555 3204 indicat3
576 3170 610 3197 ut
625 3166 675 3198 ille
685 3168 812 3208 putabat
840 3167 871 3200 h,
893 3177 920 3199 e.

959 180 1037 221 ficut
1055 202 1067 220 ,
1096 185 1314 230 eoemodouquo.
1359 187 1445 229 Ergo
1470 189 1533 221 hoc
1556 191 1645 223 vult:
1676 191 1834 237 Quamvis

965 233 1020 262 ea,
1044 233 1105 264 qua
1133 224 1193 271 ille.
1212 228 1333 272 ajebat,
1358 230 1497 269 ratione,
1527 233 1605 272 pacti
1627 233 1778 274 exceptio
1797 232 1835 265 fit

966 263 1167 297 solummodo
1186 276 1216 298 in
1235 269 1350 299 sortem
1369 278 1556 312 operatura,
1580 283 1644 306 non
1663 284 1742 306 vero
1761 275 1836 307 &in

965 304 1091 352 usu-ras,
1121 314 1162 353 ut·
1180 317 1241 348 ego
1262 317 1339 349 puto
1357 312 1483 350 verius,
1514 320 1616 345 tamen
1632 324 1737 347 earum
1754 312 1834 347 obli-

963 356 1051 389 gatio
1067 346 1135 389 ipso
1153 358 1220 388 Jure
1239 360 1302 382 non
1319 353 1584 387 comniitteretui·;
1610 354 1756 398 Denique
1769 366 1833 390 non

962 389 1066 435 potest
1089 398 1153 420 non
1182 390 1293 423 referri
1320 393 1358 424 ad
1378 392 1493 427 sortem
1524 395 1619 428 solam
1639 406 1694 435 ca,
1716 407 1776 438 qua
1792 399 1832 430 de

964 432 1066 462 sermo
1092 429 1162 478 est,
1191 434 1339 473 excepii05
1369 444 1431 468 non
1462 437 1572 479 utiquc
1590 438 1627 470 ad
1644 437 1767 478 usuras,
1791 450 1833 471 ne

965 481 1115 514 cogamur
1138 482 1181 504 ita
1205 476 1387 508 ratiocinari
1407 488 1414 508 :
1456 477 1611 524 Quamvis
1641 481 1835 522 exceptione

964 522 1086 560 tantum
1097 536 1108 552 ,
1132 521 1235 562 tamen
1252 516 1319 557 ipso
1337 518 1405 557 jure
1422 518 1581 552 usui-arum
1599 520 1665 553 fieri
1685 531 1834 563 proroga-

964 562 1093 600 tionem.
1139 555 1226 588 hilct
1252 558 1321 589 liaec
1350 559 1503 593 sententia
1517 561 1558 594 sic
1577 561 1649 594 satis
1665 561 1774 603 fatua,
1800 565 1832 595 ὃς

963 605 1070 637 ecquis
1089 606 1156 628 eam
1171 607 1192 643 a
1209 600 1460 634 contradictione
1475 602 1644 635 absolvat?

1004 637 1065 669 Sed
1095 647 1193 684 magis
1210 640 1322 686 'adhuc
1347 642 1482 676 offendit
1516 646 1675 686 proposita
1703 647 1832 679 oratio:

964 688 1034 725 nam
1058 680 1132 725 quid
1149 682 1165 712 22
1198 682 1217 730 si
1243 682 1312 728 pfilt
1338 683 1553 726 stipulationes
1572 688 1768 719 convenisset
1789 689 1833 720 ni-

964 720 1029 759 hil,
1063 723 1161 767 uiui‘oe
1191 724 1312 764 Lupitis
1341 727 1474 759 universi
1499 728 1560 760 sine
1584 729 1681 761 dubio
1704 728 1834 761 fuiii'crit

963 761 1134 807 commiilae
1149 772 1226 809 rnox
1242 775 1258 795 a
1282 776 1368 798 mora
1388 769 1497 801 meniis
1515 770 1619 810 primi.
1643 770 1673 803 N
1680 781 1740 803 unc
1756 780 1833 803 con·

963 812 1052 834 venit
1077 803 1115 849 de
1139 804 1224 836 sorte
1249 809 1462 847 particulatim
1489 811 1692 844 refundenda.
1739 812 1833 845 Hanc

963 853 1210 892 conventionem
1227 856 1368 889 tuemur,
1393 860 1424 882 at
1451 861 1504 893 pei·
1532 854 1775 895 exceptionem,
1802 856 1834 886 δε

964 886 1090 927 quidem
1110 888 1186 932 soi-ti
1217 897 1337 922 tantuin
1367 894 1608 934 opponendam,
1634 897 1835 936 quemadmo-

963 929 1037 959 dum
1055 927 1186 974 largitur
1205 930 1319 962 Paulus
1331 956 1340 971 ,
1365 942 1430 974 quo
1445 936 1536 975 pasto
1555 936 1651 977 igitui-
1670 935 1830 977 subfistet,

964 968 1050 1015 quod
1077 973 1142 1016 ipse
1165 973 1332 1016 contendit
1350 997 1360 1012 ,
1384 984 1424 1007 ne
1444 977 1569 1016 quidem
1585 978 1642 1019 ipso
1659 979 1727 1021 jure
1747 988 1833 1010 com-

964 1018 1047 1041 mitti
1070 1011 1300 1052 obligationem
1326 1016 1483 1049 uiui-arum
1502 1018 1518 1049 ἱ)
1550 1017 1643 1051 sortis
1684 1028 1736 1051 uta
1755 1020 1833 1052 inte-

963 1061 1026 1096 grae
1043 1074 1054 1089 ,
1089 1054 1139 1084 vel
1169 1061 1282 1093 praeter
1307 1057 1487 1096 pensionem
1511 1058 1567 1090 suo
1584 1060 1634 1092 die
1663 1061 1831 1093 olvendam

962 1093 1347 1143 reliquoeqtrecentorum
1371 1100 1487 1141 quippe
1511 1100 1616 1133 usuras
1643 1103 1830 1142 committi,

965 1136 995 1180 ὸς
1021 1136 1090 1175 ipio
1113 1139 1378 1182 jurecommitti,
1403 1140 1551 1182 siquidem
1570 1142 1602 1173 in
1621 1151 1708 1174 mora
1726 1143 1761 1175 sit
1777 1144 1829 1175 de-

963 1175 1068 1222 bitor,
1093 1177 1130 1207 ad
1149 1180 1271 1224 inficias
1292 1180 1337 1211 ire
1353 1190 1417 1213 non
1435 1190 1560 1223 poterat
1577 1184 1697 1215 Aufioi·
1714 1184 1831 1217 noster-,1

963 1217 1018 1262 hit
1035 1225 1139 1264 autem
1156 1219 1207 1259 id,
1231 1222 1317 1260 quod
1340 1222 1479 1256 diximus
1503 1225 1595 1257 valde
1620 1225 1830 1263 οἱπροσδόκηπνε

964 1262 1164 1305 ιι1υῑεερωιῃ
1189 1261 1211 1293 si
1237 1262 1353 1295 sortem
1370 1288 1380 1304 ,
1406 1263 1492 1299 suum
1513 1266 1705 1308 principale,
1729 1267 1833 1299 conti-

962 1309 1028 1332 nuo
1054 1301 1240 1347 sequantur,
1272 1313 1439 1347 earumque
1460 1305 1623 1348 stipulatio
1639 1318 1704 1341 non
1722 1309 1759 1341 fit
1776 1308 1833 1342 nisi

963 1341 1151 1382 accessoria‚
1177 1345 1224 1376 uti
1242 1345 1304 1377 late
1321 1347 1548 1389 probavimus,-
1571 1349 1736 1382 videbatur
1753 1360 1831 1382 con-

963 1381 1093 1430 sequens
1101 1394 1185 1422 ,non
1194 1386 1286 1418 aliter
1297 1397 1347 1421 eas
1363 1388 1550 1423 differendas
1560 1391 1621 1423 ess'e
1630 1414 1641 1431 ,
1656 1401 1749 1434 quam
1767 1391 1836 1433 ipsa<

963 1422 1028 1470 sors
1045 1425 1142 1470 dilata
1154 1426 1239 1466 fuit,
1263 1428 1325 1460 hoc
1340 1430 1404 1470 est,
1429 1440 1484 1472 pei·
1497 1436 1743 1473 exceptionem,
1767 1443 1834 1466 non

963 1467 1032 1512 ipio
1057 1476 1126 1507 Jure
1143 1491 1154 1508 ,
1185 1477 1220 1500 ut
1244 1470 1289 1502 ita
1309 1472 1427 1504 viribus
1446 1473 1544 1514 aequis
1561 1474 1664 1515 paritio
1683 1484 1835 1516 operetur

964 1508 994 1539 &
1013 1517 1045 1540 in
1057 1507 1209 1557 sortem,
1241 1512 1271 1544 ὅ(
1295 1512 1327 1545 in
1344 1513 1457 1546 usui-as.
1505 1514 1592 1560 Quin
1609 1525 1676 1547 eam
1695 1517 1765 1557 plus
1782 1526 1834 1548 va-

963 1549 1029 1595 lere
1053 1559 1086 1582 in
1111 1550 1210 1597 usuris
1235 1553 1456 1593 immutandis,
1493 1555 1532 1587 de
1548 1557 1662 1597 quibus
1678 1567 1717 1589 ne
1732 1558 1835 1590 hilum

963 1589 1028 1632 ipsa
1044 1591 1187 1638 loquitur
1203 1617 1215 1634 ,
1231 1604 1338 1641 'quam
1370 1597 1402 1628 in
1422 1596 1506 1628 sorte
1521 1597 1737 1638 reformanda,
1758 1601 1834 1641 quae'

965 1639 1129 1679 materiam
1155 1636 1237 1676 pacti
1267 1637 1406 1670 absolvit
1432 1647 1559 1672 omnem
1573 1663 1585 1680 ,
1614 1649 1720 1673 nonne
1738 1641 1839 1674 habet-

963 1673 1083 1715 aliquid
1096 1684 1137 1706 ex
1153 1675 1285 1710 absurdo
1295 1679 1312 1712 ἱ)

987 1715 1084 1763 ‚Hoc
1107 1717 1241 1759 amplius
1260 1729 1270 1758 3
1301 1720 1322 1753 fi
1345 1720 1445 1754 usurae
1466 1723 1649 1764 pensionum
1666 1747 1676 1764 ,
1700 1731 1833 1766 quarum

963 1757 1029 1790 dies
1044 1759 1184 1805 nondum
1209 1760 1340 1807 cesserat
1354 1785 1365 1802 ,
1389 1763 1447 1805 ipso
1458 1765 1527 1807 jure
1545 1775 1610 1797 non
1628 1767 1833 1799 committan-

964 1807 1150 1847 tur,·ut1que
1166 1811 1225 1833 nec
1242 1802 1317 1844 ipsa:
1326 1806 1488 1846 pensiones
1500 1829 1510 1845 ,
1523 1815 1563 1839 ex
1572 1815 1679 1839 mente
1690 1807 1778 1842 Pauli
1789 1809 1833 1847 ,i-

958 1842 1010 1888 PJ.⁰
1021 1851 1089 1883 jure
1107 1842 1257 1889 Videntur
1273 1847 1452 1886 committi,
1469 1856 1584 1889 magno
1600 1849 1706 1881 animo
1725 1856 1838 1890 quam-‘

962 1892 1014 1916 vis
1033 1889 1225 1930 contrarium
1248 1884 1422 1960 supponat,
1455 1897 1496 1920 ex
1517 1898 1618 1930 eoque
1636 1898 1833 1931 argumente-

964 1931 1030 1964 tur:
1063 1924 1229 1957 manifesta
1251 1929 1281 1960 es
1325 1929 1381 1960 illa
1403 1931 1527 1962 civitem
1548 1931 1630 1962 inter
1646 1935 1674 1960 η·
1692 1933 1730 1963 ad
1747 1942 1831 1964 exce-

957 1965 1143 2013 ptionen&
1160 1967 1216 2008 ipſs]
1228 1969 1296 2011 jure
1310 1970 1436 2011 prodeffe
1448 1971 1632 2009 ,manifesta
1649 1973 1744 2004 etiarn
1753 1983 1831 2006 con-

963 2006 1056 2039 cessio
1074 2017 1141 2048 eJus
1153 2030 1165 2047 ,
1185 2011 1270 2050 quod
1290 2020 1437 2052 negatum
1463 2021 1542 2046 erat.
1585 2013 1675 2046 Adeo
1701 2023 1738 2046 ue
1754 2024 1832 2047 con-

964 2055 1011 2095 tra
1026 2058 1117 2090 quain
1134 2050 1323 2090 aliquotiens
1342 2053 1458 2084 dictum
1476 2053 1541 2094 est,
1564 2055 1645 2096 pacti
1707 2080 1715 2087 .
1732 2054 1774 2088 D.
1791 2056 1831 2088 A.

962 2097 1064 2136 virtus
1090 2100 1156 2123 non
1177 2091 1303 2125 videtur
1325 2093 1491 2126 consistere
1508 2095 1540 2128 in
1555 2096 1646 2128 nudis
1666 2097 1832 2139 exceptio-

961 2140 1011 2178 nis
1037 2131 1151 2165 finibus
1167 2154 1179 2172 ,
1210 2133 1262 2166 sed
1283 2135 1317 2167 in
1341 2135 1555 2177 operatione,
1592 2146 1665 2179 quoe
1696 2138 1734 2171 fit
1762 2138 1835 2180 ipso*

960 2182 1038 2214 jure.

1004 2215 1053 2248 Ad
1071 2215 1142 2248 haec
1158 2218 1264 2264 omnia
1278 2219 1458 2261 priusquam
1482 2219 1741 2263 respondeamus,
1761 2222 1827 2263 pla-

961 2265 1034 2303 cet,
1058 2258 1141 2299 quasi
1158 2268 1190 2306 in
1208 2261 1401 2301 parenthesi,
1431 2263 1624 2304 expendere,
1649 2273 1718 2305 quae
1735 2263 1829 2295 nobis

961 2307 994 2330 in
1011 2298 1188 2333 Parenthesi
1203 2301 1292 2333 Libri
1310 2303 1467 2344 vulgareis
1487 2312 1686 2346 proponunt:
1744 2314 1826 2336 uam-

960 2341 1008 2371 vis
1017 2341 1171 2382 sententia
1195 2343 1311 2384 diversa
1338 2346 1504 2377 obtinuerit.
1551 2345 1633 2377 lllud
1649 2347 1828 2384 obtinuerit,

959 2380 1025 2428 hoc
1040 2383 1166 2428 quidem
1181 2383 1255 2416 loco
1265 2408 1275 2424 ,
1298 2384 1496 2418 referendum
1515 2386 1576 2419 esse
1592 2387 1630 2418 ad
1643 2396 1708 2419 rem
1727 2387 1760 2418 in
1771 2387 1828 2418 Pa-

959 2431 1077 2463 piniani
1094 2424 1253 2461 auditorio
1268 2426 1456 2466 judicatam,
1481 2427 1582 2469 liquet
1603 2428 1655 2460 vel
1672 2428 1704 2460 in
1723 2435 1830 2460 totum

960 2463 1127 2497 Homericis
1149 2467 1238 2498 oculis
1254 2489 1266 2506 ,
1299 2475 1336 2499 ut
1358 2477 1431 2500 cum
1455 2468 1650 2502 Tei-tulliani
1666 2469 1765 2501 Pallio
1781 2469 1830 2501 10-

960 2516 1044 2553 quar.
1065 2507 1240 2540 itaobtinere
1258 2509 1289 2540 i'n
1306 2509 1379 2550 Jure
1388 2509 1634 2543 sexcenties.›At
1651 2511 1740 2551 cuius
1761 2509 1826 2542 sen-

960 2555 1059 2579 tentia
1074 2548 1216 2581 obtinuit
1227 2550 1244 2582 22
1268 2550 1377 2589 Pauli,
1398 2560 1436 2583 an
1454 2551 1554 2583 Partis
1572 2551 1708 2584 adversae
1719 2552 1735 2583 .9
1748 2551 1825 2583 Pau-

959 2589 982 2621 li
1002 2589 1212 2622 crediderim:
1244 2601 1344 2633 neque
1368 2593 1453 2624 enim
1477 2593 1561 2625 hunc
1586 2592 1630 2633 vs.v
1689 2594 1828 2633 uamvis,

959 2631 1148 2672 opponimus
1169 2632 1225 2672 iis,
1249 2643 1318 2674 quae
1336 2632 1402 2674 ipse
1418 2644 1478 2676 pro
1505 2634 1605 2667 causae
1622 2634 1685 2667 suae
1705 2634 1827 2674 justitia

959 2680 1190 2719 peroraverat,
1222 2673 1292 2714 sed,
1322 2684 1419 2722 prout
1440 2683 1551 2708 natura
1567 2675 1757 2717 parenthesis
1773 2674 1826 2707 fla-

942 2721 1058 2754 «gitat,
1082 2712 1246 2747 referimus
1264 2716 1301 2747 ad
1319 2724 1483 2758 repetitam
1509 2718 1655 2758 proxime
1675 2716 1828 2757 objectio-

959 2764 1040 2786 nem.
1086 2755 1215 2788 Etenim
1229 2757 1345 2798 JCtus‚
1368 2769 1428 2800 qua
1447 2758 1492 2790 est
1508 2758 1683 2798 facilitate,
1708 2766 1827 2789 conce:

960 2796 1007 2827 dit
1033 2796 1255 2838 Adversariis,
1285 2802 1412 2841 pactum
1434 2801 1472 2832 ad
1498 2800 1721 2840 exceptionem
1746 2798 1826 2830 sorti

960 2839 1180 2879 opponendam
1203 2840 1355 2873 duntaxat
1378 2841 1522 2882 prodess'e
1541 2852 1550 2880 ;
1584 2840 1635 2872 sed
1651 2849 1690 2871 ne
1705 2840 1774 2881 quis
1797 2838 1833 2871 se'

961 2879 1175 2919 succubuisse,
1202 2883 1231 2913 ὅ(
1248 2882 1475 2924 Papinianum,
1503 2883 1592 2922 cujus
1608 2889 1687 2913 nutu
1706 2881 1828 2913 audito⁴

961 2921 1042 2953 rium
1060 2921 1247 2963 regebatur,
1273 2923 1347 2955 huic
1364 2924 1507 2964 opinioni
1530 2922 1685 2955 addictum
1704 2929 1796 2963 putet
1813 2940 1829 2961 ,v

962 2972 1018 3004 per
1044 2963 1273 2995 correctionem
1289 2986 1300 3002 ,
1333 2972 1368 2995 ut
1386 2965 1429 2996 ita
1452 2965 1554 2996 dicam
1572 2986 1583 3001 ,
1607 2963 1675 2995 haee
1695 2962 1824 3003 inserit,

963 3006 1096 3046 quamvis
1110 3005 1266 3045 sententia
1297 3005 1356 3037 &c.
1386 3014 1455 3046 quae
1478 3004 1663 3045 intenjeetio
1689 3004 1732 3035 dc'
1756 3014 1796 3036 eo
1814 3028 1826 3043 ,

964 3045 1050 3086 quod
1076 3045 1221 3086 proxime
1246 3046 1425 3078 concessum
1450 3055 1538 3085 erat,
1562 3055 1626 3078 non
1642 3043 1746 3087 potest
1765 3056 1830 3078 non

964 3087 1117 3127 intelligi.-
1155 3086 1260 3127 Atque
1274 3087 1319 3118 ita
1336 3096 1445 3119 omnes
1456 3088 1645 3128 Interprete's
1658 3108 1669 3125 ,
1691 3095 1836 3128 excepto

965 3128 1133 3169 (quantum
1161 3127 1239 3159 mihi
1264 3127 1386 3160 novisl'e
1409 3129 1515 3160 datum
1541 3127 1607 3168 cst)
1639 3138 1702 3159 uno
1722 3128 1834 3170 Viglio

965 3169 1136 3209 Zuichem,
1161 3168 1215 3211 qui
1225 3168 1310 3242 illm
1325 3170 1523 3211 inici-Jcttum
1539 3179 1663 3203 comma
1678 3170 1713 3202 acl
1730 3172 1830 3215 victo—
1848 3211 1853 3214 Ι

1756 3219 1836 3243 rium
