2008 3436
181 121 252 164 326
451 115 849 152 CORNELII
915 124 1022 150 VAN

173 196 203 237 ἓ.
229 206 279 236 40.
304 196 354 227 Ea
375 206 421 227 zoo
446 196 478 226 de
493 196 619 236 suspirie
637 197 702 227 vult
724 201 810 237 tegerz
836 196 952 225 iemcmd
977 204 1037 225 van

174 240 229 268 rien
247 237 355 272 Raurl,
384 237 555 278 TtlielizurIer
583 237 752 274 Gener-aaut,
779 236 956 277 Onzfanger
979 237 1036 266 Ge-

173 279 297 315 wer-aul,
324 279 482 309 Secrecaris
497 288 558 309 van
580 280 635 310 den
651 279 740 310 Raad
765 278 825 309 oze.
870 277 976 317 Atque
1000 285 1038 307 ex

176 321 224 351 1113
240 319 437 358 efficiebant,
460 320 584 358 omnia,
608 329 674 359 quae
697 319 736 349 de
762 317 970 358 Delegatione
995 317 1041 347 di-

175 368 290 392 cuntur
319 361 351 392 in
374 362 401 392 d.
428 360 477 401 ἕξ.
503 371 555 402 32.
589 360 624 395 ὃ
653 370 704 400 40.
738 358 798 389 ess'e
822 358 983 390 referenda
1005 357 1042 388 ad

175 402 390 443 praecedentes
413 401 459 443 ἓξ.
492 403 522 433 ot
548 401 678 432 crimina
696 423 705 437 ‚
739 399 854 431 ibidem
883 397 1042 440 expressa,

177 452 248 474 nam
271 443 292 475 11
318 443 357 473 de
384 443 529 474 omnibus
547 442 746 479 criminibus,
771 440 801 471 in
826 440 935 471 officio
954 449 1040 470 com-

145 522 148 524 *
177 483 290 521 miffis,
312 484 556 523 iurisdietionem
581 483 723 522 delegare
751 480 922 513 voluissent
950 480 1041 511 Ordi-

176 535 232 556 nes
252 525 426 562 ¹r‘oetierati,
450 523 585 564 potuill'e
605 523 633 554 δε
651 521 786 554 debuisse
799 531 876 553 tunc
894 530 957 552 uno
976 530 1042 551 ver-

178 566 222 597 bo
238 566 342 596 dicere
355 590 363 603 ‚
388 568 421 596 cle
444 564 569 603 exceffen
589 565 621 594 in
645 562 732 604 (fficio
751 565 884 605 hegacm,
913 563 943 593 in
960 561 1042 592 dele-

179 614 250 648 gata
273 607 485 646 jurisdictione
509 614 570 636 non
596 605 690 636 licere
711 612 928 645 argumentum
949 603 1043 633 duce-

180 658 214 679 re
231 658 247 678 a
267 648 399 688 paritate
423 646 570 683 rationis,
595 647 646 677 vel
667 655 683 676 a
706 645 814 684 simili,
839 645 891 676 vel
910 654 927 676 a
948 645 1043 675 ratio-

180 689 294 726 nibus,
333 688 387 728 11111
418 687 618 728 Delegationi
646 687 797 727 adjectis,
826 686 920 726 idque
950 686 980 716 in
1011 693 1045 715 re

182 739 246 760 tam
273 729 401 767 odiosa,
434 736 468 758 ut
491 727 536 759 est
561 729 663 759 omnis
700 727 892 768 Delegatio,
928 726 958 757 &
988 726 1044 756 mi-

180 781 239 802 nus
268 771 365 801 licere
397 777 505 801 contra
521 777 626 811 aperta
646 769 800 801 Ordinum
821 767 1046 809 Delegantium

185 812 292 843 verba.

228 852 309 884 Haec
327 853 492 894 plerosque
511 853 677 884 Senatores
705 851 734 883 &
754 851 849 883 etiam
869 861 918 883 me
939 859 1046 882 move-

183 903 274 932 runt,
298 902 333 925 ut
360 903 406 925 10.
432 893 501 933 Jun.
528 903 616 935 1722.
643 893 701 934 (3)
724 893 884 924 decretum
909 891 970 930 fit,
993 900 1048 932 per

182 935 356 976 Delegatos
371 934 492 966 nostros
512 935 681 967 Ordinibus
698 933 878 966 Hollandiae
898 933 1047 973 significa-

181 984 288 1014 retur,
328 977 476 1008 Senatum
504 978 689 1017 Supremum
720 974 773 1006 fibi
800 974 1046 1014 jurisdiCtionem

183 1027 248 1049 non
273 1017 419 1057 adrogare
444 1017 482 1048 de
504 1018 569 1055 bis,
602 1027 670 1058 quae
699 1015 875 1048 Confiliarii
894 1015 1048 1048 Ordinum

183 1057 403 1095 Gener-alium,
431 1058 629 1090 accusatione
653 1056 813 1096 instituta,
838 1056 1048 1089 moliebantur

182 1107 294 1131 contra
315 1099 495 1140 prtcfefimm
519 1099 661 1138 AErario,
693 1108 728 1129 ea
748 1107 851 1130 tamen
874 1098 960 1138 lege,
991 1104 1046 1135 ut,

186 1141 209 1172 ii
233 1140 337 1182 postea
360 1149 541 1182 appareret,
571 1139 801 1172 accusationem
823 1139 934 1172 versari
963 1138 1048 1169 circa

184 1181 315 1214 crimina
328 1205 336 1220 ‚
362 1182 491 1214 Senatui
510 1182 673 1223 delegata,
695 1181 733 1212 de
751 1180 797 1212 his
817 1181 896 1212 salva
911 1179 987 1211 esset
998 1179 1048 1210 Se-

185 1232 276 1254 natus
302 1219 508 1262 10113111ᾶίοζ
528 1223 556 1255 &
572 1232 668 1263 porro
691 1221 934 1262 significaretur,
963 1219 1049 1260 quod

187 1264 225 1294 ad
243 1264 302 1295 alia
322 1264 472 1302 crimina,
495 1264 527 1295 in
546 1264 654 1294 officio
671 1262 831 1294 commiss'a
843 1284 854 1299 ,
878 1262 908 1293 ἃ
925 1268 1049 1292 contro·

184 1304 305 1336 versam
327 1305 366 1336 de
391 1305 437 1336 1113
457 1305 722 1344 111113111ξ110116111,
755 1311 857 1334 utrum
878 1310 989 1342 nempe
1005 1301 1050 1340 ju-

186 1346 317 1378 dicanda
336 1346 394 1377 fint
410 1356 426 1376 a
449 1345 641 1376 Consiliariis
667 1344 820 1376 Ordinum
846 1342 1051 1374 Generalium

187 1397 225 1419 ex
243 1397 350 1418 eorum
374 1386 505 1423 Forma,
529 1396 566 1417 an
590 1395 667 1417 vero
692 1396 708 1416 a
730 1385 826 1417 Curia
847 1383 1048 1421 Hollandioe,

190 1439 229 1459 an
247 1428 284 1459 ab
302 1428 370 1458 aliis
386 1427 562 1467 Judicibus,
586 1436 626 1458 ex
643 1427 673 1458 d.
691 1426 832 1458 Decreto
850 1424 1003 1457 &Edicto
1019 1433 1051 1465 3.

190 1470 261 1501 Ot't.
291 1471 380 1508 1656.
403 1478 457 1499 eos
474 1467 630 1509 disputare
653 1467 758 1508 posse,
783 1467 821 1498 ad
846 1476 925 1507 quos
948 1475 983 1496 ea
1003 1474 1052 1496 res

189 1511 336 1551 pertinet.
388 1508 535 1550 Delegati
570 1517 675 1540 autem
711 1508 816 1541 Curiae
847 1506 1051 1545 censuerunt,

189 1551 367 1592 priusquam
394 1549 488 1582 Curia
511 1550 692 1582 sententiam
725 1549 807 1581 suam
836 1550 978 1587 diceret,
1003 1556 1053 1578 ro-

189 1593 307 1634 gandos
331 1591 392 1623 effe
417 1591 616 1623 Confilia1·ios
648 1591 803 1623 Ordinum
834 1589 1054 1626 Gener-alium,

189 1644 226 1665 Ut
251 1642 407 1674 exponere
433 1633 552 1665 vellent
577 1633 731 1672 rationes,
763 1631 873 1673 quibus
895 1631 975 1662 moti
1000 1629 1056 1661 fibi

191 1675 375 1716 adrogarent
398 1675 613 1716 cognitionem
636 1674 674 1705 de
697 1674 900 1711 criminibus,
930 1671 1056 1704 Senatui

191 1726 256 1748 non
272 1715 443 1756 delegatis,
467 1716 496 1748 ὃς
511 1715 679 1748 secundum
699 1724 752 1747 eos
772 1714 979 1747 decreverunt
1000 1712 1058 1744 Or-

190 1758 278 1790 dines
297 1756 475 1789 Hollandiae
499 1766 547 1788 11.
564 1756 634 1797 Jun.
661 1766 751 1797 1722.

237 1798 335 1839 igitur
349 1797 524 1830 Consiliarii
543 1798 696 1830 Ordinum
718 1796 917 1829 Generalium
941 1795 1058 1828 duabus

192 1839 363 1881 Epistulis,
389 1839 425 1870 ad
448 1839 581 1871 Ordines
608 1838 777 1870 Generales
797 1838 940 1879 scriptis,
962 1846 1058 1878 expo-

192 1890 271 1913 nunt
289 1882 426 1913 rationes
440 1879 500 1912 suae
519 1880 758 1921 jurisdistionis,
785 1881 814 1912 &
831 1880 869 1911 de
882 1880 929 1912 his
946 1879 1057 1911 utrius-

195 1933 256 1964 que
281 1922 386 1954 Curiae
404 1921 587 1953 sententiam
609 1922 763 1963 explorari
789 1921 897 1961 jubent
925 1919 1059 1953 Ordines

198 1974 247 2001 19.
271 1963 341 2004 Jun.
369 1973 459 2004 1722.
482 1962 703 1995 Deliberatum
713 1972 748 1994 ea
761 1963 799 1994 de
814 1972 846 1994 rc
861 1962 947 1994 estin
966 1962 1058 1993 Sena-

195 2013 231 2036 tu
254 2006 406 2046 Supremo
426 2014 475 2036 22.
499 2004 566 2044 Jun.
591 2004 728 2044 ejusdem
747 2004 839 2042 anni,
863 2003 914 2036 sed
941 2004 984 2035 ita
1009 2003 1059 2034 de-

194 2047 361 2078 liberatum
379 2054 414 2076 ut
433 2055 473 2077 ex
486 2045 719 2078 Hollandorum
737 2045 890 2077 sententia
902 2068 913 2084 ,
936 2053 1057 2086 expres-

196 2086 228 2119 sa
244 2087 274 2118 in
291 2096 401 2118 eorum
419 2086 561 2118 Decreto
581 2090 627 2118 16.
650 2087 736 2127 Sept.
765 2089 853 2126 1654.
880 2087 909 2119 δε
934 2086 962 2117 d.
988 2084 1060 2116 Edi-

197 2128 248 2159 610
264 2138 293 2169 3.
319 2128 389 2159 Ost.
418 2131 508 2167 1656.
533 2127 590 2168 (de
608 2137 671 2168 quo
695 2136 828 2168 utroque
847 2127 969 2168 plenius
992 2125 1060 2157 dixi

197 2169 290 2207 supra
311 2169 342 2200 C.
369 2167 433 2208 Χ.)
455 2170 585 2200 Senatus
601 2169 786 2208 agnoverit,
807 2167 828 2200 fi
851 2177 963 2200 contra
981 2166 1062 2198 Hol-

197 2211 326 2248 landos,
364 2209 394 2240 in
423 2209 592 2241 Hollandia
617 2210 794 2246 haerentes,
832 2210 982 2250 agendum
1009 2208 1060 2246 fit,

197 2252 291 2283 etiam
312 2250 395 2292 quod
410 2250 447 2281 ad
465 2250 614 2289 crimina,
640 2251 671 2282 in
694 2250 802 2282 officio
821 2251 974 2282 Ordinum
998 2248 1061 2280 Ge-

198 2289 352 2324 nerali'um
368 2291 543 2329 commissa,
570 2292 649 2332 apud
669 2291 809 2331 Judicem
834 2291 1062 2323 Hollandicum

199 2333 262 2365 effe
288 2333 460 2374 agendum,
490 2332 542 2365 sed
567 2333 638 2373 quia
663 2332 797 2364 Ordines
826 2332 1006 2365 Hollandiae
1030 2333 1063 2363 in

199 2372 356 2416 prooemio
373 2375 401 2405 d.
422 2373 481 2405 Ed.
496 2385 526 2416 3.
548 2374 619 2406 061.
648 2377 737 2413 1656.
761 2373 866 2414 aJ'unt,
891 2383 930 2404 eo
950 2373 1061 2405 Editio

200 2426 263 2448 non
281 2415 515 2457 praejudicatum
532 2415 568 2446 iri
595 2414 719 2446 Formae
732 2437 742 2453 ‚
766 2425 859 2455 quam
883 2413 1061 2446 Confiliarii

201 2457 356 2489 Ordinum
375 2455 576 2487 Generalium
594 2466 611 2486 a
629 2455 800 2491 Foederatis
816 2455 920 2497 Belgis
937 2465 1062 2497 accepe-

198 2496 255 2536 re,
279 2498 301 2528 ii
320 2496 517 2535 Consiliarii,
538 2497 655 2529 duabus
672 2497 733 2529 iilis
750 2497 1063 2538 Epistulis,primum

200 2540 231 2570 id
246 2548 348 2579 operae
367 2538 536 2577 dederunt,
561 2547 597 2569 ut
615 2539 801 2579 probarent,
825 2538 878 2570 fibi
902 2547 1062 2579 compete-

202 2590 236 2612 re
253 2579 498 2619 jurisdiffionem
521 2579 649 2611 civilem
676 2580 706 2611 in
733 2589 842 2611 omnes
864 2578 1064 2626 Quaestores,

201 2629 295 2660 atque
311 2620 354 2650 ita
371 2620 400 2651 &
416 2620 447 2651 in
471 2619 672 2665 Quaestorem
695 2619 882 2652 Generalem
906 2620 1064 2653 Foedcrati

203 2661 305 2702 Belgii
318 2684 326 2699 ,
351 2660 407 2692 1103
431 2659 460 2691 se
474 2660 597 2701 adigere
613 2660 653 2691 ad
668 2662 824 2692 rationum
834 2661 1064 2699 redditionem,

202 2704 233 2735 ἃ
252 2703 273 2735 11
293 2702 332 2733 de
353 2700 526 2732 rationibus
543 2701 757 2733 controversia
771 2701 905 2741 incidat,
927 2702 966 2733 de
983 2712 1018 2733 ea
1035 2702 1065 2734 se

201 2744 340 2785 judicare
360 2752 400 2774 ex
423 2741 516 2773 animi
536 2741 578 2774 sui
602 2741 762 2775 sententia.
808 2742 924 2784 Estque
943 2742 974 2773 id
995 2743 1065 2775 satis

202 2784 358 2826 liquidum
386 2791 447 2815 tam
476 2792 517 2814 ex
542 2782 570 2824 §.
595 2787 644 2817 18.
666 2791 775 2814 corum
803 2793 896 2814 novae
923 2782 1064 2822 Formae,

204 2835 295 2867 quam
316 2835 355 2856 ex
373 2824 467 2856 variis
484 2823 661 2862 sententiis,
685 2830 796 2856 contra
822 2823 895 2855 illos
919 2823 1065 2866 Quaesto-

203 2877 252 2899 res
270 2867 358 2905 latis,
378 2866 406 2897 &
427 2864 550 2897 exstant
564 2873 688 2906 quoque
711 2864 865 2896 Ordinum
885 2863 1065 2896 Hollandiae

203 2907 362 2945 Decreta,
385 2907 496 2946 quibus
517 2907 547 2937 id
564 2915 671 2938 eorum
686 2905 753 2946 jus,
778 2913 922 2946 tanquam
943 2906 988 2938 'us
1000 2915 1064 2937 cer-

204 2958 290 2986 tum,
313 2948 513 2986 continetur,
534 2956 593 2979 nec
609 2946 696 2985 scio,
712 2955 896 2988 quemquam
911 2916 990 2986 elic,
1012 2947 1065 2988 qui

203 2991 241 3021 de
258 2989 353 3021 causis
368 2989 515 3020 civilibus
532 2989 571 3020 iis
588 2997 722 3028 unquam
738 2987 826 3020 litem
842 2988 987 3019 moverit.
1013 2991 1067 3019 At-

204 3040 264 3069 que
291 3030 362 3061 inde
384 3029 578 3068 efficiebant,
613 3030 707 3062 etiam
731 3029 770 3060 dc
789 3028 886 3060 cautis
902 3028 1067 3061 criminali-

203 3071 260 3102 bus
276 3071 420 3103 adversus
437 3071 508 3103 illos
531 3069 710 3116 Quaestores
726 3069 808 3103 suam
832 3069 894 3102 ess'e
919 3078 1066 3111 oportere

242 3193 304 3232 (3)
324 3194 460 3233 observat.
484 3195 601 3227 Tumulc.
623 3195 655 3229 T.
670 3196 749 3228 vul.
768 3204 795 3227 n.
813 3197 893 3231 1855·

1086 111 1692 149 BYNKERSHOEK

1079 191 1326 233 iurisdiffionem
1337 215 1346 231 ,
1371 201 1472 232 neque
1489 192 1572 224 enim
1590 193 1656 233 pati
1673 193 1870 234 negotiorum
1887 204 1934 229 na-

1081 242 1201 273 turam,
1235 234 1286 265 vel
1307 234 1493 273 judiciorum
1518 233 1680 272 ordinem,
1713 242 1748 265 ut
1775 234 1821 266 hae
1841 235 1935 270 causae

1080 274 1281 314 dividantur,
1305 275 1335 306 dt
1352 272 1441 305 eausa
1455 274 1560 306 civilis
1585 274 1742 314 iudicetur
1765 275 1804 307 ab
1823 276 1938 317 altero,

1085 315 1275 354 criminalis,
1305 315 1389 346 circa
1410 315 1538 346 eandem
1557 324 1642 354 rem,
1673 316 1828 355 iudicetur
1847 317 1883 349 ab
1899 319 1937 352 al-

1085 363 1154 387 tero
1170 356 1296 395 Judice,
1322 366 1392 387 nam
1420 356 1512 387 alium
1538 355 1698 396 Judicem,
1727 357 1866 397 quisquis
1887 358 1939 391 ille

1085 396 1142 433 fit,
1165 397 1204 427 de
1228 398 1359 429 crimine
1381 406 1444 428 non
1471 396 1554 428 reste
1570 397 1728 437 judicare,
1750 397 1805 430 11111
1830 407 1870 429 ex
1891 398 1941 432 sua

1085 437 1264 477 delatione,
1288 439 1318 470 δε
1340 448 1378 470 ex
1404 438 1440 470 iis
1462 437 1696 477 instrumentis,
1717 448 1785 479 quae
1806 439 1838 471 in
1855 439 1941 473 caula

1086 478 1174 509 civili
1192 478 1248 510 fibi
1267 487 1428 520 comperta
1444 479 1474 510 &
1490 478 1630 511 exhibita
1646 479 1737 517 sunt,
1760 489 1778 511 a
1791 478 1822 511 se
1837 480 1939 522 exspe-

1086 519 1162 550 61311
1178 528 1240 550 11011
1255 519 1358 560 posse,
1380 528 1415 551 ut
1434 519 1490 551 soli
1508 520 1567 552 {int
1587 519 1774 559 Delatores,
1795 521 1826 553 δε
1840 530 1881 553 60
1895 520 1942 554 of-

1085 559 1160 592 ficio
1186 559 1357 601 fungantur
1385 561 1467 601 apud
1496 561 1623 593 Curiam
1650 560 1832 593 Hollandiae
1849 585 1859 601 ,
1892 562 1943 596 vel

1085 601 1170 632 forte
1187 601 1282 632 etiam
1303 602 1383 642 apud
1400 602 1549 634 Scabinos
1565 602 1695 642 alicujus
1715 602 1810 634 Urbis
1827 603 1878 636 vel
1891 602 1943 636 Pa-

1087 642 1117 683 gi
1137 664 1147 679 ‚
1170 651 1302 683 quorum
1326 643 1357 674 in
1383 642 1564 688 Quaestores
1587 643 1740 675 ordinaria
1765 643 1840 675 ess'et
1858 644 1942 684 iuris-

1087 683 1192 720 ,aretia
1238 683 1286 715 Au
1304 684 1370 714 haec
1385 684 1415 715 se
1433 683 1547 715 Libros
1566 683 1659 722 suos,
1684 684 1811 723 Edicta,
1833 684 1944 718 Decre-

1090 732 1141 762 ta,
1165 723 1336 762 Rationes,
1368 725 1398 756 &
1425 725 1484 756 alia
1506 724 1709 756 instrumenta
1725 750 1734 764 ‚
1766 735 1835 767 quae
1854 733 1951 768 penes,

1090 765 1121 797 se
1138 764 1228 803 sunt,
1253 766 1284 797 ὅ(
1304 774 1344 796 ex
1364 765 1474 806 quibus
1496 764 1574 806 saepe
1599 766 1757 798 accusatio
1779 767 1945 809 peragenda

1090 806 1154 844 est,
1176 806 1213 837 ad
1230 806 1309 838 alios
1323 806 1447 846 Judices
1470 806 1595 838 deferre
1616 817 1675 838 nec
1693 807 1800 848 poffe,
1823 817 1880 840 nec
1896 808 1946 841 de—

1089 849 1162 879 bere
1180 847 1242 879 11116
1267 848 1404 878 maximo
1426 847 1618 889 Reipublicae
1641 848 1844 881 detrimento.
1885 849 1944 885 Ad-

1089 889 1204 920 debant
1231 889 1261 921 &
1283 889 1356 919 alias
1383 889 1521 920 rationes
1547 889 1584 920 ab
1610 890 1701 928 utili,
1734 890 1772 921 ab
1797 889 1944 932 absurdo,

1090 930 1166 971 quin
1194 930 1223 961 &
1247 930 1284 960 ab
1308 929 1485 970 impoffibili
1510 930 1647 970 petitas,
1669 932 1699 962 ὅ(
1719 940 1757 963 cx
1781 931 1829 963 1113
1850 933 1947 964 omni-

1090 972 1147 1002 bus
1170 971 1317 1002 rebantur
1341 969 1505 1009 constare,
1535 971 1780 1010 jurisdictionem
1808 973 1961 1005 crimina-¹

1090 1013 1152 1045 lem
1178 1021 1289 1085 cossffl
1308 1010 1507 1058 Quaestorem
1530 1011 1715 1045 Generalem
1742 1023 1758 1045 a
1776 1012 1806 1048 se
1826 1014 1950 1047 avocari

1089 1063 1152 1085 non
1191 1063 1210 1084 0
1238 1063 1263 1085 e.

1132 1063 1230 1126 Eiirnt
1248 1097 1278 1127 ὃς
1294 1096 1373 1137 apud
1389 1106 1446 1128 nos
1469 1097 1654 1136 Senatores,
1676 1098 1727 1139 qui
1746 1098 1800 1130 has
1815 1098 1950 1132 rationes

1090 1136 1281 1177 probabant,
1303 1140 1333 1169 ot
1348 1147 1443 1178 porro
1462 1139 1676 1178 provocabant
1694 1139 1730 1171 ad
1743 1140 1792 1179 jus
1810 1148 1951 1171 commu-

1090 1187 1130 1209 ne
1145 1177 1176 1208 in
1196 1177 1215 1208 l.
1233 1188 1262 1219 3.
1291 1179 1321 1210 C.
1345 1180 1379 1210 de
1406 1178 1518 1210 Ordine
1537 1179 1639 1220 JudiC.
1665 1179 1717 1212 ubi
1746 1180 1972 1221 imperatores-

1091 1218 1135 1249 ita
1151 1217 1344 1257 rescribunt;
1371 1220 1441 1250 Cum
1459 1221 1544 1251 civili
1560 1220 1782 1261 disreptationi,
1800 1223 1951 1262 principa-

1091 1259 1159 1289 liter
1178 1266 1277 1298 motae,
1308 1259 1418 1300 questio
1445 1262 1575 1292 criminis
1599 1263 1724 1302 incidit,
1747 1263 1795 1293 vel
1811 1263 1951 1302 crimini,

1088 1301 1173 1340 prius
1189 1299 1322 1340 instituto
1336 1324 1345 1339 ,
1370 1301 1469 1331 civilis
1485 1302 1571 1342 causa
1589 1303 1780 1344 adjungitur,
1800 1302 1892 1344 potest
1903 1305 1952 1349 ju-

1092 1342 1148 1371 dex
1165 1342 1258 1372 eodem
1274 1347 1395 1381 tempore
1411 1347 1564 1383 utramque
1583 1344 1951 1386 disceptationemsuasen-

1093 1383 1187 1413 tentia
1204 1383 1350 1414 dirimere.
1394 1382 1435 1414 Et
1454 1383 1578 1422 aiebant
1592 1384 1687 1424 idkjus
1704 1385 1797 1416 etiarn
1823 1384 1878 1417 usu
1893 1385 1955 1419 esse

1093 1430 1277 1464 receptum,
1303 1424 1334 1455 ὅ(
1360 1423 1402 1456 116
1428 1424 1575 1456 Senatum
1606 1424 1789 1466 Supremum
1813 1426 1953 1467 servare,

1096 1464 1126 1496 &
1141 1464 1260 1505 semper
1280 1463 1430 1503 servasse,
1453 1464 1473 1497 fi
1485 1487 1496 1504 ,
1519 1465 1606 1498 verbi
1626 1467 1742 1507 gratia,
1766 1466 1855 1499 causa
1877 1468 1955 1500 civi-

1095 1505 1153 1543 lis,
1175 1506 1272 1537 etiam
1296 1515 1333 1538 ex
1357 1506 1585 1547 appellatione,
1614 1508 1694 1548 apud
1715 1508 1861 1541 Senatum
1883 1518 1956 1551 pen-

1096 1547 1188 1585 deat,
1214 1548 1243 1579 &
1258 1555 1420 1588 appareat,
1431 1546 1522 1579 testes
1540 1548 1571 1580 in
1590 1546 1625 1580 ea
1640 1550 1729 1581 causa
1744 1549 1856 1582 falsum
1873 1549 1955 1584 testi-

1097 1589 1240 1620 monium
1259 1588 1388 1628 dixiss‘e,
1413 1588 1496 1630 ipsos
1515 1589 1598 1621 enim
1617 1589 1710 1622 testes
1733 1598 1808 1623 tunc
1823 1591 1917 1624 etiam
1938 1601 1958 1624 a

1099 1630 1214 1661 Senatu
1232 1629 1374 1670 judicari.
1419 1630 1463 1662 At
1480 1639 1557 1661 vero
1573 1631 1760 1671 Senatores,
1780 1632 1878 1674 quiea
1894 1632 1963 1667 sen-‘

1100 1670 1201 1703 tentia
1218 1671 1401 1710 utebantur,
1425 1672 1481 1702 vix
1498 1681 1661 1705 numerum
1684 1671 1862 1713 faciebant,
1887 1673 1958 1706 reli·

1100 1713 1153 1752 qui
1171 1721 1297 1752 omnes,
1322 1713 1371 1751 ἀ,
1395 1712 1426 1744 111
1442 1711 1551 1751 fallor,
1569 1713 1651 1745 16816
1667 1713 1809 1747 adversus
1827 1715 1894 1747 haec
1912 1715 1957 1748 in-

1100 1753 1288 1795 surgebant,
1320 1753 1349 1785 &
1370 1763 1443 1785 cum
1469 1755 1607 1786 maxime
1629 1754 1795 1796 urgebant,
1820 1755 1903 1798 ipsos
1919 1756 1956 1789 il-

1100 1795 1148 1827 los
1167 1794 1366 1827 Confiliarios
1384 1794 1539 1828 Ordinum
1555 1794 1754 1829 Gener-alium
1770 1806 1832 1829 non
1851 1797 1896 1829 uti
1913 1797 1960 1830 ni-

1100 1835 1121 1868 fi
1140 1836 1301 1875 mandata,
1322 1835 1407 1875 11ν6,
1436 1846 1472 1868 ut
1497 1837 1687 1878 loquuntur,
1710 1838 1849 1880 delegata
1871 1838 1960 1879 juris·

1100 1877 1265 1915 dictione,
1305 1878 1334 1909 ἃ
1361 1877 1447 1918 poffe
1476 1878 1528 1909 vel
1557 1887 1681 1910 omnem
1716 1879 1960 1919 jurisdictionem

1101 1918 1259 1956 mandari,
1282 1919 1335 1949 vel
1351 1928 1441 1950 unam
1468 1919 1619 1950 duntaxat
1646 1919 1778 1961 speciem
1805 1921 1826 1953 l.
1852 1924 1900 1953 16.
1917 1920 1959 1962 ff.

1102 1962 1135 1991 de
1157 1959 1273 2000 Jurisd.
1299 1959 1371 1991 &in
1386 1960 1473 1992 omni
1489 1959 1698 2002 Delegatione
1714 1961 1900 1994 veriffimum
1916 1971 1962 1995 es-

1103 2000 1156 2039 se,
1180 2001 1252 2042 quic
1278 2000 1329 2032 uid
1352 2000 1527 2042 specialiter
1547 2002 1725 2044 delegatum
1747 2012 1808 2035 non
1836 2002 1898 2042 est,
1921 2003 1960 2035 ad

1102 2042 1242 2083 judicem
1255 2010 1434 2083 delegatum
1452 2052 1514 2074 non
1533 2043 1710 2083 pertinere,
1730 2052 1761 2075 at
1786 2053 1822 2075 ue
1840 2044 1911 2076 inde
1930 2043 1961 2091 ᾗ.

1101 2093 1154 2123 50.
1177 2092 1270 2114 novae
1287 2083 1466 2114 eorumdem
1484 2082 1739 2116 Confiliariorum
1787 2093 1883 2117 ormae
1901 2085 1963 2117 esse

1104 2123 1252 2156 insertum
1263 2124 1314 2154 dat
1329 2123 1385 2154 alle
1392 2123 1504 2164 sulcen,
1517 2129 1560 2155 ter
1571 2123 1711 2165 clispofltie
1726 2135 1787 2157 van
1801 2127 1855 2157 den
1872 2126 1962 2158 Raad

1104 2167 1166 2197 niet
1185 2164 1357 2206 expreffelyk
1372 2163 1501 2217 gesteld,
1524 2165 1620 2196 zallen
1637 2166 1742 2206 blyven
1760 2173 1804 2198 ter
1821 2166 1962 2209 dispositio

1105 2216 1166 2238 van
1184 2207 1217 2237 de
1237 2206 1341 2237 Scaten
1360 2206 1526 2244 (ιεηενααί,
1551 2208 1584 2237 de
1610 2207 1713 2243 Staten
1729 2218 1790 2240 van
1811 2209 1845 2240 de
1888 2210 1961 2241 arti-

1106 2249 1210 2280 culiere
1227 2247 1424 2286 Provz‘ncz‘en,
1447 2249 1480 2278 de
1497 2247 1701 2290 Magzstraten
1719 2259 1781 2280 ‘can
1802 2250 1835 2281 de
1880 2251 1964 2282 teden

1105 2299 1141 2320 en
1158 2290 1262 2320 andere
1283 2288 1444 2330 Wtcel3¹lte
1467 2289 1674 2336 Overigheden
1687 2313 1696 2324 .
1718 2291 1763 2322 elit
1779 2292 1811 2322 in
1827 2291 1901 2322 baar
1919 2301 1962 2323 re·

1104 2331 1218 2373 guard,
1240 2330 1433 2362 criminalem
1455 2330 1551 2370 igitur
1566 2331 1808 2371 Jurisdiffionem
1829 2332 1860 2364 in
1872 2331 1966 2378 Quae-

1104 2374 1204 2406 stores
1228 2370 1420 2403 Confiliariis
1438 2381 1500 2403 non
1519 2380 1720 2413 competere,
1752 2372 1807 2405 nifi
1833 2372 1887 2406 fibi
1914 2374 1964 2405 de-

1104 2415 1238 2454 legatam
1252 2412 1407 2453 probent,
1424 2412 1496 2444 &id
1513 2413 1699 2453 probaturos
1714 2413 1775 2445 ess'e
1789 2423 1851 2446 nun
1873 2423 1939 2446 uam
1952 2436 1963 2453 ,

1104 2453 1217 2487 frustra
1234 2463 1358 2495 quoque
1373 2453 1520 2495 disputari
1537 2464 1554 2485 a
1572 2453 1802 2496 consequentiis
1813 2477 1823 2492 ,
1846 2463 1862 2486 a
1899 2455 1960 2486 uti-

1105 2497 1147 2536 li,
1172 2495 1210 2527 ab
1227 2495 1379 2534 absurdo,
1403 2496 1441 2526 ab
1458 2494 1655 2535 impoffibili,
1678 2496 1707 2527 ἀ
1725 2494 1746 2527 11
1786 2495 1837 2526 uid
1853 2495 1899 2527 his
1917 2495 1961 2528 est

1105 2537 1222 2575 11111116,
1246 2546 1316 2569 nam
1336 2537 1367 2569 in
1385 2535 1609 2576 Delegatione,
1625 2545 1694 2577 quae
1710 2534 1761 2567 stri
1796 2535 1900 2568 issrmae
1917 2536 1962 2570 est

1106 2578 1395 2619 interpretationis,
1418 2577 1566 2610 Senatum
1583 2576 1635 2609 has
1654 2576 1790 2608 rationes
1802 2575 1833 2608 su
1857 2587 1888 2608 ra
1902 2578 1963 2618 iam

1107 2619 1264 2660 reieciffe,
1288 2619 1382 2651 etiam
1409 2627 1481 2649 cum
1503 2617 1542 2648 de
1567 2616 1617 2648 sua
1641 2616 1730 2658 ipfius
1752 2618 1826 2658 juris
1850 2618 1965 2652 16ὶί0116

1107 2667 1270 2702 ageretur,
1293 2668 1392 2701 neque
1408 2659 1505 2689 etiam.
1520 2657 1624 2690 valere
1639 2659 1775 2698 regulam
1794 2668 1832 2691 ex
1849 2660 1877 2691 d.
1901 2660 1921 2692 l.
1932 2671 1963 2703 3.

1111 2703 1142 2734 C.
1157 2703 1190 2733 (Ie
1212 2701 1320 2732 Orclin.
1341 2701 1435 2742 judic.
1458 2697 1514 2730 11111
1537 2698 1568 2730 111
1585 2698 1690 2738 judice
1705 2699 1886 2738 ordinario,
1909 2710 1963 2734 cu-

1106 2744 1155 2784 J'us
1180 2743 1213 2774 in
1236 2750 1321 2772 reum
1346 2740 1524 2773 omnimoda
1541 2739 1715 2779 jurisdictio
1741 2739 1807 2779 est,
1823 2742 1962 2774 -minime

1108 2792 1212 2815 autem
1229 2783 1259 2813 in
1278 2782 1381 2821 judice
1394 2781 1554 2820 delegato,
1579 2781 1631 2820 qui
1654 2780 1750 2813 solam
1768 2781 1861 2814 habet
1877 2783 1963 2824 juris·
2001 2801 2004 2804 -

1107 2824 1276 2856 dictionem
1307 2823 1446 2853 civilem.
1500 2820 1623 2853 Placuit
1656 2823 1749 2863 igitur
1766 2845 1777 2861 ‚
1812 2823 1962 2896 εις-11111.

1109 2874 1198 2906 1722.
1223 2862 1282 2904 (4)
1313 2864 1443 2895 Senatus
1469 2862 1616 2901 nomine,
1649 2864 1817 2896 Ordinibus
1844 2873 1966 2906 repon-

1107 2906 1249 2941 deretur,
1280 2903 1471 2935 consiliariis
1496 2903 1648 2936 Ordinum
1676 2903 1873 2937 Generalium
1895 2906 1964 2939 nul-

1109 2947 1170 2978 lam
1192 2944 1254 2976 esse
1274 2944 1518 2984 Jurisdittionem
1536 2944 1575 2975 de
1600 2945 1745 2983 delictis,
1765 2954 1835 2986 quae
1862 2946 1893 2978 in
1917 2945 1966 2979 of-

1107 2987 1183 3020 ficio
1206 2985 1404 3017 commisisset
1429 2983 1597 3017 Praefettus
1628 2986 1751 3018 AErario
1767 3008 1779 3024 ,
1808 2985 1859 3018 sed
1887 2987 1965 3023 nihii

1108 3027 1346 3069 responderetur
1372 3027 1409 3058 de
1431 3027 1493 3057 alio
1518 3026 1612 3065 foro,
1635 3027 1671 3058 ad
1700 3028 1781 3068 quod
1803 3028 1963 3061 remitten-

1108 3069 1164 3101 dus
1184 3067 1278 3105 ess'ct;
1303 3077 1373 3100 cum
1395 3067 1478 3109 quod
1503 3068 1541 3102 de
1565 3077 1605 3100 eo
1633 3068 1815 3103 sententiam
1837 3077 1962 3111 rogatus

1899 3119 1963 3145 non

1141 3192 1205 3231 (4)
1225 3193 1324 3224 Ibidem
1344 3203 1370 3223 n.
1390 3195 1470 3229 1859.
