2008 3436
168 129 242 161 116

166 205 288 237 berium
315 205 467 238 vixerunt
484 228 494 245 ‚
530 206 570 237 de
600 205 696 247 Legis
725 205 858 237 Rhodiae
895 204 1008 246 Capite
1025 226 1036 243 ,

164 246 253 288 quod
278 246 317 278 de
341 246 424 288 jaetu
443 245 508 287 est,
533 255 570 279 ut
588 247 657 287 jure
681 255 832 286 recepto,
857 246 1034 287 disputant,

166 288 213 320 ita
235 288 383 327 Servius,
405 288 568 330 Alphenus
589 289 712 327 Varus,
737 288 853 320 Ofilius
874 288 904 319 ὅ(
929 287 1036 319 Labeo

168 330 200 361 in
223 330 252 361 d.
276 330 298 361 l.
318 340 336 361 2
360 329 396 365 ὅ)
418 339 448 371 7.
470 331 499 362 d.
528 329 587 362 Tit.
633 329 728 376 Quod
743 339 838 370 porro
856 330 900 360 ait
911 328 1035 374 Gotho-

166 370 275 402 fredus
289 371 321 403 in
337 371 367 403 h.
389 372 408 402 l.
455 373 568 405 Ailymr
587 372 773 410 memorari,
796 370 959 411 postquam
976 378 1037 407 iam

167 412 270 444 astum
296 411 341 444 est
364 412 403 443 <le
426 413 589 446 Antonino
610 435 620 451 ,
652 412 786 453 ideoque
810 411 882 452 post
905 410 1037 443 Antoni-

167 463 243 486 num
258 454 439 495 imperass‘e,
461 455 532 494 plus
549 462 642 494 quain
662 453 829 484 ridiculum
842 452 906 491 est,
933 461 1039 492 quam-

166 495 217 526 vis
245 495 301 527 ille
325 496 400 537 ‘versi
424 504 489 527 non
516 494 553 526 fit
570 504 639 534 pars
656 493 792 534 responsi
810 492 1036 531 Antoniniani,

168 536 253 577 quod
280 545 382 568 tamen
406 535 451 568 est
472 535 645 577 probabile.
689 534 903 567 Aufilorstaoes
929 534 972 565 rei
988 533 1038 565 fir-

169 577 288 610 mandae
310 578 408 619 gratia
427 586 549 609 tantum
568 585 634 608 non
652 574 771 617 semper
791 575 965 616 sequuntur
987 574 1040 613 id,

194 628 235 649 uo
249 618 287 649 de
303 619 424 659 agitur,
450 628 525 657 nee,
549 617 605 648 etfi
617 641 626 656 ‚
649 625 685 648 ut
703 617 802 658 vulgo
814 640 823 655 ,
845 616 1038 657 antiquiores

169 628 229 691 sint
241 683 250 699 ,
278 661 446 691 commode
465 660 557 691 aliter
572 656 639 690 fieri
658 657 763 699 potest
779 681 788 696 ,
820 659 852 690 in
871 658 954 689 hunc
970 667 1036 689 mo-

173 701 247 731 dum
266 699 438 732 sexcenties
456 699 606 732 Auctor-es
624 709 696 730 cum
713 698 833 738 nostri,
859 707 926 730 tum
945 699 1009 731 alii.

213 741 318 782 Atque
334 742 378 772 ita
396 740 526 782 Augusti
544 741 671 772 nomine
690 741 743 771 hic
759 739 933 782 Augustum
945 740 1037 773 Osta-

169 782 294 814 vianum
314 782 542 823 intelligimus,
567 783 597 813 ἃ
616 782 682 821 ejus
699 780 797 812 fimile
819 781 945 822 aliquod
961 791 1038 822 prae-

170 823 322 863 judicium
345 824 383 855 de
411 822 653 861 observatione,
683 823 756 862 vel,
782 822 803 854 fi
821 823 940 860 mavis,
965 831 1039 854 con—

171 864 349 896 firmatione
373 864 493 905 Legum
519 863 723 895 Rhodiarum.
777 863 853 910 Quo
884 864 969 895 reete
992 873 1038 895 re-

170 904 248 937 ferri
269 905 372 946 potest
390 905 532 937 Philonis
547 904 645 946 Judaei
664 905 755 936 locus
769 914 809 936 ex
830 904 913 936 libro
930 906 962 936 cz'e
981 905 1040 936 Le-

196 948 291 978 atione
310 949 347 978 ad
368 948 471 989 Cajam
493 953 524 987 p.
543 957 580 978 m.
602 949 675 987 846.
699 946 751 977 ubi
773 945 890 987 insigne
910 945 1041 987 Augusti

166 995 183 1020 J
203 988 308 1019 udiuxn
341 996 431 1020 notat
470 988 501 1019 in
525 988 655 1019 aliarum
689 986 842 1019 Gentium
868 986 1038 1027 institutis,

172 1039 243 1070 quae
263 1029 294 1061 in
322 1030 535 1062 Romanorum
563 1028 751 1069 potestaten
777 1028 908 1060 redactae
933 1037 1041 1067 erant,

170 1069 402 1103 conservandis.
457 1071 618 1108 'romi-1120,
648 1070 771 1110 inquit,
796 1073 903 1100 3⁷12:er
923 1071 966 1101 τῖς
993 1076 1038 1106 βε-

172 1112 293 1145 ςιωῶπως
316 1117 364 1143 τῶν
382 1113 445 1151 ‘nug'
459 1112 553 1144 ἔιάπις
574 1112 711 1148 πιτύων,
726 1111 790 1141 b'oebas
807 1111 849 1146 »29¹4
866 1115 914 1142 τῶν
929 1112 1038 1144 Ῥωμαϊ-

172 1157 222 1183 κὸι
241 1156 401 1190 &malaeum
446 1153 662 1194 Sigismundus
681 1151 834 1184 Gelenius
850 1152 949 1184 vertit
965 1154 1040 1184 ritus

172 1195 210 1230 ἃ
226 1197 410 1227 ceremonias.
455 1194 553 1235 Hugo
570 1193 705 1225 Grotius
726 1194 764 1225 ad
781 1193 894 1225 librum
912 1194 945 1224 de
961 1193 1039 1236 Jure

172 1237 209 1268 B.
234 1236 270 1272 ὃ)
294 1236 331 1269 Ρ.
356 1236 428 1277 Lib.
455 1234 509 1267 III.
548 1235 580 1267 C.
603 1244 651 1275 15.
682 1245 711 1266 τι.
746 1244 791 1266 10.
827 1235 857 1266 ἃ
887 1234 1039 1267 Ezechiel

170 1277 379 1320 Spanhemius
412 1277 550 1309 Exercit.
572 1275 612 1308 11.
642 1277 680 1307 ad
711 1276 732 1307 l.
762 1284 810 1315 17.
833 1275 874 1316 ff.
899 1277 932 1306 de
958 1276 1039 1308 Stat.

171 1318 279 1351 homin.
304 1318 333 1360 ἓ.
354 1327 400 1359 15.
431 1324 562 1349 vertunt
587 1317 664 1359 leges
683 1327 694 1355 ,-
727 1317 840 1348 melius
867 1316 955 1348 forte
973 1340 983 1356 ,
1018 1316 1040 1348 fi

172 1360 229 1393 sun
254 1360 359 1392 liciter
383 1361 469 1391 avita
498 1359 632 1400 cujusque
658 1359 790 1395 Gentis,
821 1366 956 1398 quorum
990 1367 1041 1399 ap—

172 1401 224 1443 pel
241 1401 305 1433 atio
337 1401 390 1432 vel
429 1400 566 1431 maxime
600 1399 685 1440 leges
717 1399 867 1439 cujusque
900 1400 1041 1440 proprias

173 1441 406 1483 complestitur.
433 1441 525 1472 Plura
544 1440 585 1471 ibi
603 1440 699 1472 habet
716 1439 933 1472 illustrissimus
944 1441 1039 1481 Span-

174 1484 313 1521 hemum,
345 1482 459 1523 quibus
485 1481 566 1514 illud
591 1480 722 1523 Augusti
738 1480 873 1512 studium
900 1481 1041 1514 luculen-

176 1533 223 1555 ter
240 1523 452 1555 confirmavit.
498 1522 607 1564 thue
626 1523 670 1553 ita
686 1522 777 1562 hujus
792 1522 888 1563 Legis
904 1523 1042 1554 clausula

174 1565 378 1597 commodum
401 1563 560 1606 pertinere
585 1564 678 1604 poffit
699 1565 736 1595 ad
754 1564 857 1595 datam
880 1564 1041 1596 confirma-

175 1615 280 1638 tamve
306 1606 344 1637 ab
369 1604 511 1648 Augusto
540 1605 740 1641 Rhodiorum
767 1607 937 1645 αῠπνομίμ,
968 1615 1040 1638 cuin

170 1646 246 1680 satis
263 1647 301 1679 fit
319 1654 441 1679 certum
455 1671 465 1687 ,
491 1646 633 1679 Rhodios
656 1647 742 1678 illius
762 1655 834 1678 aevo
850 1647 912 1687 Jam
931 1647 1042 1679 doftos

173 1687 267 1721 fuisse
282 1698 391 1730 parere
409 1688 529 1720 nomini
549 1687 705 1720 Romano.

218 1730 324 1762 Unum
340 1728 404 1768 est,
427 1729 513 1771 quod
538 1729 637 1768 addo,
663 1729 738 1760 licet
758 1729 894 1769 vm'psgw.
944 1728 1041 1761 Nem-

170 1781 216 1813 pe
241 1779 277 1802 ut
298 1770 476 1812 Augustum
493 1780 561 1812 ‘pro
586 1769 796 1811 Augusto‘hic
814 1779 878 1803 non
899 1770 1041 1813 agnoscit

168 1810 414 1852 ,Gothofredus‚
438 1811 479 1845 fic
503 1821 562 1844 nec
585 1811 753 1843 Tiberium
781 1821 839 1852 pro
857 1812 992 1844 Tiberio
1009 1813 1041 1844 in

167 1852 362 1886 Ἀωὲῗονίταιε
374 1877 383 1892 ,
408 1863 499 1895 quain
517 1852 606 1892 dixi,
625 1853 741 1895 Legum
759 1854 961 1887 Rhodiarum:
975 1854 1042 1894 ejus

175 1896 305 1928 nomine
317 1895 366 1927 *ibi
385 1895 552 1927 Claudium
576 1895 712 1935 intelllgi
731 1896 802 1927 vult
823 1896 892 1936 Cap.
919 1895 980 1927 IX.
1002 1894 1039 1926 ad

176 1938 206 1969 h.
230 1937 250 1968 Z.
274 1937 304 1968 &
320 1937 351 1968 id
370 1936 441 1978 quia
455 1935 511 1968 sub
528 1946 566 1968 eo
579 1936 714 1967 Tiberio
731 1944 922 1968 memoratur
938 1937 1038 1968 Anto-

173 1979 266 2010 ninus
281 1977 420 2016 Consul,
443 1987 537 2019 quem
561 1976 653 2009 fuiffe
677 1978 722 2009 ait
736 1977 893 2022 Quintum
913 1978 1041 2010 Hateri-

174 2029 228 2050 um
253 2019 451 2051 Antoninum
475 2019 530 2051 sub
556 2018 711 2057 Claudio,
734 2019 765 2058 ὃς
786 2019 898 2051 deinde
915 2019 1039 2060 quidam

173 2059 284 2099 Nero,
309 2069 402 2101 quem
429 2068 518 2101 putat
538 2059 721 2091 Domitium
741 2058 853 2099 fuiffe,
877 2063 929 2101 qui
948 2060 1040 2092 Clau-

173 2101 229 2133 dio
244 2101 394 2132 succellit.
419 2102 470 2139 Si,
493 2101 579 2142 quod
597 2100 717 2139 nescit,
740 2110 909 2143 utrumque
927 2101 1040 2141 sciret,

173 2152 251 2174 mox
271 2142 300 2174 &
320 2151 380 2183 ego
396 2143 572 2180 crederem,
595 2151 650 2183 per
669 2144 778 2180 τιέέριον
800 2148 925 2181 mum&
942 2143 1042 2174 ωςιςὶν

174 2183 418 2224 intelligendum
444 2183 506 2214 effe
534 2182 711 2215 Claudium.
757 2184 801 2215 At
830 2186 905 2225 quid
931 2184 951 2217 fi
977 2194 1041 2216 non

173 2224 275 2257 fuerit
284 2224 471 2257 ¹Antoninus
485 2223 604 2256 Consul
619 2224 674 2255 sub
687 2224 917 2258 Tiberio?non
926 2226 1040 2264 dicam,

174 2265 262 2307 quod
277 2265 356 2297 dicit
376 2265 486 2298 Petrus
502 2265 601 2296 Faber
619 2266 687 2297 Lib.
706 2265 761 2298 Ill.
781 2266 912 2309 Semefir.
934 2269 966 2298 C.
990 2277 1039 2299 12.

176 2316 250 2338 eum
269 2311 299 2342 γε
322 2308 456 2340 medinam
479 2316 663 2346 occurrere,
687 2317 786 2348 neque
804 2309 899 2340 etiam
916 2309 1038 2348 dicam,

173 2346 230 2380 sub
247 2347 383 2379 Tiberio
399 2348 491 2380 fuiffe
508 2346 670 2381 suffectum
682 2372 691 2388 ‚
715 2348 764 2381 sed
779 2359 856 2380 vero
875 2350 1038 2389 duntaxat,

175 2389 299 2421 nullum
317 2399 375 2421 nos
392 2390 527 2421 indicem
553 2388 726 2421 Consulum
745 2390 874 2430 habere,
898 2394 950 2422 cui
969 2399 1041 2423 tuto

176 2430 324 2468 fidamus3
348 2430 441 2471 idque
458 2439 521 2462 non
538 2431 645 2470 potuit
658 2441 721 2464 non
738 2432 905 2464 admonere
921 2432 1042 2465 Consu-

176 2471 258 2504 latus
274 2471 367 2503 Lauri
385 2474 416 2503 &t
440 2471 622 2513 Agrippini,
646 2482 739 2513 quem
762 2482 916 2506 memorat
935 2475 1042 2506 eadem

179 2512 296 2554 Legum
312 2513 493 2544 Rhocllarum
509 2512 698 2553 Amorum,
713 2515 743 2546 δε
762 2522 864 2547 tamen
883 2516 957 2548 alibi
973 2515 1038 2547 fru-

178 2552 237 2585 stra
253 2563 380 2594 quaeras.
405 2553 477 2585 Nec
494 2554 577 2585 enim
597 2555 675 2586 tanti
692 2554 784 2595 sunt,
809 2557 861 2597 qui
880 2558 1039 2598 reperiun-

178 2603 248 2632 tur,
274 2594 352 2625 Fasti
371 2594 579 2632 Consulares,
601 2604 637 2626 ut
655 2595 694 2627 iis
717 2597 835 2629 creduli
853 2597 987 2630 Laurum
1005 2598 1041 2634 ὅ)

179 2635 381 2677 Agrippinum
408 2645 480 2666 cum
498 2635 592 2666 Petro
609 2635 633 2666 F
635 2636 710 2667 abro
723 2638 751 2668 cl.
777 2638 828 2669 loc.
856 2648 1041 2671 transmute-

180 2686 249 2708 mus
268 2677 298 2707 in
318 2676 442 2707 Taurum
461 2676 496 2711 &³
518 2677 568 2707 Cri
583 2676 700 2716 ἰἠιινη,
726 2679 777 2709 vel
797 2688 869 2710 curn
887 2681 950 2720 Jac.
975 2680 1040 2712 Go-

180 2715 329 2749 thofrcdo
346 2718 414 2758 Cap.
440 2717 485 2749 X.
509 2717 541 2749 in
585 2718 595 2749 '.
619 2718 776 2750 Aurelium
792 2719 828 2754 &⁹
844 2720 1042 2759 Atratinum,-

178 2758 283 2791 multo
305 2760 407 2790 minus
437 2759 535 2798 tanti,
557 2767 592 2790 nt
617 2759 680 2790 alio
707 2760 781 2791 loco
799 2770 871 2792 cum
890 2770 1042 2803 nugatore

179 2799 314 2840 quodam
328 2799 424 2832 Gallo
433 2799 476 2832 D.
500 2798 632 2840 Augusti
650 2800 816 2840 Edictum,
838 2803 923 2842 quod
940 2803 1042 2835 exstat

178 2841 212 2872 in
238 2841 258 2872 l.
284 2845 313 2876 8.
328 2841 368 2882 ff.
394 2842 427 2872 de
455 2840 611 2889 QuaeJiion.
636 2841 752 2874 faCtum
777 2841 870 2875 fuisse
895 2853 1042 2885 negemus

178 2891 218 2913 ex
236 2891 295 2922 eo,
320 2883 403 2923 quod
429 2882 540 2914 Vivius
564 2882 680 2915 Avitus
704 2884 734 2915 δι
753 2883 870 2916 Lucius
889 2884 1040 2926 Aproniu-

176 2932 253 2962 nus,
278 2924 391 2965 quihus
409 2922 599 2955 Consulibus
616 2923 733 2956 faCtum
750 2933 955 2966 oportuerat,
978 2936 1042 2959 non

177 2973 345 3005 appareant
362 2965 392 2997 in
410 2964 494 2996 fastis
501 2965 666 3002 ,nituntur
679 2965 745 2998 haec
762 2965 916 2999 levissimo
928 2968 979 2999 vel
988 2977 1042 3008 po-

177 3006 241 3036 tius
266 3006 356 3037 nullo
381 3014 590 3047 argumento,
613 3016 684 3038 cum
712 3006 780 3038 fere
797 3008 875 3039 nulli
904 3008 983 3047 fint,
1007 3017 1042 3041 ut

178 3045 336 3091 diximus,
362 3047 409 3079 illi
427 3046 600 3079 Consulum
617 3047 764 3089 catalogi.
799 3049 917 3090 Ecquis
936 3050 1042 3091 itaque

177 3084 473 3132 fuerit'Antoninus
491 3088 545 3120 ille
562 3088 681 3121 Consul
701 3099 789 3131 aeque
804 3090 959 3122 incertum
976 3090 1041 3130 est,

177 3134 217 3175 a'c
234 3136 303 3167 quis
319 3129 373 3160 ille
389 3128 498 3169 Nero,
522 3130 574 3170 qui
591 3130 636 3162 ibi
653 3131 739 3162 ditur
757 3132 892 3170 λ’ωριθείς
908 3135 945 3167 τῷ
963 3132 1038 3163 τιςι-

174 3177 219 3203 μεν
249 3169 362 3207 καίσαρι
386 3171 503 3210 nemci&
528 3180 636 3204 omnes
662 3170 807 3206 Nerones
829 3182 923 3206 nemo
945 3172 1039 3207 facile

174 3215 345 3241 enumeret.

467 124 868 162 CORNELII
918 134 1023 161 νΛΝ
1071 122 1668 159 BYNKERSHOEK

1121 203 1225 244 Atque
1243 203 1286 234 ita
1301 201 1494 236 absolvimus
1512 202 1552 235 L.
1578 202 1637 235 IX.
1663 212 1681 233 e
1695 203 1938 247 cujusinterpre-

1079 244 1199 276 tatione
1216 244 1308 282 satis,
1332 252 1412 284 puto
1424 268 1434 283 ,
1459 253 1607 285 apparet,
1630 244 1740 276 multis
1755 245 1855 277 modis
1874 256 1940 281 eam

1079 287 1165 316 omni
1182 285 1372 316 difficultate
1389 295 1514 323 carere,
1539 285 1570 316 δι
1586 284 1700 316 frustra
1715 284 1796 325 esse,
1817 287 1887 327 qui,
1905 297 1940 321 ut

1079 326 1173 358 altius
1187 326 1353 357 videantur
1370 325 1492 367 sapere,
1516 325 1741 358 tantosfluftus
1759 326 1791 358 in
1811 327 1940 368 fimpulo

1079 375 1233 399 exertant.

1243 472 1794 510 EHIBAHMA.

1123 576 1290 618 Postquain
1315 576 1383 608 haec
1407 576 1608 618 scripseram,
1628 577 1666 609 ad
1689 587 1740 610 me
1760 579 1880 620 perlata
1899 579 1943 613 est
2002 589 2005 603 ¹

1081 618 1251 659 Dz'ffirtatio
1268 618 1343 649 adh.
1361 618 1381 650 l.
1401 617 1516 658 scripta
1532 619 1675 661 Lugduni
1692 619 1884 652 Batavorum
1893 631 1942 655 an-

1080 669 1122 691 no
1143 668 1351 691 Mlocxcvm.
1375 659 1405 691 &
1428 658 1499 691 sane
1523 670 1586 692 non
1604 670 1667 692 uno
1683 662 1812 694 nomine
1827 662 1957 704 digna„

1079 710 1173 742 quam
1188 709 1417 738 memoremuS,
1441 701 1471 732 ὅ(
1488 700 1539 732 hic
1560 702 1608 733 illi
1629 703 1755 738 imxv'od
1776 702 1879 735 nostra
1893 713 1944 735 an-

1080 750 1235 773 notemus.
1282 741 1392 773 Liceat
1411 741 1448 773 ad
1461 743 1580 773 calcem
1599 742 1690 783 hujus
1707 745 1850 785 opusculi
1862 745 1947 776 deca

1082 783 1200 824 aliquid
1223 781 1353 822 dixisse,
1377 792 1416 813 ne
1437 792 1516 823 opus
1539 783 1577 815 fit
1603 784 1747 824 turbare,
1769 795 1838 826 quae
1868 785 1946 817 serie

1082 825 1235 857 continua
1250 824 1345 855 modo
1362 823 1466 855 sumus
1482 825 1698 856 commentati.

1125 864 1280 897 Observat
1297 865 1404 896 auctor
1422 864 1644 906 Dzffertationis
1663 867 1734 907 Cap.
1754 865 1809 898 Ill.
1829 867 1868 899 ab
1879 866 1943 909 spe-

1082 907 1133 938 cie
1148 905 1222 937 fatti
1233 930 1242 945 ‚
1265 915 1356 947 quam
1371 906 1462 937 nobis
1477 907 1653 939 Eudaemon
1667 908 1796 946 retulit,
1821 918 1884 940 nou
1893 917 1944 940 ne-

1084 947 1213 980 cess'ario
1228 948 1361 979 alienam
1379 947 1441 979 effe
1455 957 1580 979 omnem
1596 947 1819 989 inspectionem
1829 950 1866 981 de
1882 950 1943 990 Jac-

1085 997 1142 1027 tu;
1172 998 1231 1020 nec
1255 988 1386 1029 illepido
1413 989 1552 1020 themate
1579 989 1657 1022 illud
1683 991 1744 1021 ivit
1768 990 1944 1031 probatum.

1083 1031 1166 1063 Eum
1183 1030 1231 1061 adi
1245 1052 1256 1068 ,
1279 1030 1310 1062 ἀ
1324 1030 1447 1061 videbis
1461 1030 1540 1062 nihil
1557 1032 1723 1072 quicquam
1740 1031 1862 1064 obstare
1870 1031 1946 1064 fisti-

1081 1072 1135 1103 oni
1156 1071 1196 1102 de
1223 1072 1328 1112 rapina
1351 1071 1498 1112 jastarum
1522 1072 1701 1110 mercium,
1731 1083 1832 1114 neque
1853 1074 1947 1106 etiam

1083 1113 1250 1154 quicquam
1265 1111 1476 1151 obstaturum,
1500 1112 1522 1144 fi
1539 1112 1657 1152 jactus,
1680 1122 1772 1153 quern
1789 1115 1846 1146 ille
1864 1113 1948 1146 secu-

1083 1162 1151 1185 tum
1169 1153 1229 1184 ess‘e
1246 1154 1336 1191 vult,
1355 1152 1553 1195 naufragium
1569 1154 1759 1186 anteceffiss'e
1773 1155 1948 1188 credamus.

1083 1194 1180 1241 Quod
1197 1204 1260 1226 non
1276 1204 1315 1225 eo
1338 1194 1455 1225 diaeum
1474 1195 1593 1233 velim,
1617 1203 1653 1226 ut
1670 1205 1743 1227 cum
1762 1195 1830 1237 ipso
1850 1196 1947 1229 effici-

1082 1246 1150 1275 am,
1173 1235 1289 1276 Legem
1307 1235 1388 1266 hanc
1403 1244 1467 1267 non
1483 1234 1544 1267 esse
1559 1238 1598 1266 ab
1616 1234 1819 1278 inscriptione
1827 1237 1946 1277 Tituli,

1081 1277 1113 1308 in
1132 1285 1195 1317 quo
1211 1274 1327 1317 digesta
1345 1275 1390 1307 est
1401 1298 1410 1314 ,
1434 1276 1566 1307 alienam
1583 1277 1755 1318 (fugitivas
1772 1279 1950 1320 appellant)

1082 1317 1135 1350 sed
1154 1324 1189 1349 ut
1205 1317 1279 1358 quid
1297 1318 1412 1357 majus:
1433 1315 1556 1348 scilieet
1565 1319 1837 1351 confirmationem
1847 1320 1946 1352 Anto-

1082 1359 1148 1391 nini
1175 1359 1208 1390 in
1223 1359 1252 1390 h.
1277 1358 1298 1390 l.
1321 1368 1385 1390 non
1408 1357 1446 1389 ad
1472 1358 1572 1399 Leges
1595 1361 1694 1392 κωῖόλε
1717 1359 1868 1398 Rhodias,
1897 1359 1950 1393 sed

1083 1400 1121 1431 ad
1143 1409 1229 1439 eam,
1254 1409 1323 1442 quae
1349 1399 1387 1430 de
1409 1398 1491 1439 jactu
1515 1399 1583 1440 est,
1607 1400 1765 1441 pertinere
1787 1401 1893 1442 poss'e,
1918 1402 1950 1434 δι

1083 1441 1209 1474 fortean
1230 1440 1411 1482 pertinuisse
1428 1450 1438 1479 3
1471 1449 1536 1481 quo
1557 1441 1601 1473 ita
1622 1442 1860 1474 confirmaverit
1885 1452 1950 1476 non

1083 1484 1156 1518 νέμες
1177 1487 1222 1513 τῶν
1237 1484 1351 1521 rodim,
1374 1491 1506 1514 numero
1528 1482 1685 1524 plurium,
1708 1482 1779 1522 sed,
1802 1493 1837 1515 ut
1851 1483 1895 1516 est
1916 1484 1949 1517 in

1084 1525 1114 1556 h,
1128 1525 1147 1556 l,
1164 1525 1231 1559 νέμον
1250 1524 1268 1551 ²1²¹
1285 1525 1382 1553 Ῥοέιων
1395 1547 1403 1560 ,
1422 1531 1497 1564 puta
1513 1528 1581 1555 νόμον
1598 1526 1653 1557 ‘ab'
1667 1530 1708 1557 τῆς
1726 1527 1855 1565 ὠςολῆς,
1870 1534 1947 1567 prae-

1084 1574 1132 1598 ter
1157 1575 1248 1606 quam
1276 1575 1341 1597 non
1365 1565 1425 1597 alia
1442 1563 1512 1596 Lex
1532 1565 1654 1598 Rhodia
1673 1566 1942 1608 frequentabatur:

1083 1609 1113 1640 &
1132 1606 1350 1638 observabitur
1363 1607 1418 1638 illa
1431 1606 1469 1637 de
1487 1606 1568 1647 jactu
1583 1608 1655 1647 lex,
1679 1616 1832 1650 quatenus
1845 1608 1950 1650 dispu-

1085 1648 1257 1693 tationibus
1271 1647 1424 1689 JCtorum
1440 1647 1477 1678 ab
1492 1657 1527 1679 ea
1543 1649 1696 1681 recessum
1712 1659 1777 1682 non
1794 1649 1859 1690 est,
1884 1650 1948 1682 hoc

1085 1689 1147 1729 est,
1171 1691 1197 1719 cia
1214 1694 1248 1721 εὶς
1264 1691 1359 1728 μήτις,
1385 1689 1415 1721 &
1429 1697 1552 1721 caetera.
1597 1691 1650 1723 Sic
1667 1691 1750 1723 recte
1766 1690 1948 1731 subsistunt,

1085 1741 1154 1773 quae
1168 1733 1201 1762 de
1218 1731 1350 1773 Legibus
1364 1731 1541 1762 Rhodiorum
1550 1733 1706 1764 navalibus
1717 1733 1947 1774 disputavimus

1088 1774 1156 1814 Cap.
1183 1773 1270 1804 Vlll.
1293 1773 1436 1814 quamvis
1463 1772 1545 1804 hunc
1573 1774 1725 1806 Maeciani
1751 1774 1859 1806 locum
1883 1782 1949 1806 non

1084 1814 1218 1856 accipias
1234 1814 1272 1845 de
1285 1813 1374 1845 causa
1391 1813 1570 1846 Rhodienfi.
1686 1834 1691 1839 -

1128 1855 1251 1893 Probo,
1274 1855 1357 1895 quod
1379 1854 1459 1886 idem
1489 1855 1564 1897 Cap.
1585 1856 1641 1889 I'V.
1661 1856 1807 1889 defendat
1822 1854 1946 1889 Volusii

1085 1897 1199 1929 librum
1215 1907 1251 1928 ex
1276 1897 1358 1938 Lege
1377 1896 1515 1935 Rhodia,
1538 1907 1602 1930 non
1622 1898 1741 1940 probo,
1766 1898 1850 1939 quod
1866 1907 1945 1939 grae-

1082 1948 1119 1970 ce
1135 1938 1286 1979 scriptum
1304 1938 1397 1969 fuiss'e
1413 1946 1506 1978 neget
1523 1948 1563 1971 ex
1580 1940 1678 1972 titulo
1689 1941 1797 1971 latino.
1819 1939 1872 1971 Est
1889 1939 1946 1970 eti-

1082 1990 1150 2019 am,
1175 1979 1231 2011 etsi
1254 1979 1309 2011 ille
1325 1979 1538 2020 contradicat,
1560 1990 1617 2012 cur
1643 1980 1828 2021 conjecturae
1846 1979 1945 2012 indul-

1083 2030 1208 2062 geamus
1220 2044 1230 2060 ,
1243 2021 1368 2052 librum
1386 2020 1470 2051 hunc
1493 2021 1587 2054 fuiss‘e
1595 2021 1784 2064 singularem.
1831 2021 1891 2054 Sed
1906 2021 1945 2052 de

1084 2064 1133 2094 his
1152 2061 1224 2093 satis
1239 2062 1378 2093 diximus
1397 2062 1467 2102 Cap.
1491 2062 1514 2094 I.

1127 2103 1220 2135 Toto
1239 2104 1307 2146 Cap.
1335 2102 1373 2134 V.
1398 2102 1429 2132 id
1443 2103 1528 2144 agit,
1551 2111 1587 2136 ut
1612 2105 1716 2136 laudet
1740 2104 1871 2136 verbum
1888 2115 1944 2131 vow-

1085 2149 1209 2185 Qmis,
1230 2154 1294 2176 non
1318 2143 1460 2184 equidem
1487 2154 1625 2186 graecum
1643 2170 1652 2184 ,
1679 2145 1728 2176 sed
1744 2168 1754 2183 ,
1778 2155 1812 2177 ut
1840 2144 1944 2177 existi·

1084 2194 1168 2224 inat,
1189 2186 1226 2217 de
1244 2185 1392 2219 industria
1405 2186 1470 2226 ejtis
1482 2209 1491 2224 ,
1516 2187 1569 2227 qui
1587 2187 1729 2218 libellum
1746 2186 1947 2219 Eudaemonis

1084 2228 1254 2268 concepit,
1279 2227 1421 2258 latinum.
1447 2230 1570 2262 Ναυσίνον
1591 2227 1762 2269 fignificare
1776 2229 1819 2259 ait
1843 2228 1947 2260 navim

1082 2269 1210 2301 frafitam
1228 2269 1316 2300 simul
1335 2268 1365 2299 &
1384 2268 1761 2312 perditam,naufragium
1778 2270 1872 2300 etiam
1881 2277 1946 2311 per-

1083 2311 1198 2342 niciem
1214 2310 1377 2341 minorem.
1424 2309 1521 2355 Quod
1547 2319 1643 2342 utcun
1670 2319 1708 2341 ue
1726 2310 1784 2349 fit,
1809 2311 1878 2352 quis
1895 2318 1946 2352 ge-

1083 2361 1141 2384 nus
1159 2352 1190 2383 &
1217 2351 1343 2383 modum
1368 2350 1458 2391 hujus
1475 2351 1627 2393 naufragii
1667 2351 1849 2383 efiniverit?
1870 2351 1947 2392 quin

1085 2394 1106 2426 fi
1127 2393 1165 2425 de
1178 2393 1297 2424 ‘minori
1315 2392 1554 2433 intelligendum
1573 2393 1628 2432 fit,
1653 2392 1731 2424 nihil
1755 2401 1856 2423 tamen
1879 2401 1948 2432 pro—

1085 2435 1210 2466 hibebat
1227 2443 1298 2465 eum
1315 2442 1416 2474 graece
1434 2434 1542 2475 loqui,
1568 2436 1597 2466 ὅ(
1615 2434 1756 2475 pluribus
1781 2432 1884 2464 verbis
1900 2431 1946 2464 ef-

1084 2476 1187 2514 ferre,
1209 2475 1293 2516 quod
1313 2484 1375 2506 uno
1391 2484 1454 2507 non
1469 2483 1603 2516 poterat.

1128 2518 1198 2559 Cap.
1223 2516 1277 2549 Vl.
1299 2517 1406 2555 ’rumpia
1423 2516 1674 2548 emendationem
1690 2524 1730 2547 ex
1741 2524 1779 2546 eo
1793 2515 1887 2546 etiam
1896 2524 1944 2546 re-

1082 2558 1185 2599 fellit,
1210 2558 1294 2599 quod
1310 2561 1409 2591 ’μαριά
1425 2557 1608 2598 simpliciter
1623 2565 1681 2597 pro
1697 2558 1773 2588 mari
1790 2556 1884 2589 Icario
1898 2567 1946 2589 ac·

1082 2601 1146 2642 cipi
1162 2600 1248 2641 polle
1263 2609 1326 2631 non
1341 2599 1493 2630 videatur.
1538 2596 1572 2628 ld
1594 2597 1666 2640 quia
1681 2598 1735 2629 ille
1751 2598 1855 2636 dixit,
1880 2599 1945 2630 vel-

1085 2643 1146 2674 lem
1167 2651 1206 2672 ne
1233 2641 1323 2672 nobis
1347 2639 1422 2670 ess‘et
1443 2638 1559 2669 dietum
1583 2640 1652 2679 Cap.
1678 2638 1732 2670 IV.
1758 2648 1790 2671 at
1808 2649 1867 2672 nos
1882 2649 1946 2672 uno

1085 2683 1183 2715 verbo
1194 2705 1203 2721 ,
1227 2682 1310 2723 quod
1327 2682 1381 2713 ille
1400 2680 1527 2730 longum
1542 2677 1621 2710 facit
1634 2703 1643 2719 ,
1668 2680 1830 2713 recensens
1846 2681 1945 2713 nomi-

1084 2734 1123 2756 na
1139 2723 1232 2754 maris
1250 2722 1358 2759 Icarii,
1379 2729 1442 2761 quo
1467 2721 1566 2757 Ιιιαρίιις
1582 2730 1718 2760 vocem,
1739 2731 1797 2763 pro
1814 2723 1888 2754 mari
1902 2722 1946 2754 in-

1085 2765 1241 2796 tellectam
1253 2787 1263 2802 ,
1287 2762 1348 2795 sine
1363 2762 1511 2802 exemplo
1531 2761 1592 2794 css'e
1609 2761 1794 2795 ostenderet.
1840 2763 1946 2804 Magis

1086 2805 1208 2843 turbat,
1232 2804 1315 2845 quod
1337 2803 1416 2834 idem
1435 2812 1493 2844 pro
1515 2805 1542 2831 clu
1565 2807 1597 2843 ,ᾗ
1611 2805 1715 2844 'imma
1737 2814 1778 2836 ex
1795 2803 1947 2836 sententia

1085 2846 1179 2885 Viri,
1212 2845 1277 2877 scio
1302 2845 1411 2884 cujus,
1440 2843 1604 2876 Clarissimi
1633 2845 1798 2887 legendum
1822 2844 1946 2877 censeat

1084 2890 1111 2916 ων
1129 2892 1158 2925 τῇ,
1176 2892 1280 2924 Μαλῑςι.
1329 2886 1412 2916 lnter
1429 2886 1623 2926 conjecturas
1650 2888 1796 2926 criticas,
1821 2895 1896 2928 quas
1918 2887 1947 2918 d.

1088 2930 1158 2969 Cap.
1191 2927 1245 2959 IV.
1276 2926 1315 2957 de
1342 2927 1414 2958 loco
1435 2927 1588 2968 naufragii
1613 2927 1851 2969 proponebam,
1874 2927 1944 2959 haec

1083 2971 1147 3012 ipia
1172 2967 1235 3007 est,
1259 2977 1350 3009 quam
1369 2968 1418 3013 ,ibi
1439 2968 1508 3000 dedi
1531 2969 1588 3000 loco
1604 2969 1783 3010 penultimo3
1806 2969 1946 3000 deleatur

1084 3011 1198 3052 igitur,
1223 3010 1345 3040 canteris
1361 3009 1464 3041 ialvis.
1508 3010 1655 3049 Pereunt,
1681 3010 1782 3051 inquit
1801 3010 1874 3048 ille,
1895 3011 1944 3050 qui

1083 3058 1151 3083 ante
1167 3060 1217 3081 7105
1234 3048 1330 3090 nostra
1345 3051 1483 3082 dixerunt
1493 3073 1505 3090 ,
1527 3061 1588 3093 ego
1603 3059 1679 3083 vero
1698 3060 1753 3083 eos
1769 3050 1888 3083 salvere
1897 3051 1943 3090 Ju-

1082 3093 1155 3124 beo.
1176 3091 1237 3122 Na:
1254 3092 1344 3123 valde
1358 3092 1449 3123 bona:
1465 3091 1565 3134 frugis
1580 3101 1695 3134 egenus
1710 3091 1774 3131 est,
1785 3092 1838 3133 qui
1853 3100 1944 3124 unam

1081 3134 1137 3166 sibi
1154 3132 1406 3165 observationem
1432 3134 1535 3174 perire
1549 3142 1613 3165 non
1630 3132 1748 3174 patitur
1766 3132 1880 3164 facile:
1903 3133 1945 3164 de

1081 3174 1237 3206 calumnia
1261 3173 1385 3205 securus
1413 3173 1497 3214 sum,
1522 3173 1575 3206 sua
1591 3175 1680 3216 quis,
1701 3183 1739 3205 an
1755 3174 1856 3206 aliena
1872 3171 1942 3205 scri-

1088 3215 1161 3256 bat,
1185 3224 1224 3249 ex
1246 3216 1373 3247 auctore
1399 3215 1602 3257 dignoscitur.
1652 3214 1828 3253 Caeterum,
1855 3214 1886 3245 ni
1901 3214 1947 3285 ¹ad

1882 3264 1898 3286 a
1915 3264 1941 3286 la
