2008 3436
175 122 243 165 248
413 111 818 153 CORNELII
892 119 1002 145 VAN

172 208 230 230 cor
242 194 396 239 appellata
412 195 506 229 fuisse
524 194 705 227 Collefmnea
722 191 774 225 seu
791 189 981 232 Conjet‘ianea
992 187 1039 223 3&

173 239 283 279 Alfeni
306 237 493 279 Digestorun
513 237 584 270 XL.
606 236 711 267 Libros
728 257 738 272 ,
761 241 795 264 ut
820 232 927 272 primae
951 237 1039 260 erant

172 280 368 312 auftoritatis
385 303 395 318 ‚
428 279 564 320 primum
590 278 630 309 ibi
658 276 751 308 suill'e
774 273 950 312 descriptos
967 293 977 308 ,
1009 271 1038 300 ti

171 322 246 352 hinc
263 319 343 360 eise,
368 321 453 362 quod
472 318 595 350 Gellius
611 318 654 350 ait
666 341 675 355 ‚
700 315 850 348 Alfenum
869 312 962 343 verbu
979 309 1037 341 soc—

173 362 255 394 dcris
280 363 413 394 recitare
439 359 626 403 D⁷gost0rzin2
648 360 738 390 Libro
760 353 921 389 XXXIV.
949 352 1037 382 Colle-

172 403 337 435 &aneorwn
358 403 587 443 azztemsesnndo
600 423 611 440 ,
632 409 696 431 non
715 397 799 439 quod
816 395 944 426 eandem
973 402 1038 423 rem

170 444 219 476 bis
242 445 359 476 dixerit
376 469 385 484 ‚
419 445 448 476 ὃς
472 444 578 484 inepte
599 440 761 482 repetierit
776 436 903 481 diversis
923 434 1009 464 libris
1027 454 1036 471 ‚

169 493 242 517 nam
275 486 325 517 cui
356 485 442 517 bono
481 485 535 516 illa
571 481 720 523 repetitio
737 480 753 510 ‘2
792 477 841 522 {cd
878 474 972 506 iemel
990 474 1035 519 s*

169 525 332 559 XXXIV.
360 523 570 567 Digestorum,
590 523 642 563 qui
663 521 742 552 liber
768 515 1039 562 deindcssoilectcz-

169 569 234 600 neis
255 567 354 601 fuerit
372 567 514 599 insertus.
563 565 626 595 Vix
647 562 743 593 etium
762 559 897 591 dubitari
916 554 1038 597 potest,

192 610 246 641 uin
262 609 288 640 is
306 606 370 650 ipse
390 609 468 639 liber
486 605 670 646 indigitetur
690 602 727 633 ab
744 600 883 641 Ulpiano
909 599 939 643 in
964 598 982 628 i.
1012 606 1036 627 1.

170 618 203 692 ἓ.
227 654 257 682 6.
278 650 317 690 ff.
343 651 376 681 de
401 649 460 689 Aq.
487 647 522 682 65⁹
546 646 606 687 Aq.
624 644 711 685 ρίαν.
735 652 794 673 arc.
820 649 891 671 cum
912 647 976 677 ait,
1006 648 1033 668 [ι-

163 693 227 734 pud
251 691 349 722 Ser-vii
371 689 498 720 annm-es
520 688 643 719 relatum
666 684 716 725 effe
734 707 743 721 ,
767 681 795 721 fi
818 682 866 722 qni
891 681 951 712 ἃς.
977 679 1037 710 uti—

169 742 230 774 que
245 732 265 763 fi
282 731 324 762 ibi
344 730 425 771 legas
436 753 445 768 ‚
457 737 492 760 ut
510 727 674 769 legendum
691 724 752 756 effe
766 723 884 755 dudum
902 721 955 752 alii
971 729 1037 751 mo-

169 781 307 805 nuerunt
322 794 333 810 ,
362 771 438 811 apud
461 771 560 801 Servii
587 769 752 804 auditores,
775 761 1037 806 quemadmodum

172 815 204 846 &
221 814 335 854 legitur
351 812 382 843 in
404 812 423 843 l.
444 815 474 842 6.
494 811 534 852 ff.
559 812 592 841 de
618 809 694 841 Doto
713 807 830 848 proleg.
855 804 928 841 ubi,
953 802 1037 847 quod

172 855 272 886 Servii
288 855 432 884 auditores
450 853 610 883 retulerunt
622 874 631 889 ,
656 849 717 880 eil'e
735 856 813 889 puto
829 855 869 876 ex
888 845 950 875 hoc
971 846 1037 884 ipio

170 895 315 936 Corpore
335 893 606 937 Conjeciczneorum,
628 900 663 922 ut
680 891 729 927 ἃ,
751 888 835 930 quod
864 887 978 927 legitur
1006 885 1036 915 in

170 938 193 968 l.
218 946 264 968 12.
286 941 334 976 pr.
350 935 390 976 ff.
415 936 448 966 de
473 934 560 976 Instr.
584 933 631 965 vel
654 931 787 972 instrum.
813 930 871 970 leg.
901 930 944 958 ito
972 926 1036 956 Ser-

169 979 252 1009 vium
270 976 456 1018 respondisse,
477 977 620 1007 auditores
636 974 697 1016 ejus
713 972 845 1012 referunt
856 993 865 1009 ‚
890 976 992 1011 neque
1006 976 1036 997 e-

168 1019 235 1051 nim
253 1018 399 1050 assentior
419 1017 612 1056 Bel-trando,
644 1012 833 1046 existimanti
862 1011 893 1041 in
916 1008 1036 1047 Aufidio

168 1059 305 1101 Namufiz
320 1081 332 1098 ‚
358 1058 490 1091 Librum
511 1059 601 1090 illum
619 1081 628 1096 ,
665 1066 682 1087 a
704 1051 841 1098 Namusa
867 1049 1035 1096 digest-um,

168 1101 268 1142 JCtos
291 1100 417 1132 vocaffe
444 1101 588 1131 auditores
617 1098 746 1134 Servii,
783 1102 887 1126 minus
916 1095 1037 1124 scincet

168 1149 260 1184 apte,
287 1142 316 1174 δε
330 1141 393 1174 fine
413 1141 477 1173 ulla
496 1142 587 1182 plane
604 1138 804 1171 auctoritate.

210 1182 336 1215 Frustra
354 1183 363 1214 i
388 1183 451 1214 itur
467 1191 574 1223 quaero
590 1181 670 1212 alios
686 1177 793 1211 Alfeni
816 1176 914 1208 libros
925 1199 934 1214 ‚
947 1183 1039 1216 quam

167 1224 242 1258 XL.
266 1224 341 1256 illos
362 1192 551 1266 §igeflorum
563 1245 573 1261 ,
606 1230 741 1263 quorum
765 1218 862 1250 Index
881 1215 1038 1248 Florenti»

166 1276 226 1298 nus
245 1265 390 1297 meminit
406 1287 417 1304 ,
447 1265 622 1307 quibusque
640 1262 695 1294 ille
713 1260 814 1291 varias
840 1258 921 1299 Juris
942 1265 1036 1287 mate-

167 1309 229 1341 rias
245 1305 403 1348 disposuit
418 1307 447 1339 &
464 1308 495 1338 in
510 1306 653 1337 ordinem
673 1302 804 1334 redewit.
849 1296 1038 1341 Digestorum

167 1358 256 1388 vox,
274 1347 436 1379 veteribus
453 1347 541 1387 JCtis
556 1355 616 1387 pro
634 1344 731 1376 titulo
746 1325 913 1378 solemnis,
930 1348 1036 1380 quem-

166 1390 218 1422 vis
233 1389 348 1422 librum
365 1389 516 1426 denotat,
540 1386 741 1428 quidcunque
759 1382 884 1414 tandem
902 1390 942 1411 eo
961 1390 1036 1412 con-

164 1432 322 1470 tineatur,
348 1437 384 1461 ut
401 1430 484 1461 reste
499 1427 662 1461 Salmasius
680 1423 862 1457 observavit
884 1421 921 1453 ad
947 1422 1036 1462 Spar-

166 1475 283 1506 tianum
299 1474 332 1503 in
347 1471 426 1503 Vero
452 1471 483 1501 C.
501 1479 532 1511 5.
557 1469 586 1501 <Sc
605 1469 642 1500 ad
662 1465 840 1499 Tertulliani
860 1463 992 1495 Panium
1001 1468 1035 1503 p.

165 1523 239 1556 203.
285 1513 328 1544 Et
358 1510 560 1554 fragmenta,
583 1520 654 1552 quae
678 1506 841 1549 supersunt
863 1514 904 1537 ex
927 1503 1036 1537 Alfeni

164 1550 317 1597 Digestis,
342 1549 416 1585 satis
433 1563 561 1595 quoque
580 1551 768 1588 ostendunt,
791 1546 872 1579 varii
889 1556 924 1578 ea
948 1554 1036 1587 argu-

163 1596 263 1628 menti
279 1594 391 1634 fuisse,
417 1595 448 1627 &
467 1590 737 1636 comprehendiss'e
760 1587 918 1630 Responsa
941 1588 1036 1628 juris,

165 1647 239 1668 cum
256 1636 408 1678 Sulpici-i,
434 1635 643 1677 Praeceptoris
667 1633 711 1665 sui
726 1656 736 1671 ,
761 1640 829 1663 tum
848 1629 902 1662 sua
925 1628 1036 1670 ipsius,

164 1678 204 1710 de
219 1678 316 1709 variis
335 1677 445 1717 rebus,
470 1687 539 1718 quae
556 1675 747 1708 incidebant.
791 1671 950 1704 Antonius
974 1670 1037 1701 Au-

164 1718 307 1761 gustinus
323 1719 357 1750 de
376 1719 554 1750 Nominibus
566 1718 695 1758 propriis
710 1716 808 1747 Pand.
825 1712 905 1744 Flor.
919 1712 949 1743 in
960 1711 1032 1743 Not.

164 1761 202 1792 ad
218 1759 385 1801 Alfenum,
405 1761 469 1797 ait,
493 1758 523 1791 se
540 1769 557 1790 a
578 1757 702 1789 Gmecis
721 1754 927 1797 scriptoribus
947 1762 1033 1784 acce-

164 1801 259 1843 pisse,
284 1802 381 1832 onznia
406 1801 516 1839 Alfeni
534 1801 650 1842 scripta
664 1799 785 1840 fionpta
809 1795 860 1837 effe
879 1806 898 1826 a
922 1794 1032 1825 Praece-

159 1850 242 1884 prore
269 1844 372 1874 Servio
392 1843 519 1882 Sulpicio
539 1841 622 1881 Rufo
643 1862 654 1879 ,
681 1841 712 1871 in
736 1846 865 1879 eamque
883 1845 948 1867 rem
971 1835 1035 1866 duo

164 1885 237 1916 loca
252 1882 397 1925 profert,
422 1885 555 1915 alterum
577 1892 618 1913 ex
647 1882 667 1913 l.
689 1882 744 1912 nit.
767 1879 809 1921 ff.
857 1878 890 1908 Si
918 1876 1035 1924 Qcadr.

160 1931 280 1966 pauper.
323 1924 396 1966 eciff.
422 1926 480 1956 dic.
503 1924 554 1955 ubi
579 1922 773 1964 Responsum
791 1944 802 1961 ,
834 1919 919 1961 quod
940 1927 1036 1949 nemo

163 1976 229 1998 non
249 1966 288 1998 Al
306 1966 355 1997 eni
373 1965 435 1997 esse
452 1966 571 1997 diceret
584 1988 593 2003 ,
617 1966 654 1995 ad
665 1963 811 1996 Servium
828 1959 927 1993 refert
943 1958 1033 1991 Grae-

163 2017 221 2039 cus
236 2006 424 2039 Scholiastes
441 2007 478 2038 ad
500 2005 590 2045 Bofii.
612 2005 653 2037 L.
673 2005 744 2038 LX.
773 2004 807 2035 T.
829 2012 858 2034 2.
887 2002 919 2033 C.
936 2010 970 2041 5.
993 2000 1035 2033 al-

163 2055 268 2081 terum
285 2057 325 2079 ex
349 2048 369 2080 l.
398 2058 445 2088 14.
466 2055 513 2088 pr.
533 2047 573 2088 ff.
596 2049 630 2079 de
653 2047 792 2078 Statulib.
816 2043 869 2076 ubi
885 2043 917 2074 id
934 2041 1035 2083 ipsum

162 2089 245 2121 facit
261 2089 453 2121 Scholiastes
469 2089 506 2120 ad
517 2087 607 2127 Basti.
630 2089 670 2120 L.
682 2085 832 2120 XLVIII.
854 2084 889 2116 T.
896 2093 927 2123 5.
940 2084 970 2115 C.
987 2091 1033 2123 15.

161 2130 320 2163 Potuiss'et
336 2130 448 2162 addere
465 2131 595 2161 tertium
610 2130 718 2162 locum
730 2152 739 2168 ,
764 2136 856 2169 quem
876 2124 978 2166 reperi
1003 2126 1036 2156 in

162 2171 185 2204 1.
208 2175 238 2203 6.
257 2171 298 2213 ff.¹
320 2173 354 2203 de
376 2171 548 2212 Mannmiff.
575 2181 644 2212 quae
670 2170 722 2201 lex
738 2193 747 2208 ‚
782 2177 847 2200 non
872 2167 975 2198 minus
999 2175 1035 2197 ac

160 2214 285 2256 priores
299 2213 388 2253 duae,
413 2211 575 2252 desumpta
591 2211 637 2244 est
655 2221 696 2243 ex
714 2209 819 2242 Alfeni
841 2206 991 2250 Digestis,
1005 2207 1035 2239 &

162 2262 269 2287 tamen
293 2253 426 2286 Graecus
450 2253 609 2295 interpres
632 2253 669 2284 ad
694 2251 785 2291 Basti.
817 2251 858 2282 L.
880 2247 1035 2282 XLVIII.

163 2296 200 2328 T.
216 2305 242 2328 1.
266 2296 299 2328 C.
309 2299 339 2328 6.
384 2295 528 2328 Servium
546 2295 588 2326 ibi
607 2293 701 2326 fuisse
719 2291 919 2331 consultum,
940 2289 971 2322 δε
989 2298 1037 2321 re-

161 2338 181 2371 s
199 2337 338 2377 ondiffe,
363 2337 466 2379 palam
484 2336 649 2368 adfirmat.
677 2335 738 2368 Sed
756 2332 874 2366 etiamsi
894 2331 1036 2364 sexcenti

196 2379 303 2410 raeculi
321 2378 353 2410 id
368 2379 511 2410 dicerent
521 2377 560 2409 de
570 2376 717 2410 omnibus
732 2375 838 2409 Alfeni
850 2375 937 2406 libris
948 2398 958 2413 ,
968 2382 1033 2404 non

163 2428 268 2452 tamen
295 2419 360 2451 illis
385 2419 479 2451 essem
504 2419 661 2451 credulus.
706 2418 756 2450 An
780 2426 861 2448 unus
890 2415 1034 2455 idemque

160 2461 247 2494 Inter
270 2470 322 2507 res
337 2460 375 2492 ad
391 2461 450 2492 tria
470 2461 524 2493 illa
538 2461 608 2492 loca
623 2460 653 2492 id
675 2459 775 2501 ipsum
789 2457 944 2490 censuerit
959 2479 970 2496 ,
995 2464 1034 2487 an

161 2511 225 2535 tres
259 2509 361 2534 uerint
379 2501 511 2541 diversi,
536 2510 630 2533 nemo
649 2501 756 2539 dicet,
779 2500 801 2532 fi
821 2507 883 2530 tres
901 2497 1033 2536 diverfi,

159 2554 199 2576 an
224 2553 334 2576 omnes
357 2551 525 2584 propterca
547 2541 654 2574 Graeci
681 2543 873 2583 Interpretes
896 2539 1034 2580 ejusdem

160 2595 288 2627 quoque
305 2583 426 2616 fuerint
444 2584 625 2623 sententiae,
651 2593 744 2616 nemo
762 2583 866 2619 dicet,
889 2581 965 2622 quin
981 2579 1033 2611 vel

155 2627 194 2662 hi
211 2634 293 2665 tres,
316 2625 402 2667 quod
419 2626 458 2656 de
478 2626 577 2656 tribus
600 2625 663 2656 illis
685 2626 765 2656 locis
786 2624 936 2655 dixerunt
955 2644 966 2660 ,
995 2630 1034 2652 an

159 2668 200 2700 de
216 2667 364 2700 omnibus
386 2666 495 2698 Alfeni
517 2664 653 2708 Digestis
675 2664 912 2702 intellexerint,
937 2672 1031 2694 nemo

158 2710 255 2741 etiam
265 2715 338 2740 tuto
352 2707 449 2741 dicet.
474 2708 584 2746 Addo,
602 2707 687 2748 quod
707 2715 737 2738 m
750 2708 776 2738 d.
794 2707 813 2737 l.
825 2709 855 2736 6.
870 2717 873 2720 >
897 2705 947 2735 .de
960 2704 1032 2735 Mo-

159 2750 273 2791 numiff.
297 2750 328 2782 δι
348 2750 378 2782 in
401 2750 430 2782 d.
461 2750 482 2782 l.
508 2759 555 2789 14.
574 2754 622 2789 pr.
641 2748 681 2789 ff.
707 2749 740 2779 de
766 2748 853 2778 Statu
868 2747 905 2776 ib.
940 2746 1030 2777 exhi-

159 2792 290 2830 beatur,
310 2791 477 2832 respondit,
502 2800 566 2822 non
591 2790 744 2831 respondi,
774 2796 809 2820 ut
829 2788 860 2819 in
880 2788 907 2817 d.
932 2787 954 2818 l.
974 2786 1028 2817 ult.

155 2833 196 2873 ff.
229 2833 262 2864 Si
289 2834 391 2874 quadr.
407 2838 498 2874 paup.
513 2830 611 2872 fetiff.
635 2833 692 2863 dic.
719 2832 749 2863 ὅ(
774 2829 847 2870 quia
866 2827 1031 2869 respondit,

159 2874 198 2905 ab
215 2873 333 2906 Alfeno
359 2874 518 2915 prolatum
537 2896 548 2912 ,
574 2873 611 2904 ad
626 2873 721 2904 alium
741 2869 869 2911 respicit
885 2891 897 2907 ,
923 2868 1031 2900 Gra-cci

158 2913 348 2956 Interpretes
366 2914 454 2947 forte
472 2914 508 2946 ad
528 2915 674 2946 Servium
695 2914 895 2948 retulerunt,
924 2919 1029 2951 quem-

158 2955 327 2987 admodum
351 2956 381 2988 &
408 2955 565 2997 Interprcs
589 2955 626 2987 ad
649 2957 678 2987 d.
700 2955 720 2987 l.
743 2954 797 2986 ult.
820 2951 892 2993 quia
914 2951 944 2983 &
965 2950 1029 2991 ipse

159 2994 290 3041 fortasse
309 2997 341 3028 in
364 3001 409 3033 τῷ
432 3000 504 3028 κατὰ
524 2999 607 3028 πόδας
632 2997 770 3038 legerat,
793 2994 948 3035 respondit.
970 2991 1028 3024 Sed

160 3044 264 3081 minus
276 3038 444 3077 prudenter
460 3038 490 3070 id
506 3038 679 3080 porrigitur
694 3038 732 3069 ad
749 3047 799 3068 eas
822 3035 854 3066 ll.
901 3032 1028 3070 Alfeni,

160 3076 216 3106 ubi
232 3078 340 3124 eadem.
353 3080 434 3111 ratio
450 3089 513 3111 non
531 3078 585 3111 est.
631 3079 740 3111 Patior
756 3079 879 3118 itaque,
903 3074 956 3106 ubi
975 3074 1028 3106 Al-

159 3115 253 3162 fenus
269 3123 396 3164 tertium
414 3120 516 3152 laudat
534 3143 544 3158 ,
572 3130 634 3152 non
652 3119 773 3161 adJecto
790 3117 938 3154 nomine,
962 3116 1029 3147 Ser-

160 3165 249 3202 vnun
270 3158 444 3204 Sulpicium
464 3161 621 3202 intelligi,
668 3171 704 3192 ua
721 3160 952 3200 Praeceptorem
974 3156 1026 3188 Al-

157 3195 223 3230 feffl
234 3219 245 3236 9
267 3198 297 3230 &
311 3206 484 3239 principem
499 3201 638 3242 Jurispru
661 3202 755 3235 entiae
766 3223 777 3239 ‚
790 3209 826 3232 ut
836 3200 1029 3239 (ittanquam

1075 97 1675 141 BYNKERSHOEK

1083 185 1158 214 αὐτὸς
1181 183 1249 215 'f'eoez
1273 191 1343 213 narn
1359 189 1434 212 ecce
1451 180 1480 211 ὥς
1498 179 1599 219 palam
1623 178 1689 218 ejus
1710 179 1894 211 austeritate
1915 194 1944 216 u:

1083 225 1132 257 sus
1152 223 1215 263 est,
1241 232 1276 255 ut
1305 229 1432 264 apparet
1454 230 1494 251 ex
1516 221 1535 251 i.
1560 223 1613 259 65.
1637 220 1665 261 §.
1690 225 1719 254 8.
1739 220 1779 260 ff.
1801 220 1858 253 Pro
1884 223 1941 259 Sos,

1084 268 1205 297 Servius
1223 266 1299 305 opud
1316 264 1461 303 slil'emnn
1481 263 1524 292 ita
1542 266 1653 299 notat,
1677 261 1706 293 ὅ(
1731 270 1771 293 cx
1794 263 1815 294 l.
1838 272 1886 305 ῃ.
1902 268 1942 308 ff,

1081 311 1114 338 (le
1137 308 1179 338 If.
1200 307 1230 338 S.
1255 307 1373 336 Ser-vim
1392 304 1469 343 opud
1486 302 1633 341 Alfenum
1646 308 1754 342 putat,
1776 303 1826 335 sed
1838 315 1895 346 qua
1911 309 1942 341 η’-

1081 350 1118 379 dc
1136 347 1323 379 liciti-andus
1341 348 1371 377 ot
1389 344 1569 375 Gulielmus
1585 342 1719 375 Grotius
1740 345 1771 376 id
1787 347 1950 383 retulerint,

1081 390 1118 421 ad
1136 389 1328 430 C‹‚1njet³ioneo
1343 386 1451 427 Alfeni
1467 408 1477 424 ,
1497 383 1609 416 frustra
1625 394 1742 424 quaero.
1788 385 1944 422 Memora-

1084 438 1134 462 tur
1153 431 1182 461 a&
1199 428 1391 470 Responsum
1408 427 1508 459 Servii
1535 426 1616 467 apud
1630 425 1780 458 Alfenum
1797 427 1828 459 in
1853 428 1872 460 l.
1896 441 1945 466 21.

1077 478 1124 512 ]›·.
1141 471 1182 511 ff.
1205 472 1237 501 de
1258 470 1369 510 [segor.
1390 465 1463 510 gest.
1486 467 1536 499 sed
1553 475 1593 499 ex
1609 467 1675 506 ejus
1692 468 1764 499 libro
1782 468 1943 506 XXXIX,

1083 510 1288 552 D'gestormn,
1311 520 1339 542 eL
1357 511 1440 541 aliud
1459 510 1491 541 in
1509 510 1529 540 l.
1545 519 1593 549 25.
1611 508 1652 549 ff.
1670 508 1734 556 Qui
1751 508 1862 550 testam.
1878 514 1943 553 fac.

1077 556 1144 594 1³¹2!ss
1172 553 1222 583 scd
1240 562 1278 582 ex
1297 552 1363 595 ejus
1388 551 1428 582 L.
1452 550 1477 582 l.
1499 548 1709 593 Digestorum,
1729 560 1787 583 nec
1803 552 1882 585 alios
1893 554 1946 588 Δὶ..

1081 594 1147 626 feni
1168 594 1266 625 libros
1285 593 1348 632 ipic
1362 592 1450 623 novi.
1496 592 1602 632 Atque
1616 592 1660 622 ita
1675 591 1809 625 Alfenus
1829 592 1946 638 scribit,

1083 635 1158 676 quid
1183 635 1295 665 Servio
1320 633 1475 674 placuerit
1499 634 1530 664 in
1553 633 1573 664 l.
1597 642 1646 670 29.
1670 631 1699 673 §.
1721 643 1749 665 2.
1768 633 1809 674 ff.
1831 636 1864 666 de
1889 636 1961 669 Les.

1082 682 1146 718 gut.
1169 675 1224 707 Ill.
1255 675 1284 706 ἃ
1308 674 1388 715 apud
1413 673 1562 705 Alfenum
1583 674 1711 706 Servius
1734 674 1894 715 respondit
1915 679 1947 712 in

1081 721 1101 749 t.
1134 721 1185 758 67.
1207 715 1247 756 ff.
1277 717 1310 747 de
1341 715 1431 756 solut.
1463 715 1494 747 &
1521 716 1649 747 Servius
1678 714 1838 756 respondit
1866 718 1896 749 in
1925 720 1945 753 l.

1081 768 1152 804 quae
1177 757 1284 802 Alfeni
1315 760 1359 789 eit
1393 765 1445 796 45.
1462 755 1504 797 ff.
1532 757 1566 786 de
1585 756 1696 788 Hered.
1718 754 1812 797 instit.
1835 758 1866 790 &
1881 758 1947 792 fim-

1081 800 1208 841 plicitcr
1229 799 1395 845 respondit,
1420 797 1506 839 quod
1528 798 1608 838 apud
1631 797 1782 830 Alfenum
1805 798 1850 830 est
1875 799 1906 832 in
1926 803 1946 835 l.

1081 847 1174 913 ἰξΞῑ-ψξ
1175 841 1352 926 &niueas-1
1362 838 1384 919 ‚J
1378 838 1618 911 {sssssi'mssffl}
1634 843 1949 921 ῧῗὲἒὲἑὲἒὲἓᾶἳυᾚ

1081 924 1119 955 de
1137 923 1243 954 eadem
1261 932 1295 953 re
1312 922 1393 953 idem
1412 920 1563 952 censuisse
1580 921 1696 953 referat
1715 922 1746 954 in
1771 922 1791 954 l.
1805 933 1853 964 24.
1880 923 1907 966 §
1917 935 1947 967 4.

1075 965 1116 1006 ff.
1140 964 1213 995 Eod.
1236 973 1294 995 ncc
1312 963 1395 994 aliud
1417 970 1496 1003 puto
1514 962 1553 993 de
1575 970 1610 999 τῳ
1633 962 1777 1004 respondit
1798 964 1829 996 in
1853 965 1872 996 l.
1898 971 1947 1000 26.

1075 1013 1124 1046 pr.
1141 1005 1182 1046 ff.
1205 1007 1238 1035 de
1263 1006 1353 1045 Oper.
1377 1004 1503 1035 liberior.
1527 1004 1599 1044 quia
1615 1004 1645 1035 in
1670 1004 1697 1045 §.
1719 1012 1746 1036 1.
1771 1006 1896 1048 ejusdem
1912 1008 1949 1039 le-

1079 1049 1127 1090 gis
1138 1070 1146 1084 ,
1158 1046 1370 1087 subsequitur,
1397 1045 1471 1077 Item
1487 1046 1614 1087 rogavi,
1635 1045 1665 1077 &
1683 1056 1778 1085 mox,
1792 1047 1950 1089 respondit,

1080 1096 1115 1120 ut
1130 1088 1262 1120 Alfenus
1283 1087 1513 1127 Praeceptorem
1529 1086 1617 1118 suum
1633 1086 1673 1117 de
1687 1086 1795 1127 causa,
1819 1099 1888 1131 quae
1905 1091 1948 1123 in·

1082 1129 1207 1161 cidcbat
1225 1153 1234 1168 ,
1269 1128 1414 1165 videatur
1431 1125 1641 1167 consuluisse,
1672 1128 1702 1160 δε
1724 1129 1761 1160 ab
1788 1140 1827 1162 eo
1847 1131 1950 1164 tulisse

1081 1169 1293 1214 Responsum,
1319 1169 1403 1209 quod
1422 1169 1464 1199 ibi
1482 1167 1591 1200 refert.
1632 1168 1773 1202 Fortasse
1790 1172 1820 1204 ὅ(
1835 1171 1872 1203 ad
1884 1173 1951 1205 Ser-

1081 1212 1169 1243 vium
1188 1218 1347 1251 pertinet,
1367 1211 1565 1251 interrogatus
1585 1208 1625 1250 est
1644 1211 1673 1242 &
1691 1213 1858 1252 respondit,
1878 1214 1909 1246 in
1928 1214 1948 1247 l.

1082 1262 1131 1293 27.
1152 1252 1194 1293 ff.
1218 1252 1323 1282 Locat.
1347 1251 1428 1281 cond.
1455 1250 1485 1282 δι
1502 1250 1632 1291 simplex
1647 1253 1792 1292 responait
1809 1254 1840 1286 in
1862 1256 1882 1287 l.
1899 1265 1948 1287 11.

1074 1294 1115 1335 ff.
1137 1296 1170 1324 de
1192 1293 1289 1324 Perit.
1312 1289 1348 1327 ὅ)
1365 1301 1465 1322 comm.
1486 1293 1528 1322 rei
1545 1293 1632 1323 vend.
1656 1293 1678 1323 l.
1697 1303 1749 1335 43.
1770 1294 1798 1334 §.
1813 1304 1840 1327 1.
1855 1296 1895 1337 ff.
1915 1298 1949 1328 da

1081 1334 1193 1367 Donni.
1217 1332 1319 1374 infodi.
1344 1333 1364 1365 l.
1380 1342 1433 1373 44.
1448 1332 1490 1374 ff.
1511 1334 1545 1364 a'e
1566 1333 1678 1365 Herecl.
1700 1333 1796 1376 instit.
1815 1336 1835 1367 l.
1853 1347 1899 1378 14.
1939 1361 1947 1370 .

1079 1378 1112 1408 de
1134 1377 1236 1408 Pecui.
1260 1376 1352 1418 legat.
1383 1376 1402 1406 l.
1429 1383 1480 1416 27.
1506 1374 1548 1415 ff.
1572 1376 1605 1406 de
1631 1376 1718 1407 Cond.
1746 1376 1775 1409 ὅτ.
1796 1377 1910 1421 demon]
1922 1390 1946 1412 r.

1079 1419 1101 1450 Z.
1124 1428 1153 1459 7.
1171 1417 1211 1460 ff.
1235 1418 1268 1448 offe
1289 1417 1427 1449 Manum.
1452 1419 1482 1448 <Sc
1506 1417 1526 1447 l.
1545 1427 1616 1460 203.
1633 1416 1673 1458 ff.
1699 1419 1733 1449 de
1755 1418 1798 1451 V.
1821 1419 1852 1452 S.
1889 1421 1950 1455 Sed

1079 1460 1149 1491 haec
1175 1459 1280 1491 omnia
1301 1466 1365 1490 non
1389 1457 1560 1499 prohibent
1581 1481 1592 1497 ,
1628 1460 1797 1500 quominus
1817 1460 1951 1495 Alfenus

1079 1501 1211 1548 proprio
1229 1509 1354 1542 quoque
1370 1501 1479 1545 Marte
1498 1498 1656 1541 scripserit
1682 1502 1712 1532 ἃ
1736 1501 1954 1544 responderit;

1080 1542 1175 1589 yide,
1201 1551 1294 1584 quam
1315 1540 1451 1573 mascule
1476 1540 1540 1582 ipsc
1566 1540 1724 1583 Responsa
1743 1542 1794 1575 sua
1809 1544 1951 1585 proferat

1081 1594 1113 1625 in
1134 1585 1154 1616 l.
1173 1594 1225 1624 50.
1240 1583 1282 1624 ff.
1306 1584 1339 1614 de
1361 1582 1484 1623 Recepi.
1507 1586 1558 1624 qui
1578 1585 1684 1615 arbitr.
1699 1591 1791 1627 recep.
1811 1586 1831 1617 l.
1845 1590 1896 1628 76.
1907 1586 1947 1629 ff.
1976 1591 1978 1594 “

1080 1628 1117 1674 de
1137 1626 1241 1668 Judic.
1264 1625 1348 1671 ’λς-χ’.
1367 1623 1407 1665 ff.
1432 1634 1466 1654 ae
1481 1624 1544 1670 ssez'
1561 1627 1675 1657 vindic.
1700 1626 1721 1658 Ζ.
1738 1636 1784 1668 17.
1811 1627 1838 1669 §.
1858 1638 1889 1660 2.
1906 1629 1947 1671 ff.

1083 1668 1211 1709 Senserv.
1235 1670 1319 1698 vind.
1340 1666 1361 1697 l.
1382 1665 1498 1707 ulnff.
1522 1665 1556 1696 Si·
1575 1667 1675 1708 quadr.
1697 1674 1788 1709 paup.
1803 1669 1869 1709 fec,
1890 1671 1948 1702 dic.

1080 1710 1100 1742 l.
1125 1719 1178 1750 52.
1200 1708 1227 1750 §.
1254 1716 1336 1756 ¹·.².·
1359 1717 1388 1750 3.
1416 1706 1453 1741 δ’
1475 1717 1504 1747 4.
1525 1706 1566 1754 ff.
1589 1710 1626 1739 aa?
1650 1709 1691 1741 L.
1717 1709 1822 1752 Aquil.
1853 1711 1874 1743 i.
1898 1715 1948 1744 26.

1072 1750 1113 1793 ff.
1139 1753 1245 1783 Comm.
1268 1750 1362 1780 divid.
1393 1748 1414 1779 l.
1441 1752 1486 1780 16.
1511 1752 1553 1790 ff.
1585 1751 1616 1780 τῖε
1644 1751 1728 1782 Serv.
1750 1762 1821 1784 corr.
1853 1753 1874 1785 l.
1897 1763 1948 1790 29·

1069 1793 1110 1835 ff.
1136 1792 1241 1824 Locat.
1265 1792 1345 1821 cond.
1368 1790 1399 1822 ἃ.
1419 1790 1438 1821 l.
1463 1794 1514 1822 60.
1537 1791 1566 1832 §.
1593 1801 1618 1822 1.
1644 1792 1685 1833 ff.
1704 1794 1738 1823 de
1760 1793 1870 1836 Legat.
1892 1793 1949 1826 111.

1078 1835 1121 1866 Et
1145 1835 1176 1865 in
1199 1832 1379 1874 fragmento
1403 1831 1441 1862 de
1458 1831 1578 1863 foedere
1604 1832 1850 1874 Carthaginiensi
1869 1834 1956 1875 apud

1079 1875 1224 1914 Gellium·
1242 1878 1270 1905 d.
1294 1873 1332 1904 L.
1347 1872 1401 1905 Vl.
1427 1874 1459 1904 C.
1469 1883 1499 1913 5.
1521 1873 1602 1915 quasi
1619 1884 1659 1905 cx
1672 1874 1815 1915 tripode,
1839 1883 1954 1917 respon--

1078 1919 1109 1949 di
1126 1927 1188 1959 ego.
1234 1914 1391 1962 QU¹11‚&,›
1416 1914 1500 1956 quod
1519 1916 1615 1956 magis
1633 1915 1699 1955 est,
1720 1925 1737 1947 a
1751 1916 1951 1958 Praeceptore

1077 1959 1192 1991 Servio
1212 1957 1354 1990 diss'entit
1375 1965 1407 1986 m
1436 1955 1455 1987 l.
1483 1959 1529 1987 16.
1562 1957 1590 1998 g.
1615 1966 1642 1988 1.
1665 1957 1706 1998 ff.
1733 1958 1767 1988 de
1788 1956 1878 1999 Infir.
1901 1957 1954 1991 vel·

1078 1999 1213 2041 instrum.
1238 2000 1295 2042 leg.
1342 1996 1554 2029 lusti-umento
1574 1998 1677 2030 vineae
1702 1999 1808 2040 legato
1827 2021 1838 2038 ,
1870 1996 1953 2038 nihil

1078 2041 1185 2073 deberi
1202 2041 1330 2073 Servius
1346 2037 1570 2080 responderat,
1589 2038 1781 2079 Cornelius,
1808 2041 1861 2082 qui
1875 2039 1956 2073 eumx

1080 2081 1300 2120 consuluerat,
1322 2083 1453 2120 putabat
1469 2080 1575 2111 deberi
1591 2081 1699 2123 palos,
1747 2082 1862 2114 erticas
1874 2104 1884 2121 ,
1904 2092 1951 2115 ras
1971 2075 1978 2081 ⁸

1079 2124 1182 2163 stros,
1207 2123 1329 2164 ligones
1341 2141 1355 2167 ‚⁹
1378 2121 1408 2152 δε
1429 2121 1495 2161 ejus
1512 2120 1699 2154 sententiam
1750 2121 1853 2155 lfenus
1878 2133 1948 2165 prou

1078 2165 1143 2197 bat.
1188 2165 1320 2197 Scilicet
1339 2163 1466 2203 ingenui
1488 2163 1583 2194 animi
1603 2162 1668 2202 est,
1691 2164 1860 2205 profiteri,

1077 2216 1158 2248 quos
1175 2205 1321 2237 didiceris
1341 2203 1370 2235 δι
1384 2202 1575 2244 profeceris,
1602 2203 1653 2236 sed
1674 2205 1787 2246 abjecti
1806 2205 1836 2238 &
1849 2173 1951 2238 unffi

1076 2248 1150 2280 ralis
1166 2270 1178 2286 ,
1204 2256 1315 2278 eorum
1332 2245 1438 2276 vei-bis
1455 2245 1486 2276 ἅ
1504 2243 1666 2278 sententiis
1679 2268 1692 2285 ,
1719 2254 1867 2288 tanquam
1885 2247 1961 2289 gie--

1077 2289 1125 2321 bis
1141 2313 1152 2329 ‚
1174 2288 1325 2321 inhaerere
1340 2307 1350 2323 ‚
1380 2295 1482 2327 neque
1498 2287 1665 2327 quicquam
1682 2286 1738 2320 suo
1752 2288 1881 2329 ingenio
1904 2287 1950 2320 sas

1076 2340 1160 2372 pere.
1201 2330 1277 2362 Seio
1294 2330 1324 2361 ἅ
1342 2327 1494 2359 Africano
1512 2329 1720 2368 imputatum,
1741 2329 1824 2370 quod
1841 2329 1873 2360 in
1889 2329 1946 2361 Li-

1075 2375 1138 2405 bros
1191 2369 1354 2417 uaeftionnnz
1373 2391 1384 2408 ,
1407 2378 1487 2411 quos
1502 2368 1631 2414 reliquit
1676 2370 1756 2401 nihil
1776 2370 1922 2402 retulerit
1936 2392 1949 2409 ,

1075 2412 1408 2488 retensum
1421 2392 1692 2482 serenet
1704 2410 1874 2492 ‘rhen
1895 2409 1953 2494 1572*

1077 2499 1111 2529 de
1127 2495 1248 2527 cononi.
1267 2495 1362 2526 indeo.
1751 2461 1771 2494 3

1122 2538 1273 2570 Ceterum
1290 2531 1319 2567 &
1336 2533 1374 2566 ad
1390 2532 1450 2565 alia
1464 2541 1522 2564 nos
1543 2542 1640 2565 vocat
1655 2533 1834 2575 Inscriptio.
1879 2534 1950 2568 Do-·

1077 2587 1130 2612 cet
1154 2579 1208 2610 illa
1222 2600 1234 2616 ,
1253 2578 1370 2608 docent
1393 2573 1461 2606 aliae
1481 2574 1611 2605 aliarum
1636 2575 1742 2616 legum
1763 2575 1859 2608 Inscri
1900 2577 1951 2608 ion·

1076 2631 1132 2653 nes
1147 2644 1157 2660 ,
1190 2619 1320 2651 Paulum
1342 2615 1491 2657 quosdam
1514 2614 1623 2647 Alfeni
1646 2617 1733 2648 libros
1758 2617 1840 2661 Dige
1866 2618 1950 2649 orum'

1075 2663 1107 2694 in
1123 2663 1283 2706 epitomen
1298 2656 1457 2698 redegiffe.
1502 2655 1675 2689 Trifariam
1700 2657 1733 2689 id
1756 2658 1949 2701 significatur*

1074 2701 1354 2743 inscriptionibus,
1372 2706 1444 2729 cum
1463 2704 1566 2728 tamen
1583 2707 1678 2731 unum
1697 2699 1842 2742 idemque
1865 2709 1944 2741 opus

1073 2744 1269 2784 intelligatur
1284 2765 1294 2780 ,
1331 2747 1415 2771 nunc
1436 2738 1520 2769 enim
1537 2738 1707 2772 exhibetur
1730 2741 1784 2773 lex
1802 2750 1843 2773 ex
1860 2741 1949 2772 libris*

1074 2783 1264 2827 Digestorum
1281 2792 1300 2813 a
1321 2780 1414 2814 Porcio
1429 2781 1646 2820 epitomatorum
1656 2803 1667 2820 ,
1684 2788 1720 2813 ut
1735 2780 1823 2815 estin
1835 2781 1940 2815 inseri*

1074 2827 1184 2867 ptione
1203 2824 1231 2855 h.
1254 2823 1275 2855 l.
1298 2832 1349 2865 31.
1374 2829 1458 2853 nunc
1477 2829 1517 2852 ex
1533 2821 1617 2853 libris
1632 2822 1837 2863 Epitomarum
1853 2822 1940 2864 Alfe-

1073 2869 1106 2898 ni
1133 2863 1321 2908 Dig'estormn
1336 2886 1348 2902 ,
1374 2869 1410 2894 ut
1435 2860 1480 2893 cst
1500 2862 1531 2894 in
1556 2861 1764 2904 Inscriptione
1787 2865 1806 2896 l.
1836 2873 1885 2905 15.
1932 2887 1941 2895 .

1077 2910 1221 2939 Commun.
1247 2906 1380 2946 praedior.
1413 2912 1497 2934 nunc
1532 2912 1573 2935 ex
1609 2904 1720 2945 Alfeni
1739 2905 1846 2938 Libris
1918 2905 1930 2936 i

1075 2954 1237 2986 tomorum,
1264 2954 1299 2977 ut
1321 2945 1415 2977 estin
1434 2943 1643 2986 Inscriptione
1665 2946 1686 2978 l.
1711 2956 1742 2988 3.
1765 2946 1808 2988 ff.
1836 2948 1870 2978 de
1891 2911 1942 2979 fn·

1073 2990 1144 3022 ferd.
1169 2989 1205 3024 ὅ)
1226 2989 1316 3028 releg.
1362 2985 1460 3018 Index
1487 2985 1691 3018 Florentinus
1709 2996 1815 3020 earum
1838 2987 1939 3029 Epito-

1071 3040 1184 3062 morum
1202 3039 1266 3061 non
1283 3027 1446 3065 meminit,
1468 3036 1571 3069 neque
1587 3026 1643 3059 sub
1659 3026 1779 3060 Alfeno
1797 3051 1809 3067 ,
1840 3032 1941 3069 neque

1071 3071 1128 3104 sub
1151 3070 1250 3102 Paulo
1268 3092 1279 3108 ‚
1310 3077 1406 3110 utque
1431 3067 1511 3100 adeo
1532 3067 1696 3100 architecti
1718 3068 1941 3104 Pandee‘tarum

1071 3113 1103 3144 in
1122 3112 1302 3143 exhibendo
1323 3108 1420 3141 titulo
1439 3118 1498 3151 pro
1515 3108 1622 3141 lubitu
1640 3109 1843 3144 variaverint.
1880 3107 1939 3142 sed

1071 3154 1134 3185 hoc
1151 3154 1223 3185 leve
1241 3152 1296 3185 est.
1342 3148 1424 3182 Illud
1443 3150 1541 3182 matris
1558 3159 1608 3182 me
1625 3149 1798 3182 sollicitum
1825 3151 1938 3188 habet,

1071 3194 1156 3237 quod
1178 3193 1269 3227 scribi
1294 3191 1389 3239 video
1402 3214 1412 3231 ‚
1438 3174 1570 3226 Fadium
1589 3199 1698 3227 ornnes
1714 3190 1823 3228 Alfeni
1844 3190 1943 3273 Dfi‘q

1909 3241 1937 3263 0-
