2008 3436
211 112 248 147 C.
277 123 348 148 vnn
378 108 747 149 isfNKERSHOEK
774 111 967 163 QUAEST.
993 110 1129 158 JURIS
1157 108 1288 147 PRIV.
1319 112 1404 149 [ΑΒ.
1434 115 1477 152 Il.
1506 115 1543 153 C.
1565 116 1591 154 I.

23 210 116 242 opera
132 199 181 231 vel
201 199 346 232 industria
365 201 493 232 accedat
510 201 546 232 ad
564 200 768 233 exercendam
785 197 885 232 “socic-

25 252 142 279 tatem,
169 241 231 272 live
251 251 345 274 omne
372 243 490 273 lucrum
517 242 681 283 stipuletur
698 264 708 280 ,
732 241 795 273 five
819 243 886 282 cjus

23 282 172 318 semill'etn
186 307 194 321 ‚
219 282 280 314 live
297 284 388 315 ailiam
411 293 629 324 quamcunque
648 291 769 324 partem
785 305 795 320 ‚
818 293 885 315 mo-

23 327 65 358 do
91 325 178 356 liniul
207 324 393 365 stipuletur,
416 334 450 356 nt
473 327 510 356 ab
528 326 613 356 omni
634 326 749 356 damno
772 324 807 356 fit
831 326 885 356 im-

22 368 142 404 munis,
161 375 208 397 res
226 366 335 398 incidit
353 367 383 397 in
398 367 572 408 pactionem
591 366 782 405 Leoninam,
810 374 884 398 tunc

23 419 106 441 enim
126 409 153 440 ἃ
170 417 314 439 εωῑῖινιῑεῑῑε
329 409 439 439 lucrum
459 408 614 447 improbat
631 409 658 439 cI.
684 408 705 438 l.
732 417 781 445 29.
807 408 834 449 §.
858 414 884 440 1.

23 450 120 494 Quod
141 450 264 481 tandem
283 449 414 480 Grotius
433 448 516 480 addit
534 473 543 487 ‚
575 459 643 480 eam
677 449 802 480 demum
825 449 887 481 esse

22 493 205 527 societatem
235 491 406 522 Leoninatn
425 512 435 527 ,
459 490 487 521 in
508 499 566 530 qua
593 500 692 532 neque
720 498 887 532 acceptum

22 536 144 568 lucrum
171 533 286 563 dzinino
317 531 488 570 minuitur,
514 531 544 562 in
565 541 604 563 eo
629 541 753 573 quoque
770 542 820 564 me
837 533 889 564 ad-

21 576 209 610 sentientem
238 583 302 604 non
330 572 474 608 habebit,
502 574 530 604 in
551 574 637 605 omni
656 575 770 614 quippe
791 574 887 606 socie-

23 626 89 649 tate
105 625 211 647 verum
229 614 293 654 est,
317 623 418 655 neque
437 615 556 646 lucrum
577 615 732 655 intelligi,
750 615 805 647 nifi
821 624 886 647 om-

23 660 55 691 ni
82 658 197 688 damno
222 656 377 692 deducto,
403 665 504 696 neque.
526 658 699 696 damnum,
723 656 777 688 nili
800 657 886 689 omni

23 701 114 732 lueto
141 698 274 729 deducio
299 698 317 728 l.
345 707 394 739 30.
415 697 455 738 ff.
483 698 556 730 End.
581 699 620 729 de
640 698 761 738 reliquo
784 701 888 730 omnis

24 740 195 781 disputatio
211 738 277 777 ei't,
295 739 315 770 fi
334 742 416 770 enim
438 749 466 770 in
484 741 542 771 alia
562 750 592 770 re
613 740 753 777 lucrum,
780 740 809 772 in
829 741 888 772 alia

24 783 170 814 damnum
198 781 315 813 illatum
343 781 401 820 fit,
426 780 683 821 compensatione
713 779 813 816 faeta,
839 781 887 813 so·

23 825 117 860 lum,
140 822 224 863 quod
249 821 402 863 superest,
427 823 616 865 intelligitur
646 823 736 854 luci-o
764 823 826 855 esse
858 822 887 864 §.

25 875 54 898 2.
81 864 181 905 infin.
208 864 278 904 [cist.
305 866 338 895 de
359 864 462 895 Sin-[w.

68 907 208 947 Recepta
224 914 326 937 tamen
346 906 485 938 moribus
493 906 537 938 est
549 906 735 947 iniquiffima
751 906 803 939 illa
821 916 886 938 mu-

24 949 134 981 lici-un
161 948 251 988 optio
273 970 281 983 ,
320 947 348 978 ὃ(
380 947 458 978 hcine
485 958 558 979 cum
586 951 723 980 maxime
743 947 888 980 defendit

25 989 157 1021 Grutius
174 990 215 1019 oh
239 989 429 1020 matrimonii
449 987 591 1021 favorem
604 1012 614 1027 ,
637 991 687 1023 sed
705 991 807 1022 nullus
827 998 888 1020 ma-

27 1031 170 1062 trimonii
187 1030 277 1061 favor
296 1030 377 1070 apud
395 1039 444 1060 me
460 1038 565 1062 tantus
585 1029 649 1070 est,
674 1039 708 1062 ut
725 1039 779 1062 aut
796 1029 890 1061 ratio-

27 1083 98 1104 ῃριῃ
118 1073 246 1108 vincat,
270 1079 323 1101 aut
347 1071 457 1110 legem.
485 1070 535 1101 De
553 1071 622 1111 lege
637 1072 796 1109 vidimus,
815 1080 892 1102 con-

24 1115 103 1147 sulta
121 1122 223 1144 aurem
243 1113 383 1149 ratione,
395 1111 571 1151 improbum
590 1114 721 1145 omnino
737 1114 766 1146 <Sc
785 1121 891 1144 exem-

23 1157 78 1199 plo
96 1154 254 1196 pesslinum
272 1152 335 1191 eit,
360 1162 417 1193 pro
435 1153 564 1185 libidine
581 1155 747 1186 mulierum
764 1154 892 1186 marito-

25 1207 95 1230 rum
119 1195 290 1226 creditores
318 1203 487 1233 eniungere
504 1217 515 1233 ‚
538 1205 607 1227 nam
636 1197 667 1228 in
690 1205 800 1227 eorum
824 1194 893 1226 fere

24 1246 120 1279 caput
144 1237 271 1268 cuditur
299 1236 368 1267 haec
387 1235 467 1267 fabri.
514 1237 662 1269 Mulieris
687 1247 725 1270 ex
748 1237 806 1268 hac
836 1244 893 1278 op-

28 1281 118 1311 tione
139 1288 202 1310 non
227 1277 329 1309 omnis
350 1276 491 1309 fortunae
515 1287 585 1309 cum
613 1279 683 1311 viro
708 1278 892 1320 participis,

27 1321 79 1354 sed
101 1319 255 1362 prosperae
290 1318 442 1350 duntaxat
460 1343 469 1357 ,
503 1329 566 1351 non
592 1320 668 1352 item
691 1319 846 1359 adversae‚
871 1319 893 1351 fi

27 1364 96 1396 liaec
120 1361 271 1393 acciderit
292 1362 322 1392 ὅτ
341 1361 471 1392 maritus
496 1362 532 1392 ad
560 1362 667 1396 >lv-&im
691 1362 892 1403 pervenerit,

27 1415 92 1437 non
110 1413 182 1434 cum
199 1404 268 1434 viro
287 1401 440 1443 amplius,
466 1401 516 1434 sed
536 1412 608 1434 cum
636 1403 703 1444 ejus
727 1403 892 1435 creditori-

24 1444 83 1480 bus
101 1455 147 1477 res
168 1443 223 1476 est.
268 1444 348 1482 Sua,
379 1453 449 1484 quae
473 1444 510 1475 ad
538 1445 664 1485 nuptias
691 1444 889 1484 attulerunt,

26 1486 175 1521 auferunt
191 1487 258 1526 jure
273 1489 466 1519 πρωππραξιια
478 1507 489 1523 ,
505 1486 534 1517 ἅ
554 1487 673 1518 utinam
690 1485 741 1518 sua
757 1486 889 1518 tantum!

26 1530 118 1569 Saepe
141 1527 283 1560 fraudem
301 1525 403 1558 fraudi
423 1527 559 1566 addunt,
582 1527 745 1566 confidis,
769 1525 891 1568 privata

24 1571 179 1610 scriptura
192 1593 203 1608 ,
226 1567 429 1605 inventariis,
453 1578 494 1600 ex
520 1568 632 1610 quibus
650 1569 797 1601 mulieres
812 1576 891 1601 tem-

26 1621 106 1656 pore
129 1611 199 1642 initi
226 1610 417 1641 matrimonii
440 1610 535 1651 longe
557 1610 705 1651 ditiores,
730 1620 822 1652 quam
843 1620 890 1643 re-

25 1663 102 1685 vera
127 1652 274 1690 fuerunt,
298 1661 363 1683 non
395 1651 459 1683 alio
481 1651 543 1684 fine
555 1675 566 1691 ‚
588 1662 679 1694 quam
692 1675 703 1691 ‚
724 1652 744 1685 fi
762 1653 890 1685 marito-

24 1705 96 1729 ruxn
121 1703 170 1725 res
200 1691 371 1725 infeliciter
395 1693 541 1725 cesserint
559 1716 570 1732 ,
600 1693 670 1735 post
691 1694 801 1729 >haffu
827 1703 892 1726 non

27 1737 80 1770 sua
103 1744 243 1774 tantum,
266 1732 316 1767 sed
348 1735 377 1767 &
402 1735 585 1767 maritorum
618 1736 701 1767 bona
720 1736 840 1778 rapiant
860 1735 893 1768 in

26 1787 137 1811 necem
151 1776 361 1813 creditorum,
374 1777 404 1808 ἅ
419 1786 459 1808 ex
478 1776 525 1809 his
542 1777 657 1819 rapinis
672 1777 783 1809 deinde
801 1777 893 1808 beate

28 1820 141 1851 vivant
163 1817 266 1849 ambo.
314 1816 367 1849 Ne
389 1819 584 1858 creditores,
605 1818 759 1858 ejusmodi
785 1819 893 1859 pasto-

26 1871 98 1894 rum
124 1860 241 1902 ignari.
268 1857 453 1891 fallerentur
473 1883 482 1897 ,
515 1860 747 1932 quodammodo
770 1858 893 1902 prospe-

27 1903 114 1934 {tum
142 1901 186 1933 est
215 1901 370 1933 Ordinum
399 1901 514 1932 Hollan
539 1902 576 1932 iae
610 1901 724 1933 Edicto
749 1901 891 1974 goljul.

30 1947 124 1983 1624.
148 1942 210 1974 Sed
235 1942 338 1980 hanc,
361 1943 501 1983 quamvis
528 1943 680 1984 optimam
707 1943 787 1983 Juris
849 1943 894 1974 ol-

29 1985 143 2017 landici
170 1992 311 2024 partem,
334 1983 404 2016 usus
433 1983 572 2024 subegit,
597 1984 629 2016 in
651 1983 814 2023 favorem,
839 1994 894 2025 pu-

31 2036 67 2058 to
85 2050 95 2065 ,
120 2032 313 2057 mercaturae.
360 2024 524 2056 Creditum
553 2025 673 2057 scilicet
704 2025 749 2058 est
767 2049 777 2064 ,
808 2034 894 2058 com-

30 2067 157 2100 merciis
182 2065 420 2107 freque'nmndis
445 2066 607 2106 prodesse,
631 2067 653 2098 fi
672 2067 743 2108 quis
758 2077 824 2099 non
844 2066 896 2099 sua

32 2118 174 2146 tantum,
198 2107 249 2139 sed
273 2108 302 2139 dt
327 2108 428 2139 aliena
453 2108 577 2139 lubrico
596 2115 778 2141 mercaturae
798 2118 895 2150 expo-

30 2159 95 2182 nat.
142 2149 192 2181 De
214 2149 346 2191 pecunia
362 2150 502 2187 credita,
524 2149 563 2180 de
586 2150 689 2191 pretio
713 2160 817 2183 rerum
833 2160 896 2182 em-

29 2200 153 2232 ptarum
167 2213 176 2227 ‚
188 2191 217 2222 &
235 2191 273 2221 de
290 2191 358 2222 aliis
377 2191 615 2232 quibuscunque
639 2192 731 2223 rebus
748 2191 843 2224 facile
861 2191 895 2224 fi-

31 2233 85 2265 des
111 2232 275 2263 habebitur
299 2231 358 2269 ei,
389 2233 441 2273 qui
467 2233 590 2264 beatam
616 2242 745 2265 uxorem
769 2234 896 2265 duxerit

30 2274 178 2312 doznum,
204 2273 255 2304 ubi
286 2280 389 2304 tamen
417 2272 548 2304 fortuna
569 2272 718 2306 deluserit
743 2283 894 2308 mercato-

31 2325 98 2347 rem
120 2314 288 2352 maritum,
312 2323 388 2345 mox
411 2314 506 2346 delufi
531 2324 623 2346 erunt
642 2316 817 2348 creditores
835 2326 896 2348 ma-

33 2356 106 2394 riti,
130 2365 205 2387 ecce
227 2356 310 2387 enim
336 2355 450 2395 praesto
476 2354 521 2387 est
538 2357 714 2389 conventio
734 2358 895 2400 Leonina,

32 2408 101 2439 quze
123 2407 255 2429 uxorem
273 2395 397 2437 praestet
421 2397 617 2435 indemnem,
640 2398 669 2429 &
688 2398 777 2432 simul
797 2399 896 2431 credi-

33 2447 139 2472 torum
168 2448 215 2470 res
239 2446 370 2470 evertat.
417 2438 538 2470 Possem
564 2439 667 2479 plures
692 2439 805 2470 addere
831 2440 896 2480 spe-

32 2481 117 2519 cies,
142 2479 253 2521 quibus
272 2480 450 2520 improbum
468 2488 655 2511 mercaturae
671 2482 898 2521 promovendae

31 2521 165 2554 studium
194 2518 390 2561 Reipublicae
409 2521 478 2562 plus
501 2529 618 2560 nocet,
642 2531 734 2563 quam
752 2522 899 2563 prodest,

31 2563 84 2596 sed
103 2563 177 2604 quid
199 2561 296 2594 surdis
312 2572 404 2594 narro
420 2562 569 2595 fabulam.

76 2605 188 2636 Solent
203 2613 306 2635 autem
324 2604 469 2636 mulieres
496 2604 576 2636 hanc
595 2604 760 2645 optionem
780 2601 894 2645 pacisci

30 2655 97 2682 non
123 2645 176 2677 fibi
203 2653 347 2682 tantum,
369 2645 420 2677 sed
449 2645 479 2677 δε
504 2645 666 2678 heredibus
695 2645 767 2678 suis.
813 2646 895 2678 Cum

31 2687 155 2720 heredis
169 2686 290 2716 mentio
306 2685 387 2718 fasta
413 2696 477 2718 non
495 2685 590 2726 esset,
616 2690 646 2719 ὅ(
665 2687 777 2719 mulier
795 2687 896 2720 filium

29 2727 205 2768 reliquisset
219 2727 364 2758 heredem
376 2750 387 2765 ‚
403 2727 582 2768 responsum
602 2728 648 2761 est
665 2728 759 2770 (4),
775 2729 898 2761 &hunc

32 2770 196 2811 optionem
213 2767 345 2806 habere,
369 2769 399 2800 ἃ
416 2770 457 2800 ita
475 2767 602 2800 Curiam
621 2769 802 2802 Hollandiae
822 2780 897 2803 con-

33 2810 217 2845 tradietorio
233 2809 354 2849 judicio
371 2809 530 2841 censuisse.
575 2810 697 2843 Contra
713 2811 839 2852 quidem
851 2813 895 2852 ju-

32 2853 153 2885 dicavit
181 2852 333 2889 Senatus,
366 2860 416 2882 me
439 2851 590 2883 Senatore
609 2875 620 2890 ,
642 2856 671 2886 8.
697 2851 776 2885 Dec.
806 2862 894 2895 1717.

31 2893 83 2928 sed
99 2894 129 2924 in
150 2888 271 2933 specie,
294 2900 353 2931 qua
369 2892 481 2922 mulier
499 2892 552 2924 fibi
573 2894 738 2933 optionem
756 2903 823 2926 erat
843 2904 895 2936 pa-

33 2936 100 2970 sta,
119 2933 148 2973 fi
164 2933 239 2965 Viro
248 2931 394 2974 stip-cister
409 2931 493 2973 effer,
514 2934 683 2967 decess'erat
700 2942 803 2967 autem
822 2944 896 2968 ante

31 2980 146 3009 virum.
192 2973 358 3006 Generalis
382 2974 426 3006 est
450 2973 602 3014 quaestio‚
624 2981 663 3008 an
684 2977 776 3017 optio
797 2985 894 3009 trans-

33 3015 204 3050 mittatur?
227 3016 266 3046 de
290 3025 350 3053 qua
374 3016 446 3047 vide
470 3014 649 3048 Duarenum
666 3017 703 3048 ad
723 3018 744 3050 l.
772 3028 840 3061 132.
866 3018 896 3060 §.

31 3071 61 3100 4.
80 3059 120 3099 ff.
143 3060 177 3088 de
206 3056 248 3088 V.
277 3056 318 3088 O.
344 3057 394 3096 dt,
417 3057 439 3089 fi
461 3055 613 3098 transeat,
638 3058 778 3094 transibit
804 3060 834 3092 δι
859 3060 897 3093 ad

71 3198 130 3234 (4)
151 3196 241 3235 ctnfii.
262 3197 296 3226 B.
318 3199 356 3228 11.
378 3199 443 3232 263.

1765 128 1785 162 9

928 198 1102 241 quemlibet
1117 197 1309 231 extraneum.
1341 199 1497 245 Quamvis
1513 203 1615 236 autem
1633 205 1717 237 dotis
1731 204 1791 244 pri--

927 241 1080 282 vilegium
1104 249 1168 271 non
1196 239 1348 279 transeat,
1384 240 1411 282 §.
1439 252 1489 279 29-
1514 244 1586 286 Just.
1610 248 1644 278 de
1669 246 1788 278 Action„

927 284 1039 326 pignus
1060 291 1163 313 tamen
1183 281 1288 320 placet
1308 284 1435 314 transire
1457 284 1541 325 (5).

972 323 1053 356 Cum
1078 323 1210 360 mulier,
1231 323 1382 363 ejusmodi
1409 325 1574 365 optionem
1590 327 1643 358 fibi
1671 329 1788 360 heredi-

928 375 988 408 quc
1005 365 1059 398 suo
1077 364 1242 406 stipulata,
1263 364 1434 397 decessisset
1450 366 1560 397 relicto
1577 367 1644 398 filio
1660 378 1699 400 cx
1710 371 1794 411 prio-

929 408 953 439 ri
974 407 1195 445 matrimonio,
1218 407 1378 447 privignus
1399 407 1454 438 ille
1470 407 1550 448 apud
1569 407 1696 441 Curiam
1712 411 1793 442 fiol-

930 449 1041 482 landiae
1063 457 1174 480 contra
1199 449 1349 480 vitricum
1372 449 1540 480 contendit
1560 472 1570 488 ‚
1611 459 1674 482 non
1698 453 1795 483 modo

931 490 1113 523 tradendum
1137 489 1190 521 fibi
1218 489 1298 529 esse,
1323 491 1376 530 qui
1394 491 1526 522 traditus
1543 499 1628 529 erat,
1654 491 1793 524 inventa-

929 534 1009 566 rium
1027 532 1181 563 bonorum
1195 553 1206 569 ,
1229 541 1299 571 qua:
1315 540 1415 563 mater
1427 555 1438 570 ‚
1461 532 1512 564 sed
1529 533 1559 564 &
1574 542 1643 573 qua:
1663 534 1796 564 vitricus

930 574 967 605 ad
997 573 1124 614 nuptias
1146 572 1313 613 attulerat,
1339 574 1414 614 quin
1441 574 1471 606 δι
1494 574 1704 606 inventarium
1729 584 1796 605 om-

929 616 1017 649 nium
1041 615 1196 646 bonorum
1213 637 1222 651 .
1247 624 1337 655 quae,
1360 613 1509 647 defuncta
1531 624 1651 654 matre,
1676 615 1798 656 supere-¹

930 665 1019 694 rant,
1041 657 1157 696 absque
1183 656 1220 686 iis
1244 656 1327 688 enim
1351 656 1382 688 se
1409 663 1517 696 optare
1539 667 1602 689 non
1625 656 1732 698 polle,
1758 665 1798 690 an

930 698 1009 730 lucri
1029 697 1110 729 velit
1125 697 1186 728 eise
1211 698 1376 739 particeps.
1422 699 1497 740 Egit
1516 698 1611 740 igitur
1628 698 1664 730 ad
1686 707 1798 730 omnes

932 740 1005 771 illos
1031 739 1225 771 inventur-ios
1251 739 1305 771 fibi
1326 739 1537 779 exhibendos,
1563 739 1612 772 sed
1635 740 1797 772 fiduciaria

932 780 1037 812 Curiae
1062 778 1215 812 sententia
1244 791 1294 821 27.
1318 781 1379 822 Jul.
1416 787 1507 822 1708.
1531 780 1683 822 repulsam
1708 782 1797 813 tulit.=

933 822 1079 863 Appellat
1098 822 1135 853 ad
1152 822 1301 854 Senatum
1325 823 1520 864 Supremum.
1565 823 1798 864 Elegantiffima

933 863 1003 895 sane
1028 863 1160 904 quaestio
1194 862 1239 895 est
1254 887 1263 903 ‚
1307 874 1377 905 quae
1408 864 1490 905 saepe
1523 864 1626 906 potest
1647 865 1797 896 inciderer

931 905 1051 937 Omnes
1064 910 1168 936 autem
1185 905 1266 946 apud
1283 914 1341 938 nos
1357 906 1522 938 Senatores
1534 929 1544 945 ,
1567 916 1631 938 uno
1647 913 1800 948 excepto,

932 946 1113 987 putabant,
1151 946 1279 978 Curiam
1310 957 1471 988 perperam
1495 947 1645 988 judicasse
1665 972 1675 984 ,
1709 948 1801 990 pacta.

933 988 1017 1019 enim
1041 988 1175 1028 optione
1198 988 1293 1019 etiam
1311 998 1347 1019 ea
1372 988 1461 1030 pasta
1485 989 1624 1029 censeri,
1647 990 1713 1022 fine
1732 989 1799 1030 qui«

934 1028 993 1059 bus
1009 1030 1100 1068 optio
1116 1030 1266 1069 explicari
1283 1039 1346 1061 non
1366 1032 1500 1072 poterat.
1546 1031 1648 1072 Optio
1659 1031 1800 1063 mulieris

935 1069 1043 1109 ejusve
1069 1069 1190 1102 heredis
1219 1070 1407 1103 beneficium
1432 1071 1499 1110 est,
1525 1071 1574 1104 sed
1595 1074 1662 1114 quis
1687 1072 1803 1104 benefi-

936 1111 1021 1142 cium
1037 1110 1099 1142 ess'e
1117 1111 1201 1142 dicat
1213 1135 1222 1150 ,
1247 1111 1269 1143 fi
1285 1111 1398 1144 mulier
1412 1113 1517 1152 ejusve
1538 1113 1626 1145 heres
1639 1115 1678 1144 de
1695 1115 1803 1155 optio-

935 1161 976 1184 ne
1003 1151 1136 1183 statuere
1158 1152 1310 1192 debeant,
1333 1162 1397 1185 non
1428 1153 1573 1194 inspectis
1597 1155 1803 1194 inventariis,

936 1192 1026 1232 libris
1048 1194 1303 1232 mei-cantilibus,
1328 1194 1521 1234 rationibus,
1545 1196 1676 1236 aliisque
1692 1195 1802 1228 instru-

937 1235 1071 1274 mentis,
1085 1240 1124 1266 ex
1141 1236 1255 1277 quibus
1271 1236 1310 1267 de
1323 1236 1570 1269 inventariorum
1586 1237 1647 1269 fide
1659 1237 1805 1270 constare

936 1277 1039 1318 poffit.
1085 1276 1132 1309 Ita
1157 1277 1269 1309 mulier
1283 1277 1391 1318 ejusve
1410 1279 1500 1310 heres
1519 1277 1550 1310 se
1568 1279 1805 1320 praesentiffimo

935 1319 1081 1360 periculo
1097 1327 1313 1360 exponerent,
1338 1320 1389 1350 cui
1409 1329 1449 1351 ne
1464 1320 1494 1352 se
1509 1329 1727 1362 exponerent,
1753 1330 1808 1362 op·

936 1361 1057 1392 tionem
1071 1359 1216 1402 stipulata
1240 1369 1308 1392 erat
1332 1361 1457 1395 muner.-
1500 1361 1574 1402 Jure
1590 1362 1736 1394 Romano
1757 1362 1805 1394 ni-

936 1402 982 1434 hil
1000 1402 1126 1443 quidem
1143 1402 1208 1443 ejus
1224 1402 1268 1434 rei
1300 1402 1465 1435 definitum
1483 1402 1546 1442 est',
1579 1411 1692 1445 utpote
1716 1403 1804 1437 inco'-

935 1444 1033 1485 gnitis
1048 1443 1092 1475 ibi
1111 1442 1265 1484 ejusmodi
1283 1443 1399 1485 paffls,
1422 1443 1473 1476 sed
1491 1447 1596 1478 tamen
1613 1455 1653 1477 eo
1668 1446 1734 1486 jure
1751 1452 1807 1477 ve-

934 1495 1003 1518 rum
1030 1483 1094 1525 est,
1119 1485 1263 1518 mandata
1287 1486 1519 1526 jurisdiffione,
1542 1487 1638 1519 etiam
1659 1497 1696 1519 ea
1719 1495 1806 1519 man-

934 1527 1007 1559 data
1023 1526 1160 1567 censeri,
1183 1526 1246 1560 fine
1264 1527 1377 1569 quibus
1392 1527 1568 1568 jurisdifitio
1585 1529 1735 1571 explicari
1748 1538 1805 1561 ne-

934 1569 1021 1610 quit,
1047 1571 1078 1601 &
1103 1569 1236 1610 optione
1263 1569 1364 1611 legata
1383 1592 1393 1609 ,
1418 1570 1608 1603 exhibendas
1638 1564 1701 1602 esse
1725 1580 1774 1603 res
1791 1593 1804 1609 ,

933 1619 1064 1651 quarum
1082 1611 1175 1652 optio
1193 1610 1302 1643 reliCta
1325 1609 1380 1643 est.
1426 1611 1509 1644 Haec
1536 1612 1673 1654 privigni
1694 1612 1778 1645 attio
1796 1627 1810 1650 ,⁴

934 1661 976 1684 ex
1001 1659 1110 1684 natura
1131 1652 1200 1692 rei,
1224 1653 1304 1684 nihil
1330 1661 1420 1693 erat,
1446 1664 1539 1695 quam
1564 1653 1628 1696 ipsa
1652 1654 1735 1687 attio
1768 1654 1808 1687 ad

936 1693 1173 1733 exhibendum,
1197 1701 1291 1735 atque
1315 1694 1382 1727 haec
1407 1695 1500 1728 datur
1524 1696 1582 1736 iis,
1605 1705 1738 1737 quorum
1767 1699 1808 1729 ex'

935 1735 1014 1777 justa
1028 1734 1120 1767 causa
1137 1735 1265 1768 interest
1287 1745 1353 1768 rem
1380 1737 1546 1777 exhiberi3
1580 1737 1632 1769 hic
1649 1746 1753 1771 autem
1772 1748 1807 1770 o-

936 1777 1047 1810 mnino
1066 1777 1213 1810 intererat
1229 1778 1366 1820 privigni
1385 1778 1579 1812 inventarios
1597 1780 1627 1812 δε
1642 1780 1740 1813 libros
1753 1789 1808 1813 ex-

937 1819 1058 1858 hiberi,
1082 1828 1121 1851 ne
1138 1843 1147 1859 ,
1172 1818 1247 1852 solis
1266 1819 1454 1861 conjedurjs
1472 1820 1594 1854 causam
1619 1821 1810 1863 transigens,

938 1860 1118 1902 imprudens
1156 1860 1333 1894 laederetur.
1379 1862 1467 1908 Quin
1493 1862 1515 1895 fi
1546 1862 1669 1895 mulieri
1698 1863 1810 1905 ejusve'

936 1901 1043 1934 heredi
1060 1902 1236 1943 optandum
1250 1903 1327 1935 effet
1343 1903 1406 1936 fine
1424 1904 1513 1943 ullo,
1535 1904 1619 1945 quod
1637 1906 1809 1947 praecedat,

936 1944 1095 1976 bonorum
1114 1944 1275 1984 examine,
1300 1945 1411 1986 utique
1425 1955 1461 1977 ea
1479 1955 1529 1978 res
1546 1944 1669 1978 causam
1686 1948 1807 1988 praebe-

937 1994 986 2017 ret
1004 1985 1164 2017 continuis
1181 1986 1212 2017 in
1228 1986 1384 2028 integrum
1399 1985 1653 2020 restitutionibus
1670 1998 1712 2021 ex
1731 1989 1808 2022 laefi«

939 2037 1023 2066 one,
1046 2026 1159 2059 deinde
1176 2031 1310 2069 reperta.
1356 2028 1444 2070 Ego,
1470 2029 1522 2069 qui
1539 2038 1576 2060 ea
1593 2038 1721 2071 quoque
1741 2030 1807 2063 sen-

940 2069 1040 2101 tentia
1056 2069 1189 2106 utebar,
1213 2069 1360 2101 addebam
1384 2078 1509 2109 tamen,
1533 2070 1676 2104 mulieris
1699 2072 1808 2112 ejusve

939 2109 1061 2142 heredis
1076 2119 1141 2142 non
1162 2109 1225 2142 esse
1238 2133 1249 2149 ,
1271 2111 1421 2144 exhibitis
1447 2111 1632 2144 inventariis
1654 2113 1684 2145 ἃ
1701 2114 1810 2153 libris,

939 2151 1104 2193 optionem
1122 2150 1268 2190 differre,
1291 2152 1394 2184 donec
1417 2153 1586 2185 inventarii
1611 2152 1711 2186 essent
1727 2155 1810 2188 refu-

939 2194 994 2225 tati
1007 2217 1016 2232 ,
1040 2193 1112 2224 lites
1129 2194 1300 2234 pendentes
1318 2194 1478 2232 definitae,
1499 2195 1530 2227 &
1546 2195 1652 2227 omnia
1663 2196 1700 2228 ad
1715 2196 1809 2238 liqui-

938 2234 1011 2267 dum
1029 2234 1186 2275 perducta.
1232 2235 1312 2267 Rem
1331 2235 1410 2268 hanc
1429 2235 1491 2267 effe
1508 2235 1680 2268 summatiae
1697 2239 1807 2280 cogni-

939 2276 1056 2314 tionis,
1080 2276 1108 2308 &
1124 2274 1230 2317 poffe,
1252 2277 1303 2318 qui
1322 2276 1469 2318 optavit,
1491 2277 1593 2308 adhuc
1611 2278 1806 2320 periclitari,

938 2317 961 2349 fi
984 2317 1071 2349 forte
1098 2317 1257 2350 debitores
1283 2318 1386 2351 minus
1413 2318 1473 2351 fint
1501 2319 1634 2356 idonei,
1666 2320 1718 2352 vel
1750 2321 1817 2355 alia·

961 2368 1134 2399 uaecunque
1160 2359 1270 2391 damna
1286 2359 1396 2392 fatalia
1416 2360 1572 2402 ingruant.
1616 2360 1706 2393 Unus
1720 2385 1729 2401 ‚
1754 2364 1809 2403 qui

939 2369 1160 2439 dissentiebat,
1194 2401 1424 2433 exhibitionem
1448 2402 1603 2443 negabat,
1629 2403 1702 2443 quia
1726 2403 1806 2436 hanc

940 2440 1088 2482 stipulata
1103 2451 1166 2473 non
1189 2446 1256 2473 erat
1273 2443 1404 2480 mulier,
1429 2441 1485 2473 sed
1505 2443 1534 2473 ei
1551 2442 1612 2482 jam
1627 2442 1810 2483 responsum

940 2482 994 2514 est.
1040 2482 1200 2524 Praecipue
1215 2491 1321 2514 autem
1337 2492 1410 2514 eum
1431 2483 1581 2515 movebat
1592 2507 1602 2523 ,
1625 2483 1648 2516 fi
1664 2484 1809 2519 facienda

941 2523 1019 2556 esset
1033 2529 1069 2555 ea
1086 2522 1243 2555 exhibitio
1256 2546 1265 2561 ,
1289 2524 1453 2556 mulierem
1472 2524 1579 2565 ejusve
1597 2525 1742 2558 heredem
1762 2529 1808 2561 ni-

939 2565 985 2596 hil
1012 2566 1180 2606 quicquam
1209 2565 1398 2606 periclitari,
1423 2565 1464 2598 iic
1490 2566 1574 2598 enirn
1602 2566 1642 2598 de
1660 2567 1750 2600 lucro
1778 2571 1809 2603 δε

939 2607 1054 2638 damno
1073 2607 1173 2647 palam
1203 2606 1346 2639 constare
1372 2606 1477 2648 polle,
1502 2617 1561 2639 nec
1579 2607 1700 2641 lucrum
1715 2619 1806 2652 repu-

939 2647 1058 2679 diatum
1078 2670 1089 2686 ‚
1122 2656 1181 2679 nec
1204 2648 1350 2680 damnum
1380 2649 1515 2681 electum
1538 2649 1603 2688 iri,
1638 2657 1729 2691 atque
1761 2653 1808 2684 ita

940 2688 1021 2721 hanc
1048 2689 1225 2730 pactionem
1253 2689 1392 2721 incidere
1416 2691 1449 2722 in
1479 2689 1662 2722 societatem
1690 2691 1807 2725 Leoni-

940 2740 1031 2770 nam,
1054 2740 1125 2771 quae
1139 2731 1208 2771 jure
1222 2740 1286 2763 non
1307 2730 1449 2763 subsistit.
1494 2731 1555 2763 Sed
1571 2731 1646 2771 quid
1660 2731 1682 2763 fi
1699 2733 1808 2775 largia-

941 2781 1027 2810 mur,
1055 2779 1090 2803 ut
1116 2772 1253 2812 omnino¹
1274 2772 1468 2813 largiendum
1493 2771 1556 2811 est,
1582 2772 1736 2812 ejusmodi
1755 2785 1807 2816 pa-

940 2813 998 2845 stis
1015 2813 1096 2854 saepe
1111 2813 1218 2846 induci
1235 2813 1403 2847 societates
1422 2813 1577 2845 Leoninas
1590 2836 1599 2851 ,
1624 2813 1677 2845 illa
1699 2822 1804 2850 tamen

941 2855 1082 2886 moribus
1097 2855 1298 2892 defenditur,
1321 2861 1355 2885 ut
1381 2853 1504 2886 scilicet
1523 2862 1707 2887 mercaturae
1727 2857 1807 2890 bene

939 2895 1005 2928 fit?
1029 2895 1226 2928 inducuntur
1244 2894 1410 2927 societates
1429 2895 1597 2933 Leoninae‚
1624 2895 1677 2927 ubi
1696 2897 1736 2929 de
1756 2900 1804 2931 lu-

940 2946 995 2968 cro
1011 2937 1063 2968 vel
1081 2937 1195 2968 damno
1211 2935 1315 2968 statim
1337 2935 1479 2968 constare
1495 2935 1613 2977 potest,
1638 2937 1806 2980 aliquando

940 2983 1044 3010 tamen
1059 2976 1140 3009 faeta
1156 2977 1288 3017 optione
1304 2977 1416 3009 mulier
1433 2978 1464 3007 le
1478 2977 1710 3018 quodammodo
1726 2983 1806 3022 peri-

939 3020 1015 3051 culo
1031 3019 1164 3060 exponit
1185 3026 1315 3059 propter
1337 3018 1480 3049 incertos
1504 3019 1607 3050 litium
1625 3028 1758 3054 eventus
1773 3024 1805 3057 δε

939 3061 1119 3103 debitorum
1139 3061 1267 3099 amplas,
1291 3058 1335 3098 fi,
1357 3065 1392 3090 ut
1408 3059 1494 3099 dixi,
1518 3059 1684 3102 optionem
1702 3062 1807 3097 differ*

1771 3115 1807 3140 re

1741 130 1757 165 (αὖ

1717 130 1732 141 n

1716 146 1733 164 d

986 3197 1045 3236 (5)
1065 3197 1129 3229 Vidz-
1150 3196 1241 3235 Cnufil.
1261 3199 1303 3229 H.
1324 3199 1361 3230 11.
1379 3203 1428 3236 96.
1451 3197 1489 3236 ἃ
1507 3205 1573 3239 2402

1121 3249 1178 3281 Vv
1204 3260 1222 3282 2
