2008 3436
192 117 237 150 92
447 105 842 141 coamatori

189 193 237 223 ro,
243 182 383 223 struendi
392 184 520 216 vei-imm
532 210 540 224 ,
553 184 572 216 si
581 185 660 227 apud
670 185 867 216 lxlarcianum
878 185 908 217 δε
921 184 1056 216 Hermo-

189 225 354 264 geniamon
376 226 552 266 legeretur,
577 228 649 259 satis
671 225 742 256 fore
759 226 978 264 commodum,
1006 223 1057 256 sed

189 274 283 305 quum
301 275 363 296 non
380 266 518 307 legatur,
543 269 642 300 nolim
657 266 835 298 rescribere.
882 266 951 312 Nec
969 264 1057 297 obest

189 305 323 337 varietas
342 306 484 339 lcttionis
500 309 580 350 apud
603 309 801 341 Marcianum
819 310 848 340 ἃ
864 308 1054 352 Ulpianum,

190 355 286 385 quum
309 351 441 387 proximo
467 351 535 390 Cap*
571 350 746 382 monuerim
763 373 772 387 ‚
807 351 902 380 ctiam
923 349 1006 380 hunc
1027 358 1058 393 ψ

189 385 355 421 referendo
377 391 440 422 alio
462 393 597 432 quodam
617 391 704 423 SCto
731 400 793 422 non
821 390 928 421 iisdem
954 388 1058 436 verbis

186 425 279 459 fuis'se
301 429 413 470 usum,
446 433 558 472 quibus
584 432 654 463 usus
684 431 746 462 fuit
779 431 969 462 Marcianus.
1015 430 1058 460 Lt

188 467 251 500 hoc
266 470 365 512 ipsum
379 473 497 505 SCtum
509 498 519 513 ,
544 474 627 515 quod
645 472 742 504 Cotta
757 474 795 517 Q&
811 472 944 518 Messala
963 468 1056 516 Cons.

189 508 310 542 factum*
324 512 387 551 est,
411 515 551 555 pluribus
573 515 677 545 verbis
702 526 730 544 Q
748 516 910 544 lCnOEntuS
924 518 1059 561 eggponit

190 549 343 592 Ulpianus
361 579 369 593 ‚
402 565 493 596 quam
517 556 700 587 Marcianus
716 577 725 592 ,
758 563 821 584 non
839 554 923 599 quod
948 553 1057 585 imbo-

188 591 298 625 nianus
313 605 479 637 propterea
496 597 695 629 lxiarcianum
710 595 906 641 iiiutilaycrit
916 619 926 640 ,
942 596 971 626 &
983 592 1059 641 falfi

188 634 302 666 crimen
316 637 508 676 conflassent,
532 646 566 668 ut
587 637 648 668 sine
670 643 792 667 ratione
808 638 855 681 ⁴sic
872 638 944 668 satis
963 644 1059 681 impie

190 676 348 709 existimat
371 678 532 710 Salmasius
547 703 555 715 ,
591 677 641 709 scd
669 677 752 717 quod
775 677 853 708 alius
869 686 963 718 atque
980 678 1059 708 allus

189 716 308 757 JCtus,
334 729 405 750 cum
423 719 491 758 hic,
518 727 583 751 rum
601 719 692 756 aiibi,
718 728 801 749 nunc
817 719 949 759 largius,
976 727 1060 749 nunc

188 756 315 791 brevius
331 768 453 792 enarret
468 761 587 802 Legum
606 760 716 800 capitu.
745 758 904 791 Caetcrum
917 769 982 804 non
994 758 1060 790 sum

190 797 348 832 sollicitus
373 801 411 832 de
431 811 488 840 co,
521 804 572 843 qui
597 801 678 833 bona
699 800 759 832 fide
777 800 888 841 &jure
902 802 994 850 licito
1009 802 1058 831 od-

191 843 375 872 vocntionem
392 842 428 875 δέ)
444 843 611 883 testimonia
626 843 774 882 instruxit
786 867 794 880 ,
819 844 890 887 quia
915 851 954 872 cx
972 841 1059 873 SCto

191 886 255 913 hon
278 883 480 916 coercebitur
497 908 505 923 ‚
538 885 591 917 nisi
616 885 667 926 qui
684 886 745 915 o'olo
763 884 834 914 zueio
849 883 1031 915 instruxerit
1049 906 1058 922 ,

191 930 227 953 ut
252 924 348 956 inodo
373 925 494 957 dixerat
515 926 699 958 asiai-cianus
729 926 759 957 in
778 933 827 966 pr.
850 929 879 956 cl.
903 928 923 956 l.
952 935 978 957 1.
1001 934 1059 971 nec

190 966 270 1004 opus
293 975 358 996 crat
381 966 432 998 hic
452 975 600 1008 repetere.
647 967 739 999 Salva
761 977 887 1008 quoquc
909 977 956 999 res
979 974 1060 1004 crit,

192 1005 214 1038 fi
233 1005 316 1046 haec‚
342 1009 394 1048 qni
410 1009 442 1039 ob
460 1007 667 1049 instruendum
691 1011 913 1040 advocationem
934 1010 1046 1049 {castinio

191 1049 282 1078 niuve
302 1051 458 1087 pecuniam
479 1052 624 1089 occeperit
643 1074 651 1087 ,
679 1051 826 1090 potiusve
836 1052 940 1090 snei-it
965 1075 973 1086 ,
997 1059 1061 1095 non

189 1088 422 1131 intelligamus,
448 1092 529 1133 quasi
546 1091 648 1133 perse
663 1091 837 1131 subsistant,
864 1093 894 1124 <St
909 1091 1061 1123 suffieiant

192 1129 230 1161 ad
244 1139 385 1172 poenam,
410 1141 441 1164 at
458 1141 492 1165 ut
507 1134 684 1175 pertineant
702 1135 731 1165 ἃ
752 1133 926 1165 referantur
939 1134 975 1164 ad
989 1134 1059 1179 obli-

214 1174 340 1211 ationem
358 1176 561 1214 innocentium
578 1200 586 1210 ,
619 1174 705 1215 quod
729 1176 884 1206 continuo
911 1174 1058 1220 sequitur.

228 1222 263 1245 ac
282 1211 450 1248 sententia:
475 1216 562 1248 SCto
579 1216 741 1255 coerceri,
773 1217 826 1257 qui
841 1216 878 1247 ad
892 1217 1059 1262 obligatio-

192 1265 264 1286 nem
284 1255 501 1289 innocentium
517 1258 681 1298 pecuniam
691 1259 850 1299 acceperit
860 1258 901 1288 ob
910 1256 1060 1289 instruen-

917 113 1025 140 VAN

191 1295 263 1327 dam
277 1296 519 1330 advocationem
536 1298 754 1330 testimoniave
764 1323 773 1337 ,
804 1299 857 1329 vel
872 1299 978 1339 patius
992 1298 1067 1330 fuer

190 1338 253 1376 rit,
287 1337 337 1368 vel
358 1339 492 1380 denique
516 1340 698 1371 societatem
719 1340 843 1371 coierit.
871 1339 995 1386 'Atque
1017 1340 1062 1371 ita

192 1379 286 1420 plane
303 1378 455 1412 exhibent
476 1380 661 1413 sententiam
683 1383 700 1412 b
734 1381 762 1421 §.
788 1381 908 1413 Basilici
932 1382 959 1413 L
987 1381 1059 1427 LX.

193 1420 229 1451 T.
252 1419 338 1452 XLI.
367 1422 398 1453 C.
429 1431 452 1453 1.
478 1423 505 1462 §.
535 1431 558 1453 1.
580 1433 644 1464 quo
657 1423 749 1464 pasto
772 1421 874 1454 sensus
891 1432 956 1455 non
973 1421 1060 1454 diffe-

191 1469 242 1493 ret
256 1461 294 1492 ab
319 1471 358 1493 eo
372 1486 381 1502 ,
413 1473 506 1504 quem
528 1464 691 1497 Salmasius
727 1474 759 1496 er
766 1463 908 1505 struendi
921 1474 1037 1496 vocem
1050 1487 1060 1503 ,

191 1502 376 1549 simpliciter
395 1504 526 1545 positam
544 1529 553 1544 ‚
585 1515 681 1547 cxpre
707 1514 740 1538 it.
793 1511 920 1541 Σωθεῐνοᾳ
947 1506 1064 1537 habent

190 1543 314 1576 Basilici
337 1547 366 1575 cl.
389 1547 431 1577 loc
466 1548 551 1588 quod
569 1571 579 1587 ,
612 1557 684 1579 cum
706 1548 744 1579 fit
767 1554 953 1588 componere,
975 1555 1064 1587 aeque

190 1585 364 1626 instruendi
385 1597 421 1619 ac
432 1586 576 1628 struendi
586 1589 748 1620 vocabulo
763 1590 942 1621 conveniet.

236 1626 336 1658 Porro
351 1628 447 1669 dicit,
473 1631 640 1667 societatem
662 1632 767 1662 co'z'erz't
795 1633 833 1662 od
859 1632 1065 1673 obligationem

192 1671 405 1701 innocentium.
489 1672 607 1703 uamvis
630 1671 808 1704 constanter
828 1673 945 1719 ubique
961 1673 1004 1704 ita
1023 1672 1064 1702 le-

193 1718 303 1752 gatur,
317 1718 419 1743 tamen
438 1713 525 1744 varie
541 1713 711 1745 sollicitata
726 1716 769 1745 est
784 1713 852 1745 haec
869 1714 973 1745 lectio.
1000 1712 1064 1744 He-

195 1751 299 1783 raldus
323 1754 351 1783 d.
377 1754 415 1786 L.
438 1753 462 1785 Ι.
487 1756 516 1786 Ο
540 1759 572 1787 σ,
595 1763 709 1796 putat,
734 1753 1002 1796 Bafilicoslegiffe
1020 1755 1064 1785 ob-

193 1794 394 1833 loquutiooem
414 1819 423 1833 ‚
461 1806 524 1828 non
553 1798 759 1836 obligationem
777 1819 787 1835 ,
822 1797 907 1838 quod
941 1795 1064 1842 rursus,

191 1833 353 1875 suppresso
376 1837 504 1868 nominc
520 1862 530 1877 ,
562 1838 701 1879 sequitur
724 1837 857 1870 Grotius
874 1837 1064 1877 Flor.spars.

193 1883 233 1906 no
256 1877 281 1907 h.
312 1878 331 1908 i.
369 1878 423 1919 ipsi
437 1879 643 1911 nihilominus
660 1880 791 1919 incerti,
806 1880 885 1911 nihil
902 1880 1064 1912 definiunt.

194 1917 253 1948 Sed
275 1919 359 1958 quod
382 1919 420 1949 de
445 1920 581 1953 Basilicis
594 1921 697 1960 ajunt,
723 1921 825 1952 minus
843 1921 989 1962 profecto
1012 1930 1065 1951 ve—

194 1969 261 1989 rum
277 1959 337 1998 cst,
370 1970 441 1991 cuin
467 1961 511 1992 illi
538 1962 721 2002 simpliciter
736 1965 906 2002 verterint,
933 1964 1001 1992 κατνί
1019 1968 1067 1993 τῶν

193 2005 320 2030 ἀμυθήτων
335 2025 344 2036 ,
377 2005 521 2037 aci-uersus
550 2007 748 2041 innocentes,-
777 2005 939 2045 quomodo
961 2011 1065 2035 autem

192 2042 401 2081 praeccdcntia
420 2044 449 2075 in
466 2044 621 2083 Basilicis‚
647 2054 716 2086 quae
733 2046 796 2076 alio
811 2044 1064 2086 pe1·tinent,He-

193 2083 313 2114 raldum
329 2083 523 2125 fefellerint,
549 2087 669 2127 optime
683 2086 832 2127 exposuit
851 2087 1012 2118 Salmasius
1035 2087 1064 2117 d.

195 2124 226 2154 C,
252 2124 366 2157 XXX.
390 2132 419 2165 1).
438 2131 511 2161 860.
535 2127 671 2168 &seqq
697 2128 782 2169 quod
799 2128 896 2168 macris
913 2128 987 2160 mihi
998 2137 1066 2174 per-

193 2164 318 2204 suadet,
353 2166 503 2200 (ji-otium
528 2170 625 2211 magis
650 2170 717 2200 haec
738 2168 842 2210 scripsi
869 2179 909 2209 e,
936 2179 1028 2211 quam
1043 2179 1065 2200 1-

193 2206 266 2247 psos
276 2204 407 2249 Graecos
422 2208 595 2250 inspexisse.
641 2209 712 2241 Nec
729 2211 823 2242 etiam
839 2211 1006 2242 commoda
1020 2220 1065 2242 cs-

194 2245 241 2280 i'ct
258 2249 446 2280 oblocutionis
467 2262 533 2283 vox
550 2275 559 2291 ,
593 2260 629 2282 ut
645 2251 724 2282 bene
742 2252 869 2283 notavit
885 2251 1066 2291 Salmasius,

195 2298 254 2320 nec
271 2299 306 2321 ea
322 2290 397 2321 mihi
419 2291 546 2324 videtur
564 2293 764 2324 commodior
781 2293 862 2324 letto
880 2295 1004 2326 Senecae
1022 2294 1067 2325 10-

195 2340 253 2367 c0,
287 2341 379 2371 quem
406 2331 539 2366 Grotius
560 2334 691 2365 adduxit
707 2358 717 2374 ,
730 2344 737 2350 ·
750 2342 785 2365 ut
800 2335 993 2370 ‹inpwoiluvw
1007 2334 1068 2366 esse

196 2372 384 2404 oilcndcret.
403 2373 436 2405 P.
454 2373 597 2408 Pithoeus
611 2375 649 2406 ad
670 2376 732 2407 Coll
767 2376 835 2407 LL.
849 2376 922 2416 Mos.
936 2377 1061 2412 &Rani

199 2413 234 2444 Zl'.
251 2412 336 2444 Vlil.
364 2415 417 2445 loc.
451 2419 480 2446 6.
513 2426 571 2457 pro
600 2419 638 2448 ad
663 2418 870 2458 obligationem
894 2419 1016 2450 mavult
1034 2421 1067 2448 in

196 2456 437 2493 accusationem,
471 2467 511 2489 ex
539 2459 559 2488 l.
574 2459 631 2489 ult.
654 2459 695 2500 ff.
716 2462 750 2491 de
774 2459 903 2500 Concuff.
927 2460 979 2491 ubi
997 2461 1066 2492 Ma-

195 2505 248 2526 cer
265 2496 326 2526 hoc
343 2496 442 2537 ipsum
456 2498 575 2531 SCtum
588 2499 744 2540 referens,
769 2502 813 2533 ait
826 2510 919 2543 poena
940 2501 978 2533 L.
988 2501 1066 2533 Cor-

197 2536 288 2568 ncliae
313 2538 439 2578 teneri,
473 2542 525 2580 qui
554 2543 586 2572 in
617 2543 834 2582 accusationem
864 2545 1069 2574 innocentium

195 2579 332 2609 coierint.
376 2579 436 2611 Sed
454 2589 532 2621 puto
561 2581 713 2615 Macrum
727 2584 855 2624 perinde
871 2593 965 2625 atque
982 2584 1067 2616 Mar·

198 2619 322 2650 cinnum
338 2616 523 2654 sententiam
537 2645 547 2661 ,
572 2633 636 2655 non
655 2625 751 2656 verba
766 2624 842 2665 SCti
856 2625 1013 2664 retulisse,
1038 2625 1068 2656 &

195 2659 349 2691 sententia
372 2660 448 2692 SCti
473 2671 528 2694 eos
552 2664 726 2705 plestebat,
752 2666 823 2706 qui,
848 2674 883 2697 ut
900 2674 972 2697 ante
996 2666 1065 2698 Ma-

196 2710 248 2731 cer
268 2710 332 2732 uno
348 2702 447 2733 verbo
466 2703 588 2736 dixerat
602 2728 611 2743 ‚
643 2707 755 2738 crimen
778 2709 888 2739 minati
908 2709 1067 2747 pecuniam

195 2743 360 2782 occipiunt.
403 2742 516 2775 Nolim
544 2745 642 2786 igitur
659 2747 754 2779 verba
769 2748 874 2780 verbis
892 2755 1064 2780 commuta-

197 2783 240 2820 ri,
271 2792 344 2814 cum
366 2791 498 2824 uterque
521 2785 630 2825 locos,
664 2795 699 2819 ut
724 2797 802 2820 mox
817 2789 938 2829 dicam,
965 2788 995 2821 se
1014 2790 1065 2820 ha-

196 2824 266 2855 lon-at
283 2824 373 2856 reste.
419 2825 540 2868 Utique
551 2828 647 2869 magis
659 2828 784 2869 placere
798 2829 891 2863 debet
905 2833 943 2864 ad
958 2831 1066 2873 obliga-

1099 103 1711 143 BYNKERSHOEK

1102 185 1230 223 tionem,
1251 193 1342 225 quam
1366 185 1532 225 occisionem
1540 211 1549 226 ,
1573 197 1642 229 quae
1663 198 1744 261 νοτὶῘ
1754 188 1799 221 cst
1813 190 1891 230 apud
1904 192 1961 267 Coi:
1998 202 2002 215 ι

1747 240 1803 261 anc
1822 238 1922 265 tamen
1952 246 1962 267 ι
1994 243 1998 255 '

1102 228 1155 258 lat.
1178 226 1250 257 LL.
1274 227 1351 265 Illos]
1375 227 1410 262 ἐξ
1431 228 1515 259 Rom.
1550 231 1578 260 d.
1611 231 1664 260 loc.

1101 267 1239 307 servem,
1271 278 1334 299 non
1363 269 1567 310 interpreter,
1593 279 1628 301 ut
1645 271 1806 303 Salmasius
1819 272 1960 314 interpre-

1101 309 1223 340 tandam
1241 308 1378 349 censuit,
1403 311 1441 341 de
1460 310 1629 351 societate,
1655 322 1747 353 quam
1765 313 1915 345 duntaxat
1930 316 1961 348 fi-

1988 103 1992 119 l

1991 121 1994 129 ι

1993 55 2007 108 ll

2005 165 2008 180 1

2004 219 2008 245 l

1101 350 1176 382 carii
1190 351 1326 382 coierint
1340 352 1376 382 ad
1391 361 1526 384 mortem
1535 354 1757 386 innocentibus
1766 354 1962 397 inferendam,
2003 386 2005 392 Α

1102 390 1153 423 sed
1178 391 1385 432 simpliciter,
1418 403 1509 434 quam
1532 396 1713 437 quicunque
1733 396 1828 427 etiam
1842 397 1913 436 alii,
1934 400 1965 431 in
2005 432 2007 435 ,

1102 442 1200 464 necem
1214 435 1436 470 innocentium,
1461 435 1522 467 hoc
1544 437 1605 476 cll,
1632 437 1662 468 in
1683 437 1830 469 damnum
1846 438 1876 469 ὅ(
1890 447 1962 479 prae-

1100 474 1270 514 judicium,
1305 485 1369 516 quo
1395 476 1618 509 innocentibus
1634 486 1805 518 noceatur,
1829 488 1866 510 ea
1879 480 1966 520 plane
2004 477 2007 498 ¹

1101 515 1273 554 sententia,
1298 519 1442 557 quamde
1472 520 1647 560 obligatione
1671 523 1873 553 innocentium
1892 530 1965 555 mox
2006 534 2008 558 ς

1100 566 1266 602 exponam.
1313 558 1404 598 Apud
1419 558 1517 599 JCtos
1537 562 1665 603 vulgare
1679 562 1739 602 est,
1765 563 1797 593 in
1821 572 1917 595 necem
1935 574 1964 596 a·
2006 572 2008 588 Α

1102 599 1215 639 lz'cuyus
1237 600 1309 639 qnid
1328 600 1421 639 fleri,
1453 611 1516 634 non
1537 604 1682 644 vulgare,
1709 606 1747 634 ad
1776 604 1966 645 occisionem,

1103 639 1154 672 sed
1178 646 1279 671 tamen
1302 641 1331 672 δ,-
1353 641 1413 672 alia
1434 653 1525 684 :equo
1547 645 1652 675 animo
1674 646 1869 686 toleramus,
1900 655 1966 688 quae

1102 681 1202 721 vulgo
1215 689 1339 722 recepta
1355 692 1418 715 non
1436 682 1514 716 sunt.
1562 686 1595 717 In
1610 686 1720 727 primis
1734 695 1838 719 autem
1854 689 1966 729 probo,

1102 722 1188 763 quod
1205 722 1365 755 Salmasius
1390 727 1416 755 d.
1438 725 1591 758 CXXX.
1617 735 1635 768 p
1660 733 1729 769 865.
1753 730 1966 762 meatui-Mar-

1103 762 1184 794 ciani
1203 763 1417 804 locutionem,
1453 769 1490 797 od
1517 769 1722 809 obligationem
1747 773 1970 810 innocentium,

1103 805 1132 836 δε
1154 805 1320 845 genuinam
1346 806 1407 837 esse
1430 808 1543 848 probet
1567 820 1607 842 ex
1631 810 1856 853 significatione
1880 811 1976 844 serbi·

1102 846 1231 885 obligare
1250 846 1279 877 ἃ
1294 847 1443 886 obligatio.
1495 849 1606 883 Nolim
1622 876 1631 891 ‚
1665 863 1733 894 quae
1755 853 1819 895 ipse
1839 853 1968 893 attulit5

1102 887 1157 918 hic
1175 886 1315 926 adferre,
1341 888 1390 920 sed
1406 892 1513 931 potius
1532 892 1603 924 inde
1618 893 1760 933 efficere,
1785 898 1822 926 ad
1839 896 1970 936 obligan-

1103 931 1152 960 dos
1171 930 1340 960 innocentes
1357 938 1433 963 tunc
1457 933 1534 964 coiri
1551 957 1560 972 ,
1596 944 1667 966 cum
1683 935 1714 967 id
1728 936 1847 977 agitur,
1871 944 1908 967 ut
1923 936 1967 969 in-

1103 978 1256 1002 nocentes
1278 972 1329 1003 vel
1355 973 1485 1005 crimine
1508 974 1729 1016 implicentur,
1762 977 1906 1009 instituta
1918 985 1966 1009 ac—

1105 1011 1285 1051 cusatione,
1319 1014 1370 1044 vel
1394 1023 1466 1045 cum
1481 1025 1603 1048 remora
1622 1016 1767 1058 struitur,
1791 1027 1860 1060 quae
1873 1018 1916 1050 im
1939 1028 1968 1050 e*-

1104 1053 1247 1084 dimento
1272 1053 1348 1085 effet
1362 1078 1371 1093 ,
1405 1057 1572 1096 quominus
1596 1057 1625 1089 se
1640 1059 1808 1100 expediant
1822 1068 1902 1091 accu
1915 1060 1968 1092 ati.-

1104 1093 1180 1126 Non
1201 1093 1330 1126 absimili
1357 1096 1521 1129 locutione
1541 1099 1660 1131 Seneca
1677 1103 1711 1131 de
1727 1101 1832 1140 Benef.
1854 1101 1893 1132 L.
1912 1100 1970 1134 VL

1105 1135 1138 1167 C.
1158 1145 1206 1175 27.
1229 1135 1393 1177 postquam
1408 1137 1446 1168 de
1469 1137 1615 1171 submisso
1635 1141 1818 1174 accusatore
1829 1142 1970 1184 dixerat,

1103 1177 1148 1208 ita
1165 1176 1252 1208 infit:
1269 1176 1299 1215 fi
1320 1178 1421 1219 aliquo
1443 1180 1529 1211 illum
1557 1181 1610 1213 lz'te
1632 1191 1858 1223 IMPLICARES,
1883 1194 1972 1225 quam
1997 1187 2005 1192 “

1094 1220 1224 1258 subinde
1242 1219 1405 1257 discuteres
1422 1243 1432 1258 ,
1461 1232 1542 1253 nemo
1565 1225 1599 1255 de
1620 1229 1669 1255 tuo
1683 1226 1790 1262 scelere
1803 1227 1970 1259 dubitaret.

1105 1259 1148 1291 Et
1165 1259 1320 1292 Horatius
1335 1264 1369 1293 de
1384 1262 1466 1294 Arte
1488 1264 1571 1296 Poe't.
1591 1271 1680 1305 prope
1692 1264 1795 1305 finem.

1503 1308 1616 1347 eripere
1636 1309 1716 1339 atris

1185 1342 1308 1374 Litibos
1332 1353 1556 1380 IMPLICITUM.

1104 1384 1259 1424 implicare
1274 1384 1304 1416 ἃ
1319 1386 1513 1427 οωίὲανεμὶὶεί
1530 1399 1594 1422 non
1614 1389 1783 1432 differunt,
1807 1393 1864 1426 nisi
1873 1395 1975 1427 nomi-

1106 1426 1154 1457 nis
1171 1424 1258 1458 sono.
1304 1426 1348 1458 Et
1363 1429 1461 1470 magis
1476 1429 1577 1463 adhuc
1596 1433 1722 1474 proprie
1742 1434 1825 1466 idem
1838 1436 1974 1468 Marcia·

1106 1477 1164 1498 nus
1180 1467 1211 1498 in
1230 1468 1251 1499 l.
1271 1477 1300 1509 3.
1327 1469 1354 1508 §.
1372 1479 1401 1510 3.
1419 1470 1459 1512 ff.
1485 1473 1519 1504 de
1543 1472 1614 1505 Bon.
1645 1484 1703 1509 eor.
1731 1477 1784 1517 qui
1807 1484 1877 1509 ante
1889 1477 1976 1518 sent.

1107 1516 1193 1540 mort.
1206 1508 1265 1548 fib.
1283 1510 1410 1550 consciv.
1435 1512 1517 1545 dixit
1535 1517 1662 1549 crimine
1681 1526 1791 1549 nexum
1810 1528 1870 1560 pro
1886 1528 1977 1552 accu-

1098 1553 1187 1591 Jaro,
1214 1560 1272 1582 nec
1288 1551 1310 1584 fi
1324 1552 1390 1584 vim
1405 1554 1493 1586 verbi
1511 1555 1645 1598 species,
1671 1558 1786 1591 neftere
1803 1561 1834 1592 ἃ.
1847 1559 1904 1592 obli
1925 1569 1977 1594 are

1108 1590 1258 1623 differunt
1272 1593 1448 1635 quicquam.
1475 1596 1550 1629 Inde
1570 1597 1614 1631 est
1628 1609 1775 1643 quoque,
1799 1602 1886 1642 quod
1924 1611 1976 1634 au-

1110 1633 1158 1665 lus
1185 1633 1309 1673 quidam
1327 1658 1336 1674 ,
1368 1635 1493 1678 insignis
1509 1639 1718 1673 calumniator
1737 1645 1880 1684 tempore
1892 1642 1977 1675 Con-

1110 1673 1212 1706 stantii
1223 1675 1341 1714 ‚dietus
1357 1675 1455 1709 fuerit
1469 1679 1636 1722 CATENA,
1647 1692 1682 1714 ut
1702 1683 1976 1717 auctorestAmm.

1109 1716 1318 1748 Marcellinus
1341 1718 1380 1749 L.
1403 1719 1492 1752 XIV.
1514 1729 1545 1762 p.
1576 1734 1612 1755 in.
1650 1733 1695 1761 19.
1729 1724 1766 1760 {5⁹
1787 1727 1827 1758 L.
1848 1726 1925 1759 XV.
1941 1732 1978 1767 p.

1110 1767 1145 1788 ni.
1167 1760 1218 1798 65.
1251 1758 1354 1799 quod,
1379 1760 1481 1801 inquit
1495 1764 1594 1804 priori
1610 1766 1703 1806 loco,
1728 1769 1857 1800 crimina
1882 1768 1978 1800 multa

1110 1799 1364 1841 consarcinando,
1393 1803 1426 1833 in
1449 1812 1706 1840 COMPLICANDIS
1736 1811 1864 1851 negotiis
1891 1812 1979 1841 airus

1110 1841 1231 1882 artifex
1246 1848 1312 1874 erat
1324 1865 1333 1880 ,
1356 1843 1385 1874 ἃ
1406 1844 1591 1886 posteriori,
1624 1852 1700 1890 quod
1714 1852 1745 1882 iii
1763 1859 1978 1883 COMPLICAN-

1111 1891 1166 1914 ms
1182 1884 1402 1915 calumniarum
1417 1888 1542 1919 nexibus
1559 1898 1626 1921 erat
1646 1892 1873 1933 indiffolubilis,
1897 1899 1979 1926 tetra

1109 1935 1226 1956 venena
1240 1925 1369 1965 serens,
1395 1930 1539 1970 varieque
1562 1932 1744 1973 disperdens.
1787 1934 1851 1967 Pro
1866 1936 1980 1975 disper·

1109 1968 1180 1998 ciens
1202 1967 1232 1999 le
1254 1968 1331 1999 erim
1354 1968 1538 2011 dispergens,
1566 1974 1650 2013 quod
1671 1976 1768 2017 magis
1790 1974 1836 2007 est
1857 1974 1977 2017 appofi-

1110 2014 1186 2039 tum.
1248 2009 1352 2050 gitur,
1386 2018 1421 2042 ut
1446 2020 1510 2044 uno
1525 2014 1625 2046 verbo
1648 2015 1827 2057 absolvam,
1853 2021 1890 2049 ad
1906 2017 1980 2050 obli-

1106 2052 1258 2091 gationem
1273 2052 1475 2084 innocentium
1491 2054 1544 2086 hic
1563 2056 1624 2087 erit
1638 2057 1676 2089 ad
1693 2057 1881 2090 irretiendos
1900 2057 1977 2090 falsa

1110 2091 1330 2124 criminatione
1349 2092 1551 2135 innocentes,
1576 2098 1837 2137 quemadmodum
1852 2099 1882 2131 δε
1895 2099 1976 2132 Her-

1109 2133 1313 2173 mogenianus
1337 2134 1368 2164 in
1398 2136 1407 2164 l
1446 2145 1491 2167 20.
1516 2137 1557 2177 ff.
1590 2139 1615 2169 h.
1650 2139 1683 2171 T.
1714 2140 1908 2180 cumidem,
1940 2147 1978 2173 ut

1110 2173 1260 2205 credibile
1276 2174 1339 2214 est,
1370 2175 1474 2208 dicere
1499 2179 1668 2220 voluisset,
1694 2181 1805 2213 eodem
1822 2183 1978 2223 obligatio·

1109 2216 1156 2246 nis
1169 2215 1269 2247 verbo
1284 2215 1356 2247 usus
1370 2215 1423 2248 est.
1470 2218 1529 2250 Sed
1549 2228 1661 2253 contra
1680 2224 1700 2254 d
1733 2223 1755 2254 l.
1778 2232 1826 2255 20.
1852 2222 1906 2255 seu
1920 2232 1977 2265 po-

1110 2256 1173 2288 tius
1190 2263 1301 2288 contra
1323 2255 1553 2292 Tribonianum
1569 2285 1579 2301 ,
1613 2263 1665 2303 qui
1686 2263 1766 2296 hanc
1779 2288 1789 2305 ,
1813 2264 1836 2297 fi
1859 2266 1977 2304 credas,

1186 1318 1271 1325 ——-

1110 2297 1263 2330 subtracta
1282 2300 1483 2331 innocentium
1506 2311 1588 2333 voce
1605 2326 1614 2342 ‚
1646 2305 1790 2337 mutass'et
1806 2327 1817 2343 ,
1853 2306 1980 2348 prolixe
2006 2313 2008 2317 ’

1109 2339 1298 2385 declamavit
1320 2340 1490 2373 Salmasius.
1543 2343 1661 2376 Verum
1683 2355 1748 2378 non
1772 2345 1840 2387 est,
1866 2354 1902 2379 ut
1914 2347 1978 2379 hoc

1108 2389 1170 2420 jam
1186 2389 1318 2421 agamus.

1153 2420 1226 2460 Ait,
1251 2431 1289 2453 ex
1304 2422 1434 2455 Senatus
1454 2425 1584 2465 consulto
1608 2427 1770 2460 coercetur.
1812 2427 1890 2462 Non
1913 2430 1978 2463 Vo-

1111 2461 1221 2500 lusiano
1247 2462 1388 2503 scilicet‚
1413 2473 1448 2496 ut
1474 2465 1637 2499 Accursius
1659 2468 1880 2511 existimabat,
1912 2480 1977 2513 quo

1111 2503 1150 2535 de
1168 2503 1269 2545 agitur
1285 2504 1316 2536 in
1342 2506 1360 2536 l.
1376 2509 1405 2536 6.
1427 2506 1473 2547 ff.
1500 2510 1539 2538 ad
1560 2509 1597 2539 L.
1616 2508 1686 2550 Jnl.
1707 2513 1740 2542 cle
1755 2513 1882 2553 vipriv.
1906 2521 1978 2545 nam

1111 2544 1173 2576 hoc
1186 2545 1270 2576 aliud
1287 2554 1372 2585 erat3
1397 2546 1447 2578 sed
1466 2557 1506 2580 ex
1522 2548 1626 2589 SCto,
1651 2551 1736 2592 quod
1748 2561 1902 2585 memorat
1919 2553 1976 2586 Ul-

1110 2585 1220 2626 pianus
1236 2586 1306 2618 Coti.
1332 2587 1404 2619 LL.
1433 2588 1506 2626 Mos
1533 2590 1569 2624 ἐξ
1592 2590 1679 2624 Rom.
1700 2596 1727 2625 d.
1755 2594 1808 2627 loc.
1830 2595 1978 2636 quodque

1109 2626 1226 2658 factum
1250 2626 1295 2660 est
1319 2627 1417 2661 Cotta
1440 2630 1469 2661 &
1484 2631 1615 2663 Messala
1630 2631 1737 2667 Conss'.
1760 2634 1857 2682 Quod
1871 2643 1978 2669 autem

1110 2677 1149 2699 ex
1167 2668 1244 2699 SCto
1262 2670 1389 2701 coerceri
1403 2670 1547 2704 dicantur
1554 2673 1708 2712 ejusmodi
1722 2676 1977 2716 calumniatores,

1110 2710 1232 2741 constat
1248 2709 1320 2742 inde
1333 2711 1393 2743 effe
1402 2733 1413 2750 ‚
1460 2713 1521 2744 uod
1534 2714 1708 2747 SCtumiis
1723 2726 1848 2758 poenam
1864 2716 1978 2750 statue-

1109 2750 1169 2789 rit,
1202 2757 1237 2782 ut
1258 2751 1322 2793 ipsa
1349 2752 1418 2785 Lex
1463 2754 1558 2787 icitur
1590 2755 1765 2790 delictorum
1784 2759 1921 2791 coercitio
1943 2759 1976 2792 iu

1110 2791 1131 2822 l.
1161 2800 1184 2822 1.
1207 2791 1250 2834 ff.
1277 2795 1312 2824 de
1343 2794 1446 2835 Legio.
1479 2796 1562 2836 quod
1580 2819 1589 2836 ,
1623 2806 1685 2838 quo
1707 2799 1801 2841 genio
1826 2799 1977 2842 impulsi,

1109 2840 1313 2874 corrumpant
1327 2836 1489 2875 nonnulli,
1514 2837 1605 2877 plane
1618 2848 1681 2870 non
1700 2840 1872 2883 perspicior

1883 3205 1911 3241 C
1932 3205 1973 3239 A·
