2008 3436
409 96 812 134 CORNELI-1
885 95 1046 134 VAN

181 108 226 143 as

777 191 1044 236 cAP'U

1120 92 1749 139 BYNKERSHOEK»

1096 200 1131 235 T
1229 200 1374 236 XVI.

703 287 755 323 De
776 286 970 334 poenafurti
996 287 1082 332 Jure
1098 288 1246 333 antiquo,
1276 285 1316 327 fif
1341 288 1421 322 unde
1437 286 1496 333 fit.

246 396 354 419 aenam
376 385 480 428 dupli,
503 394 570 417 oute
587 384 677 416 furto
693 393 752 415 nec
769 383 934 415 manifesto
958 383 1048 414 statu-

181 390 241 470 P
267 437 335 459 tuta
350 427 434 466 fuit,
460 437 498 458 cx
514 417 593 459 XII.
619 425 770 464 Tabulis,
796 435 859 456 non
876 435 916 455 cx
937 425 1048 455 Edicto

182 469 368 502 aescendere
385 477 496 499 contra
515 476 638 507 magnas
662 466 864 497 auctoritates
891 466 991 506 palam
1020 475 1048 496 e-

183 513 266 543 vicit
284 510 442 541 Antonius
464 508 600 539 Contius
624 507 652 537 I.
677 507 698 538 I.
724 508 841 541 Sulvsec.
866 506 951 538 Lea.
972 507 1003 537 C.
1020 518 1047 537 ο.

182 563 241 584 nee
266 551 384 593 patitur
408 549 550 581 dubitare
567 547 692 579 Gellius
715 548 805 579 Noet.
830 549 901 579 Act.
927 548 965 579 L.
988 548 1047 580 XI.

184 591 214 625 C.
241 599 287 627 18.
314 592 344 623 &
361 599 464 622 tamen
485 589 567 620 hunc
588 598 725 619 errorem
737 613 746 627 ,
763 597 958 629 prinei-eos,
971 598 1050 628 quos

184 634 321 667 Contius
337 631 481 668 adducit,
492 630 608 660 erravit
624 638 751 670 quoque
773 629 795 660 F
798 630 955 661 ranciscus
966 629 1049 660 Dua-

183 684 275 708 renus
298 673 336 704 ad
363 672 421 703 Τιί.
438 672 479 712 ff.
501 673 535 701 de
556 670 643 700 Furi.
670 671 702 701 C.
728 669 782 701 VI.
830 670 919 702 Illam
945 679 1049 701 autem

182 715 271 757 dupli
290 723 431 755 poenam,
444 721 535 752 quain
551 711 682 742 Athenis
700 711 816 750 Solon,
833 711 960 742 auclore
975 710 1049 741 Gel-

183 759 250 796 110,
298 754 513 793 uibuscunque
535 751 631 783 furtis
649 752 853 791 decreverat,
878 751 1046 783 Decemvi-

184 799 211 830 ri
228 799 259 829 in
293 795 354 826 olis
374 803 431 825 nec
458 792 630 824 manifestis
657 801 853 833 receperunt.
899 793 949 824 Ex
975 792 1047 832 Jure

183 839 300 870 Graeco
318 835 412 876 igitur
429 834 576 865 translata
593 833 677 870 fuit;
702 844 769 874 quae
787 834 867 865 ratio
883 833 943 873 est,
962 833 1047 875 quod

182 881 214 911 &
231 876 416 910 Aristoteles
429 875 467 906 de
481 884 517 906 ea
535 875 700 915 loquatur,
726 883 871 916 tanquam
889 876 927 906 de
944 885 976 906 re
990 884 1046 905 no-

184 929 235 959 ta,
260 918 404 949 Problem.
426 916 502 947 Seri.
525 916 654 948 XXIX.
680 915 791 961 Qffl'fi'-
820 926 868 956 14.
888 916 1047 957 disputans

182 960 324 998 scilicet,
348 968 403 989 cur
424 967 515 997 poena
534 957 645 998 capitis
671 959 700 988 ei
720 957 868 988 statuatur
887 981 896 997 ‚
931 958 983 999 qui
1005 966 1046 988 cx

182 1002 258 1033 Ioco
278 1000 408 1041 publico
423 998 543 1030 furatus
561 997 623 1036 cst,
650 998 679 1029 δε
694 1006 780 1039 poena
798 1000 904 1038 dupli,
929 999 983 1040 qui
1007 1007 1046 1030 ex

182 1043 258 1075 Ioco
276 1040 427 1082 privato?
451 1040 480 1071 ek
499 1039 589 1070 Plato
605 1048 730 1080 quoque
754 1039 936 1081 {impliciter
960 1040 1045 1079 dupli

183 1091 307 1124 poenam
327 1082 359 1112 in
380 1080 430 1112 sua
448 1081 622 1122 Republica
643 1081 786 1112 obtinere
802 1081 908 1112 voluit
933 1081 968 1111 l..
986 1080 1045 1112 IX.

182 1127 217 1156 de
246 1124 315 1154 LL.
335 1130 365 1163 p.
389 1132 427 1153 m.
455 1124 543 1152 1016.
591 1122 649 1154 Sed
669 1121 886 1160 Deccmviris,
913 1130 947 1152 ut
962 1121 1045 1161 dixi,

181 1166 250 1198 haec
270 1164 389 1205 placuit
405 1163 554 1194 clumam
570 1163 599 1194 in
620 1161 709 1194 furto
727 1173 784 1194 nee
808 1162 992 1200 manifeli03
1017 1172 1045 1193 a-

180 1207 224 1239 lia
243 1205 322 1246 apud
336 1214 390 1235 eos
406 1203 469 1235 fuit
486 1202 562 1234 furti
581 1203 733 1235 manifesti
753 1213 854 1244 poena.
881 1203 961 1235 Audi
973 1203 1046 1235 Gel-

181 1248 261 1279 lium
276 1256 315 1277 co
333 1246 424 1277 loco:
444 1246 567 1284 furem,
590 1245 713 1285 inquit,
735 1247 786 1285 qui
805 1245 1046 1286 manifestosur-

183 1296 212 1319 zo
226 1287 387 1329 prehensus
403 1285 468 1325 effet
480 1308 489 1323 ,
512 1293 575 1316 tum
601 1289 716 1316 devium
730 1288 822 1317 occidi
832 1290 1047 1328 pervaserunt,

176 1328 206 1369 si
226 1335 279 1360 citit
295 1338 359 1360 cum
368 1329 489 1368 faceret
499 1328 645 1367 furtum,
662 1337 720 1358 rrox
737 1328 822 1367 effa,
843 1336 896 1359 aut
912 1329 1047 1360 interdiu

175 1372 211 1413 se
226 1372 300 1408 telo,
323 1380 387 1401 cum
403 1370 690 1409 deprehenderetur,
713 1371 904 1408 defenderet:
925 1370 975 1401 Ex
995 1380 1045 1400 cae-

184 1413 260 1444 teris
281 1418 379 1443 autem
405 1409 573 1451 manifestis
586 1411 718 1450 furibus
741 1413 846 1442 liberos
870 1413 1044 1446 verberari.

184 1455 342 1494 addicique
354 1452 503 1494 jztfferztm
519 1455 565 1490 ei,
589 1454 639 1483 cui
649 1453 777 1492 furtum
787 1453 909 1492 fabium
926 1454 991 1494 effet
1003 1451 1048 1492 ,fi

183 1496 264 1528 mocio
286 1497 314 1526 id
330 1495 390 1525 luci
407 1493 546 1533 seciffent
563 1516 574 1532 ,
595 1504 688 1535 neque
701 1496 736 1534 sc
753 1497 809 1526 telo
830 1495 1043 1535 defendrffent,

176 1538 285 1579 firvos
303 1537 373 1567 item
398 1534 551 1576 manifesti
565 1536 655 1575 furti
671 1537 860 1576 deprehensos
880 1561 889 1575 ‚
912 1538 1044 1568 verberi-

183 1576 325 1619 husaffict'
340 1599 349 1613 ,
380 1576 416 1611 &⁹
437 1588 451 1608 e
470 1578 548 1618 saxo
574 1579 782 1618 precipitari,
797 1579 852 1619 sed
867 1585 974 1619 pueros
992 1579 1052 1619 im-⁴

182 1622 307 1662 puberes
328 1618 473 1651 Proetoris
496 1619 651 1651 arbitratu
673 1622 831 1652 verberari
855 1621 1018 1652 <voluerunt
1035 1643 1045 1659 ,

182 1670 350 1702 noxamque
374 1661 410 1692 ab
432 1662 477 1692 his
497 1661 619 1701 fabiam
633 1661 761 1702 sarciri.
804 1661 911 1694 Habes
935 1671 1047 1703 genera

180 1712 344 1745 poenarum
372 1702 402 1733 in
425 1701 547 1734 furibus
571 1702 742 1735 manifestis
759 1712 818 1744 pro
833 1703 955 1734 ratione
972 1702 1048 1734 deli-

181 1744 226 1776 eti
238 1767 248 1783 ,
272 1743 483 1781 conditionis,
508 1744 538 1775 ἅ
556 1744 658 1775 aetatis
675 1754 684 1783 ;
709 1744 761 1785 qui
779 1752 882 1775 autem
902 1743 1048 1785 simplici-

181 1792 232 1816 ter
249 1783 335 1816 fures
350 1783 505 1815 manifesti
520 1783 646 1816 fuerant
665 1808 675 1824 ‚
699 1785 788 1816 vides
816 1785 999 1816 verberatos
1019 1785 1048 1817 &

180 1825 322 1857 addietos
340 1825 394 1863 iis,
418 1824 530 1864 quibus
544 1824 667 1856 furtum
685 1825 803 1857 fastum
820 1826 905 1857 effct.
943 1826 1049 1867 Atque

181 1866 253 1898 haec
270 1864 499 1905 est‚nifallor‚
525 1868 657 1899 mmmm*
682 1871 809 1907 vinagia,
835 1877 927 1909 quam
937 1866 1046 1898 Theo-

207 1907 288 1939 liilus
311 1907 347 1937 ad
371 1909 468 1947 princ.
491 1907 565 1946 1th.
588 1909 621 1938 de
644 1908 731 1947 Perp.
759 1908 794 1943 ἐξ
817 1915 904 1948 temp.
926 1908 983 1939 αὲῖ.
1009 1908 1047 1938 de

202 1958 272 1980 urco
305 1957 457 1979 memorat
483 1957 523 1979 ex
550 1948 624 1980 XII.
656 1949 758 1981 Tabb.
785 1951 814 1982 ἃ
838 1950 966 1989 capitale
987 1951 1044 1980 cri-

182 2000 265 2021 men.
283 1989 321 2019 de
337 1999 401 2030 quo
413 1990 559 2029 antIquus
578 1990 703 2031 Virgilii
723 1990 911 2023 Sclioliastes
927 1990 1047 2032 scripsit

182 2031 220 2062 ad
244 2030 366 2061 AEnet'tl.
394 2030 431 2061 l..
458 2030 543 2062 VIII.
568 2038 595 2070 p.
618 2042 656 2062 m.
680 2036 746 2072 516
781 2032 812 2064 1⁴1
840 2042 912 2064 curn
933 2032 1045 2073 inquit:

183 2072 466 2112 Furtum‘capitale
491 2074 601 2103 crimen
623 2075 701 2113 apud
730 2074 867 2115 Μηίονες
884 2074 953 2113 fuit
977 2078 1046 2105 ante

179 2120 297 2154 poenum
314 2113 486 2154 quadrupli.
534 2113 631 2160 Quod
652 2115 681 2146 δε
700 2116 806 2147 iisdem
834 2115 936 2147 verbis
955 2114 1046 2147 Ifido-

183 2165 235 2186 rus
255 2155 372 2186 extulit
402 2155 436 2185 L.
460 2155 498 2186 V.
526 2156 617 2195 Orrg.
643 2155 673 2187 C.
699 2160 747 2188 26.
774 2157 803 2188 ὥς
825 2156 893 2187 sane
912 2155 1047 2197 capitale

183 2197 301 2234 crimen
321 2194 432 2233 fuisse,
457 2197 552 2227 ctiam
570 2206 610 2228 ex
627 2197 845 2229 verberatione
861 2197 958 2238 liquet
971 2220 979 2235 ‚
991 2196 1048 2227 hac

184 2237 268 2268 enim
287 2246 388 2277 poenae
406 2237 517 2278 capitis
557 2238 765 2269 rteludebatur
780 2239 860 2280 apud
877 2238 1046 2269 Romanos.

183 2277 257 2310 I'ost
280 2277 408 2308 verbera
427 2301 435 2315 ,
461 2278 504 2309 ait
541 2279 667 2318 zellius,
691 2279 794 2310 furem
818 2279 972 2310 addictum
999 2279 1046 2317 ci,

184 2319 234 2350 cui
257 2318 378 2349 sui-tuin
400 2318 517 2349 saelum
535 2319 611 2351 esl'et
627 2344 636 2359 ,
662 2320 724 2351 hoc
746 2319 790 2351 est
816 2321 845 2351 in
864 2320 1049 2352 lerritutcm

182 2359 275 2391 fuiss'e
300 2359 453 2390 addictum
470 2360 498 2390 ei
518 2385 526 2399 ‚
559 2361 611 2406 qui
629 2360 751 2392 furtum
776 2361 876 2402 passus
897 2368 982 2400 crat,
1005 2359 1049 2391 fa-

183 2400 312 2440 ermque
332 2401 374 2431 ita
389 2399 407 2431 f
407 2410 493 2440 ures,
518 2401 626 2433 amisso
645 2402 749 2443 capite
763 2426 772 2441 ‚
799 2401 904 2434 servos
920 2411 1048 2440 eorum,

184 2442 296 2482 quibus
315 2441 554 2479 adtliccbantur3
579 2453 649 2474 nam
666 2443 750 2484 quod
803 2443 984 2474 uintilianus
1008 2443 1048 2474 L.

183 2482 256 2514 VII.
284 2481 354 2522 lusi.
384 2483 476 2514 Orat.
504 2485 536 2515 C.
560 2494 589 2522 73.
615 2482 770 2523 disputat,
796 2483 1049 2525 anadditzztsfiat

174 2524 290 2564 ‚sermm
310 2546 318 2559 ,
343 2523 465 2554 constat
488 2526 526 2555 de
543 2534 581 2555 eo
607 2525 730 2556 addicto
754 2525 814 2557 ess'e
830 2549 839 2565 ,
865 2526 917 2567 qui
938 2526 979 2557 ob
999 2526 1049 2557 de-

185 2565 286 2596 bitum
313 2564 409 2595 civile
427 2564 611 2597 servitutem
629 2565 725 2597 servit
742 2590 752 2606 ‚
777 2567 807 2598 81
835 2567 874 2597 dc
895 2576 959 2608 quo
982 2567 1050 2599 dixi

184 2605 274 2645 supra
300 2606 338 2636 L.
360 2605 382 2637 I.
411 2606 440 2638 C.
469 2616 493 2637 1.
519 2606 570 2637 sed
587 2607 725 2639 addiClos
741 2607 783 2639 ob
800 2608 1049 2649 delie‘tumfflro-

183 2655 252 2688 prie
266 2647 295 2678 δε
312 2647 487 2687 peremnia
512 2646 604 2678 suill'e
627 2646 733 2679 servos
752 2658 814 2680 non
838 2648 883 2680 est
907 2649 1049 2681 dubitan-

184 2688 258 2718 dum
276 2698 285 2726 3
309 2687 403 2718 collat
431 2688 545 2728 quippe
566 2689 595 2719 in
620 2688 668 2719 his
685 2689 766 2720 ratio
781 2713 790 2728 ‚
824 2699 895 2730 quae
914 2690 1000 2721 valet
1020 2690 1051 2721 in

184 2728 313 2760 addictis
336 2728 377 2759 ob
394 2739 434 2760 aes
456 2729 590 2759 alienum
602 2752 611 2767 ‚
637 2730 667 2760 δε
685 2739 753 2770 quae
771 2754 780 2769 ‚
807 2738 841 2761 ut
859 2730 972 2762 Fabius
988 2730 1050 2770 ait,

185 2779 249 2800 non
284 2770 407 2810 longius
436 2768 551 2801 servire
574 2770 661 2809 jubet
680 2794 688 2808 ‚
713 2780 803 2811 quain
822 2771 923 2802 donec
949 2770 1049 2803 solve-

185 2811 269 2848 rint,
294 2811 378 2851 quod
402 2811 563 2842 debebant.
612 2810 659 2842 Ad
687 2811 765 2842 hanc
787 2811 1053 2844 Decemvirorurn

187 2850 302 2891 Lege-,u
319 2852 357 2882 de
373 2851 462 2883 furto
481 2850 645 2883 manifesto
664 2851 832 2885 Eusebium
857 2862 983 2894 quoque
1006 2863 1051 2884 re-

188 2890 319 2931 spexin‘e
335 2893 450 2933 opinor
472 2895 505 2923 de
527 2893 662 2934 Praepar.
687 2893 808 2934 Euang.
833 2894 872 2925 L.
889 2893 943 2925 VI.
968 2895 994 2926 C
1020 2899 1050 2929 8.

189 2940 260 2962 cum
276 2933 338 2971 ait,
362 2933 443 2974 apud
461 2934 620 2966 Romanos
643 2934 728 2966 fures
751 2936 828 2967 caedi
848 2935 1049 2974 vulneribus,

189 2972 296 3004 omissa
312 2973 351 3005 sic
371 2975 564 3013 addittioneg
579 2975 629 3007 sed
645 2976 747 3007 minus
763 2976 884 3016 integre
906 2975 1049 3007 locutum

189 3011 249 3055 ess'e
268 3013 406 3054 constat,
431 3024 466 3046 ut
484 3015 562 3057 saepe
579 3015 700 3055 solent,
724 3017 778 3056 qui
797 3014 869 3058 JCti
887 3026 950 3048 non
966 3016 1048 3056 sunt,

189 3060 223 3082 m
242 3052 397 3087 laudandis
416 3056 553 3098 Legibus
574 3058 676 3090 minus
695 3057 755 3090 css'e
780 3057 928 3090 accurati.
974 3058 1049 3092 Mo-

1092 384 1137 416 ses
1162 395 1287 425 quoque
1313 384 1398 416 fures
1432 382 1599 424 aliquando
1631 383 1661 415 in
1686 383 1869 416 servitutem
1892 386 1950 420 effe

1091 426 1207 464 dandos
1225 425 1342 466 scripiit
1370 426 1407 455 L.
1431 424 1469 456 II.
1497 426 1528 456 C.
1553 434 1602 455 22.
1628 424 1654 465 §.
1680 435 1709 467 3.

1135 466 1239 506 Atque
1259 467 1326 497 haec
1344 467 1557 497 Romanorum
1570 465 1600 496 in
1610 464 1699 497 furto
1711 465 1875 499 manifesto
1887 476 1949 508 poe-

1092 517 1132 538 na
1148 508 1290 548 capitalis
1302 517 1340 538 cx
1352 506 1476 538 Graecia
1493 516 1619 548 quoque
1636 507 1697 538 ell'e
1719 508 1852 540 videtur.
1873 508 1950 541 Dra-

1092 557 1132 578 co
1154 546 1256 579 furem
1279 557 1493 588 quemcunque
1518 547 1673 589 supplicio
1695 549 1807 589 capitis
1826 550 1952 590 punien-

1092 589 1165 619 dum
1183 588 1304 620 censuit
1317 588 1503 629 ibuntque,
1517 591 1642 621 auctore
1655 587 1762 620 Gellio
1788 593 1816 621 ct.
1841 591 1878 621 L.
1892 590 1951 624 XI.

1095 631 1125 660 C.
1155 634 1200 663 18.
1246 630 1304 661 Sed
1323 630 1388 661 liaec
1409 630 1476 661 Lex
1492 631 1581 671 juxta
1600 631 1672 660 cuin
1691 631 1759 662 aliis
1778 630 1953 672 Draconis,

1093 681 1162 711 qua:
1181 671 1316 701 i'cvcrius
1332 672 1361 702 δε
1384 671 1490 702 durius
1509 672 1681 703 statuebant
1699 694 1709 710 ‚
1735 680 1835 704 tacito
1860 674 1953 704 illite-

1091 719 1224 751 ratoque
1252 710 1405 743 consensu
1431 712 1548 743 abolita
1571 712 1634 743 i‘uit
1651 736 1662 751 ,
1695 714 1954 754 quemadmodum

1091 762 1130 783 eo
1156 752 1230 783 loco
1257 760 1359 782 narrat
1384 752 1517 784 Gellius.
1562 753 1632 785 Nec
1657 755 1769 785 dubito
1785 778 1796 793 ‚
1820 757 1895 796 quin
1919 764 1955 787 ea

1090 793 1158 825 Lex
1178 792 1284 834 postea
1304 792 1454 824 duntaxat
1473 794 1659 834 pertinuerit
1686 796 1722 827 ad
1745 795 1832 829 fures
1860 797 1954 828 mani-

1089 832 1197 865 festos.
1244 833 1296 865 Dc
1315 834 1468 873 ejusmodi
1492 842 1578 865 certe
1604 834 1693 867 furto
1719 837 1865 879 intelligo
1884 838 1955 870 Ari-

1090 874 1234 906 stotelem
1265 875 1412 907 Probum.
1448 876 1525 907 Sea.
1556 876 1684 909 XXIX.
1724 877 1764 922 Q.
1803 883 1849 911 16.
1882 888 1955 911 cum

1090 916 1223 957 quaerit‚
1247 917 1298 952 :3150
1317 916 1338 945 -n‘
1358 918 1401 947 ἐπὶ
1415 916 1457 951 μὲν
1475 921 1561 955 κλοπῇ
1580 921 1731 951 &amer-ri
1749 922 1828 958 <wia
1853 942 1862 957 ‚
1899 930 1953 952 cur

1082 962 1174 996 Juper
1187 960 1279 998 furto
1307 962 1413 990 mortis
1434 966 1517 999 poena
1534 958 1576 997 fic
1597 983 1606 998 ,
1637 959 1727 1001 super
1763 961 1955 994 contumelia

1088 1007 1192 1030 autem
1212 999 1270 1030 alia
1290 1008 1384 1040 atque
1400 1002 1460 1032 alia
1481 1010 1573 1042 poena
1589 1025 1598 1040 ‚
1632 1001 1682 1033 sed
1703 1001 1805 1034 levior
1822 1003 1838 1035 ἶ)
1871 1002 1902 1034 id
1924 1011 1954 1034 e-

1088 1040 1153 1071 nim
1173 1040 1194 1071 li
1214 1041 1347 1082 accipias
1365 1041 1403 1072 de
1420 1051 1608 1083 quocunque
1626 1042 1734 1082 furto,
1760 1044 1956 1076 contradicet

1090 1081 1137 1119 ei,
1163 1081 1247 1122 quod
1268 1083 1306 1112 de
1325 1091 1417 1123 poena
1438 1083 1523 1123 dupli
1547 1083 1669 1115 uixerat
1688 1083 1752 1124 ipse
1765 1085 1819 1116 ille
1838 1083 1954 1117 Aristo-

1090 1122 1181 1153 stelcs
1212 1125 1240 1153 d.
1266 1123 1342 1154 Sefit.
1376 1123 1505 1156 XXIX.
1532 1124 1573 1168 Q.
1601 1135 1635 1164 14
1691 1126 1757 1157 Aut
1785 1126 1881 1168 igitur
1910 1127 1956 1158 in·

1090 1163 1199 1204 tellige
1223 1163 1261 1194 de
1283 1164 1371 1196 furto
1401 1164 1588 1205 manifesto,
1623 1166 1696 1208 quia
1721 1167 1924 1199 contumelia?
1945 1190 1956 1206 ‚

1089 1204 1205 1235 delicto
1225 1205 1407 1245 manifesto,
1432 1206 1577 1246 confert,
1603 1216 1656 1238 aut
1676 1207 1714 1238 dc
1732 1217 1791 1247 eo,
1817 1209 1900 1250 quod
1919 1207 1958 1240 fit

1090 1246 1121 1276 in
1140 1246 1214 1276 loco
1238 1247 1367 1286 publico
1380 1270 1388 1284 ,
1414 1247 1526 1278 balneo
1545 1247 1649 1287 forte,
1663 1248 1822 1288 palaestra,
1834 1257 1887 1280 aut
1905 1248 1958 1280 fo-

1089 1296 1127 1318 ro
1146 1310 1155 1325 ‚
1187 1296 1258 1317 nam
1278 1287 1307 1319 id
1326 1296 1452 1328 quoque
1471 1288 1605 1330 capitale
1630 1289 1723 1321 suiffe
1740 1298 1812 1321 ante
1835 1291 1958 1321 dixerat

1089 1331 1117 1359 d.
1141 1327 1254 1369 Quaest.
1292 1338 1337 1368 14.
1384 1329 1485 1360 Simili
1514 1329 1638 1371 prorsus
1665 1331 1787 1362 ratione
1807 1354 1817 1371 ,
1841 1341 1902 1372 qua
1926 1331 1958 1363 δε

1088 1370 1169 1410 apud
1189 1369 1368 1408 Romanos,
1394 1369 1447 1410 qui
1472 1380 1489 1401 e
1514 1370 1620 1403 castris
1639 1370 1844 1411 furabantur,
1868 1370 1956 1403 fusti-

1088 1411 1146 1442 bus
1169 1409 1263 1441 fuiss'c
1282 1410 1440 1451 percuffos
1460 1412 1591 1453 legimus
1619 1413 1699 1453 apud
1719 1412 1889 1454 Polybium
1913 1415 1956 1446 L.

1088 1451 1145 1482 VI.
1172 1452 1204 1482 C.
1228 1461 1278 1493 35.
1306 1452 1380 1483 loco
1400 1453 1462 1491 fic,
1488 1463 1545 1494 pro
1565 1453 1721 1485 facilitate
1738 1454 1866 1493 delicti,
1891 1464 1958 1496 poe-

1089 1502 1159 1524 nam
1176 1500 1317 1533 augente.
1364 1493 1405 1524 Et
1422 1503 1518 1534 quum
1535 1494 1646 1534 Plato,
1671 1503 1706 1526 ut
1725 1503 1797 1527 ante
1813 1494 1958 1527 observa-

1088 1533 1141 1572 vi,
1155 1533 1334 1575 cuicunque
1348 1532 1438 1565 furto
1457 1534 1639 1576 iimpliciter
1657 1544 1781 1577 poenam
1797 1536 1884 1578 dupli
1902 1535 1960 1568 sta-

1090 1573 1196 1605 tuisset
1216 1598 1225 1613 ‚
1256 1575 1321 1606 civi
1346 1582 1469 1615 tamen,
1504 1577 1535 1608 in
1562 1576 1630 1618 ipso
1652 1577 1742 1609 furto
1759 1601 1769 1618 ,
1794 1586 1848 1609 aut
1867 1578 1960 1610 aliter

1089 1616 1377 1657 quomodocunque
1395 1616 1585 1658 deprehenso
1605 1642 1616 1657 ‚
1641 1618 1806 1660 capitalem
1823 1618 1884 1652 effe
1899 1619 1967 1651 vo-'

1090 1656 1150 1689 luit
1176 1657 1212 1689 L.
1240 1657 1314 1690 XII.
1340 1659 1374 1688 de
1397 1657 1466 1689 LL.
1499 1666 1530 1699 p.
1552 1669 1590 1690 m.
1626 1663 1715 1702 1136.
1740 1668 1776 1691 ut
1803 1660 1848 1692 ita
1871 1658 1963 1692 forte

1090 1698 1128 1729 de
1147 1697 1237 1730 furto
1254 1697 1419 1730 manifesto
1438 1698 1556 1732 senfiffe
1571 1700 1715 1732 videatur
1731 1711 1739 1733 t
1771 1700 1823 1733 De
1848 1701 1970 1745 Lyciis-

1091 1749 1245 1771 memorat
1259 1739 1415 1772 Nicolaus
1432 1740 1661 1774 Damascenus:
1681 1741 1730 1774 “os
1750 1743 1779 1778 dl·
1802 1743 1830 1773 ἅι
1850 1744 1964 1773 imas·-
1992 1754 1995 1762 ι

1091 1794 1130 1820 ξος
1144 1782 1202 1816 dm?
1223 1785 1355 1820 κλὲπῖθϊ,
1377 1783 1455 1814 δὲλος
1471 1787 1568 1815 ’γίνεται
1579 1807 1587 1822 ‚
1604 1781 1633 1821 fi
1648 1785 1716 1825 qni!
1730 1784 1805 1816 liber
1821 1785 1853 1816 in
1863 1784 1960 1824 furlss

1092 1824 1351 1863 deprehendatur,
1366 1823 1480 1863 servus
1491 1823 1543 1864 fit.
1594 1824 1692 1870 Quod
1713 1825 1866 1866 interpres
1890 1824 1962 1856 for-

1092 1872 1124 1894 te
1157 1864 1238 1895 male
1271 1864 1370 1896 vertit
1406 1865 1436 1897 δε
1464 1865 1590 1897 exaudit
1618 1866 1656 1898 de
1679 1876 1718 1898 eo
1745 1890 1755 1906 ,
1795 1867 1848 1907 qui
1877 1865 1960 1898 furti

1091 1905 1257 1936 convietus
1282 1904 1342 1945 est,
1375 1914 1454 1947 puto
1481 1907 1565 1938 enim
1592 1906 1746 1948 respicere
1771 1907 1809 1939 ad
1834 1906 1959 1940 furtum

1088 1945 1286 1978 manifestum
1299 1971 1308 1986 ‚
1333 1947 1425 1979 simili
1441 1946 1509 1979 fere
1526 1957 1618 1989 poena
1629 1972 1639 1988 ‚
1664 1958 1700 1979 ac
1717 1949 1749 1980 in
1766 1947 1841 1981 XII.
1852 1947 1960 1980 Tabb.

1131 1987 1190 2019 Sed
1213 1987 1335 2020 constat
1360 1988 1440 2020 hanc
1465 1987 1543 2021 furti
1563 1988 1718 2021 manifesti
1741 1999 1866 2030 poenam
1882 1997 1962 2021 exo-

1089 2027 1216 2068 leviss'e,
1242 2029 1272 2060 ὃς
1293 2028 1461 2061 success'iss'e
1481 2030 1666 2062 Praetoriam
1693 2031 1724 2062 in
1738 2030 1960 2072 quadruplum,

1089 2069 1209 2101 servata
1235 2069 1317 2109 Juris
1334 2070 1455 2112 antiqui
1474 2081 1567 2113 poena
1587 2072 1618 2103 in
1636 2070 1760 2103 furibus
1782 2081 1840 2102 nec
1860 2071 1959 2103 mani-

1089 2109 1199 2141 festis:
1224 2111 1267 2142 ita
1286 2120 1387 2143 tamen
1404 2135 1413 2151 ‚
1438 2120 1474 2144 ut
1498 2111 1576 2143 furti
1603 2121 1729 2153 quoque
1753 2112 1960 2144 criminaliter

1090 2152 1136 2193 agi
1186 2152 1305 2183 otucrit
1324 2176 1333 2192 ,
1370 2153 1400 2184 &
1417 2151 1472 2184 suo
1495 2161 1637 2194 tempore
1656 2156 1832 2195 plerumque
1856 2153 1959 2185 astum

1089 2192 1136 2223 fui
1166 2201 1182 2222 e
1205 2192 1358 2234 Ulpianus
1385 2193 1526 2226 adfirmet
1549 2195 1581 2225 in
1615 2195 1637 2227 l.
1660 2195 1718 2227 ult.
1736 2195 1776 2237 ff.
1812 2197 1846 2227 de
1867 2194 1971 2227 Furt.

1091 2234 1167 2278 Quo
1189 2232 1292 2265 refero
1305 2259 1314 2273 ‚
1328 2235 1413 2275 quod
1431 2234 1559 2267 Orosius
1584 2235 1702 2276 Hister.
1725 2237 1765 2268 L.
1777 2236 1833 2268 IV.
1857 2236 1890 2268 C.
1909 2245 1958 2278 13.

1090 2283 1216 2306 narrato
1231 2274 1373 2307 facinore
1392 2275 1478 2307 Fabii
1497 2275 1660 2318 Censorii,
1685 2278 1738 2319 qui
1756 2278 1875 2317 filiurn,
1891 2276 1958 2309 fur·

1092 2316 1116 2347 ti
1145 2316 1353 2348 insimulatum
1372 2341 1381 2357 ,
1417 2317 1619 2350 interfecerat
1639 2342 1649 2359 ,
1682 2318 1745 2350 hoc
1764 2318 1959 2360 superdicit:

1092 2359 1217 2397 dignum
1229 2358 1350 2398 seilicet
1364 2359 1510 2398 facinus,
1533 2362 1609 2401 quod
1620 2366 1710 2401 pater
1724 2361 1774 2391 vel
1792 2361 1961 2400 parricidio

1087 2398 1277 2440 plectendum
1306 2401 1428 2433 duceret
1446 2424 1455 2440 ‚
1483 2403 1560 2442 quod
1585 2412 1621 2434 ne
1641 2402 1719 2443 leges
1735 2403 1852 2444 quidem
1870 2423 1882 2440 ,
1903 2399 1962 2441 m'fi

1091 2441 1188 2472 multa
1217 2443 1349 2482 ρει-1111113
1387 2449 1440 2474 ant
1471 2446 1509 2473 ad
1527 2443 1678 2483 summum
1711 2444 1833 2482 exilii,
1877 2444 1963 2475 circa

1092 2483 1250 2523 quemlibet
1273 2485 1420 2515 hominum
1451 2484 1641 2525 censuerunt.
1685 2483 1859 2526 Utriusque
1879 2483 1962 2517 furti

1092 2533 1216 2565 poenam
1233 2525 1426 2556 arbitrariam
1438 2524 1499 2556 effe
1518 2524 1819 2566 voluitJustinianus
1833 2526 1961 2558 Novell.

1093 2564 1283 2597 CXXXIV.
1310 2567 1342 2598 C.
1365 2567 1423 2597 ult.
1469 2565 1643 2608 Imperator
1669 2566 1852 2600 Fredericus
1869 2591 1879 2607 ‚
1904 2567 1959 2599 du-

1092 2606 1157 2637 rior
1182 2606 1213 2637 in
1234 2605 1320 2639 fures
1336 2631 1346 2647 ,
1371 2608 1445 2649 quid
1464 2607 1664 2640 constituerit
1681 2631 1691 2648 ,
1727 2617 1838 2641 notum
1856 2607 1962 2641 estex

1093 2647 1133 2679 L.
1159 2646 1199 2679 II.
1224 2647 1315 2680 Feud.
1342 2648 1404 2680 Tit.
1428 2648 1568 2682 XXVII.
1595 2649 1623 2691 §.
1647 2650 1708 2680 ult.
1730 2651 1819 2690 qu'us
1844 2649 1962 2682 consti-'

1095 2687 1228 2720 tutionis
1243 2690 1357 2729 verba,
1369 2689 1453 2731 pisce
1470 2689 1531 2722 csse
1546 2688 1665 2724 saniora
1679 2690 1881 2723 dubitandum
1894 2701 1962 2725 non

1094 2728 1167 2761 est?
1192 2730 1244 2771 qui
1276 2741 1311 2762 ea
1338 2731 1533 2773 sollicitant,
1558 2731 1694 2773 imperiti
1714 2731 1785 2764 sunt
1806 2731 1961 2765 Latinita-

1094 2770 1154 2809 tis,
1181 2772 1210 2803 &
1229 2773 1325 2805 moris
1343 2773 1408 2813 ejus
1426 2773 1543 2807 saeculi.
1574 2773 1633 2806 Sed
1653 2772 1715 2805 hoc
1734 2784 1798 2806 non
1818 2773 1963 2814 agimus;

1096 2811 1127 2842 id
1154 2821 1248 2844 unum
1276 2823 1405 2846 monere
1429 2815 1523 2847 liccat
1541 2839 1550 2854 ‚
1582 2815 1604 2848 fi
1636 2815 1705 2856 quis
1729 2825 1787 2858 pro
1810 2817 1962 2848 tundatur

1089 2861 1168 2884 ‘cum
1193 2852 1381 2888 Hotomano
1409 2856 1610 2897 pertinaciter
1632 2857 1735 2897 legere
1757 2856 1961 2897 decreverit,

1095 2895 1274 2934 tondeatur,
1298 2896 1326 2927 ei
1353 2906 1404 2928 me
1427 2897 1585 2928 auctorem
1609 2897 1687 2937 effe,
1712 2905 1747 2930 ut
1763 2907 1822 2939 pro
1839 2898 1963 2939 forcipe

1094 2934 1237 2967 restituat
1255 2946 1382 2978 quoque
1397 2937 1529 2978 forfice3
1541 2938 1641 2979 scopis
1655 2941 1825 2972 excorietur
1843 2938 1961 2981 &for-

1089 2975 1148 3016 fice
1167 2978 1338 3010 tondeatur.
1384 2979 1519 3025 Forcipe
1543 2980 1667 3014 tonderi
1688 2989 1754 3016 non
1775 2980 1877 3015 minus
1901 2979 1958 3012 du-

1092 3026 1161 3050 rum
1178 3016 1223 3051 est
1241 3041 1251 3058 ,
1276 3028 1368 3061 quain
1385 3020 1568 3055 inauditum.

1851 3218 1954 3254 CA&
