2008 3436
981 113 1136 163 (ωε)

299 304 1120 372 CONSPECTUS
1230 302 1808 368 CAPITUM.

509 431 632 465 CAP.
676 431 701 464 Ι.

275 515 392 555 olustum
410 515 590 547 Maecianum
605 515 699 556 Legis
722 514 780 547 IX.
807 511 949 544 auitorem
972 508 1032 549 effe.

289 558 393 589 Libros
409 558 542 598 quosdam
551 555 670 596 frustra
687 555 831 596 diffentire
842 576 852 592 ,
875 552 910 588 ὅ)
926 560 1035 592 quomo-

173 601 218 632 do.
251 599 299 631 De
317 598 463 630 Maeciano
479 597 625 628 nonnihil.
654 596 705 629 Ex
722 597 806 637 Lege
824 593 948 626 Rhodia
967 592 1036 632 quid

169 640 211 680 fit
228 641 245 672 ἰ)
278 650 363 681 quam
385 641 468 670 varie
493 639 618 680 legatur.
666 638 844 680 Signijicare
873 635 917 665 his
940 634 1036 664 verbis

176 681 320 713 Maeciam·
336 681 462 717 librum,
483 682 532 720 qui
549 681 594 710 ita
610 678 828 719 inscribebatur.
856 675 937 722 Quid
953 684 981 705 eo
999 674 1035 705 li-

175 724 223 754 bro
239 723 374 753 videatur
391 731 404 751 e
429 720 485 760 iſje.
510 720 675 761 ,Jacobuni
695 719 904 759 Gothofredum
913 716 1038 757 aliosque

172 769 324 805 perperam
341 763 404 803 exi]
418 764 506 792 intare
517 783 528 800 ,
549 761 598 802 effe
614 761 645 792 h.
667 760 688 792 1.
720 771 756 792 ex
773 759 917 792 Maeciani
934 756 1038 788 Libris

175 804 405 842 Publicorurn,
429 805 515 843 inque
532 812 575 833 eos
595 803 719 834 relatam
734 812 770 833 ex
780 801 875 842 Jure,
899 800 969 840 quod
989 798 1040 829 ha-

177 847 290 883 bemus,
312 843 480 883 Rhodienfi.
503 843 562 875 Pro
581 854 614 875 ea
622 843 773 884 sententia
790 842 867 873 nihil
884 849 1039 881 argumen-

178 888 202 917 ti
219 885 269 926 effe
287 887 319 916 in
337 885 437 917 Indice
464 884 651 921 Florentino;
671 887 790 925 probare
809 884 858 914 boc
876 883 962 922 ipfius
979 880 1039 912 Vo-

178 927 245 967 lufii
263 927 344 958 aliud
361 933 438 967 opus.
484 926 676 958 Enarrantur
692 927 838 963 rationes,
860 933 945 965 quare
963 922 991 953 h.
1018 922 1038 953 l.

178 979 236 1000 non
260 969 397 999 ‘videatur
423 968 473 1009 effe
491 977 527 998 ex
552 967 656 999 Libris
685 967 908 1003 Publicosmn,
931 973 982 995 nec
1005 972 1041 993 ex

180 1010 252 1051 Jure
270 1009 406 1041 Rhodio.
453 1009 547 1041 Varie
570 1010 603 1039 in
624 1009 698 1039 hanc
721 1018 780 1039 rem
806 1007 966 1038 occurritur
986 1005 1042 1035 Go-

181 1051 320 1091 tbofredo.
366 1050 509 1082 Maeciarzi
530 1050 634 1082 librum
652 1059 692 1081 ex
709 1049 794 1091 Lege
807 1047 930 1080 Rhodia
948 1047 1043 1077 videri

174 1092 264 1134 fuiffe
278 1092 470 1133 fingularem.
518 1091 590 1123 Non
607 1089 733 1131 constare
749 1113 759 1129 ‚
782 1095 877 1121 utrum
893 1090 918 1119 is
930 1089 1042 1125 latine,

182 1144 223 1165 an
239 1143 330 1176 graece
339 1133 438 1173 fuerit
457 1132 642 1173 conscriptus.
667 1132 718 1163 Ex
735 1131 926 1173 [ascriptione
947 1130 1044 1160 latina

182 1176 260 1207 nihil
272 1174 346 1215 pqffe
370 1176 471 1206 educi:
494 1179 524 1204 ut
550 1184 602 1204 nec
620 1183 656 1204 ex
672 1183 766 1215 graeca
786 1172 966 1211 concePtione
987 1169 1044 1201 Le-

183 1218 231 1259 gis
257 1221 358 1247 contra
383 1215 580 1257 Menagium:
611 1225 662 1246 nec
687 1224 723 1245 ex
749 1213 865 1244 Vel-fic.
911 1215 979 1243 τὲπ
998 1211 1045 1241 ὃὲε

184 1268 237 1289 nec
252 1268 289 1289 ex
301 1257 376 1288 otiis
394 1256 558 1298 [inperialis
582 1257 741 1293 auditorii,
757 1255 845 1296 vulgo
862 1254 1044 1284 latinisznec

183 1310 221 1331 ex
236 1299 435 1331 Au&01·itate
453 1297 545 1338 Legis
562 1297 694 1328 Rhodiae
704 1321 712 1336 ,
723 1297 856 1337 quamvis
871 1295 1044 1336 largiamur,

183 1342 215 1373 h.
241 1341 263 1372 l'.
287 1341 353 1371 inde
370 1339 431 1380 effe.
457 1339 619 1380 Conjicitur
634 1344 749 1376 tamen,
774 1347 837 1368 eum
853 1337 958 1367 librum
966 1334 1046 1376 fuis-

175 1382 210 1424 se
226 1382 371 1419 latinum,
394 1380 430 1415 ὅ)
447 1390 531 1420 quam
548 1380 579 1410 ob
595 1389 666 1410 rem.
702 1377 788 1425 Quod
802 1377 833 1409 h.
858 1377 877 1409 l.
903 1386 992 1418 grace
1008 1376 1047 1407 le-

184 1428 294 1467 gatur,
318 1423 401 1454 unice
419 1421 601 1452 tribuendum
619 1421 714 1451 videri
733 1419 806 1450 aitis
821 1417 1023 1459 Imperialibus
1034 1439 1045 1455 ‚

184 1466 260 1496 unde
277 1468 414 1502 excerpta
429 1461 488 1502 est,
513 1461 548 1496 &²
564 1471 615 1492 cur
631 1463 665 1492 in
680 1461 753 1492 aeus
767 1461 828 1491 illis
846 1469 937 1502 graece
948 1459 1047 1499 fuerit

185 1506 291 1538 relata.
338 1503 517 1545 Disputatur
545 1508 647 1534 contra
671 1502 744 1544 JaC.
793 1500 1001 1540 Gotbofredum
1019 1500 1050 1531 &

186 1547 378 1579 Mornacium
389 1569 397 1584 ‚
421 1546 470 1586 qui
488 1545 563 1575 banc
575 1550 684 1584 putant
701 1543 881 1575 Maecianum
890 1539 1049 1582 descripsis-

177 1590 211 1631 se
229 1597 265 1619 ex
279 1587 478 1619 Auum-itate
493 1585 548 1627 seu
573 1584 764 1616 Praefatione
779 1583 899 1625 Legum
913 1583 1050 1615 Rhodia-

186 1639 267 1662 rum.
300 1629 358 1659 Cur
373 1628 429 1659 haec
443 1630 542 1668 potius
557 1636 593 1658 ex
610 1626 756 1658 Maiam
771 1625 818 1656 vel
835 1634 872 1656 ex
890 1626 990 1656 iisdem
1001 1633 1049 1655 ac-

188 1673 226 1703 tis
235 1671 252 1702 ἱ)
274 1669 456 1709 Defenditur
465 1691 476 1708 ,
491 1666 649 1707 Volusium
665 1666 777 1702 auftore
794 1667 874 1698 illius
889 1665 1051 1705 Praefatio—

189 1713 239 1745 nis
264 1712 454 1752 antiquiorem
472 1709 572 1751 fuiffe.
626 1708 756 1750 Reliqua
771 1708 927 1748 sententiae
951 1704 1052 1747 nostrae

190 1754 402 1794 expediuntur,
428 1752 567 1792 refutatis
587 1750 759 1791 Gothofredi
767 1749 1050 1790 interpolationibus,

191 1795 228 1830 &9
244 1795 379 1836 quicquid
394 1795 435 1825 ibi
449 1792 602 1834 fictionum
623 1790 672 1832 eft.
1009 1795 1049 1830 98

512 1876 630 1909 CAP.
675 1875 730 1908 11.

236 1964 341 1995 Libros
356 1962 488 2003 antiquos
496 1961 564 2001 sere
584 1966 736 2001 perperam
754 1960 846 1991 locare
862 1959 1053 2002 principium

192 2007 223 2039 h.
249 2006 269 2037 l.
330 2014 396 2035 uam
413 2004 495 2034 varie
515 2005 650 2033 vertatur
665 2003 793 2037 Ἀξίωπς.
850 2003 964 2032 uamvis
980 2000 1053 2031 reste

195 2048 285 2078 etiam
310 2046 421 2082 aliter,
454 2050 581 2075 veterem
613 2043 803 2083 Interpretem
831 2051 927 2073 tamen
951 2043 1054 2082 optime

195 2085 371 2126 transtulzffi
390 2086 486 2116 videri
501 2084 765 2125 deprecationem.
812 2084 870 2115 Cur
885 2085 916 2114 id
932 2093 989 2114 non
1000 2088 1053 2123 pa-

196 2130 289 2160 tiatur
304 2127 377 2168 Jac.
405 2124 621 2165 Gothofredus‘?
644 2124 911 2164 Deprecationern
921 2124 1054 2166 satisin-

196 2170 293 2212 telligi
304 2167 377 2209 poffe
388 2166 452 2206 fine
465 2165 654 2207 postulatione
669 2167 768 2197 veniae.
795 2165 876 2203 Idem
891 2166 1055 2207 quandoque

195 2211 266 2252 effe,
293 2210 371 2251 =quod
390 2217 516 2249 preces,
549 2206 759 2248 precationem
794 2206 829 2241 ὅ)
852 2205 1056 2248 supplicatio-

196 2262 278 2284 nem.
313 2249 514 2282 Auftoritates
530 2250 562 2279 in
577 2258 640 2279 earn
658 2257 718 2279 rem
734 2249 926 2279 adducuntur.
963 2248 1059 2289 Ipsum

201 2291 411 2331 Gotbofredum
439 2291 514 2321 illud
536 2288 681 2332 agnoviffe
706 2290 744 2320 ad
769 2288 850 2321 Cod.
894 2288 1058 2321 Theodos.

201 2334 345 2366 Voculam
363 2331 482 2372 dcsaepe
498 2341 605 2373 augere
613 2329 871 2372 fignificationem.
896 2330 939 2362 A.
967 2330 1059 2361 Gelli-

176 2414 179 2418 ,
197 2386 245 2407 um
263 2384 320 2405 non
336 2372 410 2405 reb‘te
426 2375 562 2404 damnare
587 2373 704 2403 verbum
730 2371 885 2411 deprecari
901 2378 951 2412 pro
968 2372 1060 2402 valde

198 2415 329 2458 precari.
376 2414 481 2446 Etiam
506 2412 646 2445 Auum-es
662 2411 768 2453 nostros
790 2414 834 2443 ita
841 2412 915 2453 stepe
932 2413 1059 2454 loquutos

198 2457 249 2498 effe
266 2480 277 2495 ‚
310 2455 345 2490 δ’
369 2456 495 2488 Paulum
520 2457 552 2486 in
576 2453 600 2486 F
604 2464 634 2485 ra
658 2463 699 2486 m.
719 2463 784 2484 cum
807 2454 958 2494 deprecor
982 2456 1060 2486 dixit

200 2499 250 2540 effe
262 2508 299 2529 ex
306 2497 440 2537 formula
449 2495 623 2536 fideicommi
646 2506 664 2526 i.
712 2495 849 2527 Veterem
870 2495 1061 2536 Inter-protem

192 2541 298 2582 ‘liepius
317 2539 457 2578 vapulare
479 2538 558 2569 nullo
570 2537 647 2578 jure.
683 2537 815 2569 Εὐδιίμων
832 2535 872 2577 est
886 2538 932 2567 bic
959 2547 1060 2568 nomen

203 2582 276 2614 Viri
288 2581 447 2620 proprium.
494 2580 551 2610 Cur
565 2580 596 2609 id
613 2588 669 2609 non
688 2577 899 2617 transferamus
907 2577 1061 2609 felicem?

202 2622 314 2663 aliquid
330 2625 426 2651 tamen
444 2620 482 2650 ad
505 2617 599 2659 instar
615 2619 676 2660 ejus
689 2628 727 2650 ex
742 2618 861 2657 Zosimo.
902 2619 1040 2662 Ignorari
1051 2642 1060 2658 ‚

204 2673 290 2705 quani
307 2663 403 2692 vitam
420 2661 514 2702 egerit
532 2660 706 2699 Eaaaemon,
719 2658 754 2694 ὅ)
771 2669 821 2690 cur
833 2662 965 2699 patriani
981 2661 1062 2692 libel-

204 2706 230 2736 lo
248 2702 439 2745 adscripserit.
465 2700 585 2741 Frustra
601 2701 634 2732 de
661 2701 706 2731 his
718 2700 863 2740 profunde
882 2701 966 2742 egiſj'e
987 2701 1062 2742 Jac.

207 2745 426 2784 Gothosredum.
473 2743 610 2774 Patriam
631 2741 719 2783 vulgo
746 2742 816 2772 addi
841 2742 879 2771 ad
904 2743 1064 2773 habendam

203 2788 346 2819 rationem
361 2786 522 2818 αὐτονομίαι.
570 2783 716 2815 Incertum
737 2781 787 2823 effe
798 2804 809 2820 ,
829 2783 892 2822 quis
910 2783 957 2813 bic
966 2783 1066 2823 suerit

204 2829 385 2860 Antoninus.
431 2825 467 2857 Id
481 2834 583 2856 nomen
593 2825 662 2864 fere
680 2823 769 2855 Pium
781 2822 957 2863 praecepiffie,
982 2830 1013 2854 at
1031 2825 1066 2855 il-

206 2870 256 2900 lud
273 2874 370 2899 tamen
386 2876 443 2898 non
456 2868 571 2907 semper
592 2865 642 2906 effe
652 2865 853 2906 strvandum,
874 2866 970 2905 utique
987 2875 1066 2903 non,

201 2909 230 2950 fi
244 2908 438 2950 distinctionis
456 2909 531 2939 ratio
554 2907 653 2938 baberi
672 2911 803 2947 nequeat.
851 2905 928 2936 Eam
942 2906 988 2936 bic
1007 2916 1064 2936 ces-

198 2952 266 2992 Jare
291 2950 327 2985 &⁹
349 2959 435 2991 quam
456 2950 487 2980 ob
505 2958 565 2979 rem
577 2948 594 2979 ‘2
617 2948 677 2979 Per
696 2947 881 2978 Antoninum
899 2947 1065 2989 intelligen-

208 2993 276 3023 dum
304 2991 354 3032 effe
380 2990 519 3022 Marcum
544 2991 576 3020 in
603 2989 623 3020 1.
647 2999 678 3031 3.
701 2987 736 3020 ff.
759 2988 797 3019 de
815 2987 861 3018 his
887 2996 958 3028 quae
976 2988 1005 3020 in
1024 2996 1067 3019 te-

211 3032 300 3065 stam.
324 3032 384 3064 dcl.
408 3031 471 3063 Hic
490 3031 620 3073 intelligi
639 3030 686 3061 vel
702 3030 821 3060 eundem
838 3028 990 3060 roclinum.
1015 3029 1066 3060 Ait

209 3073 281 3103 alios
309 3073 475 3104 Antoninos
494 3072 672 3103 Maecianum
700 3072 754 3102 vix
772 3079 806 3101 ac
823 3080 859 3101 ne
879 3071 933 3101 vix
955 3071 1066 3111 quidem

204 3113 377 3154 perveniffe.
403 3113 503 3161 Quare
523 3112 594 3154 Jac.
623 3112 834 3152 Gofflofredus,
858 3111 1065 3151 Seldenumse-

209 3159 311 3191 cutus,
334 3157 446 3185 omnino
461 3155 535 3185 velit
546 3153 714 3196 significari
730 3153 818 3184 Pium
833 3152 850 3184 ‘?
875 3151 973 3196 Quam
990 3152 1066 3183 nibil

205 3193 353 3237 proficiat.
400 3196 505 3236 Causas
528 3205 584 3226 non
595 3193 781 3237 fingulares,
795 3193 850 3236 sed
865 3197 912 3227 ‘tel
931 3193 1067 3236 vulgares

1067 467 1120 507 sus
1136 467 1185 497 ille
1203 463 1359 506 existimat.

1076 426 1114 457 ad
1134 424 1322 465 Imperatores
1341 425 1452 455 aditum
1466 425 1629 467 proebmffe,
1653 433 1753 458 contra
1771 437 1856 469 quam
1870 439 1934 461 rur-
1953 459 1959 467 ,

1229 509 1233 512 -
1406 464 1454 497 De
1470 466 1560 507 causae
1579 467 1772 499 Eudaemiance
1792 470 1934 510 qualitate

1076 507 1153 538 nihil
1168 508 1248 538 nobis
1263 504 1401 546 constare.
1449 505 1548 551 Quam
1564 510 1647 542 varie
1660 509 1816 550 Principes
1830 511 1936 544 Roma—

1077 549 1109 579 ni
1126 550 1204 579 rebus
1221 549 1344 590 agendis
1353 547 1387 588 se
1404 548 1554 587 dederint,
1574 550 1621 581 vel
1633 551 1703 581 aliis
1719 560 1767 581 eas
1782 553 1938 585 demanda-

1075 591 1159 628 rint,
1181 589 1228 620 vel
1245 590 1282 620 ad
1299 589 1459 620 ordinarios
1475 589 1599 630 Judices
1612 592 1783 633 remiserint.
1878 603 1937 628 100

1554 671 1638 706 III.

1123 754 1171 787 De
1200 754 1442 795 appellationibus
1468 755 1560 789 Kvef'n
1594 756 1631 792 ὅ)
1654 759 1777 795 Βκπλέως
1801 762 1937 801 quaedam,

1081 795 1139 827 Pro
1162 798 1312 835 vwagjm·
1338 796 1471 836 quosdam
1493 797 1596 836 edere,
1618 801 1771 839 quosdam,
1796 808 1828 832 ut
1845 803 1943 834 videri

1081 837 1201 876 volunt,
1223 838 1372 869 emendare
1387 839 1507 871 νοωοένον.
1533 838 1951 882 Βθῑὶηεηιῖαῑηεθὲιωφρῃί,

1082 887 1196 917 vocem,
1218 879 1350 920 quamvis
1365 878 1502 910 latinam.
1537 881 1649 912 Graecos
1669 877 1792 921 latinis,
1816 883 1943 917 Latinos

1082 921 1183 962 graecis
1198 920 1343 952 vocabulis
1357 921 1523 961 quandoque
1542 922 1601 963 ustis
1609 921 1709 963 fuiffie.
1736 923 1836 956 Totam
1845 925 1942 966 loquu-

1085 963 1189 992 tionem
1203 963 1351 1000 „0000492'710-
1369 965 1441 989 mia·
1457 962 1553 993 videri
1573 957 1718 1002 latinam,
1742 965 1778 1000 ὅ)
1794 966 1846 1006 qui
1864 967 1943 999 Grae-

1084 1003 1112 1032 ci
1128 1004 1159 1033 id
1177 1003 1311 1044 efferant.
1335 1001 1509 1042 Interpretes
1524 1005 1562 1034 ad
1575 1014 1664 1036 unum
1673 1015 1767 1037 omnes
1783 1006 1943 1049 conspirare

1085 1044 1123 1074 ad
1138 1045 1288 1075 dele‘zdam
1300 1044 1346 1074 bic
1361 1043 1493 1075 Italiam.
1517 1044 1709 1078 Enarrantur
1724 1049 1784 1079 duce
1797 1051 1942 1090 rationes,

1083 1093 1134 1131 cur
1151 1086 1182 1117 de
1201 1096 1234 1116 ea
1255 1092 1315 1116 tam
1333 1085 1469 1129 graviter
1488 1087 1655 1118 decernant.
1706 1088 1830 1130 Utrique
1848 1100 1944 1122 occur-

1082 1130 1180 1166 ritur,
1212 1127 1267 1165 ξξῗ,
1299 1132 1331 1157 ut
1346 1126 1438 1166 salva
1455 1124 1495 1163 fit
1520 1127 1613 1159 Italia
1628 1151 1640 1166 ,
1670 1131 1754 1160 varie
1779 1131 1940 1165 laboratur.

1087 1165 1185 1213 Quare
1207 1168 1362 1199 Eudaemon
1384 1168 1410 1195 όν
1426 1169 1518 1200 wm‘rd
1538 1170 1650 1200 dixerit
1671 1171 1697 1198 όν
1717 1173 1747 1209 τῇ
1766 1173 1891 1205 umam?
1914 1183 1947 1206 eo

1081 1208 1248 1251 significari
1260 1208 1333 1255 poffe
1350 1217 1448 1246 mare,
1474 1207 1607 1248 flumen,
1641 1211 1756 1251 lacum,
1787 1215 1835 1245 vel
1847 1204 1946 1253 finum

1087 1253 1213 1291 aliquem
1230 1249 1345 1287 Italico,
1368 1248 1403 1283 ὅ)
1417 1258 1503 1289 quam
1520 1253 1668 1283 commode.
1702 1253 1771 1285 Sine
1785 1255 1846 1286 ulla
1862 1269 1944 1285 aam-

1088 1293 1173 1331 χξέαᾴ
1190 1291 1245 1321 haec
1261 1292 1351 1321 etiam
1365 1289 1439 1320 reete
1456 1291 1621 1331 explicari,
1638 1291 1666 1331 fi
1689 1293 1715 1321 π’
1732 1295 1759 1322 όν
1780 1302 1878 1328 vertas
1889 1297 1948 1337 ad,

1090 1332 1171 1380 apud
1187 1332 1358 1377 velprope.
1403 1330 1569 1370 Probatur,
1589 1332 1714 1365 Latinos
1732 1336 1777 1366 ita
1791 1337 1947 1378 aliquando

1088 1378 1149 1416 usos
1163 1373 1213 1414 effe
1221 1374 1274 1414 suo
1293 1382 1344 1419 1-n3
1369 1372 1404 1407 55⁹
1439 1374 1492 1404 uod
1513 1375 1551 1404 ad
1568 1375 1595 1402 π“
1614 1377 1640 1403 όν
1666 1375 1775 1408 Graecis
1791 1379 1949 1411 denuncia-

1090 1423 1138 1448 tur
1163 1413 1365 1456 testimonium.
1443 1415 1664 1457 uomodocunque
1689 1419 1842 1459 accipias,
1872 1421 1950 1452 nihil

1090 1457 1275 1489 metuendum
1288 1454 1338 1496 effe
1355 1465 1374 1486 a
1384 1462 1484 1496 prima
1498 1458 1611 1488 ratione
1631 1457 1847 1500 Interpretum,
1871 1463 1949 1494 modo

1091 1498 1163 1537 abfit
1187 1497 1343 1528 calumnia.
1391 1497 1464 1528 Plus
1485 1496 1665 1538 difficultatis
1690 1500 1740 1540 ff
1762 1502 1795 1533 in
1808 1502 1950 1544 secunda.

1126 1540 1177 1571 uid
1193 1540 1229 1570 ad
1244 1542 1317 1569 banc
1333 1539 1525 1570 amoliendam
1540 1539 1697 1580 Accurfius
1711 1545 1950 1585 excogitaverit?

1092 1582 1161 1623 quid
1179 1580 1352 1620 Interpretes
1370 1581 1505 1611 beatioris
1513 1580 1615 1622 saeculi
1626 1581 1642 1614 ἱ)
1668 1583 1758 1615 Nihil
1775 1586 1811 1616 ab
1828 1595 1862 1617 ea
1873 1588 1952 1628 peri-

1093 1623 1152 1654 culi
1169 1621 1240 1663 effe,
1260 1631 1323 1652 cum
1339 1621 1515 1663 nesciamus,
1536 1624 1586 1653 ubi
1604 1628 1748 1656 terrarum
1761 1626 1809 1657 vel
1828 1629 1953 1661 marium

1095 1664 1251 1696 Eudaemon
1259 1663 1357 1703 fuerit
1371 1664 1499 1703 direptus
1508 1673 1518 1700 3
1559 1665 1609 1695 uin
1625 1675 1677 1696 nec
1687 1687 1698 1704 ‚
1714 1665 1743 1704 fi
1745 1666 1875 1708 sciamus
1881 1692 1894 1709 ,
1916 1669 1954 1706 ὅ*

1095 1706 1171 1737 locus
1185 1705 1355 1745 direptionis
1370 1715 1388 1735 a
1402 1705 1459 1735 loco
1474 1714 1532 1736 nau
1549 1716 1584 1736 ra
1608 1707 1630 1736 ii
1638 1707 1737 1746 fuerit
1746 1709 1951 1752 remotifflmus.

1096 1747 1257 1787 Uirumque
1279 1746 1336 1777 late
1355 1745 1530 1786 defenditur.
1568 1748 1640 1780 Bon
1652 1747 1726 1789 poffe
1742 1749 1878 1791 definiri,
1898 1753 1952 1795 Cy-

1094 1789 1238 1829 cladenses
1262 1797 1301 1818 an
1319 1786 1360 1821 ⁷&
1382 1797 1438 1828 qua
1464 1787 1606 1827 occafione
1631 1795 1716 1821 extra
1736 1790 1874 1832 Cyclades
1880 1795 1952 1835 fue-

1093 1831 1165 1861 rim,
1212 1829 1414 1874 Anuam'aenon
1433 1829 1524 1870 fuiffe
1548 1840 1592 1861 res
1614 1831 1770 1863 immobiles
1795 1839 1846 1864 aut
1863 1837 1954 1878 gleboe

1096 1869 1266 1912 Cycladenfi
1285 1871 1489 1911 aalycrl'piitios.
1535 1871 1659 1912 Potuiffe
1683 1874 1882 1912 ἳξσχεδημοσ-ίες,
1904 1878 1954 1918 qui

1094 1914 1127 1943 in
1146 1913 1316 1956 Cycladibus
1332 1917 1435 1951 erant,
1461 1912 1533 1943 alibi
1551 1919 1693 1944 terrarum
1709 1915 1834 1955 diripere
1849 1916 1952 1950 Eudoe-

1094 1963 1204 1985 monem
1216 1959 1268 1993 per
1273 1954 1340 1993 suos
1356 1953 1540 1987 πὲπὸιμησίκς.
1565 1954 1739 1986 Publicanos
1753 1957 1842 1988 etiam
1853 1959 1951 1999 absen-

1097 2001 1137 2026 tes
1148 1995 1297 2035 publicum
1319 1994 1488 2035 exercuiffi’,
1509 1994 1613 2035 afferta
1629 2001 1729 2027 contra
1749 1994 1900 2039 Cujaciuni
1915 2001 1955 2032 le-

1098 2036 1189 2067 ctione
1213 2036 1235 2067 1.
1255 2040 1284 2069 8.
1309 2034 1337 2076 §.
1362 2045 1388 2067 1.
1408 2034 1443 2066 ff.
1463 2037 1501 2066 de
1520 2044 1620 2067 vacat.
1650 2036 1679 2067 &
1703 2038 1842 2071 excusat.
1867 2050 1954 2074 mun.

1099 2077 1146 2110 De
1165 2076 1283 2108 Zacbaeo
1300 2077 1376 2117 apud
1393 2075 1435 2107 D.
1455 2077 1570 2108 Lucam
1585 2079 1744 2110 annotatio.
1897 2091 1954 2115 101

1577 2159 1647 2192 IV.

1388 670 1508 703 CAP.

1403 2158 1528 2192 CAP.

1147 2243 1209 2291 Qui
1220 2244 1342 2278 Italiam
1359 2249 1513 2283 evertunt,
1536 2244 1606 2285 quid
1621 2243 1683 2286 ejus
1699 2246 1756 2278 loco
1764 2246 1955 2290 substituant.

1102 2287 1293 2330 Referuntur'
1310 2286 1521 2318 emendationes
1542 2286 1685 2318 Samuelis
1701 2288 1814 2329 Penii,
1841 2291 1959 2324 Claudii

1104 2327 1239 2368 Salmafii
1256 2327 1291 2364 &²
1314 2327 1479 2360 Innocentii
1504 2327 1651 2365 Cirionii,·
1673 2328 1848 2369 refelluntur
1868 2333 1959 2363 etiam

1103 2375 1164 2401 tum
1187 2371 1284 2408 nobis,
1306 2375 1386 2407 tum,
1409 2377 1476 2410 quos
1500 2368 1646 2408 diximus,
1678 2371 1758 2403 aliis.
1805 2372 1958 2412 Gothofre-

1102 2413 1132 2442 di
1152 2434 1162 2450 ‚
1197 2412 1295 2443 Grotii
1317 2410 1352 2446 ὅ)
1371 2408 1520 2450 Holstenii
1537 2409 1646 2444 'lauda
1662 2416 1715 2451 pro
1745 2413 1819 2443 mari
1845 2412 1958 2446 Icario.

1138 2463 1204 2484 uam
1224 2452 1259 2494 se
1286 2453 1459 2484 commendet
1488 2451 1543 2482 illa
1574 2448 1725 2491 restitutio.
1781 2453 1839 2485 Cur
1861 2460 1960 2486 tamen

1097 2497 1178 2538 stare
1197 2503 1254 2525 non
1271 2495 1408 2525 videatur
1421 2491 1494 2533 poffe
1507 2492 1523 2524 2
1545 2492 1667 2526 'inaeo'u
1688 2492 1738 2533 effi’
1756 2503 1857 2526 nomen
1876 2495 1958 2536 Insu-

1105 2540 1138 2569 iae
1154 2560 1163 2575 ,
1196 2545 1253 2567 non
1275 2535 1365 2566 maris
1388 2533 1491 2566 Icarii.
1536 2531 1606 2579 Qua
1629 2535 1741 2565 ratione
1758 2557 1768 2573 ‚
1795 2534 1824 2574 fi
1842 2539 1961 2577 probari

1099 2577 1202 2622 poffit‚
1223 2576 1373 2616 probanda
1388 2573 1430 2613 sit
1446 2573 1529 2605 lectio
1547 2575 1675 2607 'saneim
1724 2575 1756 2606 Si
1781 2577 1881 2609 liceret
1900 2588 1960 2610 ma-

1104 2623 1184 2652 ribus
1209 2618 1317 2649 vici-nis
1335 2618 1403 2648 dare
1422 2616 1540 2646 nomina
1557 2614 1734 2655 insularum,
1759 2619 1893 2657 urbium,
1920 2611 1974 2651 lo-⁸

1105 2670 1220 2698 corum,
1241 2659 1288 2688 vel
1303 2659 1339 2688 ab
1349 2658 1401 2689 ‘his
1418 2656 1534 2686 condere
1553 2658 1688 2689 θάλασσαι
1706 2662 1833 2692 ὁμωνύμως
1846 2681 1858 2699 ,
1876 2670 1961 2702 quam
1998 2680 2008 2683 »

1106 2703 1221 2743 largam
1245 2699 1300 2730 baec
1329 2698 1448 2729 Criticis
1464 2697 1695 2729 emendationum
1720 2703 1871 2732 materiem
1877 2700 1960 2743 suffi-

1107 2753 1167 2774 cere
1182 2741 1299 2782 poffiint.
1334 2738 1510 2784 'Reperiam
1526 2737 1604 2777 forte
1621 2740 1680 2778 iri,
1702 2743 1751 2781 qui
1774 2742 1869 2785 legere
1886 2743 1962 2774 volet

1108 2788 1134 2813 ev
1150 2797 1180 2822 τῃ
1195 2785 1306 2819 Ὶπιιιςι,
1326 2780 1374 2810 vel
1395 2781 1422 2807 όν
1437 2782 1467 2816 τῇ
1485 2783 1569 2818 ‘ronige
1585 2803 1594 2818 ‚
1620 2781 1667 2812 vel
1691 2784 1717 2810 dv
1735 2786 1765 2821 τῇ
1783 2786 1870 2812 ‘raziae
1883 2805 1895 2822 ,
1915 2785 1964 2817 vel

1108 2826 1198 2856 eiiam
1221 2821 1387 2864 Myania,
1418 2820 1466 2852 vei
1492 2820 1662 2861 mimalia,
1691 2824 1739 2860 vu
1760 2815 1886 2864 Mena',
1914 2825 1964 2858 vei

1109 2865 1204 2898 Delia
1220 2887 1230 2902 ‚
1262 2864 1309 2894 vel
1335 2862 1456 2903 denique
1481 2861 1637 2902 Manilia,
1659 2865 1707 2895 vel
1723 2864 1858 2906 Psytalia
1874 2888 1886 2905 ‚
1914 2866 1965 2899 vel

1109 2905 1238 2937 AEtolia.
1282 2903 1329 2936 De
1347 2904 1475 2934 omnibus
1493 2903 1566 2944 hisce
1580 2927 1589 2943 ,
1614 2914 1669 2946 qua
1682 2906 1853 2947 Cycladibus
1863 2909 1965 2948 proxi-

1109 2949 1182 2984 mis,
1192 2955 1248 2986 qua
1264 2947 1299 2976 ab
1315 2946 1359 2976 bis
1376 2947 1570 2976 remotioribus
1579 2968 1590 2983 ,
1598 2947 1760 2986 probabilia
1776 2948 1959 2988 adferuntur.

1111 2986 1265 3020 Nonnulla
1288 2996 1325 3017 ex
1344 2987 1389 3017 his
1411 2986 1485 3017 recle
1493 2985 1643 3027 subsistere
1653 2985 1716 3026 fine
1740 2991 1897 3021 mutatione
1913 2990 1962 3021 vel

1109 3029 1366 3068 interpretatione,
1386 3037 1445 3068 quae
1461 3027 1500 3068 fit
1517 3032 1574 3057 ,ια’
1594 3034 1740 3062 anamma.
1789 3029 1963 3070 [inportunos
1988 3039 1989 3043 ’

1109 3070 1302 3114 emendatores
1319 3069 1380 3099 alia
1399 3069 1435 3103 ὅ)
1449 3069 1511 3100 alia
1528 3069 1620 3100 adhuc
1634 3069 1684 3111 effi?
1700 3069 1872 3110 repofituros.
1919 3071 1961 3103 Et

1108 3110 1212 3152 quidsi
1234 3110 1372 3141 Maleam
1397 3110 1445 3141 vel
1469 3110 1630 3143 Maliam‘?
1660 3111 1810 3152 Distincia
1837 3113 1893 3143 boec
1909 3111 1960 3153 effe

1104 3153 1308 3192 promontoria.
1358 3150 1440 3197 ,Quid
1452 3159 1504 3191 pro
1519 3158 1634 3193 utroque
1651 3153 1683 3183 in
1698 3157 1773 3183 banc
1781 3154 1961 3194 sententiam

1109 3193 1168 3224 dici
1193 3192 1288 3233 qu'et.
1344 3193 1426 3242 Qstd
1448 3191 1477 3231 fi
1497 3192 1669 3225 AEthaliam
1686 3194 1703 3223 ¹?
1747 3192 1815 3226 Tres
1841 3204 1870 3225 re
1890 3194 1961 3264 eziri

1895 3239 1907 3264 t
1927 3243 1957 3264 α-
