2008 3436
283 91 567 142 QUAEST.
629 92 862 140 JURIS
917 94 1278 142 PRI'VATI,

32 179 167 214 ti?sunt.
211 181 354 215 Maevius
379 184 409 216 ὅ(
432 183 617 226 Sempronia
635 183 742 224 ajunt,
768 182 803 229 id⁸
828 182 901 215 Edi-

29 223 110 255 6111111
127 232 190 254 11011
209 224 368 264 pertinere
385 225 439 257 nisi
457 226 495 257 ad
515 226 665 258 Parentes
677 247 688 263 ‚
711 224 766 266 qui
784 224 899 257 liberos

29 264 101 297 suos
126 264 230 306 primo
254 265 376 305 judicio
399 267 416 308 (
427 273 472 298 rer
491 265 596 308 eei-ster
617 264 787 307 instantia)
811 266 897 312 yiee-

28 314 119 344 runt,
145 306 176 338 in
205 306 296 338 causa
318 317 403 339 vero>
419 309 641 349 appellationis
656 307 740 340 idem
757 316 897 348 utrisque

27 348 74 388 jtrs
92 346 162 379 ess'e.
210 347 253 379 Et
279 359 352 381 cum
371 349 614 383 manifestissima
632 349 691 381 sint
709 349 803 381 verba
822 349 896 381 Edi-

27 390 68 421 cti
86 412 96 428 ,
138 388 270 422 Senatus
294 400 322 431 7.
357 391 427 424 Otr.
465 394 555 432 1706.
578 391 653 432 (8)
676 391 898 430 exceptionem

25 440 90 464 non
119 430 311 471 recipienda:
336 432 556 480 appellationis
578 433 708 473 rejecit,
734 432 785 464 sed
812 433 842 464 ὃς
863 432 899 465 fi-

26 471 121 510 mul,
155 471 280 504 rescili'a
307 473 437 512 Curiae,
479 472 678 506 Delfenlium
711 473 899 506 sententiam

28 513 187 555 probavit.
232 513 284 546 De
303 525 336 546 re
356 514 419 555 ipsa
435 514 513 547 nibil
531 516 646 547 attinet
664 515 718 547 hie
738 516 853 547 dicere.

71 554 163 586 Pater
177 565 307 596 procum
325 556 398 588 lilia:
418 555 475 588 suae
490 557 571 598 apud
590 556 716 589 Curiam
734 558 832 596 vicit,
845 566 896 589 ne-

27 596 127 638 gatis,
152 606 227 637 quas
249 597 428 636 ambiebat,
452 598 594 639 nuptiis,
618 598 668 630 sed
685 607 830 631 metuens
847 608 897 640 ap-

25 637 254 680 pellationem,
280 640 429 671 Senatum
451 641 638 681 Supremum
664 640 729 672 adit
753 640 864 673 libello
884 663 894 679 ,

26 686 120 720 quem
136 680 328 712 anticiottilem
358 691 494 719 vocant,
519 682 549 713 δε
569 689 679 723 rogat,
705 692 743 713 ne
759 682 894 723 appella-

27 721 73 752 tio
90 719 297 762 susciperetur·
317 730 429 754 contra
448 723 478 754 id
498 723 663 761 Edictum,
686 733 749 756 non
767 723 894 765 quidem

26 761 156 794 Curiam
171 762 320 802 judicasse
339 764 421 796 inter
441 763 470 796 se
488 766 518 797 ἃ
531 765 627 797 filiam
645 765 748 804 suam,
773 774 806 796 at
824 774 892 805 per-

24 803 98 836 inde
114 802 199 842 esse,
224 814 328 837 utrum
345 815 460 847 procus
477 806 550 837 tiliae
571 805 631 838 suae
648 807 767 848 egerit,
793 816 830 837 an
848 807 892 846 ip-

25 844 56 877 sa
80 843 163 883 filia,
186 855 256 886 quae
282 848 370 888 proci
396 847 443 879 sui
459 855 561 889 partes
585 847 786 889 sequebatur,
811 847 832 879 si
852 848 894 879 se-

24 896 80 919 cus
109 886 213 925 dicas,
242 888 272 920 id
300 888 447 920 Editium
472 888 577 928 facili,
602 890 667 921 imo
687 890 778 921 nullo
799 898 893 929 nego-

25 928 73 960 tio
86 927 206 960 elusum
223 929 280 968 iri,
306 931 336 962 tit
355 931 385 962 in
411 930 469 962 liae
488 930 643 962 sententia
660 940 749 972 pater
766 930 895 963 consen-

25 970 159 1001 tientem
189 970 322 1002 habebat
346 973 505 1003 Senatum.
551 973 611 1004 Sed
640 982 718 1003 vcro
746 972 777 1003 id
799 972 893 1003 Edic-

23 1019 113 1049 tum,
137 1020 177 1042 ne
204 1013 425 1053 provocationi
452 1013 540 1045 locus
566 1013 623 1052 sit,
655 1012 805 1045 desiderat
823 1036 832 1051 ,
859 1019 895 1043 ut

23 1053 61 1085 ad
79 1052 243 1084 minimum
260 1054 330 1085 duae
359 1055 462 1085 tertiae
482 1061 586 1094 partes
604 1063 715 1085 eorum
727 1076 738 1092 ,
761 1063 893 1094 quorum

24 1103 61 1125 ea
75 1093 115 1124 de
134 1103 167 1124 re
183 1095 274 1125 notio
291 1094 357 1133 est,
381 1093 566 1126 sententiam
582 1095 665 1127 suam
681 1095 836 1134 dixerint,
863 1095 893 1126 &

23 1135 98 1167 huic
118 1134 280 1167 sententiae
295 1136 437 1168 dicenda:
460 1136 612 1169 duntaxat
627 1136 744 1178 septem
763 1137 894 1169 Senato-

21 1186 71 1209 res
89 1175 272 1216 adsuerant,
298 1187 371 1210 cum
396 1177 492 1210 Curia
511 1178 634 1210 constet
650 1188 692 1210 ex
710 1178 842 1210 Przelide
862 1179 892 1210 <St

22 1218 170 1250 undecim
187 1218 408 1258 Senatoribus,
424 1220 454 1251 δε
470 1229 534 1251 11011
552 1220 687 1260 impleto
704 1219 787 1251 belse
806 1220 894 1251 licita

24 1258 70 1291 est
97 1259 290 1300 appellatio,
314 1270 349 1292 ut
367 1262 397 1293 δε
422 1261 554 1292 Senatus
576 1262 618 1293 ob
640 1271 709 1294 eam
726 1271 790 1293 rem
808 1271 892 1293 man-

23 1302 132 1333 datum
156 1302 375 1342 apiellationis
400 1302 560 1334 concellit.
608 1302 700 1334 Pater
723 1312 800 1335 mox
827 1303 893 1334 adit

25 1342 161 1376 Ordines
211 1344 374 1383 ollandiae,
388 1345 417 1375 δε
435 1345 473 1375 de
488 1344 636 1376 concess'o
653 1344 808 1376 Mandato
822 1354 893 1385 que-

26 1384 110 1424 stus,
137 1393 247 1426 rogat,
273 1385 410 1417 Ordines
437 1386 699 1426 interpretatione
721 1385 772 1417 sua
788 1386 891 1417 decla-

23 1435 93 1459 rare
116 1426 258 1466 vellent,
283 1427 415 1458 omnino
439 1427 569 1467 perinde
599 1427 681 1466 eise,
704 1434 806 1459 utrum
829 1427 893 1468 ipse

24 1468 126 1510 egerit
143 1477 255 1499 contra
280 1478 413 1510 procum
433 1469 526 1506 filiae,
549 1479 587 1501 an
613 1477 725 1501 contra
746 1469 841 1508 ipsam
858 1468 892 1501 fi-

24 1510 111 1543 liam.
156 1509 292 1542 Ordines
312 1534 320 1548 ,
362 1509 442 1541 datis
473 1510 511 1541 ad
538 1511 688 1542 Senatum
713 1511 814 1543 literis
839 1520 891 1543 21.

23 1550 106 1584 Dec.
122 1560 210 1592 1707.
234 1551 366 1592 jubent,
388 1551 518 1583 Senatus
535 1552 572 1583 ad
588 1552 618 1584 se
636 1551 839 1592 rescriberet,
861 1553 892 1584 &

24 1592 153 1625 interim
185 1593 224 1624 lis
256 1591 423 1625 sisteretur.
470 1592 639 1635 Rescripsit
675 1594 808 1626 Senatus
834 1604 884 1626 22.

21 1633 106 1667 Dec.
130 1634 160 1666 &
186 1634 312 1676 prolixa
337 1633 411 1667 satis
434 1634 567 1676 epistola
590 1634 747 1675 ostendit,
771 1642 892 1676 patrem

21 1674 188 1717 obrepsisse
204 1675 395 1715 Ordinibus,
421 1686 495 1708 cum
511 1677 691 1709 mandatum
708 1677 892 1718 appellatio-

21 1718 72 1750 nis
86 1717 187 1749 suerit
212 1717 411 1757 concessum,
433 1728 497 1751 non
524 1719 609 1760 quod
632 1727 744 1751 contra
760 1721 898 1759 procum

22 1758 132 1801 egiffet
160 1766 272 1800 pater,
299 1759 350 1791 sed
380 1760 484 1801 quod,
519 1768 554 1791 ut
585 1761 687 1802 exigit
713 1760 860 1792 Edictum
878 1783 889 1800 ,

22 1800 92 1833 duae
111 1801 214 1832 tertiae
228 1809 332 1843 partes
359 1801 549 1834 Senatorum
568 1801 731 1834 sententiae
748 1802 890 1833 dicendae

21 1851 86 1874 non
102 1841 282 1875 adfuissent.
328 1842 453 1876 Deinde
472 1843 607 1876 Ordines
628 1843 809 1876 Hollandiae
828 1844 891 1883 Jus-

21 1883 152 1921 serunt‚
175 1883 214 1915 de
237 1884 293 1916 hac
321 1883 411 1916 causa
438 1884 541 1916 rursus
566 1885 792 1916 deliberaretur
810 1885 892 1917 inter

21 1924 197 1967 Delegatos
218 1925 376 1958 Ordinum
397 1927 427 1957 δε
444 1925 618 1967 Delegatos
643 1927 807 1967 utriusque
827 1926 890 1958 Cu-

21 1967 75 1998 ria:
92 1989 103 2005 ,
136 1967 220 2006 quod
248 1966 366 1999 fastum
394 1966 440 1999 est
467 1978 515 2009 23.
542 1967 631 2000 Febr.
660 1973 749 2008 1708.
777 1967 890 2000 nostris

20 2007 206 2047 Deleffatis,
228 2009 311 2041 reete
337 2009 527 2050 appellatum
553 2009 615 2041 ess'e
629 2009 888 2048 defendentibus,

20 2059 124 2091 neque
141 2050 238 2081 etiam
264 2050 556 2082 contradicentibus
578 2049 743 2092 Delegatis
764 2050 889 2089 Curiae,

21 2093 76 2132 qui
94 2090 147 2132 ipsi
164 2101 292 2132 quoque
314 2091 418 2130 saeta,
441 2101 535 2133 quam
561 2101 698 2133 vocant,
723 2093 888 2123 intimatio-

21 2143 78 2171 ne,
103 2133 304 2172 appellationi
323 2133 351 2167 se.
369 2140 432 2165 non
457 2133 678 2175 opposuerant.
703 2133 819 2166 Cuncti
836 2143 888 2165 au-

22 2182 88 2206 tern
109 2174 262 2205 Ordinum
288 2174 438 2215 Delegati
466 2175 499 2206 in
515 2175 575 2207 alia
591 2177 696 2208 omnia
714 2176 817 2212 ibant,
842 2185 888 2207 ra-

25 2216 48 2247 ti
60 2239 70 2254 ,
94 2215 179 2255 quod
197 2214 343 2247 Edit‘rum
359 2219 403 2247 ait
419 2216 458 2247 de
475 2217 593 2249 duabus
611 2218 714 2250 tertiis
729 2218 891 2259 partibus,

21 2258 182 2298 pertinere
205 2257 242 2288 ad
270 2255 350 2288 solas
376 2257 479 2289 Urbes
497 2280 508 2296 ,
542 2258 575 2290 in
595 2259 710 2300 quibus
726 2283 736 2299 ,
770 2259 891 2301 inquie-

21 2300 117 2336 bant,
141 2297 222 2338 saepe
245 2298 383 2339 imperiti
408 2298 550 2332 homines
572 2300 736 2342 iudicant,
758 2301 808 2333 sed
827 2311 892 2333 non

22 2340 180 2381 pertinere
196 2340 233 2371 ad
257 2339 407 2378 Curiam,
437 2341 535 2382 magis
560 2342 740 2383 sapientem.
787 2343 891 2389 Quam

24 2391 100 2413 vera
117 2381 153 2413 fit
169 2381 236 2413 haec
251 2383 333 2413 ratio
344 2403 354 2419 ,
377 2391 442 2413 non
468 2382 614 2424 disputo,
636 2384 742 2415 dicere
757 2394 890 2417 conten-

25 2430 95 2461 tus,
117 2422 264 2454 Edictum
278 2423 372 2454 verba
397 2422 503 2455 facere
525 2425 564 2456 de
583 2424 666 2456 besse
694 2426 836 2469 Collegiz',
861 2426 892 2458 ἃ

23 2464 171 2496 Senatum
189 2463 309 2505 semper
329 2463 538 2504 existimass'e,
568 2465 698 2498 Curiam
713 2468 806 2500 etiam
827 2468 890 2499 Col-

23 2506 98 2548 legii
114 2506 243 2538 nomine
263 2507 391 2543 venire,
418 2506 448 2538 δε
467 2506 489 2539 si
510 2507 594 2539 aliud
611 2508 783 2541 Ordinibus
800 2509 891 2543 sedis-

22 2547 87 2586 set,
111 2547 143 2579 in
162 2547 276 2579 Edicto
292 2549 392 2588 palam
412 2548 608 2589 exeepiss'ent
625 2549 764 2582 Curiam.
797 2552 890 2583 Atta-

25 2598 98 2621 men
116 2589 250 2620 Ordines
266 2589 468 2628 Hollandiae,
489 2592 531 2622 ita
547 2591 780 2632 suggerentibus
795 2592 891 2626 Dele-

26 2631 107 2672 gatis
128 2629 206 2670 suis,
232 2640 282 2670 25.
308 2630 399 2663 Febr.
429 2637 518 2673 1708.
542 2632 771 2674 decreverunt,
795 2636 893 2667 inhae-

27 2673 114 2713 causa
134 2681 174 2703 ne
195 2681 372 2712 provocare
393 2673 505 2705 liceret
537 2685 554 2706 a
576 2673 730 2708 sententia
757 2675 864 2709 Curiae
882 2676 892 2717 ,'

25 2714 121 2746 etiam
136 2714 256 2750 invita,
279 2714 363 2755 quod
379 2715 494 2747 mirum
511 2715 576 2754 est,
598 2716 661 2758 ipsa
677 2717 781 2753 Curia.
799 2718 894 2751 Falli-

26 2763 79 2787 tur
102 2754 120 2796 (
130 2754 197 2796 9),
220 2755 271 2796 qui
298 2763 407 2795 putat,
429 2757 461 2787 id
483 2756 661 2790 Decretum
687 2759 748 2791 effe
763 2769 891 2801 genera-

27 2797 77 2835 le,
100 2797 166 2828 imo
182 2805 261 2827 vero
276 2805 334 2836 pro
360 2798 529 2839 privilegio
555 2799 618 2831 effe
641 2799 815 2834 habendum
829 2802 892 2844 ipsa

26 2838 124 2869 verba
139 2837 315 2880 significant
338 2837 355 2878 <
370 2847 408 2871 10
436 2864 444 2871 .

12 2879 16 2883 ’
70 2879 185 2919 cajus,
217 2880 272 2920 qui
299 2878 383 2919 Cajae
430 2880 499 2912 dem
525 2883 718 2917 matrimonii
736 2884 864 2918 dederat
880 2911 891 2927 ,

27 2921 58 2953 ὄῑ
81 2920 452 2966 00010οΓαῐῐ1,ρ.11·011111111
481 2922 624 2956 obtinere
653 2935 718 2959 non
746 2935 891 2969 poterat,

25 2971 82 2994 eos
109 2971 206 2994 vocat
231 2962 270 2994 ad
294 2962 517 3004 Magistratum
540 2965 864 3003 Rotterdamrnensem
881 2993 893 3010 ,

76 3084 131 3120 (8)
155 3083 293 3121 Observat.
317 3083 434 3113 Tamari.
457 3084 490 3115 T.
506 3087 528 3114 1.
549 3097 576 3116 n.
594 3096 660 3117 210.

69 3124 130 3160 (9)
150 3124 214 3151 Van
230 3122 325 3152 Zutck
340 3125 368 3151 in
382 3124 448 3154 Not.
463 3126 497 3154 ad
510 3125 571 3155 Cod.
588 3126 687 3156 Βαῖτιν.
701 3128 738 3158 V.
753 3130 848 3168 Appell
874 3132 898 3169 §-

33 3169 307 3238 ⁵9⁰(i265’033fhrva5.
330 3200 447 3232 Tumult.
471 3201 505 3232 T.
522 3210 566 3232 11.
585 3212 614 3232 n.
630 3211 696 3240 349.

1332 100 1418 137 Llss.
1439 104 1483 139 11.
1513 107 1550 143 C.
1569 108 1617 145 V.
1750 123 1817 157 349

945 196 1010 228 quo
1036 186 1253 220 consentirent
1281 189 1311 221 in
1337 193 1461 232 nuptias
1481 218 1489 232 ‚
1522 205 1574 228 aut
1595 198 1688 238 justas
1705 200 1816 233 diffen-

945 228 1041 260 tiendi
1059 230 1195 262 rationes
1211 231 1391 272 allegarent.
1438 234 1584 277 Allcgant
1602 241 1738 274 rationes
1750 266 1757 278 .
1783 244 1814 274 ἃ.

942 279 992 302 cas
1022 270 1136 312 probat
1164 271 1368 314 iN'lagistratus
1396 278 1426 306 6.
1454 275 1536 317 Aug.
1566 288 1654 319 1725.
1689 282 1813 314 Deinde

942 310 1017 352 Caja
1036 334 1047 350 ,
1079 312 1142 358 line
1166 323 1227 353 qua
1254 314 1322 347 haze
1345 315 1430 357 gesta
1462 325 1571 356 erant,
1603 314 1665 353 {adit
1682 323 1810 355 Curiam

943 351 1150 392 Hollandrae,
1173 356 1203 387 ὅς
1228 356 1375 398 implorat
1401 359 1582 391 mandatum
1601 361 1630 391 in
1652 363 1699 401 jus
1716 374 1812 396 voea-

945 394 1040 426 tionis
1056 405 1170 428 contra
1192 396 1324 437 Cajum,
1350 407 1384 430 ut
1401 399 1431 431 se
1448 409 1581 432 uxorem
1604 401 1734 435 duceret
1748 428 1757 442 ‚
1784 407 1814 438 ὃς

944 444 1057 468 contra
1074 446 1238 478 parentes,
1267 448 1301 471 ut
1317 440 1370 472 lias
1385 443 1509 482 nuptias
1525 442 1592 474 fieri
1620 452 1812 483 paterentur.

944 476 1058 517 Curia,
1093 479 1208 511 auditis
1235 481 1320 521 prius
1349 484 1512 522 partibus,
1546 485 1632 525 quod
1648 485 1684 517 ad
1702 486 1814 526 Cajum

942 518 1087 551 rescribit
1106 521 1185 553 nihil
1202 531 1270 553 tvvm·
1286 523 1330 554 als
1348 533 1425 566 νιος,
1450 526 1479 557 &
1495 525 1578 567 quod
1597 526 1635 557 ad
1652 536 1812 567 parentes,

941 559 1123 601 simpliciter
1143 562 1234 595 nihil.
1282 564 1357 605 Cuia
1372 567 1410 598 ab
1427 566 1490 599 hoc
1514 565 1682 609 Rescripto
1703 568 1813 609 implo-

941 603 1194 649 rat‘Mandqatum
1218 604 1477 648 reformationis,
1512 609 1563 641 sed
1585 610 1737 648 Senatus,
1761 620 1814 641 au-

938 643 1014 675 ditis
1040 646 1145 677 rui-lus
1168 647 1332 687 partibus,
1363 658 1402 681 ex
1423 650 1544 683 meritis
1573 650 1672 683 causa:
1689 661 1756 683 eam
1784 661 1811 684 1.

938 683 1030 717 Febr.
1051 690 1142 728 1736.
1176 688 1257 729 (11)
1289 691 1408 731 repulit
1431 701 1448 722 a
1467 691 1577 724 limine
1594 693 1724 733 judicii,
1758 703 1811 725 ne-

938 735 1000 765 que
1027 730 1112 760 enim
1135 728 1230 769 Cajus
1252 752 1262 768 ,
1295 731 1545 766 diss'entientibus
1567 735 1652 766 reete
1675 735 1812 776 parenti-

940 766 997 800 bus
1017 791 1026 806 ,
1058 769 1096 800 ad
1120 771 1244 810 nuptias
1270 772 1407 805 damnari
1431 783 1586 816 poterat,
1620 777 1649 808 δε
1666 785 1812 818 parentes

940 809 1025 840 reue
1047 810 1214 843 dill'enliil'e
1233 814 1428 853 judicaverat
1458 816 1663 860 Magistratus
1680 818 1811 850 Rotter-

940 849 1122 884 dammenlis
1140 877 1150 892 ,
1185 854 1215 886 δε
1243 855 1369 895 quidem
1387 866 1428 889 ex
1446 857 1504 889 illo
1521 859 1635 891 Editio
1659 863 1748 902 1663.
1775 862 1812 901 hy

938 891 1048 933 czrrest,
1074 902 1108 925 ut
1125 895 1223 937 vulgo
1244 896 1412 938 loquimur.
1468 900 1498 931 Si
1520 901 1633 933 deinde
1651 903 1810 934 consenti-

938 943 1008 965 rent
1038 943 1200 974 parentes.
1233 946 1285 969 aut
1309 938 1396 970 forte
1423 940 1494 981 post
1515 951 1624 974 eorum
1639 941 1727 982 fata,
1751 943 1810 975 alia

939 984 988 1020 res
1003 975 1101 1014 ess'ct,
1131 978 1161 1009 ὃ(
1186 977 1270 1010 forte
1295 979 1377 1012 salva
1393 990 1505 1014 contra
1524 983 1633 1024 Cajum
1653 985 1752 1024 atrio,
1779 985 1810 1017 &

939 1016 1011 1046 ideo
1027 1017 1180 1050 duntaxat
1197 1028 1309 1061 negata
1324 1032 1393 1053 voor
1404 1024 1448 1054 als
1464 1035 1532 1066 πως.
1579 1024 1692 1067 Neque
1709 1028 1808 1059 etiam

937 1056 1086 1090 Parentes
1102 1059 1240 1092 damnari
1262 1069 1410 1104 poterant
1427 1088 1437 1103 ,
1455 1067 1528 1106 quia
1547 1066 1648 1098 filium
1666 1067 1811 1101 vicerant

936 1099 1018 1144 apud
1034 1099 1255 1145 Magistratum
1275 1102 1612 1140 Rotterdammenscm.
1659 1107 1711 1140 Ne
1726 1110 1812 1142 dicas

937 1140 990 1171 1110
1010 1141 1102 1172 aliam
1121 1142 1285 1191 personam
1300 1155 1391 1186 agere
1405 1170 1414 1186 ‚
1451 1147 1559 1189 Cajam
1576 1159 1689 1190 nempe
1701 1173 1710 1189 ‚
1735 1161 1809 1184 cum

937 1190 1028 1228 antea
1046 1191 1146 1223 egerit
1163 1184 1258 1225 CaJus
1270 1209 1278 1224 ‚
1302 1196 1374 1219 nam
1393 1189 1558 1232 utriusque
1574 1191 1664 1223 causa
1681 1201 1747 1224 erat
1766 1194 1811 1225 in-

936 1223 1064 1269 drvrdua
1081 1247 1092 1263 ,
1123 1226 1153 1258 δε
1183 1226 1228 1258 sie
1254 1237 1381 1270 quoque
1404 1230 1535 1263 Senatus
1552 1232 1674 1264 censuit
1694 1234 1724 1266 in
1743 1233 1809 1276 spe-

936 1274 1002 1312 cie,
1027 1265 1066 1296 de
1084 1276 1143 1314 qua
1161 1267 1225 1301 dixi
1238 1272 1360 1310 praecect.
1383 1272 1459 1313 vers.
1504 1272 1635 1306 Poterat
1660 1274 1736 1316 CaJa
1751 1300 1761 1316 ,
1786 1276 1809 1309 fi

936 1306 1184 1353 itaplacuisset,
1210 1320 1270 1342 una
1288 1321 1361 1344 cum
1377 1312 1456 1354 Caio
1476 1323 1590 1347 contra
1607 1326 1753 1357 parentes
1773 1328 1805 1349 e-

935 1347 1012 1389 grsse
1034 1350 1114 1389 apud
1135 1351 1445 1387 Rotterda'rnnienses
1462 1379 1472 1395 ‚
1506 1355 1556 1390 sed
1581 1367 1598 1389 a
1622 1360 1807 1398 parentibus

936 1398 1029 1436 nemo
1055 1391 1182 1433 exigat,
1214 1402 1266 1432 ut,
1291 1395 1379 1426 vitro
1398 1396 1476 1438 Cajo
1500 1399 1536 1439 by
1553 1398 1667 1440 arrest,
1692 1409 1807 1434 contra

936 1430 1044 1471 CaJam
1058 1443 1146 1465 novo
1163 1434 1284 1474 judicio
1299 1437 1440 1479 litigent.
1485 1439 1516 1471 Si
1536 1440 1620 1472 enim
1640 1441 1735 1482 Cajus
1751 1453 1805 1475 ne-

934 1481 1028 1513 queat
1054 1475 1169 1507 ducere
1196 1476 1303 1518 Cajam
1323 1501 1333 1516 ,
1364 1488 1467 1520 neque
1489 1481 1564 1522 Caja
1587 1482 1672 1515 recte
1685 1485 1808 1526 poterit

931 1514 1052 1548 nubere
1068 1516 1155 1557 Cajo.
1204 1518 1266 1552 Res
1281 1519 1326 1551 est
1347 1520 1467 1563 liquida
1490 1523 1582 1565 (12).

937 1597 943 1603 .
976 1555 1086 1600 Quum
1105 1558 1216 1591 Titius
1234 1561 1366 1594 Maeviae
1382 1564 1507 1605 nuptias
1525 1566 1731 1606 promisisset,
1747 1576 1808 1599 nec

934 1602 1081 1640 impleret
1098 1623 1107 1639 ,
1128 1601 1225 1647 *quod
1249 1610 1339 1644 pater
1360 1605 1564 1647 Sempronius
1589 1608 1628 1640 iis
1643 1609 1807 1642 reluctare-

936 1647 1008 1687 tur,
1031 1641 1155 1674 Maevia
1178 1647 1259 1689 apud
1275 1644 1425 1678 Scabinos
1451 1647 1758 1683 Rotterdammenses
1774 1660 1805 1682 e-

934 1689 982 1723 git
1009 1691 1121 1715 contra
1147 1683 1274 1717 Titium
1304 1687 1341 1719 ad
1365 1689 1509 1729 nuptias,
1535 1690 1564 1723 &
1587 1699 1700 1723 contra
1718 1692 1806 1724 Sern-

935 1725 1079 1764 pronium
1094 1725 1132 1757 ad
1148 1726 1344 1761 consensum.
1381 1729 1491 1762 Titius
1507 1731 1590 1765 filius
1604 1733 1726 1773 judicio
1741 1743 1808 1767 11011

935 1765 1040 1805 adest,
1063 1766 1115 1798 sed
1134 1775 1223 1808 pater
1251 1769 1454 1812 Sempronius
1478 1773 1587 1806 libello
1612 1775 1809 1807 contradicit

933 1816 1004 1839 voor
1017 1808 1067 1855 ‘als
1086 1818 1165 1852 nog,
1200 1820 1240 1842 eo
1269 1811 1418 1852 innuens,
1451 1813 1482 1846 se
1499 1815 1584 1856 prius
1603 1825 1620 1847 a
1637 1816 1706 1848 filio
1724 1817 1808 1858 apud

933 1848 1173 1894 Magistratum,
1197 1853 1231 1883 de
1250 1852 1339 1892 Wkt,
1363 1854 1425 1887 esse
1439 1857 1694 1890 conveniendum
1706 1867 1750 1893 ,ex
1765 1858 1807 1890 E-

934 1890 1020 1936 dicto
1040 1895 1131 1934 1663.
1156 1893 1186 1925 &
1205 1893 1372 1928 secundum
1391 1906 1509 1937 patrem
1522 1898 1647 1931 Scabini
1666 1909 1806 1940 pronun-

933 1940 1018 1970 ciant
1036 1943 1085 1971 29.
1112 1934 1189 1975 Apr.
1217 1945 1306 1978 1739.
1331 1939 1524 1981 ontseggende
1546 1941 1603 1972 den
1620 1940 1718 1983 Eysch
1735 1952 1806 1974 voor

933 1973 978 2004 als
997 1984 1051 2018 nog
1063 1999 1073 2014 ,
1098 1975 1129 2007 ἀ
1143 1976 1212 2008 filio
1230 1978 1349 2010 interea
1365 1989 1405 2012 ex
1423 1982 1647 2022 contumacia,
1668 1982 1805 2024 probata

932 2015 994 2046 fide
1021 2017 1241 2057 matrimonii,
1271 2020 1309 2052 ad
1332 2022 1456 2062 nuptias
1476 2022 1634 2056 damnato.
1681 2024 1805 2057 Maevia

932 2058 1071 2098 appellat
1096 2059 1134 2091 ad
1157 2058 1284 2093 Curiam
1309 2085 1318 2100 ‚
1356 2063 1387 2095 &
1404 2063 1473 2096 haec
1503 2074 1554 2097 21.
1582 2065 1683 2098 Mart.
1712 2075 1805 2107 1740.

932 2099 1016 2139 quod
1029 2100 1066 2131 ad
1090 2108 1231 2142 patrem,
1263 2103 1349 2137 illam
1377 2104 1716 2140 Rotterdammenfium
1734 2107 1803 2140 sen-

934 2141 1064 2172 tentiam
1081 2141 1227 2183 rescidit,
1254 2144 1284 2176 &
1306 2155 1398 2185 eum,
1433 2154 1469 2178 ut
1488 2148 1614 2189 nuptias
1633 2148 1700 2181 fieri
1718 2157 1804 2191 pate-

932 2190 1020 2214 retur
1037 2206 1046 2222 ,
1080 2183 1250 2217 damnavit.
1304 2186 1398 2219 Pater
1424 2190 1560 2230 appellat
1591 2190 1629 2221 ad
1655 2190 1806 2222 Senatum

933 2224 1139 2264 Supremum,
1165 2227 1194 2258 ὅτ
1213 2227 1276 2266 ait,
1302 2227 1333 2260 se
1352 2229 1455 2260 adhuc
1471 2238 1615 2271 paratum
1643 2230 1705 2263 effe
1723 2232 1805 2273 apud

933 2265 1500 2307 Magistratum‘Rotterdamrnensem
1526 2281 1684 2313 exponere
1710 2274 1806 2305 ratio-

933 2316 1008 2345 nes,
1031 2308 1144 2352 quibus
1159 2317 1267 2342 motus
1287 2312 1406 2352 nuptiis
1426 2313 1679 2354 contradiceret,
1699 2315 1729 2346 81
1749 2324 1806 2356 po-

934 2348 998 2380 stea
1023 2357 1162 2390 paratum
1186 2350 1218 2382 se
1240 2351 1308 2395 esse
1320 2353 1401 2394 apud
1420 2354 1569 2386 Senatum
1610 2365 1683 2386 orro
1701 2356 1804 2396 litiga-

935 2399 978 2422 re.
1025 2390 1134 2436 Quum
1160 2392 1283 2424 Maevia
1307 2395 1410 2426 nollet
1437 2395 1486 2425 uti
1510 2405 1545 2426 ea
1585 2396 1747 2435 ententia,
1769 2397 1803 2429 in

933 2431 1052 2472 iudicio
1082 2433 1303 2473 appellationis
1330 2435 1369 2466 lis
1387 2435 1562 2467 contestata
1578 2436 1642 2476 est,
1669 2438 1698 2469 <Sc
1719 2447 1805 2479 quae-

933 2473 1025 2505 situm
1037 2495 1046 2511 ‚
1069 2482 1106 2505 an
1125 2474 1247 2506 Maevia
1262 2483 1380 2516 patrem
1396 2476 1616 2518 Sempronium
1633 2478 1804 2518 106100011-

931 2513 1065 2546 veniffet
1082 2515 1164 2555 apud
1176 2516 1327 2550 Scabinos
1346 2517 1681 2552 Rotterdarnmenses?
1700 2521 1730 2553 ἀ
1749 2530 1804 2552 ve-

931 2565 1002 2587 rum
1019 2562 1106 2594 erat,
1129 2555 1151 2588 fi
1166 2566 1328 2598 perperam
1348 2559 1566 2598 convenisset,
1579 2561 1803 2602 Sempronium

935 2597 979 2628 ibi
1003 2606 1068 2629 non
1095 2599 1254 2639 excepisse
1282 2599 1322 2631 de
1339 2599 1414 2631 foro
1432 2601 1664 2643 incompetenti
1686 2627 1695 2642 ,
1719 2604 1805 2645 quod

936 2647 1039 2670 tamen
1063 2641 1234 2680 oportebat
1250 2663 1261 2679 ,
1294 2641 1367 2683 quin
1385 2665 1394 2680 ,
1417 2641 1439 2674 fi
1455 2643 1649 2685 excepisset,
1672 2646 1806 2677 Senatus

937 2689 1002 2712 uno
1022 2689 1078 2712 ore
1093 2681 1315 2722 respondebat,
1346 2685 1570 2724 exceptionem
1591 2685 1718 2717 defendi
1737 2695 1804 2718 non

936 2721 1092 2762 potuisse,
1116 2723 1188 2764 quia
1214 2723 1361 2756 Edifiturn
1387 2728 1477 2767 1663.
1503 2726 1651 2766 quicquid
1670 2727 1709 2758 de
1729 2726 1803 2758 Ma-

934 2761 1065 2804 gistratu
1082 2763 1145 2804 ait,
1169 2774 1234 2797 non
1247 2766 1341 2797 aliter
1360 2766 1421 2805 ait,
1446 2776 1538 2807 quam
1561 2766 1583 2799 fi
1599 2767 1683 2798 inter
1696 2776 1806 2808 paren-

936 2814 983 2836 tes
999 2805 1029 2837 &
1046 2805 1162 2838 liberos
1179 2816 1228 2838 res
1254 2815 1382 2848 agatur,
1405 2807 1457 2839 1110
1473 2817 1578 2839 autem
1600 2808 1702 2849 agitur
1723 2809 1806 2841 inter

935 2846 1088 2878 Maeviam
1103 2847 1250 2879 astricem
1259 2871 1269 2887 ,
1282 2849 1311 2880 o't
1323 2848 1542 2890 Sempronium
1555 2857 1654 2881 reum.
1677 2850 1804 2882 Maevia

935 2886 1062 2919 Titium
1072 2888 1173 2920 filium
1183 2889 1334 2921 convenit
1345 2890 1426 2931 apud
1435 2890 1586 2922 scabinos
1597 2913 1606 2927 ‚
1620 2900 1679 2922 nec
1692 2893 1803 2932 potuit

936 2928 1011 2960 alibi
1028 2953 1038 2968 ,
1064 2929 1094 2961 &
1113 2939 1154 2961 ex
1169 2930 1369 2962 continentia
1398 2930 1499 2962 causae
1522 2930 1566 2962 ibi
1583 2940 1707 2972 quoque
1726 2942 1803 2965 con-

930 2970 1025 3013 ‚venit
1040 2971 1262 3013 Sempronium
1287 2980 1429 3012 patrem,
1465 2981 1500 3004 ut
1518 2973 1550 3004 in
1565 2973 1712 3014 nuptias,
1737 2983 1756 3005 a
1773 2973 1804 3006 se

1753 3025 1806 3057 pe·

979 3093 1058 3130 (11)
1078 3091 1179 3121 Ibidem
1201 3092 1233 3122 T.
1248 3094 1326 3123 xm.
1347 3103 1372 3122 n.
1389 3101 1474 3131 2947.

979 3133 1057 3167 (12)
1078 3132 1224 3160 Memorat
1238 3132 1262 3161 ἃ
1278 3133 1350 3161 hanc
1363 3134 1472 3162 causam
1482 3135 1545 3163 Van
1563 3133 1762 3174 derschelling
1777 3136 1806 3165 in

941 3169 1021 3199 Notis
1035 3170 1069 3198 ad
1082 3170 1147 3199 Van
1164 3172 1243 3202 Zurk
1256 3170 1469 3205 Coa.Batav.V.
1483 3174 1580 3212 Appen
1598 3174 1624 3212 §.
1639 3181 1686 3212 59.

1076 3245 1184 3290 Xxg
