<?xml version="1.0" encoding="UTF-8"?>
<!DOCTYPE html PUBLIC "-//W3C//DTD XHTML 1.0 Transitional//EN"
    "http://www.w3.org/TR/xhtml1/DTD/xhtml1-transitional.dtd">
<html xmlns="http://www.w3.org/1999/xhtml" xml:lang="en" lang="en">
 <head>
  <title>
</title>
<meta http-equiv="Content-Type" content="text/html;charset=utf-8" />
  <meta name='ocr-system' content='tesseract 3.04.00' />
  <meta name='ocr-capabilities' content='ocr_page ocr_carea ocr_par ocr_line ocrx_word'/>
</head>
<body>
  <div class='ocr_page' id='page_1' title='image "./corneliivanbynke00bijn_0678.png"; bbox 0 0 2008 3436; ppageno 0'>
   <div class='ocr_carea' id='block_1_1' title="bbox 445 105 848 146">
    <p class='ocr_par' dir='ltr' id='par_1_1' title="bbox 445 105 848 146">
     <span class='ocr_line' id='line_1_1' title="bbox 445 105 848 146; baseline -0.007 -2"><span class='ocrx_word' id='word_1_1' title='bbox 445 105 848 146; x_wconf 83' lang='lat' dir='ltr'>CORNELII</span> 
     </span>
    </p>
   </div>
   <div class='ocr_carea' id='block_1_2' title="bbox 192 185 1058 418">
    <p class='ocr_par' dir='ltr' id='par_1_2' title="bbox 192 185 1058 418">
     <span class='ocr_line' id='line_1_2' title="bbox 195 185 1056 228; baseline -0.002 -9"><span class='ocrx_word' id='word_1_2' title='bbox 195 186 291 227; x_wconf 88' lang='lat' dir='ltr'>nisse,</span> <span class='ocrx_word' id='word_1_3' title='bbox 316 187 370 219; x_wconf 79' lang='lat' dir='ltr'>vel</span> <span class='ocrx_word' id='word_1_4' title='bbox 387 197 451 220; x_wconf 92' lang='lat' dir='ltr'>non</span> <span class='ocrx_word' id='word_1_5' title='bbox 468 187 644 226; x_wconf 87' lang='lat' dir='ltr'>advenisse,</span> <span class='ocrx_word' id='word_1_6' title='bbox 667 187 689 220; x_wconf 81' lang='lat' dir='ltr'>si</span> <span class='ocrx_word' id='word_1_7' title='bbox 713 185 844 228; x_wconf 87' lang='lat' dir='ltr'>pristino</span> <span class='ocrx_word' id='word_1_8' title='bbox 861 185 992 218; x_wconf 89' lang='lat' dir='ltr'>domino</span> <span class='ocrx_word' id='word_1_9' title='bbox 1010 186 1056 217; x_wconf 84' lang='lat' dir='ltr'>ni-</span> 
     </span>
     <span class='ocr_line' id='line_1_3' title="bbox 192 227 1058 270; baseline -0.002 -11"><span class='ocrx_word' id='word_1_10' title='bbox 192 229 238 260; x_wconf 85' lang='lat' dir='ltr'>hil</span> <span class='ocrx_word' id='word_1_11' title='bbox 258 229 423 270; x_wconf 85' lang='lat' dir='ltr'>quicquam</span> <span class='ocrx_word' id='word_1_12' title='bbox 438 229 515 270; x_wconf 87' lang='lat' dir='ltr'>juris</span> <span class='ocrx_word' id='word_1_13' title='bbox 535 228 664 270; x_wconf 82' lang='lat' dir='ltr'>superfit</span> <span class='ocrx_word' id='word_1_14' title='bbox 689 227 835 260; x_wconf 86' lang='lat' dir='ltr'>adversus</span> <span class='ocrx_word' id='word_1_15' title='bbox 859 236 1058 268; x_wconf 83' lang='lat' dir='ltr'>recuperato-</span> 
     </span>
     <span class='ocr_line' id='line_1_4' title="bbox 194 267 1055 311; baseline -0.003 -10"><span class='ocrx_word' id='word_1_16' title='bbox 194 279 282 308; x_wconf 83' lang='lat' dir='ltr'>rem,</span> <span class='ocrx_word' id='word_1_17' title='bbox 305 268 466 311; x_wconf 89' lang='lat' dir='ltr'>postquam</span> <span class='ocrx_word' id='word_1_18' title='bbox 489 271 578 302; x_wconf 85' lang='lat' dir='ltr'>navis</span> <span class='ocrx_word' id='word_1_19' title='bbox 601 271 633 301; x_wconf 90' lang='lat' dir='ltr'>in</span> <span class='ocrx_word' id='word_1_20' title='bbox 647 278 776 311; x_wconf 91' lang='lat' dir='ltr'>portum</span> <span class='ocrx_word' id='word_1_21' title='bbox 796 267 942 301; x_wconf 90' lang='lat' dir='ltr'>hostilem</span> <span class='ocrx_word' id='word_1_22' title='bbox 960 267 1055 299; x_wconf 89' lang='lat' dir='ltr'>dedu-</span> 
     </span>
     <span class='ocr_line' id='line_1_5' title="bbox 194 309 1055 353; baseline -0.002 -12"><span class='ocrx_word' id='word_1_23' title='bbox 194 310 242 342; x_wconf 65' lang='lat' dir='ltr'>fta</span> <span class='ocrx_word' id='word_1_24' title='bbox 265 312 295 342; x_wconf 68' lang='grc' dir='ltr'>ὅ(</span> <span class='ocrx_word' id='word_1_25' title='bbox 316 311 358 343; x_wconf 90' lang='lat' dir='ltr'>ibi</span> <span class='ocrx_word' id='word_1_26' title='bbox 375 311 535 353; x_wconf 88' lang='lat' dir='ltr'>publicata</span> <span class='ocrx_word' id='word_1_27' title='bbox 555 310 626 343; x_wconf 74' lang='lat' dir='ltr'>est?</span> <span class='ocrx_word' id='word_1_28' title='bbox 650 311 760 350; x_wconf 91' lang='lat' dir='ltr'>utique</span> <span class='ocrx_word' id='word_1_29' title='bbox 786 310 865 341; x_wconf 92' lang='lat' dir='ltr'>nihil</span> <span class='ocrx_word' id='word_1_30' title='bbox 888 317 963 341; x_wconf 90' lang='lat' dir='ltr'>tunc</span> <span class='ocrx_word' id='word_1_31' title='bbox 977 309 1055 348; x_wconf 88' lang='lat' dir='ltr'>juris</span> 
     </span>
     <span class='ocr_line' id='line_1_6' title="bbox 194 350 1055 418; baseline -0.001 -35"><span class='ocrx_word' id='word_1_32' title='bbox 194 350 346 392; x_wconf 76' lang='lat' dir='ltr'>superesse</span> <span class='ocrx_word' id='word_1_33' title='bbox 373 351 438 394; x_wconf 91' lang='lat' dir='ltr'>ipse</span> <span class='ocrx_word' id='word_1_34' title='bbox 459 360 565 394; x_wconf 84' lang='lat' dir='ltr'>putem</span> <span class='ocrx_word' id='word_1_35' title='bbox 583 375 611 418; x_wconf 67' lang='lat'>,·</span> <span class='ocrx_word' id='word_1_36' title='bbox 626 351 656 383; x_wconf 71' lang='grc' dir='ltr'>δε</span> <span class='ocrx_word' id='word_1_37' title='bbox 680 357 792 392; x_wconf 87' lang='lat' dir='ltr'>putant</span> <span class='ocrx_word' id='word_1_38' title='bbox 813 350 868 383; x_wconf 89' lang='lat' dir='ltr'>alii</span> <span class='ocrx_word' id='word_1_39' title='bbox 894 351 994 392; x_wconf 83' lang='lat'>(17),</span> <span class='ocrx_word' id='word_1_40' title='bbox 1024 350 1055 382; x_wconf 69' lang='grc' dir='ltr'>ἃ</span> 
     </span>
    </p>
   </div>
   <div class='ocr_carea' id='block_1_3' title="bbox 193 113 1027 145">
    <p class='ocr_par' dir='ltr' id='par_1_3' title="bbox 193 113 1027 145">
     <span class='ocr_line' id='line_1_7' title="bbox 193 113 1027 145; baseline -0.002 -1"><span class='ocrx_word' id='word_1_41' title='bbox 193 114 264 145; x_wconf 70' lang='lat'>206</span> <span class='ocrx_word' id='word_1_42' title='bbox 917 113 1027 142; x_wconf 74' lang='grc' dir='ltr'>νΔΝ</span> 
     </span>
    </p>
   </div>
   <div class='ocr_carea' id='block_1_4' title="bbox 824 452 1182 496">
    <p class='ocr_par' dir='ltr' id='par_1_4' title="bbox 824 452 1182 496">
     <span class='ocr_line' id='line_1_8' title="bbox 824 452 1182 496; baseline -0.006 0"><span class='ocrx_word' id='word_1_43' title='bbox 824 452 1182 496; x_wconf 84' lang='lat' dir='ltr'><strong>CAPUT</strong></span> 
     </span>
    </p>
   </div>
   <div class='ocr_carea' id='block_1_5' title="bbox 1099 76 1722 145">
    <p class='ocr_par' dir='ltr' id='par_1_5' title="bbox 1099 76 1722 145">
     <span class='ocr_line' id='line_1_9' title="bbox 1099 76 1722 145; baseline 0.008 -5"><span class='ocrx_word' id='word_1_44' title='bbox 1099 76 1722 145; x_wconf 68' lang='lat' dir='ltr'>BYNKERSHOEK⁴</span> 
     </span>
    </p>
   </div>
   <div class='ocr_carea' id='block_1_6' title="bbox 1098 185 1957 354">
    <p class='ocr_par' dir='ltr' id='par_1_6' title="bbox 1098 185 1957 354">
     <span class='ocr_line' id='line_1_10' title="bbox 1099 185 1957 235; baseline 0.012 -20"><span class='ocrx_word' id='word_1_45' title='bbox 1099 193 1255 226; x_wconf 87' lang='lat' dir='ltr'>perpetuo</span> <span class='ocrx_word' id='word_1_46' title='bbox 1279 185 1335 217; x_wconf 84' lang='lat' dir='ltr'>usu</span> <span class='ocrx_word' id='word_1_47' title='bbox 1367 185 1551 219; x_wconf 86' lang='lat' dir='ltr'>observatur</span> <span class='ocrx_word' id='word_1_48' title='bbox 1579 189 1659 230; x_wconf 90' lang='lat' dir='ltr'>apud</span> <span class='ocrx_word' id='word_1_49' title='bbox 1686 199 1793 222; x_wconf 80' lang='lat' dir='ltr'>omnes</span> <span class='ocrx_word' id='word_1_50' title='bbox 1813 197 1957 235; x_wconf 70' lang='lat' dir='ltr'>perteque</span> 
     </span>
     <span class='ocr_line' id='line_1_11' title="bbox 1100 225 1956 270; baseline 0.012 -13"><span class='ocrx_word' id='word_1_51' title='bbox 1100 225 1230 258; x_wconf 84' lang='lat' dir='ltr'><strong>Gentes.</strong></span> <span class='ocrx_word' id='word_1_52' title='bbox 1276 228 1355 259; x_wconf 88' lang='lat' dir='ltr'>Sunt</span> <span class='ocrx_word' id='word_1_53' title='bbox 1383 228 1450 259; x_wconf 83' lang='lat' dir='ltr'>haec</span> <span class='ocrx_word' id='word_1_54' title='bbox 1470 229 1642 268; x_wconf 80' lang='lat' dir='ltr'>ejusmodi,</span> <span class='ocrx_word' id='word_1_55' title='bbox 1664 241 1733 270; x_wconf 77' lang='lat' dir='ltr'>quae</span> <span class='ocrx_word' id='word_1_56' title='bbox 1755 241 1813 264; x_wconf 83' lang='lat' dir='ltr'>nec</span> <span class='ocrx_word' id='word_1_57' title='bbox 1832 243 1902 265; x_wconf 90' lang='lat' dir='ltr'>cum</span> <span class='ocrx_word' id='word_1_58' title='bbox 1924 237 1956 268; x_wconf 90' lang='lat' dir='ltr'>d.-</span> 
     </span>
     <span class='ocr_line' id='line_1_12' title="bbox 1099 265 1955 315; baseline 0.012 -17"><span class='ocrx_word' id='word_1_59' title='bbox 1099 265 1241 299; x_wconf 89' lang='lat' dir='ltr'>Decreto</span> <span class='ocrx_word' id='word_1_60' title='bbox 1268 278 1315 309; x_wconf 78' lang='lat'>27.</span> <span class='ocrx_word' id='word_1_61' title='bbox 1343 267 1427 300; x_wconf 84' lang='grc' dir='ltr'>Νον.</span> <span class='ocrx_word' id='word_1_62' title='bbox 1453 273 1544 301; x_wconf 87' lang='lat'>1666.</span> <span class='ocrx_word' id='word_1_63' title='bbox 1567 280 1625 302; x_wconf 93' lang='lat' dir='ltr'>nec</span> <span class='ocrx_word' id='word_1_64' title='bbox 1645 281 1717 303; x_wconf 87' lang='lat' dir='ltr'>curn</span> <span class='ocrx_word' id='word_1_65' title='bbox 1733 275 1876 315; x_wconf 77' lang='lat' dir='ltr'>ratione,</span> <span class='ocrx_word' id='word_1_66' title='bbox 1897 285 1955 308; x_wconf 86' lang='lat' dir='ltr'>nec</span> 
     </span>
     <span class='ocr_line' id='line_1_13' title="bbox 1098 308 1752 354; baseline 0.009 -15"><span class='ocrx_word' id='word_1_67' title='bbox 1098 317 1171 340; x_wconf 88' lang='lat' dir='ltr'>cum</span> <span class='ocrx_word' id='word_1_68' title='bbox 1186 308 1433 351; x_wconf 77' lang='lat' dir='ltr'>jurisprudentia</span> <span class='ocrx_word' id='word_1_69' title='bbox 1451 313 1600 352; x_wconf 88' lang='lat' dir='ltr'>componi</span> <span class='ocrx_word' id='word_1_70' title='bbox 1617 312 1752 354; x_wconf 73' lang='lat' dir='ltr'>poss&#39;unt.</span> 
     </span>
    </p>
   </div>
   <div class='ocr_carea' id='block_1_7' title="bbox 1283 452 1334 497">
    <p class='ocr_par' dir='ltr' id='par_1_7' title="bbox 1283 452 1334 497">
     <span class='ocr_line' id='line_1_14' title="bbox 1283 452 1334 497; baseline -0.02 0"><span class='ocrx_word' id='word_1_71' title='bbox 1283 452 1334 497; x_wconf 80' lang='lat' dir='ltr'>V&#39;.</span> 
     </span>
    </p>
   </div>
   <div class='ocr_carea' id='block_1_8' title="bbox 393 544 1770 596">
    <p class='ocr_par' dir='ltr' id='par_1_8' title="bbox 393 544 1770 596">
     <span class='ocr_line' id='line_1_15' title="bbox 393 544 1770 596; baseline 0.004 -12"><span class='ocrx_word' id='word_1_72' title='bbox 393 546 462 584; x_wconf 76' lang='lat' dir='ltr'>Res</span> <span class='ocrx_word' id='word_1_73' title='bbox 487 548 637 592; x_wconf 82' lang='lat' dir='ltr'><em>mobiles,</em></span> <span class='ocrx_word' id='word_1_74' title='bbox 663 545 704 588; x_wconf 79' lang='grc' dir='ltr'>Ε5”</span> <span class='ocrx_word' id='word_1_75' title='bbox 726 547 903 595; x_wconf 76' lang='lat' dir='ltr'>prcefirtim</span> <span class='ocrx_word' id='word_1_76' title='bbox 930 559 1049 590; x_wconf 81' lang='lat' dir='ltr'>naves,</span> <span class='ocrx_word' id='word_1_77' title='bbox 1076 558 1119 582; x_wconf 86' lang='lat' dir='ltr'>an</span> <span class='ocrx_word' id='word_1_78' title='bbox 1144 544 1186 586; x_wconf 60' lang='lat' dir='ltr'>fi?</span> <span class='ocrx_word' id='word_1_79' title='bbox 1211 558 1362 594; x_wconf 83' lang='lat' dir='ltr'><em>quousque</em></span> <span class='ocrx_word' id='word_1_80' title='bbox 1388 554 1602 596; x_wconf 82' lang='lat' dir='ltr'><em>recuperatori</em></span> <span class='ocrx_word' id='word_1_81' title='bbox 1628 553 1770 589; x_wconf 75' lang='lat' dir='ltr'>cedant?</span> 
     </span>
    </p>
   </div>
   <div class='ocr_carea' id='block_1_9' title="bbox 190 646 1069 3030">
    <p class='ocr_par' dir='ltr' id='par_1_9' title="bbox 190 646 1064 1758">
     <span class='ocr_line' id='line_1_16' title="bbox 291 646 1056 688; baseline 0.004 -12"><span class='ocrx_word' id='word_1_82' title='bbox 291 654 340 676; x_wconf 82' lang='lat' dir='ltr'>uae</span> <span class='ocrx_word' id='word_1_83' title='bbox 367 646 457 686; x_wconf 83' lang='lat' dir='ltr'>attigi</span> <span class='ocrx_word' id='word_1_84' title='bbox 493 648 531 677; x_wconf 83' lang='lat' dir='ltr'>ad</span> <span class='ocrx_word' id='word_1_85' title='bbox 549 646 643 687; x_wconf 83' lang='lat' dir='ltr'>finem</span> <span class='ocrx_word' id='word_1_86' title='bbox 662 647 791 686; x_wconf 84' lang='lat' dir='ltr'><em>proximi</em></span> <span class='ocrx_word' id='word_1_87' title='bbox 821 647 952 687; x_wconf 76' lang='lat' dir='ltr'><em>Capitis,</em></span> <span class='ocrx_word' id='word_1_88' title='bbox 986 656 1056 688; x_wconf 87' lang='lat' dir='ltr'>pro-</span> 
     </span>
     <span class='ocr_line' id='line_1_17' title="bbox 312 685 1059 734; baseline 0.007 -18"><span class='ocrx_word' id='word_1_89' title='bbox 312 686 406 732; x_wconf 85' lang='lat' dir='ltr'>lixius</span> <span class='ocrx_word' id='word_1_90' title='bbox 417 685 599 727; x_wconf 89' lang='lat' dir='ltr'>disputanda</span> <span class='ocrx_word' id='word_1_91' title='bbox 618 688 648 720; x_wconf 89' lang='lat'>&amp;</span> <span class='ocrx_word' id='word_1_92' title='bbox 662 688 850 719; x_wconf 84' lang='lat' dir='ltr'>excutienda</span> <span class='ocrx_word' id='word_1_93' title='bbox 863 687 879 719; x_wconf 92' lang='lat' dir='ltr'>s</span> <span class='ocrx_word' id='word_1_94' title='bbox 877 696 941 719; x_wconf 89' lang='lat' dir='ltr'>unt.</span> <span class='ocrx_word' id='word_1_95' title='bbox 954 688 1059 734; x_wconf 89' lang='lat' dir='ltr'>Quam</span> 
     </span>
     <span class='ocr_line' id='line_1_18' title="bbox 314 727 1055 767; baseline 0.004 -10"><span class='ocrx_word' id='word_1_96' title='bbox 314 736 345 758; x_wconf 85' lang='lat' dir='ltr'>in</span> <span class='ocrx_word' id='word_1_97' title='bbox 370 736 435 758; x_wconf 87' lang='lat' dir='ltr'>rem</span> <span class='ocrx_word' id='word_1_98' title='bbox 460 727 686 760; x_wconf 86' lang='lat' dir='ltr'>observandum</span> <span class='ocrx_word' id='word_1_99' title='bbox 709 727 774 766; x_wconf 88' lang='lat' dir='ltr'>est,</span> <span class='ocrx_word' id='word_1_100' title='bbox 800 737 834 760; x_wconf 92' lang='lat' dir='ltr'>ut</span> <span class='ocrx_word' id='word_1_101' title='bbox 863 729 1055 767; x_wconf 84' lang='lat' dir='ltr'>immobilia,</span> 
     </span>
     <span class='ocr_line' id='line_1_19' title="bbox 193 769 1057 811; baseline 0.001 -11"><span class='ocrx_word' id='word_1_102' title='bbox 193 769 444 810; x_wconf 81' lang='lat' dir='ltr'>quandocunque</span> <span class='ocrx_word' id='word_1_103' title='bbox 470 778 671 811; x_wconf 83' lang='lat' dir='ltr'>recuperata,</span> <span class='ocrx_word' id='word_1_104' title='bbox 707 769 902 811; x_wconf 87' lang='lat' dir='ltr'>postliminio</span> <span class='ocrx_word' id='word_1_105' title='bbox 927 771 1057 802; x_wconf 87' lang='lat' dir='ltr'>redeunt</span> 
     </span>
     <span class='ocr_line' id='line_1_20' title="bbox 195 809 1055 852; baseline 0.001 -11"><span class='ocrx_word' id='word_1_106' title='bbox 195 810 233 841; x_wconf 88' lang='lat' dir='ltr'>ad</span> <span class='ocrx_word' id='word_1_107' title='bbox 253 810 374 851; x_wconf 85' lang='lat' dir='ltr'>priores</span> <span class='ocrx_word' id='word_1_108' title='bbox 390 809 554 850; x_wconf 85' lang='lat' dir='ltr'>dominos,</span> <span class='ocrx_word' id='word_1_109' title='bbox 580 811 620 843; x_wconf 86' lang='lat' dir='ltr'>fic</span> <span class='ocrx_word' id='word_1_110' title='bbox 641 811 790 849; x_wconf 85' lang='lat' dir='ltr'>mobilia,</span> <span class='ocrx_word' id='word_1_111' title='bbox 811 811 850 842; x_wconf 88' lang='lat' dir='ltr'>de</span> <span class='ocrx_word' id='word_1_112' title='bbox 873 812 985 852; x_wconf 88' lang='lat' dir='ltr'>quibus</span> <span class='ocrx_word' id='word_1_113' title='bbox 1003 812 1055 842; x_wconf 88' lang='lat' dir='ltr'>hic</span> 
     </span>
     <span class='ocr_line' id='line_1_21' title="bbox 194 851 1055 893; baseline 0.002 -11"><span class='ocrx_word' id='word_1_114' title='bbox 194 851 335 892; x_wconf 81' lang='lat' dir='ltr'>agimus,</span> <span class='ocrx_word' id='word_1_115' title='bbox 356 860 419 882; x_wconf 91' lang='lat' dir='ltr'>non</span> <span class='ocrx_word' id='word_1_116' title='bbox 445 852 562 891; x_wconf 85' lang='lat' dir='ltr'>redire,</span> <span class='ocrx_word' id='word_1_117' title='bbox 598 852 628 884; x_wconf 69' lang='grc' dir='ltr'><strong>ἃ</strong></span> <span class='ocrx_word' id='word_1_118' title='bbox 655 852 716 884; x_wconf 90' lang='lat' dir='ltr'>hoc</span> <span class='ocrx_word' id='word_1_119' title='bbox 741 852 806 891; x_wconf 84' lang='lat' dir='ltr'>est,</span> <span class='ocrx_word' id='word_1_120' title='bbox 838 852 922 893; x_wconf 87' lang='lat' dir='ltr'>quod</span> <span class='ocrx_word' id='word_1_121' title='bbox 951 852 1055 884; x_wconf 85' lang='lat' dir='ltr'>Labeo</span> 
     </span>
     <span class='ocr_line' id='line_1_22' title="bbox 196 891 1057 935; baseline 0.001 -11"><span class='ocrx_word' id='word_1_122' title='bbox 196 894 242 924; x_wconf 82' lang='lat' dir='ltr'>ait</span> <span class='ocrx_word' id='word_1_123' title='bbox 258 893 289 924; x_wconf 91' lang='lat' dir='ltr'>in</span> <span class='ocrx_word' id='word_1_124' title='bbox 307 892 326 922; x_wconf 76' lang='lat' dir='ltr'>l.</span> <span class='ocrx_word' id='word_1_125' title='bbox 342 891 437 933; x_wconf 88' lang='lat' dir='ltr'>28.ff.</span> <span class='ocrx_word' id='word_1_126' title='bbox 456 893 489 923; x_wconf 83' lang='lat' dir='ltr'>de</span> <span class='ocrx_word' id='word_1_127' title='bbox 509 893 591 933; x_wconf 67' lang='lat' dir='ltr'>Capit.</span> <span class='ocrx_word' id='word_1_128' title='bbox 612 892 648 928; x_wconf 65' lang='lat'>&amp;⁹</span> <span class='ocrx_word' id='word_1_129' title='bbox 660 892 788 934; x_wconf 78' lang='lat' dir='ltr'>postlim.</span> <span class='ocrx_word' id='word_1_130' title='bbox 807 893 913 934; x_wconf 86' lang='lat' dir='ltr'>revers.</span> <span class='ocrx_word' id='word_1_131' title='bbox 939 894 972 925; x_wconf 75' lang='grc' dir='ltr'>δι’</span> <span class='ocrx_word' id='word_1_132' title='bbox 989 895 1057 935; x_wconf 82' lang='lat' dir='ltr'>quid</span> 
     </span>
     <span class='ocr_line' id='line_1_23' title="bbox 196 932 1055 976; baseline 0.002 -12"><span class='ocrx_word' id='word_1_133' title='bbox 196 933 268 964; x_wconf 79' lang='lat' dir='ltr'>hello</span> <span class='ocrx_word' id='word_1_134' title='bbox 285 939 400 973; x_wconf 78' lang='lat' dir='ltr'>captum</span> <span class='ocrx_word' id='word_1_135' title='bbox 420 932 478 974; x_wconf 83' lang='lat' dir='ltr'>est,</span> <span class='ocrx_word' id='word_1_136' title='bbox 502 935 534 965; x_wconf 81' lang='lat' dir='ltr'>in</span> <span class='ocrx_word' id='word_1_137' title='bbox 547 936 646 974; x_wconf 70' lang='lat' dir='ltr'>praeda</span> <span class='ocrx_word' id='word_1_138' title='bbox 664 935 722 976; x_wconf 78' lang='lat' dir='ltr'>est,</span> <span class='ocrx_word' id='word_1_139' title='bbox 744 945 802 966; x_wconf 80' lang='lat' dir='ltr'>non</span> <span class='ocrx_word' id='word_1_140' title='bbox 815 932 995 976; x_wconf 70' lang='lat' dir='ltr'>postliminio</span> <span class='ocrx_word' id='word_1_141' title='bbox 1011 945 1055 966; x_wconf 85' lang='lat' dir='ltr'>re-</span> 
     </span>
     <span class='ocr_line' id='line_1_24' title="bbox 193 974 1055 1016; baseline 0.001 -10"><span class='ocrx_word' id='word_1_142' title='bbox 193 976 249 1006; x_wconf 72' lang='lat' dir='ltr'>dit.</span> <span class='ocrx_word' id='word_1_143' title='bbox 292 974 328 1006; x_wconf 89' lang='lat' dir='ltr'>In</span> <span class='ocrx_word' id='word_1_144' title='bbox 351 976 484 1007; x_wconf 84' lang='lat' dir='ltr'>navibus</span> <span class='ocrx_word' id='word_1_145' title='bbox 506 983 608 1007; x_wconf 90' lang='lat' dir='ltr'>tamen</span> <span class='ocrx_word' id='word_1_146' title='bbox 621 999 632 1014; x_wconf 94' lang='lat'>,</span> <span class='ocrx_word' id='word_1_147' title='bbox 656 976 799 1016; x_wconf 87' lang='lat' dir='ltr'>quamvis</span> <span class='ocrx_word' id='word_1_148' title='bbox 817 986 861 1008; x_wconf 85' lang='lat' dir='ltr'>eae</span> <span class='ocrx_word' id='word_1_149' title='bbox 881 976 972 1007; x_wconf 89' lang='lat' dir='ltr'>rebus</span> <span class='ocrx_word' id='word_1_150' title='bbox 991 985 1055 1007; x_wconf 90' lang='lat' dir='ltr'>mo-</span> 
     </span>
     <span class='ocr_line' id='line_1_25' title="bbox 193 1014 1054 1059; baseline 0 -11"><span class='ocrx_word' id='word_1_151' title='bbox 193 1016 312 1048; x_wconf 85' lang='lat' dir='ltr'>bilibus</span> <span class='ocrx_word' id='word_1_152' title='bbox 333 1014 574 1054; x_wconf 75' lang='lat' dir='ltr'>accenseantur,</span> <span class='ocrx_word' id='word_1_153' title='bbox 596 1015 760 1059; x_wconf 88' lang='lat' dir='ltr'>distinguit</span> <span class='ocrx_word' id='word_1_154' title='bbox 776 1018 797 1049; x_wconf 86' lang='lat' dir='ltr'>l.</span> <span class='ocrx_word' id='word_1_155' title='bbox 817 1027 847 1049; x_wconf 87' lang='lat'>2.</span> <span class='ocrx_word' id='word_1_156' title='bbox 867 1023 914 1057; x_wconf 86' lang='lat' dir='ltr'>pr.</span> <span class='ocrx_word' id='word_1_157' title='bbox 926 1016 967 1058; x_wconf 91' lang='lat' dir='ltr'>ff.</span> <span class='ocrx_word' id='word_1_158' title='bbox 983 1017 1054 1049; x_wconf 87' lang='lat' dir='ltr'>Eod.</span> 
     </span>
     <span class='ocr_line' id='line_1_26' title="bbox 191 1057 1055 1099; baseline 0.001 -10"><span class='ocrx_word' id='word_1_159' title='bbox 191 1066 231 1089; x_wconf 85' lang='lat' dir='ltr'>ut</span> <span class='ocrx_word' id='word_1_160' title='bbox 248 1066 360 1098; x_wconf 84' lang='lat' dir='ltr'><em>nempe</em></span> <span class='ocrx_word' id='word_1_161' title='bbox 379 1057 434 1096; x_wconf 90' lang='lat' dir='ltr'>iis,</span> <span class='ocrx_word' id='word_1_162' title='bbox 459 1067 527 1098; x_wconf 85' lang='lat' dir='ltr'>quae</span> <span class='ocrx_word' id='word_1_163' title='bbox 548 1058 578 1089; x_wconf 90' lang='lat' dir='ltr'>in</span> <span class='ocrx_word' id='word_1_164' title='bbox 592 1057 677 1090; x_wconf 91' lang='lat' dir='ltr'>bello</span> <span class='ocrx_word' id='word_1_165' title='bbox 692 1057 780 1090; x_wconf 90' lang='lat' dir='ltr'>usum</span> <span class='ocrx_word' id='word_1_166' title='bbox 796 1058 941 1098; x_wconf 81' lang='lat' dir='ltr'>praestant</span> <span class='ocrx_word' id='word_1_167' title='bbox 951 1080 962 1096; x_wconf 83' lang='lat'>,</span> <span class='ocrx_word' id='word_1_168' title='bbox 973 1057 1055 1099; x_wconf 86' lang='lat' dir='ltr'>post-</span> 
     </span>
     <span class='ocr_line' id='line_1_27' title="bbox 192 1097 1061 1139; baseline -0.001 -8"><span class='ocrx_word' id='word_1_169' title='bbox 192 1099 352 1132; x_wconf 83' lang='lat' dir='ltr'>liminium</span> <span class='ocrx_word' id='word_1_170' title='bbox 373 1097 432 1136; x_wconf 84' lang='lat' dir='ltr'>fit‚</span> <span class='ocrx_word' id='word_1_171' title='bbox 456 1098 585 1139; x_wconf 87' lang='lat' dir='ltr'>reliquis</span> <span class='ocrx_word' id='word_1_172' title='bbox 607 1108 670 1131; x_wconf 90' lang='lat' dir='ltr'>non</span> <span class='ocrx_word' id='word_1_173' title='bbox 695 1099 750 1138; x_wconf 86' lang='lat' dir='ltr'>fit,</span> <span class='ocrx_word' id='word_1_174' title='bbox 776 1099 827 1131; x_wconf 79' lang='lat' dir='ltr'>led</span> <span class='ocrx_word' id='word_1_175' title='bbox 843 1099 921 1131; x_wconf 89' lang='lat' dir='ltr'>hanc</span> <span class='ocrx_word' id='word_1_176' title='bbox 939 1100 968 1130; x_wconf 86' lang='lat'>&amp;</span> <span class='ocrx_word' id='word_1_177' title='bbox 988 1099 1061 1131; x_wconf 88' lang='lat' dir='ltr'>alias</span> 
     </span>
     <span class='ocr_line' id='line_1_28' title="bbox 194 1139 1061 1181; baseline 0 -10"><span class='ocrx_word' id='word_1_178' title='bbox 194 1140 276 1181; x_wconf 80' lang='lat' dir='ltr'>Juris</span> <span class='ocrx_word' id='word_1_179' title='bbox 296 1140 428 1171; x_wconf 88' lang='lat' dir='ltr'>Romani</span> <span class='ocrx_word' id='word_1_180' title='bbox 455 1139 539 1171; x_wconf 91' lang='lat' dir='ltr'>inter</span> <span class='ocrx_word' id='word_1_181' title='bbox 560 1149 607 1171; x_wconf 86' lang='lat' dir='ltr'>res</span> <span class='ocrx_word' id='word_1_182' title='bbox 634 1140 766 1172; x_wconf 85' lang='lat' dir='ltr'>mobiles</span> <span class='ocrx_word' id='word_1_183' title='bbox 785 1139 978 1173; x_wconf 86' lang='lat' dir='ltr'>differentias</span> <span class='ocrx_word' id='word_1_184' title='bbox 998 1149 1061 1172; x_wconf 88' lang='lat' dir='ltr'>mo-</span> 
     </span>
     <span class='ocr_line' id='line_1_29' title="bbox 193 1179 1061 1220; baseline -0.001 -7"><span class='ocrx_word' id='word_1_185' title='bbox 193 1181 281 1214; x_wconf 83' lang='lat' dir='ltr'>ribus</span> <span class='ocrx_word' id='word_1_186' title='bbox 304 1179 455 1212; x_wconf 85' lang='lat' dir='ltr'>Gentium</span> <span class='ocrx_word' id='word_1_187' title='bbox 477 1179 685 1220; x_wconf 88' lang='lat' dir='ltr'>obsolevisse,</span> <span class='ocrx_word' id='word_1_188' title='bbox 708 1181 792 1213; x_wconf 64' lang='lat' dir='ltr'>refte</span> <span class='ocrx_word' id='word_1_189' title='bbox 816 1181 963 1213; x_wconf 86' lang='lat' dir='ltr'>observat</span> <span class='ocrx_word' id='word_1_190' title='bbox 980 1179 1061 1212; x_wconf 91' lang='lat' dir='ltr'>Gro-</span> 
     </span>
     <span class='ocr_line' id='line_1_30' title="bbox 194 1221 1062 1264; baseline -0.002 -9"><span class='ocrx_word' id='word_1_191' title='bbox 194 1223 260 1255; x_wconf 88' lang='lat' dir='ltr'>tius</span> <span class='ocrx_word' id='word_1_192' title='bbox 277 1224 309 1253; x_wconf 82' lang='lat' dir='ltr'>de</span> <span class='ocrx_word' id='word_1_193' title='bbox 328 1221 405 1263; x_wconf 84' lang='lat' dir='ltr'>Jure</span> <span class='ocrx_word' id='word_1_194' title='bbox 423 1222 457 1254; x_wconf 90' lang='lat' dir='ltr'>B.</span> <span class='ocrx_word' id='word_1_195' title='bbox 480 1221 516 1256; x_wconf 55' lang='grc' dir='ltr'>ὃ)</span> <span class='ocrx_word' id='word_1_196' title='bbox 537 1222 574 1253; x_wconf 89' lang='grc' dir='ltr'>Ρ.</span> <span class='ocrx_word' id='word_1_197' title='bbox 601 1222 638 1254; x_wconf 91' lang='lat' dir='ltr'>L.</span> <span class='ocrx_word' id='word_1_198' title='bbox 663 1222 717 1254; x_wconf 90' lang='lat' dir='ltr'>III.</span> <span class='ocrx_word' id='word_1_199' title='bbox 747 1223 777 1254; x_wconf 90' lang='lat' dir='ltr'>C.</span> <span class='ocrx_word' id='word_1_200' title='bbox 799 1232 829 1259; x_wconf 88' lang='lat'>9.</span> <span class='ocrx_word' id='word_1_201' title='bbox 852 1222 881 1264; x_wconf 85' lang='lat'>§.</span> <span class='ocrx_word' id='word_1_202' title='bbox 903 1230 950 1261; x_wconf 85' lang='lat'>15.</span> <span class='ocrx_word' id='word_1_203' title='bbox 997 1221 1062 1254; x_wconf 91' lang='lat' dir='ltr'>Un-</span> 
     </span>
     <span class='ocr_line' id='line_1_31' title="bbox 194 1262 1059 1301; baseline -0.001 -6"><span class='ocrx_word' id='word_1_204' title='bbox 194 1265 236 1296; x_wconf 90' lang='lat' dir='ltr'>de</span> <span class='ocrx_word' id='word_1_205' title='bbox 255 1272 338 1296; x_wconf 88' lang='lat' dir='ltr'>nunc</span> <span class='ocrx_word' id='word_1_206' title='bbox 365 1263 518 1301; x_wconf 81' lang='lat' dir='ltr'>mobilia,</span> <span class='ocrx_word' id='word_1_207' title='bbox 553 1263 616 1294; x_wconf 84' lang='lat' dir='ltr'>fine</span> <span class='ocrx_word' id='word_1_208' title='bbox 645 1262 845 1294; x_wconf 72' lang='lat' dir='ltr'>distinetione</span> <span class='ocrx_word' id='word_1_209' title='bbox 872 1263 995 1300; x_wconf 88' lang='lat' dir='ltr'>omnia,</span> <span class='ocrx_word' id='word_1_210' title='bbox 1028 1263 1059 1294; x_wconf 90' lang='lat' dir='ltr'>in</span> 
     </span>
     <span class='ocr_line' id='line_1_32' title="bbox 190 1302 1061 1347; baseline -0.002 -10"><span class='ocrx_word' id='word_1_211' title='bbox 190 1305 299 1347; x_wconf 82' lang='lat' dir='ltr'>praeda</span> <span class='ocrx_word' id='word_1_212' title='bbox 326 1303 397 1335; x_wconf 86' lang='lat' dir='ltr'>sunt</span> <span class='ocrx_word' id='word_1_213' title='bbox 415 1326 426 1342; x_wconf 89' lang='lat'>,</span> <span class='ocrx_word' id='word_1_214' title='bbox 457 1303 518 1335; x_wconf 88' lang='lat' dir='ltr'>fine</span> <span class='ocrx_word' id='word_1_215' title='bbox 545 1303 612 1334; x_wconf 91' lang='lat' dir='ltr'>ullo</span> <span class='ocrx_word' id='word_1_216' title='bbox 642 1303 710 1343; x_wconf 87' lang='lat' dir='ltr'>jure</span> <span class='ocrx_word' id='word_1_217' title='bbox 741 1302 935 1344; x_wconf 88' lang='lat' dir='ltr'>postliminii.</span> <span class='ocrx_word' id='word_1_218' title='bbox 1000 1303 1061 1335; x_wconf 86' lang='lat' dir='ltr'>His</span> 
     </span>
     <span class='ocr_line' id='line_1_33' title="bbox 192 1343 1061 1386; baseline -0.002 -8"><span class='ocrx_word' id='word_1_219' title='bbox 192 1345 387 1386; x_wconf 88' lang='lat' dir='ltr'>consequens</span> <span class='ocrx_word' id='word_1_220' title='bbox 405 1343 465 1375; x_wconf 88' lang='lat' dir='ltr'>esse</span> <span class='ocrx_word' id='word_1_221' title='bbox 485 1343 670 1383; x_wconf 86' lang='lat' dir='ltr'>videbatur,</span> <span class='ocrx_word' id='word_1_222' title='bbox 694 1344 732 1376; x_wconf 88' lang='lat' dir='ltr'>ab</span> <span class='ocrx_word' id='word_1_223' title='bbox 753 1343 892 1376; x_wconf 85' lang='lat' dir='ltr'>hostibus</span> <span class='ocrx_word' id='word_1_224' title='bbox 909 1351 1016 1386; x_wconf 86' lang='lat' dir='ltr'>capta,</span> <span class='ocrx_word' id='word_1_225' title='bbox 1031 1345 1061 1376; x_wconf 91' lang='lat'>&amp;</span> 
     </span>
     <span class='ocr_line' id='line_1_34' title="bbox 194 1385 1062 1427; baseline -0.003 -8"><span class='ocrx_word' id='word_1_226' title='bbox 194 1387 307 1419; x_wconf 90' lang='lat' dir='ltr'>deinde</span> <span class='ocrx_word' id='word_1_227' title='bbox 331 1392 513 1427; x_wconf 83' lang='lat' dir='ltr'>recuperata</span> <span class='ocrx_word' id='word_1_228' title='bbox 542 1385 799 1426; x_wconf 87' lang='lat' dir='ltr'>recuperantibus</span> <span class='ocrx_word' id='word_1_229' title='bbox 824 1386 956 1425; x_wconf 84' lang='lat' dir='ltr'>cedere,</span> <span class='ocrx_word' id='word_1_230' title='bbox 989 1386 1062 1426; x_wconf 87' lang='lat' dir='ltr'>quia</span> 
     </span>
     <span class='ocr_line' id='line_1_35' title="bbox 193 1425 1062 1468; baseline -0.002 -8"><span class='ocrx_word' id='word_1_231' title='bbox 193 1427 381 1468; x_wconf 87' lang='lat' dir='ltr'>occupatio,</span> <span class='ocrx_word' id='word_1_232' title='bbox 407 1435 478 1468; x_wconf 85' lang='lat' dir='ltr'>quae</span> <span class='ocrx_word' id='word_1_233' title='bbox 501 1427 532 1459; x_wconf 90' lang='lat' dir='ltr'>in</span> <span class='ocrx_word' id='word_1_234' title='bbox 547 1425 637 1458; x_wconf 90' lang='lat' dir='ltr'>bello</span> <span class='ocrx_word' id='word_1_235' title='bbox 653 1426 712 1464; x_wconf 80' lang='lat' dir='ltr'>fit,</span> <span class='ocrx_word' id='word_1_236' title='bbox 736 1427 912 1459; x_wconf 89' lang='lat' dir='ltr'>dominium</span> <span class='ocrx_word' id='word_1_237' title='bbox 931 1425 1062 1458; x_wconf 87' lang='lat' dir='ltr'>transtu-</span> 
     </span>
     <span class='ocr_line' id='line_1_36' title="bbox 194 1466 1064 1509; baseline -0.003 -7"><span class='ocrx_word' id='word_1_238' title='bbox 194 1471 252 1509; x_wconf 86' lang='lat' dir='ltr'>lit,</span> <span class='ocrx_word' id='word_1_239' title='bbox 278 1469 324 1508; x_wconf 69' lang='grc' dir='ltr'>ὃς,</span> <span class='ocrx_word' id='word_1_240' title='bbox 350 1475 384 1499; x_wconf 92' lang='lat' dir='ltr'>ut</span> <span class='ocrx_word' id='word_1_241' title='bbox 401 1466 561 1500; x_wconf 83' lang='lat' dir='ltr'>transtulit</span> <span class='ocrx_word' id='word_1_242' title='bbox 581 1468 752 1509; x_wconf 89' lang='lat' dir='ltr'>occupatio</span> <span class='ocrx_word' id='word_1_243' title='bbox 765 1491 776 1507; x_wconf 90' lang='lat'>‚</span> <span class='ocrx_word' id='word_1_244' title='bbox 799 1468 841 1501; x_wconf 90' lang='lat' dir='ltr'>fic</span> <span class='ocrx_word' id='word_1_245' title='bbox 864 1468 894 1500; x_wconf 89' lang='lat'>&amp;</span> <span class='ocrx_word' id='word_1_246' title='bbox 914 1467 1064 1500; x_wconf 84' lang='lat' dir='ltr'>transfert</span> 
     </span>
     <span class='ocr_line' id='line_1_37' title="bbox 195 1508 1062 1551; baseline -0.002 -8"><span class='ocrx_word' id='word_1_247' title='bbox 195 1511 227 1543; x_wconf 68' lang='grc' dir='ltr'>δε</span> <span class='ocrx_word' id='word_1_248' title='bbox 244 1509 451 1551; x_wconf 83' lang='lat' dir='ltr'>recuperatio.</span> <span class='ocrx_word' id='word_1_249' title='bbox 497 1508 564 1548; x_wconf 72' lang='lat' dir='ltr'>Sed,</span> <span class='ocrx_word' id='word_1_250' title='bbox 574 1519 638 1542; x_wconf 89' lang='lat' dir='ltr'>non</span> <span class='ocrx_word' id='word_1_251' title='bbox 663 1519 883 1551; x_wconf 88' lang='lat' dir='ltr'>recuperamus</span> <span class='ocrx_word' id='word_1_252' title='bbox 905 1509 1062 1541; x_wconf 89' lang='lat' dir='ltr'>nobismet</span> 
     </span>
     <span class='ocr_line' id='line_1_38' title="bbox 195 1549 1062 1592; baseline -0.002 -8"><span class='ocrx_word' id='word_1_253' title='bbox 195 1553 204 1584; x_wconf 89' lang='lat' dir='ltr'>i</span> <span class='ocrx_word' id='word_1_254' title='bbox 231 1551 286 1591; x_wconf 80' lang='lat' dir='ltr'>sis,</span> <span class='ocrx_word' id='word_1_255' title='bbox 320 1551 376 1584; x_wconf 88' lang='lat' dir='ltr'>nifi</span> <span class='ocrx_word' id='word_1_256' title='bbox 398 1560 468 1592; x_wconf 82' lang='lat' dir='ltr'>quae</span> <span class='ocrx_word' id='word_1_257' title='bbox 501 1551 562 1590; x_wconf 83' lang='lat' dir='ltr'>jam</span> <span class='ocrx_word' id='word_1_258' title='bbox 592 1551 689 1592; x_wconf 92' lang='lat' dir='ltr'>pleno</span> <span class='ocrx_word' id='word_1_259' title='bbox 712 1551 780 1592; x_wconf 78' lang='lat' dir='ltr'>jure</span> <span class='ocrx_word' id='word_1_260' title='bbox 818 1549 954 1583; x_wconf 89' lang='lat' dir='ltr'>hostium</span> <span class='ocrx_word' id='word_1_261' title='bbox 979 1549 1062 1582; x_wconf 60' lang='lat' dir='ltr'>fasta</span> 
     </span>
     <span class='ocr_line' id='line_1_39' title="bbox 213 1591 1062 1634; baseline -0.004 -9"><span class='ocrx_word' id='word_1_262' title='bbox 213 1602 287 1632; x_wconf 89' lang='lat' dir='ltr'>unt,</span> <span class='ocrx_word' id='word_1_263' title='bbox 321 1603 392 1633; x_wconf 86' lang='lat' dir='ltr'>narn</span> <span class='ocrx_word' id='word_1_264' title='bbox 412 1616 422 1632; x_wconf 92' lang='lat'>,</span> <span class='ocrx_word' id='word_1_265' title='bbox 455 1592 477 1624; x_wconf 89' lang='lat' dir='ltr'>fi</span> <span class='ocrx_word' id='word_1_266' title='bbox 504 1601 568 1624; x_wconf 84' lang='lat' dir='ltr'>non</span> <span class='ocrx_word' id='word_1_267' title='bbox 598 1591 741 1631; x_wconf 87' lang='lat' dir='ltr'>fuerint,</span> <span class='ocrx_word' id='word_1_268' title='bbox 773 1592 906 1634; x_wconf 89' lang='lat' dir='ltr'>pristino</span> <span class='ocrx_word' id='word_1_269' title='bbox 931 1592 1062 1624; x_wconf 90' lang='lat' dir='ltr'>domino</span> 
     </span>
     <span class='ocr_line' id='line_1_40' title="bbox 194 1633 1061 1675; baseline -0.002 -9"><span class='ocrx_word' id='word_1_270' title='bbox 194 1634 375 1668; x_wconf 76' lang='lat' dir='ltr'>vindIcandi</span> <span class='ocrx_word' id='word_1_271' title='bbox 395 1633 444 1674; x_wconf 88' lang='lat' dir='ltr'>jus</span> <span class='ocrx_word' id='word_1_272' title='bbox 466 1633 535 1665; x_wconf 85' lang='lat' dir='ltr'>erit.</span> <span class='ocrx_word' id='word_1_273' title='bbox 581 1633 755 1675; x_wconf 88' lang='lat' dir='ltr'>Ecquando</span> <span class='ocrx_word' id='word_1_274' title='bbox 772 1641 877 1666; x_wconf 88' lang='lat' dir='ltr'>autem</span> <span class='ocrx_word' id='word_1_275' title='bbox 894 1643 943 1666; x_wconf 90' lang='lat' dir='ltr'>res</span> <span class='ocrx_word' id='word_1_276' title='bbox 960 1633 1061 1665; x_wconf 92' lang='lat' dir='ltr'>mobi-</span> 
     </span>
     <span class='ocr_line' id='line_1_41' title="bbox 195 1673 1062 1716; baseline -0.005 -6"><span class='ocrx_word' id='word_1_277' title='bbox 195 1678 242 1710; x_wconf 91' lang='lat' dir='ltr'>les</span> <span class='ocrx_word' id='word_1_278' title='bbox 261 1675 445 1708; x_wconf 85' lang='lat' dir='ltr'>censeantur</span> <span class='ocrx_word' id='word_1_279' title='bbox 467 1675 563 1716; x_wconf 90' lang='lat' dir='ltr'>pleno</span> <span class='ocrx_word' id='word_1_280' title='bbox 577 1676 644 1715; x_wconf 71' lang='lat' dir='ltr'>jure</span> <span class='ocrx_word' id='word_1_281' title='bbox 660 1674 797 1707; x_wconf 89' lang='lat' dir='ltr'>hostium</span> <span class='ocrx_word' id='word_1_282' title='bbox 809 1673 900 1707; x_wconf 72' lang='lat' dir='ltr'>faCtae</span> <span class='ocrx_word' id='word_1_283' title='bbox 913 1699 923 1715; x_wconf 86' lang='lat'>,</span> <span class='ocrx_word' id='word_1_284' title='bbox 948 1674 1062 1716; x_wconf 87' lang='lat' dir='ltr'>pendet</span> 
     </span>
     <span class='ocr_line' id='line_1_42' title="bbox 196 1716 965 1758; baseline -0.003 -8"><span class='ocrx_word' id='word_1_285' title='bbox 196 1727 239 1750; x_wconf 82' lang='lat' dir='ltr'>ex</span> <span class='ocrx_word' id='word_1_286' title='bbox 257 1717 315 1756; x_wconf 87' lang='lat' dir='ltr'>iis,</span> <span class='ocrx_word' id='word_1_287' title='bbox 340 1726 409 1758; x_wconf 83' lang='lat' dir='ltr'>quae</span> <span class='ocrx_word' id='word_1_288' title='bbox 428 1716 530 1757; x_wconf 84' lang='lat' dir='ltr'>Capite</span> <span class='ocrx_word' id='word_1_289' title='bbox 542 1717 716 1757; x_wconf 70' lang='lat' dir='ltr'>praecedenti</span> <span class='ocrx_word' id='word_1_290' title='bbox 728 1716 965 1758; x_wconf 88' lang='lat' dir='ltr'>disputavimus.</span> 
     </span>
    </p>

    <p class='ocr_par' dir='ltr' id='par_1_10' title="bbox 196 1757 1067 2409">
     <span class='ocr_line' id='line_1_43' title="bbox 240 1757 1063 1804; baseline -0.001 -14"><span class='ocrx_word' id='word_1_291' title='bbox 240 1758 395 1804; x_wconf 86' lang='lat' dir='ltr'>Quamvis</span> <span class='ocrx_word' id='word_1_292' title='bbox 414 1767 492 1790; x_wconf 89' lang='lat' dir='ltr'>vero</span> <span class='ocrx_word' id='word_1_293' title='bbox 510 1758 629 1789; x_wconf 88' lang='lat' dir='ltr'>incerta</span> <span class='ocrx_word' id='word_1_294' title='bbox 645 1757 682 1790; x_wconf 87' lang='lat' dir='ltr'>fit</span> <span class='ocrx_word' id='word_1_295' title='bbox 701 1758 767 1799; x_wconf 71' lang='lat' dir='ltr'>eius</span> <span class='ocrx_word' id='word_1_296' title='bbox 784 1757 829 1789; x_wconf 91' lang='lat' dir='ltr'>rei</span> <span class='ocrx_word' id='word_1_297' title='bbox 848 1757 993 1790; x_wconf 90' lang='lat' dir='ltr'>definitio</span> <span class='ocrx_word' id='word_1_298' title='bbox 1004 1780 1015 1796; x_wconf 93' lang='lat'>,</span> <span class='ocrx_word' id='word_1_299' title='bbox 1032 1758 1063 1789; x_wconf 93' lang='lat' dir='ltr'>id</span> 
     </span>
     <span class='ocr_line' id='line_1_44' title="bbox 196 1796 1064 1841; baseline -0.003 -8"><span class='ocrx_word' id='word_1_300' title='bbox 196 1809 303 1838; x_wconf 87' lang='lat' dir='ltr'>tamen</span> <span class='ocrx_word' id='word_1_301' title='bbox 328 1796 552 1837; x_wconf 85' lang='lat' dir='ltr'>certissimum,</span> <span class='ocrx_word' id='word_1_302' title='bbox 575 1808 624 1830; x_wconf 91' lang='lat' dir='ltr'>res</span> <span class='ocrx_word' id='word_1_303' title='bbox 648 1799 801 1838; x_wconf 88' lang='lat' dir='ltr'>mobiles,</span> <span class='ocrx_word' id='word_1_304' title='bbox 827 1799 909 1831; x_wconf 87' lang='lat' dir='ltr'>intra</span> <span class='ocrx_word' id='word_1_305' title='bbox 926 1799 1064 1841; x_wconf 83' lang='lat' dir='ltr'>praefidia</span> 
     </span>
     <span class='ocr_line' id='line_1_45' title="bbox 197 1839 1065 1882; baseline -0.002 -8"><span class='ocrx_word' id='word_1_306' title='bbox 197 1840 337 1875; x_wconf 90' lang='lat' dir='ltr'>hostium</span> <span class='ocrx_word' id='word_1_307' title='bbox 352 1840 518 1878; x_wconf 73' lang='lat' dir='ltr'>deduCtas,</span> <span class='ocrx_word' id='word_1_308' title='bbox 563 1840 633 1872; x_wconf 90' lang='lat' dir='ltr'>lene</span> <span class='ocrx_word' id='word_1_309' title='bbox 649 1840 678 1872; x_wconf 71' lang='grc' dir='ltr'><strong>ἃ</strong></span> <span class='ocrx_word' id='word_1_310' title='bbox 701 1840 793 1882; x_wconf 84' lang='lat' dir='ltr'>plane</span> <span class='ocrx_word' id='word_1_311' title='bbox 818 1839 954 1872; x_wconf 87' lang='lat' dir='ltr'>hostium</span> <span class='ocrx_word' id='word_1_312' title='bbox 976 1840 1065 1879; x_wconf 88' lang='lat' dir='ltr'>fieri,</span> 
     </span>
     <span class='ocr_line' id='line_1_46' title="bbox 197 1880 1066 1925; baseline -0.002 -10"><span class='ocrx_word' id='word_1_313' title='bbox 197 1892 292 1925; x_wconf 88' lang='lat' dir='ltr'>atque</span> <span class='ocrx_word' id='word_1_314' title='bbox 312 1883 403 1914; x_wconf 84' lang='lat' dir='ltr'>itaex</span> <span class='ocrx_word' id='word_1_315' title='bbox 423 1880 484 1913; x_wconf 82' lang='lat' dir='ltr'>ass&#39;e</span> <span class='ocrx_word' id='word_1_316' title='bbox 496 1891 533 1913; x_wconf 93' lang='lat' dir='ltr'>ce</span> <span class='ocrx_word' id='word_1_317' title='bbox 554 1890 607 1913; x_wconf 88' lang='lat' dir='ltr'>ere</span> <span class='ocrx_word' id='word_1_318' title='bbox 624 1880 1066 1923; x_wconf 82' lang='lat' dir='ltr'>recuperatoribus‚fipostea</span> 
     </span>
     <span class='ocr_line' id='line_1_47' title="bbox 198 1922 1064 1966; baseline -0.003 -9"><span class='ocrx_word' id='word_1_319' title='bbox 198 1923 478 1966; x_wconf 85' lang='lat' dir='ltr'>deprehendantur.</span> <span class='ocrx_word' id='word_1_320' title='bbox 524 1922 728 1954; x_wconf 88' lang='lat' dir='ltr'>Tantundem</span> <span class='ocrx_word' id='word_1_321' title='bbox 751 1922 886 1954; x_wconf 88' lang='lat' dir='ltr'>dicimus</span> <span class='ocrx_word' id='word_1_322' title='bbox 915 1923 954 1954; x_wconf 91' lang='lat' dir='ltr'>de</span> <span class='ocrx_word' id='word_1_323' title='bbox 978 1923 1064 1955; x_wconf 88' lang='lat' dir='ltr'>navi-</span> 
     </span>
     <span class='ocr_line' id='line_1_48' title="bbox 198 1963 1064 2006; baseline -0.003 -8"><span class='ocrx_word' id='word_1_324' title='bbox 198 1967 258 1998; x_wconf 91' lang='lat' dir='ltr'>bus</span> <span class='ocrx_word' id='word_1_325' title='bbox 270 1988 281 2003; x_wconf 94' lang='lat'>,</span> <span class='ocrx_word' id='word_1_326' title='bbox 304 1966 335 1997; x_wconf 88' lang='lat' dir='ltr'>in</span> <span class='ocrx_word' id='word_1_327' title='bbox 353 1971 464 2006; x_wconf 85' lang='lat' dir='ltr'>portus</span> <span class='ocrx_word' id='word_1_328' title='bbox 481 1963 612 1996; x_wconf 88' lang='lat' dir='ltr'>hostiles</span> <span class='ocrx_word' id='word_1_329' title='bbox 627 1963 784 2003; x_wconf 73' lang='lat' dir='ltr'>deductis,</span> <span class='ocrx_word' id='word_1_330' title='bbox 801 1964 832 1996; x_wconf 87' lang='lat'>&amp;</span> <span class='ocrx_word' id='word_1_331' title='bbox 847 1963 960 1996; x_wconf 90' lang='lat' dir='ltr'>deinde</span> <span class='ocrx_word' id='word_1_332' title='bbox 977 1973 1064 1996; x_wconf 88' lang='lat' dir='ltr'>recu-</span> 
     </span>
     <span class='ocr_line' id='line_1_49' title="bbox 198 2005 1067 2049; baseline -0.001 -12"><span class='ocrx_word' id='word_1_333' title='bbox 198 2007 334 2049; x_wconf 84' lang='lat' dir='ltr'>peratis,</span> <span class='ocrx_word' id='word_1_334' title='bbox 359 2005 400 2037; x_wconf 88' lang='lat' dir='ltr'>fic</span> <span class='ocrx_word' id='word_1_335' title='bbox 423 2013 459 2036; x_wconf 94' lang='lat' dir='ltr'>ut</span> <span class='ocrx_word' id='word_1_336' title='bbox 476 2005 573 2045; x_wconf 85' lang='lat' dir='ltr'>priori</span> <span class='ocrx_word' id='word_1_337' title='bbox 593 2005 724 2037; x_wconf 88' lang='lat' dir='ltr'>domino</span> <span class='ocrx_word' id='word_1_338' title='bbox 749 2005 828 2037; x_wconf 88' lang='lat' dir='ltr'>nihil</span> <span class='ocrx_word' id='word_1_339' title='bbox 846 2005 1015 2046; x_wconf 91' lang='lat' dir='ltr'>quicquam</span> <span class='ocrx_word' id='word_1_340' title='bbox 1034 2005 1067 2037; x_wconf 91' lang='lat' dir='ltr'>in</span> 
     </span>
     <span class='ocr_line' id='line_1_50' title="bbox 199 2044 1063 2088; baseline -0.005 -8"><span class='ocrx_word' id='word_1_341' title='bbox 199 2058 250 2080; x_wconf 89' lang='lat' dir='ltr'>eas</span> <span class='ocrx_word' id='word_1_342' title='bbox 274 2047 351 2088; x_wconf 77' lang='lat' dir='ltr'>Juris</span> <span class='ocrx_word' id='word_1_343' title='bbox 374 2044 527 2086; x_wconf 87' lang='lat' dir='ltr'>superfit,</span> <span class='ocrx_word' id='word_1_344' title='bbox 558 2053 594 2077; x_wconf 91' lang='lat' dir='ltr'>ut</span> <span class='ocrx_word' id='word_1_345' title='bbox 621 2045 786 2077; x_wconf 90' lang='lat' dir='ltr'>monebam</span> <span class='ocrx_word' id='word_1_346' title='bbox 812 2047 845 2076; x_wconf 84' lang='lat' dir='ltr'>in</span> <span class='ocrx_word' id='word_1_347' title='bbox 866 2044 924 2085; x_wconf 85' lang='lat' dir='ltr'>fin.</span> <span class='ocrx_word' id='word_1_348' title='bbox 943 2047 1063 2086; x_wconf 70' lang='lat' dir='ltr'>praeced.</span> 
     </span>
     <span class='ocr_line' id='line_1_51' title="bbox 204 2083 1065 2129; baseline -0.003 -8"><span class='ocrx_word' id='word_1_349' title='bbox 204 2090 275 2129; x_wconf 84' lang='lat' dir='ltr'>Cap.</span> <span class='ocrx_word' id='word_1_350' title='bbox 307 2083 484 2120; x_wconf 87' lang='lat' dir='ltr'>Secundum</span> <span class='ocrx_word' id='word_1_351' title='bbox 502 2086 569 2118; x_wconf 86' lang='lat' dir='ltr'>haec</span> <span class='ocrx_word' id='word_1_352' title='bbox 585 2095 681 2127; x_wconf 91' lang='lat' dir='ltr'>quum</span> <span class='ocrx_word' id='word_1_353' title='bbox 706 2087 787 2118; x_wconf 86' lang='lat' dir='ltr'>inter</span> <span class='ocrx_word' id='word_1_354' title='bbox 807 2086 925 2126; x_wconf 90' lang='lat' dir='ltr'>Regem</span> <span class='ocrx_word' id='word_1_355' title='bbox 942 2086 1065 2128; x_wconf 82' lang='lat' dir='ltr'>Angliae</span> 
     </span>
     <span class='ocr_line' id='line_1_52' title="bbox 200 2125 1064 2167; baseline -0.002 -5"><span class='ocrx_word' id='word_1_356' title='bbox 200 2131 233 2162; x_wconf 72' lang='grc' dir='ltr'>δι</span> <span class='ocrx_word' id='word_1_357' title='bbox 259 2129 395 2161; x_wconf 88' lang='lat' dir='ltr'>Ordines</span> <span class='ocrx_word' id='word_1_358' title='bbox 427 2125 620 2165; x_wconf 81' lang='lat' dir='ltr'>Generales,</span> <span class='ocrx_word' id='word_1_359' title='bbox 653 2135 729 2159; x_wconf 88' lang='lat' dir='ltr'>tunc</span> <span class='ocrx_word' id='word_1_360' title='bbox 755 2126 830 2159; x_wconf 91' lang='lat' dir='ltr'>belli</span> <span class='ocrx_word' id='word_1_361' title='bbox 860 2127 987 2167; x_wconf 91' lang='lat' dir='ltr'>socios,</span> <span class='ocrx_word' id='word_1_362' title='bbox 1013 2137 1064 2160; x_wconf 82' lang='lat'>22.</span> 
     </span>
     <span class='ocr_line' id='line_1_53' title="bbox 201 2168 1065 2210; baseline -0.005 -6"><span class='ocrx_word' id='word_1_363' title='bbox 201 2171 274 2204; x_wconf 75' lang='grc' dir='ltr'>Οξὶ.</span> <span class='ocrx_word' id='word_1_364' title='bbox 303 2173 392 2206; x_wconf 89' lang='lat'><strong>1689.</strong></span> <span class='ocrx_word' id='word_1_365' title='bbox 425 2168 620 2200; x_wconf 86' lang='lat' dir='ltr'>convenisset</span> <span class='ocrx_word' id='word_1_366' title='bbox 653 2168 733 2210; x_wconf 88' lang='lat'>(1),</span> <span class='ocrx_word' id='word_1_367' title='bbox 767 2176 802 2199; x_wconf 90' lang='lat' dir='ltr'>ut</span> <span class='ocrx_word' id='word_1_368' title='bbox 827 2168 906 2200; x_wconf 85' lang='lat' dir='ltr'>alter</span> <span class='ocrx_word' id='word_1_369' title='bbox 937 2169 1065 2201; x_wconf 87' lang='lat' dir='ltr'>alterius</span> 
     </span>
     <span class='ocr_line' id='line_1_54' title="bbox 200 2208 1064 2251; baseline -0.003 -7"><span class='ocrx_word' id='word_1_370' title='bbox 200 2221 297 2244; x_wconf 87' lang='lat' dir='ltr'>naves</span> <span class='ocrx_word' id='word_1_371' title='bbox 314 2217 531 2251; x_wconf 89' lang='lat' dir='ltr'>recuperatas,</span> <span class='ocrx_word' id='word_1_372' title='bbox 555 2208 611 2241; x_wconf 90' lang='lat' dir='ltr'>sub</span> <span class='ocrx_word' id='word_1_373' title='bbox 626 2217 714 2241; x_wconf 85' lang='lat' dir='ltr'>certa</span> <span class='ocrx_word' id='word_1_374' title='bbox 739 2210 900 2249; x_wconf 85' lang='lat' dir='ltr'>mercede,</span> <span class='ocrx_word' id='word_1_375' title='bbox 923 2209 1064 2242; x_wconf 87' lang='lat' dir='ltr'>restitue-</span> 
     </span>
     <span class='ocr_line' id='line_1_55' title="bbox 199 2251 1064 2294; baseline -0.002 -9"><span class='ocrx_word' id='word_1_376' title='bbox 199 2261 250 2285; x_wconf 84' lang='lat' dir='ltr'>ret</span> <span class='ocrx_word' id='word_1_377' title='bbox 267 2251 400 2294; x_wconf 89' lang='lat' dir='ltr'>pristino</span> <span class='ocrx_word' id='word_1_378' title='bbox 425 2251 574 2291; x_wconf 90' lang='lat' dir='ltr'>domino,</span> <span class='ocrx_word' id='word_1_379' title='bbox 613 2251 643 2282; x_wconf 90' lang='lat' dir='ltr'>id</span> <span class='ocrx_word' id='word_1_380' title='bbox 673 2258 749 2282; x_wconf 90' lang='lat' dir='ltr'>tunc</span> <span class='ocrx_word' id='word_1_381' title='bbox 777 2251 904 2282; x_wconf 90' lang='lat' dir='ltr'>demum</span> <span class='ocrx_word' id='word_1_382' title='bbox 921 2251 1064 2283; x_wconf 88' lang='lat' dir='ltr'>obtinere</span> 
     </span>
     <span class='ocr_line' id='line_1_56' title="bbox 199 2291 1065 2333; baseline -0.002 -7"><span class='ocrx_word' id='word_1_383' title='bbox 199 2294 339 2333; x_wconf 84' lang='lat' dir='ltr'>volunt,</span> <span class='ocrx_word' id='word_1_384' title='bbox 363 2292 384 2325; x_wconf 89' lang='lat' dir='ltr'>fi</span> <span class='ocrx_word' id='word_1_385' title='bbox 407 2302 471 2324; x_wconf 89' lang='lat' dir='ltr'>non</span> <span class='ocrx_word' id='word_1_386' title='bbox 488 2293 617 2324; x_wconf 86' lang='lat' dir='ltr'>alterius</span> <span class='ocrx_word' id='word_1_387' title='bbox 642 2301 737 2324; x_wconf 89' lang='lat' dir='ltr'>naves</span> <span class='ocrx_word' id='word_1_388' title='bbox 761 2292 822 2332; x_wconf 89' lang='lat' dir='ltr'>jam</span> <span class='ocrx_word' id='word_1_389' title='bbox 840 2291 961 2324; x_wconf 88' lang='lat' dir='ltr'>fuerint</span> <span class='ocrx_word' id='word_1_390' title='bbox 983 2292 1065 2324; x_wconf 85' lang='lat' dir='ltr'>intra</span> 
     </span>
     <span class='ocr_line' id='line_1_57' title="bbox 200 2330 1063 2378; baseline -0.001 -11"><span class='ocrx_word' id='word_1_391' title='bbox 200 2334 340 2378; x_wconf 86' lang='lat' dir='ltr'>praefidia</span> <span class='ocrx_word' id='word_1_392' title='bbox 358 2330 493 2366; x_wconf 85' lang='lat' dir='ltr'>hostium</span> <span class='ocrx_word' id='word_1_393' title='bbox 514 2333 676 2373; x_wconf 64' lang='lat' dir='ltr'>deduffle,</span> <span class='ocrx_word' id='word_1_394' title='bbox 702 2340 778 2366; x_wconf 89' lang='lat' dir='ltr'>tunc</span> <span class='ocrx_word' id='word_1_395' title='bbox 803 2333 888 2365; x_wconf 86' lang='lat' dir='ltr'>enim</span> <span class='ocrx_word' id='word_1_396' title='bbox 902 2342 1063 2374; x_wconf 86' lang='lat' dir='ltr'>recupera-</span> 
     </span>
     <span class='ocr_line' id='line_1_58' title="bbox 202 2375 598 2409; baseline -0.003 0"><span class='ocrx_word' id='word_1_397' title='bbox 202 2376 325 2409; x_wconf 87' lang='lat' dir='ltr'>toribus</span> <span class='ocrx_word' id='word_1_398' title='bbox 345 2383 422 2407; x_wconf 84' lang='lat' dir='ltr'>totae</span> <span class='ocrx_word' id='word_1_399' title='bbox 443 2375 598 2408; x_wconf 87' lang='lat' dir='ltr'>cederent.</span> 
     </span>
    </p>

    <p class='ocr_par' dir='ltr' id='par_1_11' title="bbox 201 2412 1069 3030">
     <span class='ocr_line' id='line_1_59' title="bbox 247 2412 1068 2458; baseline 0 -9"><span class='ocrx_word' id='word_1_400' title='bbox 247 2412 282 2449; x_wconf 85' lang='lat' dir='ltr'>ld</span> <span class='ocrx_word' id='word_1_401' title='bbox 301 2417 426 2458; x_wconf 85' lang='lat' dir='ltr'>quidem</span> <span class='ocrx_word' id='word_1_402' title='bbox 452 2415 524 2448; x_wconf 88' lang='lat' dir='ltr'>satis</span> <span class='ocrx_word' id='word_1_403' title='bbox 543 2417 696 2458; x_wconf 88' lang='lat' dir='ltr'>liquidum</span> <span class='ocrx_word' id='word_1_404' title='bbox 719 2415 781 2457; x_wconf 87' lang='lat' dir='ltr'>est,</span> <span class='ocrx_word' id='word_1_405' title='bbox 814 2415 865 2449; x_wconf 93' lang='lat' dir='ltr'>sed</span> <span class='ocrx_word' id='word_1_406' title='bbox 890 2426 954 2449; x_wconf 89' lang='lat' dir='ltr'>non</span> <span class='ocrx_word' id='word_1_407' title='bbox 978 2426 1068 2458; x_wconf 82' lang='lat' dir='ltr'>aeque</span> 
     </span>
     <span class='ocr_line' id='line_1_60' title="bbox 201 2458 1066 2501; baseline -0.002 -9"><span class='ocrx_word' id='word_1_408' title='bbox 201 2458 379 2501; x_wconf 87' lang='lat' dir='ltr'>liquidum,</span> <span class='ocrx_word' id='word_1_409' title='bbox 403 2467 471 2499; x_wconf 85' lang='lat' dir='ltr'>quae</span> <span class='ocrx_word' id='word_1_410' title='bbox 489 2458 650 2499; x_wconf 83' lang='lat' dir='ltr'>praefidia,</span> <span class='ocrx_word' id='word_1_411' title='bbox 680 2468 759 2500; x_wconf 90' lang='lat' dir='ltr'>quos</span> <span class='ocrx_word' id='word_1_412' title='bbox 778 2466 887 2499; x_wconf 88' lang='lat' dir='ltr'>portus</span> <span class='ocrx_word' id='word_1_413' title='bbox 911 2459 1066 2500; x_wconf 83' lang='lat' dir='ltr'>intelliga-</span> 
     </span>
     <span class='ocr_line' id='line_1_61' title="bbox 202 2499 1065 2540; baseline -0.002 -8"><span class='ocrx_word' id='word_1_414' title='bbox 202 2509 274 2535; x_wconf 80' lang='lat' dir='ltr'>mus</span> <span class='ocrx_word' id='word_1_415' title='bbox 283 2499 300 2530; x_wconf 69' lang='grc' dir='ltr'>ἱ)</span> <span class='ocrx_word' id='word_1_416' title='bbox 324 2509 452 2538; x_wconf 87' lang='lat' dir='ltr'>corum,</span> <span class='ocrx_word' id='word_1_417' title='bbox 478 2500 530 2539; x_wconf 89' lang='lat' dir='ltr'>qui</span> <span class='ocrx_word' id='word_1_418' title='bbox 549 2509 643 2532; x_wconf 90' lang='lat' dir='ltr'>naves</span> <span class='ocrx_word' id='word_1_419' title='bbox 661 2508 831 2540; x_wconf 85' lang='lat' dir='ltr'>ceperunt,</span> <span class='ocrx_word' id='word_1_420' title='bbox 857 2509 894 2532; x_wconf 89' lang='lat' dir='ltr'>an</span> <span class='ocrx_word' id='word_1_421' title='bbox 913 2500 943 2532; x_wconf 70' lang='grc' dir='ltr'>ὅ(</span> <span class='ocrx_word' id='word_1_422' title='bbox 965 2499 1065 2531; x_wconf 92' lang='lat' dir='ltr'>socio-</span> 
     </span>
     <span class='ocr_line' id='line_1_62' title="bbox 203 2539 1068 2582; baseline -0.001 -9"><span class='ocrx_word' id='word_1_423' title='bbox 203 2539 299 2573; x_wconf 73' lang='lat' dir='ltr'>rum?</span> <span class='ocrx_word' id='word_1_424' title='bbox 321 2540 460 2575; x_wconf 83' lang='lat' dir='ltr'>diceres,</span> <span class='ocrx_word' id='word_1_425' title='bbox 483 2539 641 2571; x_wconf 86' lang='lat' dir='ltr'>sociorum</span> <span class='ocrx_word' id='word_1_426' title='bbox 659 2540 822 2580; x_wconf 87' lang='lat' dir='ltr'>sufficere,</span> <span class='ocrx_word' id='word_1_427' title='bbox 846 2542 954 2582; x_wconf 91' lang='lat' dir='ltr'>utique</span> <span class='ocrx_word' id='word_1_428' title='bbox 976 2540 1068 2573; x_wconf 87' lang='lat' dir='ltr'>fifint</span> 
     </span>
     <span class='ocr_line' id='line_1_63' title="bbox 203 2579 1067 2622; baseline 0.001 -9"><span class='ocrx_word' id='word_1_429' title='bbox 203 2581 281 2613; x_wconf 88' lang='lat' dir='ltr'>belli</span> <span class='ocrx_word' id='word_1_430' title='bbox 298 2579 395 2618; x_wconf 86' lang='lat' dir='ltr'>socii,</span> <span class='ocrx_word' id='word_1_431' title='bbox 418 2587 511 2620; x_wconf 87' lang='lat' dir='ltr'>atque</span> <span class='ocrx_word' id='word_1_432' title='bbox 536 2581 580 2610; x_wconf 90' lang='lat' dir='ltr'>ita</span> <span class='ocrx_word' id='word_1_433' title='bbox 605 2581 757 2613; x_wconf 83' lang='lat' dir='ltr'>&amp;hostes</span> <span class='ocrx_word' id='word_1_434' title='bbox 777 2590 906 2620; x_wconf 88' lang='lat' dir='ltr'>eorum,</span> <span class='ocrx_word' id='word_1_435' title='bbox 932 2591 1067 2622; x_wconf 89' lang='lat' dir='ltr'>quorum</span> 
     </span>
     <span class='ocr_line' id='line_1_64' title="bbox 204 2619 1068 2663; baseline -0.003 -8"><span class='ocrx_word' id='word_1_436' title='bbox 204 2631 300 2655; x_wconf 86' lang='lat' dir='ltr'>naves</span> <span class='ocrx_word' id='word_1_437' title='bbox 315 2630 416 2662; x_wconf 87' lang='lat' dir='ltr'>captae</span> <span class='ocrx_word' id='word_1_438' title='bbox 434 2620 516 2652; x_wconf 88' lang='lat' dir='ltr'>sunt.</span> <span class='ocrx_word' id='word_1_439' title='bbox 540 2619 575 2651; x_wconf 90' lang='lat' dir='ltr'>In</span> <span class='ocrx_word' id='word_1_440' title='bbox 593 2628 689 2661; x_wconf 89' lang='lat' dir='ltr'>portu</span> <span class='ocrx_word' id='word_1_441' title='bbox 706 2622 859 2660; x_wconf 81' lang='lat' dir='ltr'>ejusmodi</span> <span class='ocrx_word' id='word_1_442' title='bbox 880 2622 956 2654; x_wconf 89' lang='lat' dir='ltr'>socii</span> <span class='ocrx_word' id='word_1_443' title='bbox 979 2631 1068 2663; x_wconf 82' lang='lat' dir='ltr'>aeque</span> 
     </span>
     <span class='ocr_line' id='line_1_65' title="bbox 204 2661 1069 2703; baseline -0.003 -7"><span class='ocrx_word' id='word_1_444' title='bbox 204 2671 275 2696; x_wconf 86' lang='lat' dir='ltr'>tuta</span> <span class='ocrx_word' id='word_1_445' title='bbox 291 2661 336 2694; x_wconf 87' lang='lat' dir='ltr'>est</span> <span class='ocrx_word' id='word_1_446' title='bbox 352 2662 479 2694; x_wconf 84' lang='lat' dir='ltr'>navium</span> <span class='ocrx_word' id='word_1_447' title='bbox 497 2668 657 2702; x_wconf 88' lang='lat' dir='ltr'>captarum</span> <span class='ocrx_word' id='word_1_448' title='bbox 684 2662 843 2700; x_wconf 91' lang='lat' dir='ltr'>retentio,</span> <span class='ocrx_word' id='word_1_449' title='bbox 868 2672 904 2693; x_wconf 87' lang='lat' dir='ltr'>ac</span> <span class='ocrx_word' id='word_1_450' title='bbox 923 2663 954 2694; x_wconf 81' lang='lat' dir='ltr'>in</span> <span class='ocrx_word' id='word_1_451' title='bbox 973 2670 1069 2703; x_wconf 88' lang='lat' dir='ltr'>portu</span> 
     </span>
     <span class='ocr_line' id='line_1_66' title="bbox 203 2701 1069 2747; baseline -0.002 -11"><span class='ocrx_word' id='word_1_452' title='bbox 203 2704 352 2747; x_wconf 85' lang='lat' dir='ltr'>proprio,</span> <span class='ocrx_word' id='word_1_453' title='bbox 386 2703 416 2735; x_wconf 90' lang='lat'>&amp;</span> <span class='ocrx_word' id='word_1_454' title='bbox 439 2702 525 2734; x_wconf 90' lang='lat' dir='ltr'>nulla</span> <span class='ocrx_word' id='word_1_455' title='bbox 546 2702 748 2743; x_wconf 88' lang='lat' dir='ltr'>recuperandi</span> <span class='ocrx_word' id='word_1_456' title='bbox 774 2701 860 2742; x_wconf 86' lang='lat' dir='ltr'>spes,</span> <span class='ocrx_word' id='word_1_457' title='bbox 887 2702 943 2734; x_wconf 79' lang='lat' dir='ltr'>nili</span> <span class='ocrx_word' id='word_1_458' title='bbox 965 2702 1069 2734; x_wconf 89' lang='lat' dir='ltr'>rursus</span> 
     </span>
     <span class='ocr_line' id='line_1_67' title="bbox 205 2742 1068 2785; baseline -0.003 -7"><span class='ocrx_word' id='word_1_459' title='bbox 205 2746 279 2778; x_wconf 89' lang='lat' dir='ltr'>inde</span> <span class='ocrx_word' id='word_1_460' title='bbox 299 2744 544 2785; x_wconf 86' lang='lat' dir='ltr'>enavigaverint.</span> <span class='ocrx_word' id='word_1_461' title='bbox 589 2743 649 2775; x_wconf 90' lang='lat' dir='ltr'>Sed</span> <span class='ocrx_word' id='word_1_462' title='bbox 666 2752 738 2774; x_wconf 90' lang='lat' dir='ltr'>cum</span> <span class='ocrx_word' id='word_1_463' title='bbox 755 2742 864 2774; x_wconf 91' lang='lat' dir='ltr'>Franci</span> <span class='ocrx_word' id='word_1_464' title='bbox 882 2743 958 2774; x_wconf 86' lang='lat' dir='ltr'>duas</span> <span class='ocrx_word' id='word_1_465' title='bbox 972 2752 1068 2776; x_wconf 78' lang='lat' dir='ltr'>naves</span> 
     </span>
     <span class='ocr_line' id='line_1_68' title="bbox 204 2782 1067 2827; baseline -0.006 -8"><span class='ocrx_word' id='word_1_466' title='bbox 204 2784 458 2827; x_wconf 83' lang='lat' dir='ltr'>Hainbui·genses</span> <span class='ocrx_word' id='word_1_467' title='bbox 480 2783 631 2826; x_wconf 87' lang='lat' dir='ltr'>cepissent</span> <span class='ocrx_word' id='word_1_468' title='bbox 654 2789 704 2820; x_wconf 86' lang='lat'>28.</span> <span class='ocrx_word' id='word_1_469' title='bbox 732 2782 810 2815; x_wconf 88' lang='lat' dir='ltr'>Dec.</span> <span class='ocrx_word' id='word_1_470' title='bbox 837 2787 926 2824; x_wconf 82' lang='lat'>1675.</span> <span class='ocrx_word' id='word_1_471' title='bbox 953 2784 984 2816; x_wconf 88' lang='lat' dir='ltr'>in</span> <span class='ocrx_word' id='word_1_472' title='bbox 1002 2785 1067 2825; x_wconf 88' lang='lat' dir='ltr'>qui-</span> 
     </span>
     <span class='ocr_line' id='line_1_69' title="bbox 205 2823 1066 2859; baseline -0.002 0"><span class='ocrx_word' id='word_1_473' title='bbox 205 2828 264 2859; x_wconf 91' lang='lat' dir='ltr'>bus</span> <span class='ocrx_word' id='word_1_474' title='bbox 285 2835 373 2858; x_wconf 86' lang='lat' dir='ltr'>erant</span> <span class='ocrx_word' id='word_1_475' title='bbox 401 2833 612 2858; x_wconf 87' lang='lat' dir='ltr'>mercatorum</span> <span class='ocrx_word' id='word_1_476' title='bbox 641 2823 984 2857; x_wconf 84' lang='lat' dir='ltr'>Amsterdammenssum</span> <span class='ocrx_word' id='word_1_477' title='bbox 1012 2827 1066 2857; x_wconf 91' lang='lat' dir='ltr'>bo-</span> 
     </span>
     <span class='ocr_line' id='line_1_70' title="bbox 207 2865 1068 2909; baseline -0.002 -9"><span class='ocrx_word' id='word_1_478' title='bbox 207 2878 266 2907; x_wconf 82' lang='lat' dir='ltr'>na,</span> <span class='ocrx_word' id='word_1_479' title='bbox 290 2869 319 2899; x_wconf 84' lang='lat'>&amp;</span> <span class='ocrx_word' id='word_1_480' title='bbox 343 2868 374 2899; x_wconf 91' lang='lat' dir='ltr'>in</span> <span class='ocrx_word' id='word_1_481' title='bbox 400 2865 554 2909; x_wconf 87' lang='lat' dir='ltr'>potestate</span> <span class='ocrx_word' id='word_1_482' title='bbox 578 2866 630 2898; x_wconf 90' lang='lat' dir='ltr'>sua</span> <span class='ocrx_word' id='word_1_483' title='bbox 656 2865 831 2898; x_wconf 80' lang='lat' dir='ltr'>habuissent</span> <span class='ocrx_word' id='word_1_484' title='bbox 859 2874 906 2905; x_wconf 89' lang='lat'>14.</span> <span class='ocrx_word' id='word_1_485' title='bbox 922 2865 1010 2904; x_wconf 90' lang='lat' dir='ltr'>dics,</span> <span class='ocrx_word' id='word_1_486' title='bbox 1032 2876 1068 2898; x_wconf 86' lang='lat' dir='ltr'>ac</span> 
     </span>
     <span class='ocr_line' id='line_1_71' title="bbox 206 2906 1067 2948; baseline -0.002 -8"><span class='ocrx_word' id='word_1_487' title='bbox 206 2909 318 2940; x_wconf 81' lang='lat' dir='ltr'>deinde</span> <span class='ocrx_word' id='word_1_488' title='bbox 341 2918 392 2940; x_wconf 83' lang='lat' dir='ltr'>cas</span> <span class='ocrx_word' id='word_1_489' title='bbox 440 2907 632 2940; x_wconf 80' lang='lat' dir='ltr'>erduxissent</span> <span class='ocrx_word' id='word_1_490' title='bbox 656 2908 687 2940; x_wconf 90' lang='lat' dir='ltr'>in</span> <span class='ocrx_word' id='word_1_491' title='bbox 711 2913 837 2948; x_wconf 91' lang='lat' dir='ltr'>portum</span> <span class='ocrx_word' id='word_1_492' title='bbox 863 2906 1067 2946; x_wconf 86' lang='lat' dir='ltr'>Hullensem,</span> 
     </span>
     <span class='ocr_line' id='line_1_72' title="bbox 208 2947 1065 2990; baseline -0.001 -11"><span class='ocrx_word' id='word_1_493' title='bbox 208 2951 260 2989; x_wconf 77' lang='lat' dir='ltr'>qui</span> <span class='ocrx_word' id='word_1_494' title='bbox 286 2949 331 2981; x_wconf 83' lang='lat' dir='ltr'>cst</span> <span class='ocrx_word' id='word_1_495' title='bbox 352 2950 382 2980; x_wconf 87' lang='lat' dir='ltr'>in</span> <span class='ocrx_word' id='word_1_496' title='bbox 434 2949 536 2990; x_wconf 77' lang='lat' dir='ltr'>nglia,</span> <span class='ocrx_word' id='word_1_497' title='bbox 560 2948 644 2980; x_wconf 89' lang='lat' dir='ltr'>aliud</span> <span class='ocrx_word' id='word_1_498' title='bbox 660 2949 754 2980; x_wconf 90' lang='lat' dir='ltr'>video</span> <span class='ocrx_word' id='word_1_499' title='bbox 775 2947 923 2988; x_wconf 87' lang='lat' dir='ltr'>placuisse</span> <span class='ocrx_word' id='word_1_500' title='bbox 940 2947 1065 2979; x_wconf 87' lang='lat' dir='ltr'>Ordini-</span> 
     </span>
     <span class='ocr_line' id='line_1_73' title="bbox 209 2986 1067 3030; baseline -0.001 -9"><span class='ocrx_word' id='word_1_501' title='bbox 209 2990 265 3022; x_wconf 81' lang='lat' dir='ltr'>bus</span> <span class='ocrx_word' id='word_1_502' title='bbox 288 2986 513 3030; x_wconf 80' lang='lat' dir='ltr'>Generalibus,</span> <span class='ocrx_word' id='word_1_503' title='bbox 537 2991 631 3022; x_wconf 86' lang='lat' dir='ltr'>etiam</span> <span class='ocrx_word' id='word_1_504' title='bbox 651 2998 749 3029; x_wconf 87' lang='lat' dir='ltr'>tunc,</span> <span class='ocrx_word' id='word_1_505' title='bbox 772 2998 844 3021; x_wconf 89' lang='lat' dir='ltr'>cum</span> <span class='ocrx_word' id='word_1_506' title='bbox 867 2988 1067 3022; x_wconf 87' lang='lat' dir='ltr'>Admiralitas</span> 
     </span>
    </p>
   </div>
   <div class='ocr_carea' id='block_1_10' title="bbox 210 3103 1063 3183">
    <p class='ocr_par' dir='ltr' id='par_1_12' title="bbox 210 3103 1063 3183">
     <span class='ocr_line' id='line_1_74' title="bbox 247 3103 1063 3153; baseline 0.006 -16"><span class='ocrx_word' id='word_1_507' title='bbox 247 3109 324 3146; x_wconf 69' lang='grc' dir='ltr'>(ιγ)</span> <span class='ocrx_word' id='word_1_508' title='bbox 346 3112 557 3150; x_wconf 81' lang='lat' dir='ltr'>Groenewegen</span> <span class='ocrx_word' id='word_1_509' title='bbox 587 3114 617 3142; x_wconf 79' lang='lat' dir='ltr'>de</span> <span class='ocrx_word' id='word_1_510' title='bbox 638 3106 700 3146; x_wconf 76' lang='lat' dir='ltr'>tt..</span> <span class='ocrx_word' id='word_1_511' title='bbox 727 3113 857 3153; x_wconf 62' lang='lat' dir='ltr'>Arragan.</span> <span class='ocrx_word' id='word_1_512' title='bbox 879 3113 914 3144; x_wconf 83' lang='lat' dir='ltr'>ad</span> <span class='ocrx_word' id='word_1_513' title='bbox 941 3105 961 3145; x_wconf 75' lang='lat'>1&#39;.</span> <span class='ocrx_word' id='word_1_514' title='bbox 984 3120 1011 3144; x_wconf 83' lang='lat'>2.</span> <span class='ocrx_word' id='word_1_515' title='bbox 1032 3103 1063 3142; x_wconf 77' lang='lat' dir='ltr'>ff.</span> 
     </span>
     <span class='ocr_line' id='line_1_75' title="bbox 210 3147 621 3183; baseline 0.017 -9"><span class='ocrx_word' id='word_1_516' title='bbox 210 3147 244 3175; x_wconf 74' lang='lat' dir='ltr'>de</span> <span class='ocrx_word' id='word_1_517' title='bbox 266 3148 348 3183; x_wconf 78' lang='lat' dir='ltr'>Capt.</span> <span class='ocrx_word' id='word_1_518' title='bbox 370 3150 394 3175; x_wconf 72' lang='grc' dir='ltr'>δ(</span> <span class='ocrx_word' id='word_1_519' title='bbox 414 3151 496 3178; x_wconf 80' lang='lat' dir='ltr'>Posti.</span> <span class='ocrx_word' id='word_1_520' title='bbox 520 3153 621 3181; x_wconf 83' lang='lat' dir='ltr'>revers.</span> 
     </span>
    </p>
   </div>
   <div class='ocr_carea' id='block_1_11' title="bbox 247 3185 618 3222">
    <p class='ocr_par' dir='ltr' id='par_1_13' title="bbox 247 3185 618 3222">
     <span class='ocr_line' id='line_1_76' title="bbox 247 3185 618 3222; baseline 0.019 -10"><span class='ocrx_word' id='word_1_521' title='bbox 247 3185 307 3221; x_wconf 74' lang='grc' dir='ltr'>(ι)</span> <span class='ocrx_word' id='word_1_522' title='bbox 329 3186 404 3214; x_wconf 72' lang='lat' dir='ltr'>l‘lnc.</span> <span class='ocrx_word' id='word_1_523' title='bbox 421 3188 456 3215; x_wconf 83' lang='lat' dir='ltr'>V.</span> <span class='ocrx_word' id='word_1_524' title='bbox 481 3197 503 3216; x_wconf 82' lang='lat'>1.</span> <span class='ocrx_word' id='word_1_525' title='bbox 528 3197 571 3222; x_wconf 73' lang='lat'>13.</span> <span class='ocrx_word' id='word_1_526' title='bbox 593 3198 618 3219; x_wconf 89' lang='lat'>2.</span> 
     </span>
    </p>
   </div>
   <div class='ocr_carea' id='block_1_12' title="bbox 1097 644 1974 3060">
    <p class='ocr_par' dir='ltr' id='par_1_14' title="bbox 1097 644 1967 1334">
     <span class='ocr_line' id='line_1_77' title="bbox 1102 644 1959 690; baseline 0.009 -14"><span class='ocrx_word' id='word_1_527' title='bbox 1102 644 1361 686; x_wconf 85' lang='lat' dir='ltr'>Duinkerkenfis,</span> <span class='ocrx_word' id='word_1_528' title='bbox 1394 654 1466 678; x_wconf 83' lang='lat' dir='ltr'>ante</span> <span class='ocrx_word' id='word_1_529' title='bbox 1486 649 1625 682; x_wconf 82' lang='lat' dir='ltr'>reversos</span> <span class='ocrx_word' id='word_1_530' title='bbox 1649 650 1806 690; x_wconf 86' lang='lat' dir='ltr'>Francos,</span> <span class='ocrx_word' id='word_1_531' title='bbox 1836 660 1887 683; x_wconf 88' lang='lat' dir='ltr'>eas</span> <span class='ocrx_word' id='word_1_532' title='bbox 1909 661 1959 684; x_wconf 80' lang='lat' dir='ltr'>na-</span> 
     </span>
     <span class='ocr_line' id='line_1_78' title="bbox 1102 690 1959 732; baseline 0.009 -16"><span class='ocrx_word' id='word_1_533' title='bbox 1102 695 1156 717; x_wconf 85' lang='lat' dir='ltr'>ves</span> <span class='ocrx_word' id='word_1_534' title='bbox 1183 695 1351 728; x_wconf 88' lang='lat' dir='ltr'>earumque</span> <span class='ocrx_word' id='word_1_535' title='bbox 1379 697 1498 720; x_wconf 85' lang='lat' dir='ltr'>merces</span> <span class='ocrx_word' id='word_1_536' title='bbox 1522 690 1728 730; x_wconf 83' lang='lat' dir='ltr'>publicasset,</span> <span class='ocrx_word' id='word_1_537' title='bbox 1750 701 1843 732; x_wconf 80' lang='lat' dir='ltr'>atque</span> <span class='ocrx_word' id='word_1_538' title='bbox 1862 693 1959 724; x_wconf 79' lang='lat' dir='ltr'>etiam</span> 
     </span>
     <span class='ocr_line' id='line_1_79' title="bbox 1101 727 1960 770; baseline 0.008 -12"><span class='ocrx_word' id='word_1_539' title='bbox 1101 727 1209 759; x_wconf 87' lang='lat' dir='ltr'>Franci</span> <span class='ocrx_word' id='word_1_540' title='bbox 1230 728 1383 760; x_wconf 88' lang='lat' dir='ltr'>bonorum</span> <span class='ocrx_word' id='word_1_541' title='bbox 1404 737 1523 770; x_wconf 84' lang='lat' dir='ltr'>pai-tem</span> <span class='ocrx_word' id='word_1_542' title='bbox 1540 732 1745 763; x_wconf 75' lang='lat' dir='ltr'>vendidissent</span> <span class='ocrx_word' id='word_1_543' title='bbox 1763 733 1872 765; x_wconf 89' lang='lat' dir='ltr'>Hulli:</span> <span class='ocrx_word' id='word_1_544' title='bbox 1889 743 1960 765; x_wconf 86' lang='lat' dir='ltr'>nam</span> 
     </span>
     <span class='ocr_line' id='line_1_80' title="bbox 1101 769 1959 811; baseline 0.007 -12"><span class='ocrx_word' id='word_1_545' title='bbox 1101 778 1176 800; x_wconf 87' lang='lat' dir='ltr'>ecce</span> <span class='ocrx_word' id='word_1_546' title='bbox 1202 778 1296 801; x_wconf 89' lang='lat' dir='ltr'>naves</span> <span class='ocrx_word' id='word_1_547' title='bbox 1315 778 1387 801; x_wconf 89' lang='lat' dir='ltr'>cum</span> <span class='ocrx_word' id='word_1_548' title='bbox 1413 769 1531 809; x_wconf 87' lang='lat' dir='ltr'>reliqua</span> <span class='ocrx_word' id='word_1_549' title='bbox 1548 773 1670 811; x_wconf 84' lang='lat' dir='ltr'>praeda,</span> <span class='ocrx_word' id='word_1_550' title='bbox 1692 774 1829 805; x_wconf 90' lang='lat' dir='ltr'>nondum</span> <span class='ocrx_word' id='word_1_551' title='bbox 1853 773 1959 805; x_wconf 85' lang='lat' dir='ltr'>distra-</span> 
     </span>
     <span class='ocr_line' id='line_1_81' title="bbox 1101 809 1959 855; baseline 0.006 -14"><span class='ocrx_word' id='word_1_552' title='bbox 1101 810 1169 848; x_wconf 66' lang='lat' dir='ltr'>(sta,</span> <span class='ocrx_word' id='word_1_553' title='bbox 1192 809 1406 842; x_wconf 89' lang='lat' dir='ltr'>Duinkerkam</span> <span class='ocrx_word' id='word_1_554' title='bbox 1424 818 1619 851; x_wconf 87' lang='lat' dir='ltr'>repetentes,</span> <span class='ocrx_word' id='word_1_555' title='bbox 1639 822 1656 844; x_wconf 91' lang='lat' dir='ltr'>a</span> <span class='ocrx_word' id='word_1_556' title='bbox 1672 813 1816 845; x_wconf 84' lang='lat' dir='ltr'>Zelandis</span> <span class='ocrx_word' id='word_1_557' title='bbox 1834 815 1959 855; x_wconf 87' lang='lat' dir='ltr'>capiun-</span> 
     </span>
     <span class='ocr_line' id='line_1_82' title="bbox 1101 851 1963 895; baseline 0.007 -14"><span class='ocrx_word' id='word_1_558' title='bbox 1101 859 1173 889; x_wconf 88' lang='lat' dir='ltr'>tur,</span> <span class='ocrx_word' id='word_1_559' title='bbox 1197 851 1225 882; x_wconf 82' lang='lat'>&amp;</span> <span class='ocrx_word' id='word_1_560' title='bbox 1250 851 1292 882; x_wconf 90' lang='lat' dir='ltr'>ibi</span> <span class='ocrx_word' id='word_1_561' title='bbox 1314 860 1384 882; x_wconf 92' lang='lat' dir='ltr'>cum</span> <span class='ocrx_word' id='word_1_562' title='bbox 1405 852 1527 892; x_wconf 90' lang='lat' dir='ltr'>reliquo</span> <span class='ocrx_word' id='word_1_563' title='bbox 1545 862 1640 884; x_wconf 92' lang='lat' dir='ltr'>onere</span> <span class='ocrx_word' id='word_1_564' title='bbox 1666 855 1875 895; x_wconf 84' lang='lat' dir='ltr'>publicantur.</span> <span class='ocrx_word' id='word_1_565' title='bbox 1919 856 1963 888; x_wconf 89' lang='lat' dir='ltr'>At</span> 
     </span>
     <span class='ocr_line' id='line_1_83' title="bbox 1101 891 1962 932; baseline 0.007 -10"><span class='ocrx_word' id='word_1_566' title='bbox 1101 902 1179 923; x_wconf 88' lang='lat' dir='ltr'>vero</span> <span class='ocrx_word' id='word_1_567' title='bbox 1197 892 1331 924; x_wconf 88' lang='lat' dir='ltr'>Ordines</span> <span class='ocrx_word' id='word_1_568' title='bbox 1348 891 1519 925; x_wconf 88' lang='lat' dir='ltr'>Generales</span> <span class='ocrx_word' id='word_1_569' title='bbox 1531 916 1541 932; x_wconf 94' lang='lat'>,</span> <span class='ocrx_word' id='word_1_570' title='bbox 1565 904 1600 925; x_wconf 90' lang='lat' dir='ltr'>ea</span> <span class='ocrx_word' id='word_1_571' title='bbox 1615 894 1653 925; x_wconf 90' lang='lat' dir='ltr'>de</span> <span class='ocrx_word' id='word_1_572' title='bbox 1670 905 1703 926; x_wconf 89' lang='lat' dir='ltr'>re</span> <span class='ocrx_word' id='word_1_573' title='bbox 1721 895 1797 926; x_wconf 88' lang='lat' dir='ltr'>aditi</span> <span class='ocrx_word' id='word_1_574' title='bbox 1812 905 1827 926; x_wconf 86' lang='lat' dir='ltr'>a</span> <span class='ocrx_word' id='word_1_575' title='bbox 1848 905 1962 928; x_wconf 90' lang='lat' dir='ltr'>merca-</span> 
     </span>
     <span class='ocr_line' id='line_1_84' title="bbox 1103 932 1962 978; baseline 0.006 -14"><span class='ocrx_word' id='word_1_576' title='bbox 1103 933 1225 965; x_wconf 81' lang='lat' dir='ltr'>toribus</span> <span class='ocrx_word' id='word_1_577' title='bbox 1242 932 1609 972; x_wconf 82' lang='lat' dir='ltr'>Amsterdammenfibus‚</span> <span class='ocrx_word' id='word_1_578' title='bbox 1633 946 1684 978; x_wconf 81' lang='lat'>23.</span> <span class='ocrx_word' id='word_1_579' title='bbox 1710 936 1888 978; x_wconf 72' lang='lat' dir='ltr'>ott.1676.</span> <span class='ocrx_word' id='word_1_580' title='bbox 1911 937 1962 969; x_wconf 92' lang='lat' dir='ltr'>de-</span> 
     </span>
     <span class='ocr_line' id='line_1_85' title="bbox 1102 974 1962 1019; baseline 0.005 -13"><span class='ocrx_word' id='word_1_581' title='bbox 1102 982 1270 1006; x_wconf 87' lang='lat' dir='ltr'>creverunt</span> <span class='ocrx_word' id='word_1_582' title='bbox 1293 974 1372 1016; x_wconf 85' lang='lat'>(2),</span> <span class='ocrx_word' id='word_1_583' title='bbox 1394 983 1575 1016; x_wconf 87' lang='lat' dir='ltr'>recuperata</span> <span class='ocrx_word' id='word_1_584' title='bbox 1599 977 1681 1008; x_wconf 89' lang='lat' dir='ltr'>bona</span> <span class='ocrx_word' id='word_1_585' title='bbox 1700 976 1838 1019; x_wconf 86' lang='lat' dir='ltr'>pristinis</span> <span class='ocrx_word' id='word_1_586' title='bbox 1864 978 1962 1010; x_wconf 86' lang='lat' dir='ltr'>domi-</span> 
     </span>
     <span class='ocr_line' id='line_1_86' title="bbox 1101 1014 1964 1059; baseline 0.005 -12"><span class='ocrx_word' id='word_1_587' title='bbox 1101 1016 1149 1047; x_wconf 90' lang='lat' dir='ltr'>nis</span> <span class='ocrx_word' id='word_1_588' title='bbox 1169 1014 1229 1046; x_wconf 83' lang='lat' dir='ltr'>effe</span> <span class='ocrx_word' id='word_1_589' title='bbox 1246 1015 1455 1054; x_wconf 88' lang='lat' dir='ltr'>restituenda,</span> <span class='ocrx_word' id='word_1_590' title='bbox 1477 1017 1562 1057; x_wconf 91' lang='lat' dir='ltr'>quod</span> <span class='ocrx_word' id='word_1_591' title='bbox 1581 1027 1693 1059; x_wconf 89' lang='lat' dir='ltr'>nempe</span> <span class='ocrx_word' id='word_1_592' title='bbox 1711 1019 1742 1051; x_wconf 88' lang='lat' dir='ltr'>in</span> <span class='ocrx_word' id='word_1_593' title='bbox 1782 1027 1886 1050; x_wconf 88' lang='lat' dir='ltr'>ortum</span> <span class='ocrx_word' id='word_1_594' title='bbox 1910 1019 1964 1051; x_wconf 92' lang='lat' dir='ltr'>ho-</span> 
     </span>
     <span class='ocr_line' id='line_1_87' title="bbox 1102 1055 1966 1100; baseline 0.006 -13"><span class='ocrx_word' id='word_1_595' title='bbox 1102 1056 1154 1088; x_wconf 89' lang='lat' dir='ltr'>stis</span> <span class='ocrx_word' id='word_1_596' title='bbox 1178 1057 1316 1088; x_wconf 89' lang='lat' dir='ltr'>nondum</span> <span class='ocrx_word' id='word_1_597' title='bbox 1342 1055 1473 1088; x_wconf 79' lang='lat' dir='ltr'>fuiss‘ent</span> <span class='ocrx_word' id='word_1_598' title='bbox 1498 1058 1662 1098; x_wconf 72' lang='lat' dir='ltr'>perduCta,</span> <span class='ocrx_word' id='word_1_599' title='bbox 1695 1059 1751 1091; x_wconf 86' lang='lat' dir='ltr'>&amp;i</span> <span class='ocrx_word' id='word_1_600' title='bbox 1778 1060 1785 1090; x_wconf 95' lang='lat' dir='ltr'>i</span> <span class='ocrx_word' id='word_1_601' title='bbox 1807 1060 1966 1100; x_wconf 82' lang='lat' dir='ltr'>publicata</span> 
     </span>
     <span class='ocr_line' id='line_1_88' title="bbox 1107 1096 1965 1141; baseline 0.005 -12"><span class='ocrx_word' id='word_1_602' title='bbox 1107 1098 1136 1129; x_wconf 73' lang='grc' dir='ltr'>ἀ</span> <span class='ocrx_word' id='word_1_603' title='bbox 1163 1096 1312 1130; x_wconf 62' lang='grc' dir='ltr'>ὀίίὶνεξὶα.</span> <span class='ocrx_word' id='word_1_604' title='bbox 1368 1097 1426 1129; x_wconf 88' lang='lat' dir='ltr'>Per</span> <span class='ocrx_word' id='word_1_605' title='bbox 1449 1104 1564 1138; x_wconf 82' lang='lat' dir='ltr'>portum</span> <span class='ocrx_word' id='word_1_606' title='bbox 1589 1098 1674 1140; x_wconf 80' lang='lat' dir='ltr'>hostis</span> <span class='ocrx_word' id='word_1_607' title='bbox 1700 1100 1883 1141; x_wconf 87' lang='lat' dir='ltr'>intelligunt</span> <span class='ocrx_word' id='word_1_608' title='bbox 1909 1101 1965 1133; x_wconf 92' lang='lat' dir='ltr'>ho-</span> 
     </span>
     <span class='ocr_line' id='line_1_89' title="bbox 1107 1138 1967 1180; baseline 0.005 -10"><span class='ocrx_word' id='word_1_609' title='bbox 1107 1138 1203 1178; x_wconf 82' lang='lat' dir='ltr'>stem,</span> <span class='ocrx_word' id='word_1_610' title='bbox 1227 1139 1315 1178; x_wconf 80' lang='lat' dir='ltr'>cujus</span> <span class='ocrx_word' id='word_1_611' title='bbox 1340 1139 1429 1170; x_wconf 90' lang='lat' dir='ltr'>navis</span> <span class='ocrx_word' id='word_1_612' title='bbox 1452 1140 1557 1180; x_wconf 89' lang='lat' dir='ltr'>cepit,</span> <span class='ocrx_word' id='word_1_613' title='bbox 1578 1141 1664 1180; x_wconf 87' lang='lat' dir='ltr'>ajunt</span> <span class='ocrx_word' id='word_1_614' title='bbox 1679 1141 1782 1179; x_wconf 85' lang='lat' dir='ltr'>enim,</span> <span class='ocrx_word' id='word_1_615' title='bbox 1806 1143 1862 1174; x_wconf 80' lang='lat' dir='ltr'>den</span> <span class='ocrx_word' id='word_1_616' title='bbox 1885 1153 1967 1174; x_wconf 82' lang='lat' dir='ltr'>voor-</span> 
     </span>
     <span class='ocr_line' id='line_1_90' title="bbox 1097 1179 1966 1225; baseline 0.006 -15"><span class='ocrx_word' id='word_1_617' title='bbox 1097 1180 1219 1220; x_wconf 82' lang='lat' dir='ltr'>schreve</span> <span class='ocrx_word' id='word_1_618' title='bbox 1237 1181 1356 1220; x_wconf 71' lang='lat' dir='ltr'>vyand,</span> <span class='ocrx_word' id='word_1_619' title='bbox 1371 1186 1406 1210; x_wconf 91' lang='lat' dir='ltr'>ut</span> <span class='ocrx_word' id='word_1_620' title='bbox 1418 1179 1464 1225; x_wconf 36' lang='lat' dir='ltr'>‚fic</span> <span class='ocrx_word' id='word_1_621' title='bbox 1481 1190 1545 1212; x_wconf 91' lang='lat' dir='ltr'>non</span> <span class='ocrx_word' id='word_1_622' title='bbox 1559 1180 1715 1214; x_wconf 85' lang='lat' dir='ltr'>suffecerit</span> <span class='ocrx_word' id='word_1_623' title='bbox 1732 1181 1854 1215; x_wconf 74' lang='lat' dir='ltr'>subiisse</span> <span class='ocrx_word' id='word_1_624' title='bbox 1870 1184 1966 1216; x_wconf 83' lang='lat' dir='ltr'>alium</span> 
     </span>
     <span class='ocr_line' id='line_1_91' title="bbox 1107 1220 1966 1261; baseline 0.007 -11"><span class='ocrx_word' id='word_1_625' title='bbox 1107 1228 1254 1261; x_wconf 83' lang='lat' dir='ltr'>portum,</span> <span class='ocrx_word' id='word_1_626' title='bbox 1289 1221 1341 1251; x_wconf 89' lang='lat' dir='ltr'>vel</span> <span class='ocrx_word' id='word_1_627' title='bbox 1364 1220 1491 1257; x_wconf 70' lang='lat' dir='ltr'>amici,</span> <span class='ocrx_word' id='word_1_628' title='bbox 1509 1221 1561 1253; x_wconf 93' lang='lat' dir='ltr'>vel</span> <span class='ocrx_word' id='word_1_629' title='bbox 1594 1222 1669 1254; x_wconf 88' lang='lat' dir='ltr'>belli</span> <span class='ocrx_word' id='word_1_630' title='bbox 1699 1222 1786 1255; x_wconf 89' lang='lat' dir='ltr'>socii.</span> <span class='ocrx_word' id='word_1_631' title='bbox 1836 1225 1966 1257; x_wconf 87' lang='lat' dir='ltr'>Zelandi</span> 
     </span>
     <span class='ocr_line' id='line_1_92' title="bbox 1106 1259 1966 1302; baseline 0.006 -10"><span class='ocrx_word' id='word_1_632' title='bbox 1106 1263 1192 1302; x_wconf 81' lang='lat' dir='ltr'>jure,</span> <span class='ocrx_word' id='word_1_633' title='bbox 1215 1260 1350 1292; x_wconf 89' lang='lat' dir='ltr'>Ordines</span> <span class='ocrx_word' id='word_1_634' title='bbox 1366 1259 1537 1292; x_wconf 90' lang='lat' dir='ltr'>Generales</span> <span class='ocrx_word' id='word_1_635' title='bbox 1556 1262 1742 1295; x_wconf 69' lang='lat' dir='ltr'>auctoritate</span> <span class='ocrx_word' id='word_1_636' title='bbox 1759 1265 1836 1296; x_wconf 88' lang='lat' dir='ltr'>mihi</span> <span class='ocrx_word' id='word_1_637' title='bbox 1857 1265 1966 1297; x_wconf 84' lang='lat' dir='ltr'>viden-</span> 
     </span>
     <span class='ocr_line' id='line_1_93' title="bbox 1108 1301 1296 1334; baseline 0 0"><span class='ocrx_word' id='word_1_638' title='bbox 1108 1310 1159 1334; x_wconf 90' lang='lat' dir='ltr'>tur</span> <span class='ocrx_word' id='word_1_639' title='bbox 1177 1301 1296 1334; x_wconf 88' lang='lat' dir='ltr'>vicisse.</span> 
     </span>
    </p>

    <p class='ocr_par' dir='ltr' id='par_1_15' title="bbox 1107 1342 1974 2293">
     <span class='ocr_line' id='line_1_94' title="bbox 1150 1342 1968 1390; baseline 0.009 -16"><span class='ocrx_word' id='word_1_640' title='bbox 1150 1342 1298 1375; x_wconf 88' lang='lat' dir='ltr'>Hostium</span> <span class='ocrx_word' id='word_1_641' title='bbox 1313 1343 1410 1386; x_wconf 87' lang='lat' dir='ltr'>igitur</span> <span class='ocrx_word' id='word_1_642' title='bbox 1426 1344 1507 1377; x_wconf 90' lang='lat' dir='ltr'>fiunt</span> <span class='ocrx_word' id='word_1_643' title='bbox 1529 1354 1645 1385; x_wconf 85' lang='lat' dir='ltr'>naves,</span> <span class='ocrx_word' id='word_1_644' title='bbox 1670 1346 1708 1378; x_wconf 90' lang='lat' dir='ltr'>ab</span> <span class='ocrx_word' id='word_1_645' title='bbox 1731 1346 1770 1378; x_wconf 86' lang='lat' dir='ltr'>iis</span> <span class='ocrx_word' id='word_1_646' title='bbox 1793 1354 1911 1390; x_wconf 85' lang='lat' dir='ltr'>captae‚</span> <span class='ocrx_word' id='word_1_647' title='bbox 1935 1348 1968 1381; x_wconf 87' lang='lat'>&amp;</span> 
     </span>
     <span class='ocr_line' id='line_1_95' title="bbox 1109 1383 1969 1428; baseline 0.005 -11"><span class='ocrx_word' id='word_1_648' title='bbox 1109 1386 1139 1417; x_wconf 92' lang='lat' dir='ltr'>in</span> <span class='ocrx_word' id='word_1_649' title='bbox 1159 1392 1269 1425; x_wconf 88' lang='lat' dir='ltr'>portus</span> <span class='ocrx_word' id='word_1_650' title='bbox 1296 1383 1366 1416; x_wconf 79' lang='lat' dir='ltr'>sues</span> <span class='ocrx_word' id='word_1_651' title='bbox 1393 1386 1558 1426; x_wconf 66' lang='lat' dir='ltr'>perducta.</span> <span class='ocrx_word' id='word_1_652' title='bbox 1603 1388 1662 1419; x_wconf 90' lang='lat' dir='ltr'>Sed</span> <span class='ocrx_word' id='word_1_653' title='bbox 1681 1387 1756 1428; x_wconf 89' lang='lat' dir='ltr'>quid</span> <span class='ocrx_word' id='word_1_654' title='bbox 1782 1387 1804 1420; x_wconf 82' lang='lat' dir='ltr'><strong>fi</strong></span> <span class='ocrx_word' id='word_1_655' title='bbox 1832 1390 1969 1422; x_wconf 86' lang='lat' dir='ltr'>nondum</span> 
     </span>
     <span class='ocr_line' id='line_1_96' title="bbox 1108 1425 1968 1470; baseline 0.007 -13"><span class='ocrx_word' id='word_1_656' title='bbox 1108 1426 1265 1468; x_wconf 75' lang='lat' dir='ltr'>perduCtae</span> <span class='ocrx_word' id='word_1_657' title='bbox 1282 1425 1423 1465; x_wconf 88' lang='lat' dir='ltr'>fuerint,</span> <span class='ocrx_word' id='word_1_658' title='bbox 1446 1426 1593 1462; x_wconf 84' lang='lat' dir='ltr'>h-aeserint</span> <span class='ocrx_word' id='word_1_659' title='bbox 1610 1436 1711 1460; x_wconf 88' lang='lat' dir='ltr'>tamen</span> <span class='ocrx_word' id='word_1_660' title='bbox 1729 1428 1918 1470; x_wconf 87' lang='lat' dir='ltr'>aliquamdiu</span> <span class='ocrx_word' id='word_1_661' title='bbox 1936 1431 1968 1464; x_wconf 84' lang='lat' dir='ltr'>in</span> 
     </span>
     <span class='ocr_line' id='line_1_97' title="bbox 1108 1467 1967 1512; baseline 0.007 -14"><span class='ocrx_word' id='word_1_662' title='bbox 1108 1475 1205 1509; x_wconf 86' lang='lat' dir='ltr'>portu</span> <span class='ocrx_word' id='word_1_663' title='bbox 1220 1467 1312 1499; x_wconf 87' lang='lat' dir='ltr'>amici</span> <span class='ocrx_word' id='word_1_664' title='bbox 1330 1468 1382 1499; x_wconf 93' lang='lat' dir='ltr'>vel</span> <span class='ocrx_word' id='word_1_665' title='bbox 1400 1468 1499 1508; x_wconf 88' lang='lat' dir='ltr'>socii,</span> <span class='ocrx_word' id='word_1_666' title='bbox 1523 1469 1574 1500; x_wconf 89' lang='lat' dir='ltr'>vel</span> <span class='ocrx_word' id='word_1_667' title='bbox 1603 1470 1820 1511; x_wconf 89' lang='lat' dir='ltr'>navigaverint</span> <span class='ocrx_word' id='word_1_668' title='bbox 1843 1479 1897 1512; x_wconf 89' lang='lat' dir='ltr'>per</span> <span class='ocrx_word' id='word_1_669' title='bbox 1911 1472 1967 1504; x_wconf 85' lang='lat' dir='ltr'>ali-</span> 
     </span>
     <span class='ocr_line' id='line_1_98' title="bbox 1108 1509 1970 1554; baseline 0.007 -15"><span class='ocrx_word' id='word_1_670' title='bbox 1108 1509 1192 1550; x_wconf 93' lang='lat' dir='ltr'>quod</span> <span class='ocrx_word' id='word_1_671' title='bbox 1209 1516 1330 1549; x_wconf 88' lang='lat' dir='ltr'>tempus</span> <span class='ocrx_word' id='word_1_672' title='bbox 1349 1518 1421 1541; x_wconf 91' lang='lat' dir='ltr'>cum</span> <span class='ocrx_word' id='word_1_673' title='bbox 1437 1519 1518 1541; x_wconf 90' lang='lat' dir='ltr'>nave</span> <span class='ocrx_word' id='word_1_674' title='bbox 1537 1510 1658 1542; x_wconf 70' lang='lat' dir='ltr'>victore</span> <span class='ocrx_word' id='word_1_675' title='bbox 1670 1511 1688 1542; x_wconf 74' lang='lat'>¹?</span> <span class='ocrx_word' id='word_1_676' title='bbox 1710 1512 1808 1551; x_wconf 87' lang='lat' dir='ltr'>Sane,</span> <span class='ocrx_word' id='word_1_677' title='bbox 1829 1512 1850 1545; x_wconf 88' lang='lat' dir='ltr'>fi</span> <span class='ocrx_word' id='word_1_678' title='bbox 1869 1512 1970 1554; x_wconf 81' lang='lat' dir='ltr'>Leges</span> 
     </span>
     <span class='ocr_line' id='line_1_99' title="bbox 1108 1549 1968 1594; baseline 0.006 -13"><span class='ocrx_word' id='word_1_679' title='bbox 1108 1551 1227 1591; x_wconf 89' lang='lat' dir='ltr'>patrias</span> <span class='ocrx_word' id='word_1_680' title='bbox 1254 1549 1501 1590; x_wconf 88' lang='lat' dir='ltr'>confideremus,</span> <span class='ocrx_word' id='word_1_681' title='bbox 1533 1551 1554 1584; x_wconf 82' lang='lat' dir='ltr'><strong>fi</strong></span> <span class='ocrx_word' id='word_1_682' title='bbox 1572 1551 1775 1585; x_wconf 67' lang='lat' dir='ltr'>auctoritates</span> <span class='ocrx_word' id='word_1_683' title='bbox 1797 1553 1968 1594; x_wconf 85' lang='lat' dir='ltr'>JCtorum,</span> 
     </span>
     <span class='ocr_line' id='line_1_100' title="bbox 1108 1591 1971 1633; baseline 0.006 -11"><span class='ocrx_word' id='word_1_684' title='bbox 1108 1592 1161 1633; x_wconf 92' lang='lat' dir='ltr'>qui</span> <span class='ocrx_word' id='word_1_685' title='bbox 1180 1592 1219 1623; x_wconf 91' lang='lat' dir='ltr'>de</span> <span class='ocrx_word' id='word_1_686' title='bbox 1241 1591 1379 1623; x_wconf 89' lang='lat' dir='ltr'>moribus</span> <span class='ocrx_word' id='word_1_687' title='bbox 1398 1591 1604 1633; x_wconf 88' lang='lat' dir='ltr'>scripserunt,</span> <span class='ocrx_word' id='word_1_688' title='bbox 1626 1593 1684 1625; x_wconf 84' lang='lat' dir='ltr'>vix</span> <span class='ocrx_word' id='word_1_689' title='bbox 1702 1592 1763 1633; x_wconf 88' lang='lat' dir='ltr'>est,</span> <span class='ocrx_word' id='word_1_690' title='bbox 1788 1602 1823 1626; x_wconf 88' lang='lat' dir='ltr'>ut</span> <span class='ocrx_word' id='word_1_691' title='bbox 1850 1594 1971 1627; x_wconf 85' lang='lat' dir='ltr'>diutur-</span> 
     </span>
     <span class='ocr_line' id='line_1_101' title="bbox 1107 1633 1971 1675; baseline 0.005 -11"><span class='ocrx_word' id='word_1_692' title='bbox 1107 1633 1187 1665; x_wconf 84' lang='lat' dir='ltr'>nitas</span> <span class='ocrx_word' id='word_1_693' title='bbox 1212 1633 1381 1673; x_wconf 85' lang='lat' dir='ltr'>temporis,-</span> <span class='ocrx_word' id='word_1_694' title='bbox 1414 1642 1455 1666; x_wconf 86' lang='lat' dir='ltr'>ex</span> <span class='ocrx_word' id='word_1_695' title='bbox 1472 1643 1535 1675; x_wconf 89' lang='lat' dir='ltr'>quo</span> <span class='ocrx_word' id='word_1_696' title='bbox 1554 1643 1651 1665; x_wconf 84' lang='lat' dir='ltr'>naves</span> <span class='ocrx_word' id='word_1_697' title='bbox 1675 1643 1776 1675; x_wconf 86' lang='lat' dir='ltr'>captae</span> <span class='ocrx_word' id='word_1_698' title='bbox 1801 1635 1893 1675; x_wconf 89' lang='lat' dir='ltr'>sunt,</span> <span class='ocrx_word' id='word_1_699' title='bbox 1916 1637 1971 1672; x_wconf 79' lang='lat' dir='ltr'>vel</span> 
     </span>
     <span class='ocr_line' id='line_1_102' title="bbox 1107 1673 1971 1718; baseline 0.005 -13"><span class='ocrx_word' id='word_1_700' title='bbox 1107 1673 1224 1713; x_wconf 87' lang='lat' dir='ltr'>statio,</span> <span class='ocrx_word' id='word_1_701' title='bbox 1255 1674 1350 1706; x_wconf 89' lang='lat' dir='ltr'>etiam</span> <span class='ocrx_word' id='word_1_702' title='bbox 1370 1674 1537 1715; x_wconf 86' lang='lat' dir='ltr'>tutiffima,</span> <span class='ocrx_word' id='word_1_703' title='bbox 1561 1675 1735 1708; x_wconf 88' lang='lat' dir='ltr'>dominium</span> <span class='ocrx_word' id='word_1_704' title='bbox 1760 1676 1971 1718; x_wconf 83' lang='lat' dir='ltr'>transferant,</span> 
     </span>
     <span class='ocr_line' id='line_1_103' title="bbox 1108 1715 1974 1759; baseline 0.002 -11"><span class='ocrx_word' id='word_1_705' title='bbox 1108 1715 1165 1748; x_wconf 87' lang='lat' dir='ltr'>nifi</span> <span class='ocrx_word' id='word_1_706' title='bbox 1189 1716 1218 1747; x_wconf 86' lang='lat'>&amp;</span> <span class='ocrx_word' id='word_1_707' title='bbox 1242 1715 1420 1756; x_wconf 70' lang='lat' dir='ltr'>perductio,</span> <span class='ocrx_word' id='word_1_708' title='bbox 1451 1715 1489 1747; x_wconf 87' lang='lat' dir='ltr'>ad</span> <span class='ocrx_word' id='word_1_709' title='bbox 1512 1724 1640 1758; x_wconf 88' lang='lat' dir='ltr'>portum</span> <span class='ocrx_word' id='word_1_710' title='bbox 1664 1716 1802 1749; x_wconf 86' lang='lat' dir='ltr'>accedat.</span> <span class='ocrx_word' id='word_1_711' title='bbox 1856 1717 1974 1759; x_wconf 87' lang='lat' dir='ltr'>Unde,</span> 
     </span>
     <span class='ocr_line' id='line_1_104' title="bbox 1109 1756 1973 1800; baseline 0.002 -11"><span class='ocrx_word' id='word_1_712' title='bbox 1109 1757 1161 1798; x_wconf 90' lang='lat' dir='ltr'>qui</span> <span class='ocrx_word' id='word_1_713' title='bbox 1182 1756 1221 1788; x_wconf 91' lang='lat' dir='ltr'>de</span> <span class='ocrx_word' id='word_1_714' title='bbox 1239 1757 1307 1797; x_wconf 81' lang='lat' dir='ltr'>J&#39;ure</span> <span class='ocrx_word' id='word_1_715' title='bbox 1324 1756 1532 1798; x_wconf 75' lang='lat' dir='ltr'>respondent,</span> <span class='ocrx_word' id='word_1_716' title='bbox 1542 1757 1724 1798; x_wconf 77' lang='lat' dir='ltr'>simpliciter</span> <span class='ocrx_word' id='word_1_717' title='bbox 1741 1757 1973 1800; x_wconf 81' lang='lat' dir='ltr'>scribunt&lt;3)‚</span> 
     </span>
     <span class='ocr_line' id='line_1_105' title="bbox 1111 1798 1972 1841; baseline 0.003 -12"><span class='ocrx_word' id='word_1_718' title='bbox 1111 1807 1327 1840; x_wconf 78' lang='lat' dir='ltr'>quaecunque,</span> <span class='ocrx_word' id='word_1_719' title='bbox 1357 1805 1521 1839; x_wconf 88' lang='lat' dir='ltr'>antequam</span> <span class='ocrx_word' id='word_1_720' title='bbox 1537 1798 1569 1830; x_wconf 88' lang='lat' dir='ltr'>in</span> <span class='ocrx_word' id='word_1_721' title='bbox 1595 1798 1730 1831; x_wconf 86' lang='lat' dir='ltr'>hostium</span> <span class='ocrx_word' id='word_1_722' title='bbox 1753 1808 1878 1840; x_wconf 91' lang='lat' dir='ltr'>portum</span> <span class='ocrx_word' id='word_1_723' title='bbox 1899 1810 1972 1841; x_wconf 88' lang='lat' dir='ltr'>pcr-</span> 
     </span>
     <span class='ocr_line' id='line_1_106' title="bbox 1110 1839 1973 1881; baseline 0.002 -10"><span class='ocrx_word' id='word_1_724' title='bbox 1110 1841 1316 1878; x_wconf 85' lang='lat' dir='ltr'>ducerentur,</span> <span class='ocrx_word' id='word_1_725' title='bbox 1327 1848 1509 1880; x_wconf 90' lang='lat' dir='ltr'>recuperata</span> <span class='ocrx_word' id='word_1_726' title='bbox 1528 1839 1599 1872; x_wconf 88' lang='lat' dir='ltr'>sunt</span> <span class='ocrx_word' id='word_1_727' title='bbox 1611 1864 1619 1875; x_wconf 80' lang='grc'>,</span> <span class='ocrx_word' id='word_1_728' title='bbox 1632 1839 1857 1881; x_wconf 88' lang='lat' dir='ltr'>postliminium</span> <span class='ocrx_word' id='word_1_729' title='bbox 1875 1841 1973 1873; x_wconf 84' lang='lat' dir='ltr'>habe-</span> 
     </span>
     <span class='ocr_line' id='line_1_107' title="bbox 1110 1880 1972 1923; baseline 0.002 -10"><span class='ocrx_word' id='word_1_730' title='bbox 1110 1891 1144 1913; x_wconf 90' lang='lat' dir='ltr'>re</span> <span class='ocrx_word' id='word_1_731' title='bbox 1156 1903 1167 1919; x_wconf 95' lang='lat'>‚</span> <span class='ocrx_word' id='word_1_732' title='bbox 1189 1880 1245 1913; x_wconf 82' lang='lat' dir='ltr'>etsi</span> <span class='ocrx_word' id='word_1_733' title='bbox 1260 1890 1314 1921; x_wconf 91' lang='lat' dir='ltr'>per</span> <span class='ocrx_word' id='word_1_734' title='bbox 1336 1880 1456 1912; x_wconf 89' lang='lat' dir='ltr'>menses</span> <span class='ocrx_word' id='word_1_735' title='bbox 1471 1880 1591 1921; x_wconf 90' lang='lat' dir='ltr'>aliquot</span> <span class='ocrx_word' id='word_1_736' title='bbox 1605 1880 1724 1912; x_wconf 88' lang='lat' dir='ltr'>fuerint</span> <span class='ocrx_word' id='word_1_737' title='bbox 1743 1889 1850 1922; x_wconf 84' lang='lat' dir='ltr'>capta,</span> <span class='ocrx_word' id='word_1_738' title='bbox 1874 1890 1972 1923; x_wconf 79' lang='lat' dir='ltr'>atque</span> 
     </span>
     <span class='ocr_line' id='line_1_108' title="bbox 1111 1921 1971 1963; baseline 0.001 -9"><span class='ocrx_word' id='word_1_739' title='bbox 1111 1923 1204 1954; x_wconf 90' lang='lat' dir='ltr'>etiam</span> <span class='ocrx_word' id='word_1_740' title='bbox 1233 1921 1378 1953; x_wconf 87' lang='lat' dir='ltr'>haeserint</span> <span class='ocrx_word' id='word_1_741' title='bbox 1403 1922 1435 1954; x_wconf 92' lang='lat' dir='ltr'>in</span> <span class='ocrx_word' id='word_1_742' title='bbox 1462 1929 1556 1962; x_wconf 87' lang='lat' dir='ltr'>portu</span> <span class='ocrx_word' id='word_1_743' title='bbox 1582 1922 1759 1954; x_wconf 89' lang='lat' dir='ltr'>communis</span> <span class='ocrx_word' id='word_1_744' title='bbox 1779 1923 1892 1963; x_wconf 92' lang='lat' dir='ltr'>amici,</span> <span class='ocrx_word' id='word_1_745' title='bbox 1912 1923 1971 1958; x_wconf 80' lang='lat' dir='ltr'>nisi</span> 
     </span>
     <span class='ocr_line' id='line_1_109' title="bbox 1111 1961 1971 2004; baseline 0.001 -8"><span class='ocrx_word' id='word_1_746' title='bbox 1111 1964 1195 1996; x_wconf 90' lang='lat' dir='ltr'>enim</span> <span class='ocrx_word' id='word_1_747' title='bbox 1219 1961 1323 1994; x_wconf 88' lang='lat' dir='ltr'>hostes</span> <span class='ocrx_word' id='word_1_748' title='bbox 1354 1963 1386 1995; x_wconf 89' lang='lat' dir='ltr'>in</span> <span class='ocrx_word' id='word_1_749' title='bbox 1408 1961 1496 1994; x_wconf 87' lang='lat' dir='ltr'>suum</span> <span class='ocrx_word' id='word_1_750' title='bbox 1522 1970 1649 2004; x_wconf 88' lang='lat' dir='ltr'>portum</span> <span class='ocrx_word' id='word_1_751' title='bbox 1675 1963 1882 2003; x_wconf 83' lang='lat' dir='ltr'>deduxerint,</span> <span class='ocrx_word' id='word_1_752' title='bbox 1909 1965 1971 1997; x_wconf 90' lang='lat' dir='ltr'>ho-</span> 
     </span>
     <span class='ocr_line' id='line_1_110' title="bbox 1111 2003 1970 2047; baseline 0.001 -10"><span class='ocrx_word' id='word_1_753' title='bbox 1111 2004 1203 2037; x_wconf 87' lang='lat' dir='ltr'>stium</span> <span class='ocrx_word' id='word_1_754' title='bbox 1219 2013 1284 2035; x_wconf 92' lang='lat' dir='ltr'>non</span> <span class='ocrx_word' id='word_1_755' title='bbox 1301 2003 1376 2035; x_wconf 89' lang='lat' dir='ltr'>fieri.</span> <span class='ocrx_word' id='word_1_756' title='bbox 1422 2004 1533 2036; x_wconf 89' lang='lat' dir='ltr'>Suavis</span> <span class='ocrx_word' id='word_1_757' title='bbox 1559 2004 1602 2035; x_wconf 90' lang='lat' dir='ltr'>ibi</span> <span class='ocrx_word' id='word_1_758' title='bbox 1623 2003 1724 2036; x_wconf 82' lang='lat' dir='ltr'>sermo</span> <span class='ocrx_word' id='word_1_759' title='bbox 1747 2004 1792 2036; x_wconf 86' lang='lat' dir='ltr'>est</span> <span class='ocrx_word' id='word_1_760' title='bbox 1807 2005 1846 2036; x_wconf 89' lang='lat' dir='ltr'>dc</span> <span class='ocrx_word' id='word_1_761' title='bbox 1861 2005 1970 2047; x_wconf 89' lang='lat' dir='ltr'>postli-</span> 
     </span>
     <span class='ocr_line' id='line_1_111' title="bbox 1110 2043 1971 2087; baseline 0.001 -9"><span class='ocrx_word' id='word_1_762' title='bbox 1110 2046 1229 2083; x_wconf 87' lang='lat' dir='ltr'>minio,</span> <span class='ocrx_word' id='word_1_763' title='bbox 1252 2053 1344 2083; x_wconf 89' lang='lat' dir='ltr'>nam,</span> <span class='ocrx_word' id='word_1_764' title='bbox 1368 2044 1422 2085; x_wconf 92' lang='lat' dir='ltr'>qui</span> <span class='ocrx_word' id='word_1_765' title='bbox 1444 2043 1566 2084; x_wconf 88' lang='lat' dir='ltr'>sciunt,</span> <span class='ocrx_word' id='word_1_766' title='bbox 1590 2045 1664 2085; x_wconf 89' lang='lat' dir='ltr'>quid</span> <span class='ocrx_word' id='word_1_767' title='bbox 1687 2044 1896 2086; x_wconf 77' lang='lat' dir='ltr'>postliminium</span> <span class='ocrx_word' id='word_1_768' title='bbox 1913 2046 1971 2087; x_wconf 79' lang='lat' dir='ltr'>lit,</span> 
     </span>
     <span class='ocr_line' id='line_1_112' title="bbox 1110 2085 1970 2129; baseline 0.001 -10"><span class='ocrx_word' id='word_1_769' title='bbox 1110 2087 1212 2119; x_wconf 91' lang='lat' dir='ltr'>sciunt</span> <span class='ocrx_word' id='word_1_770' title='bbox 1236 2094 1361 2127; x_wconf 90' lang='lat' dir='ltr'>quoque</span> <span class='ocrx_word' id='word_1_771' title='bbox 1386 2094 1451 2117; x_wconf 89' lang='lat' dir='ltr'>non</span> <span class='ocrx_word' id='word_1_772' title='bbox 1474 2085 1552 2125; x_wconf 75' lang='lat' dir='ltr'>ess‘e,</span> <span class='ocrx_word' id='word_1_773' title='bbox 1573 2086 1629 2118; x_wconf 85' lang='lat' dir='ltr'>nifi</span> <span class='ocrx_word' id='word_1_774' title='bbox 1649 2086 1733 2127; x_wconf 81' lang='lat' dir='ltr'>eJ&#39;us,</span> <span class='ocrx_word' id='word_1_775' title='bbox 1758 2087 1842 2129; x_wconf 88' lang='lat' dir='ltr'>quod</span> <span class='ocrx_word' id='word_1_776' title='bbox 1860 2087 1892 2120; x_wconf 89' lang='lat' dir='ltr'>in</span> <span class='ocrx_word' id='word_1_777' title='bbox 1914 2087 1970 2120; x_wconf 89' lang='lat' dir='ltr'>ho-</span> 
     </span>
     <span class='ocr_line' id='line_1_113' title="bbox 1111 2127 1970 2170; baseline 0.001 -10"><span class='ocrx_word' id='word_1_778' title='bbox 1111 2127 1203 2160; x_wconf 90' lang='lat' dir='ltr'>stium</span> <span class='ocrx_word' id='word_1_779' title='bbox 1219 2127 1393 2159; x_wconf 91' lang='lat' dir='ltr'>dominium</span> <span class='ocrx_word' id='word_1_780' title='bbox 1408 2134 1481 2158; x_wconf 87' lang='lat' dir='ltr'>ante</span> <span class='ocrx_word' id='word_1_781' title='bbox 1498 2127 1665 2159; x_wconf 87' lang='lat' dir='ltr'>tranfierat.</span> <span class='ocrx_word' id='word_1_782' title='bbox 1690 2127 1869 2161; x_wconf 89' lang='lat' dir='ltr'>Dicendum</span> <span class='ocrx_word' id='word_1_783' title='bbox 1882 2137 1970 2170; x_wconf 83' lang='lat' dir='ltr'>erat,</span> 
     </span>
     <span class='ocr_line' id='line_1_114' title="bbox 1111 2167 1970 2209; baseline 0.002 -8"><span class='ocrx_word' id='word_1_784' title='bbox 1111 2177 1184 2202; x_wconf 89' lang='lat' dir='ltr'>ante</span> <span class='ocrx_word' id='word_1_785' title='bbox 1198 2167 1417 2200; x_wconf 59' lang='lat' dir='ltr'>deductionem</span> <span class='ocrx_word' id='word_1_786' title='bbox 1439 2168 1471 2200; x_wconf 92' lang='lat' dir='ltr'>in</span> <span class='ocrx_word' id='word_1_787' title='bbox 1488 2176 1616 2209; x_wconf 88' lang='lat' dir='ltr'>portum</span> <span class='ocrx_word' id='word_1_788' title='bbox 1634 2177 1684 2200; x_wconf 86' lang='lat' dir='ltr'>res</span> <span class='ocrx_word' id='word_1_789' title='bbox 1707 2179 1771 2201; x_wconf 93' lang='lat' dir='ltr'>non</span> <span class='ocrx_word' id='word_1_790' title='bbox 1793 2168 1855 2202; x_wconf 83' lang='lat' dir='ltr'>effe</span> <span class='ocrx_word' id='word_1_791' title='bbox 1875 2169 1970 2204; x_wconf 75' lang='lat' dir='ltr'>factas</span> 
     </span>
     <span class='ocr_line' id='line_1_115' title="bbox 1111 2209 1970 2253; baseline 0.001 -11"><span class='ocrx_word' id='word_1_792' title='bbox 1111 2209 1244 2242; x_wconf 90' lang='lat' dir='ltr'>hostium</span> <span class='ocrx_word' id='word_1_793' title='bbox 1254 2231 1266 2248; x_wconf 89' lang='lat'>,</span> <span class='ocrx_word' id='word_1_794' title='bbox 1286 2209 1336 2241; x_wconf 90' lang='lat' dir='ltr'>sed</span> <span class='ocrx_word' id='word_1_795' title='bbox 1360 2209 1532 2241; x_wconf 85' lang='lat' dir='ltr'>remanfiffe</span> <span class='ocrx_word' id='word_1_796' title='bbox 1550 2210 1663 2250; x_wconf 90' lang='lat' dir='ltr'>prioris</span> <span class='ocrx_word' id='word_1_797' title='bbox 1682 2210 1822 2250; x_wconf 89' lang='lat' dir='ltr'>domini,</span> <span class='ocrx_word' id='word_1_798' title='bbox 1844 2220 1970 2253; x_wconf 85' lang='lat' dir='ltr'>recupe-</span> 
     </span>
     <span class='ocr_line' id='line_1_116' title="bbox 1111 2250 1877 2293; baseline 0.003 -10"><span class='ocrx_word' id='word_1_799' title='bbox 1111 2260 1192 2283; x_wconf 87' lang='lat' dir='ltr'>ratas</span> <span class='ocrx_word' id='word_1_800' title='bbox 1209 2251 1306 2293; x_wconf 81' lang='lat' dir='ltr'>igitur</span> <span class='ocrx_word' id='word_1_801' title='bbox 1327 2250 1355 2281; x_wconf 89' lang='lat' dir='ltr'>ei</span> <span class='ocrx_word' id='word_1_802' title='bbox 1373 2250 1504 2289; x_wconf 83' lang='lat' dir='ltr'>cedere,</span> <span class='ocrx_word' id='word_1_803' title='bbox 1527 2251 1557 2282; x_wconf 91' lang='lat'>&amp;</span> <span class='ocrx_word' id='word_1_804' title='bbox 1575 2260 1638 2283; x_wconf 91' lang='lat' dir='ltr'>non</span> <span class='ocrx_word' id='word_1_805' title='bbox 1656 2253 1877 2293; x_wconf 86' lang='lat' dir='ltr'>recuperatori.</span> 
     </span>
    </p>

    <p class='ocr_par' dir='ltr' id='par_1_16' title="bbox 1109 2290 1972 3029">
     <span class='ocr_line' id='line_1_117' title="bbox 1123 2290 1970 2333; baseline 0.001 -8"><span class='ocrx_word' id='word_1_806' title='bbox 1123 2325 1125 2328; x_wconf 18' lang='grc' dir='ltr'><em>Α</em></span> <span class='ocrx_word' id='word_1_807' title='bbox 1153 2292 1214 2325; x_wconf 93' lang='lat' dir='ltr'>Sed</span> <span class='ocrx_word' id='word_1_808' title='bbox 1233 2291 1311 2323; x_wconf 88' lang='lat' dir='ltr'>utile</span> <span class='ocrx_word' id='word_1_809' title='bbox 1335 2292 1396 2323; x_wconf 93' lang='lat' dir='ltr'>erit</span> <span class='ocrx_word' id='word_1_810' title='bbox 1420 2290 1521 2333; x_wconf 84' lang='lat' dir='ltr'>Leges</span> <span class='ocrx_word' id='word_1_811' title='bbox 1547 2291 1666 2324; x_wconf 81' lang='lat' dir='ltr'>Pati-ias</span> <span class='ocrx_word' id='word_1_812' title='bbox 1690 2302 1727 2324; x_wconf 88' lang='lat' dir='ltr'>ea</span> <span class='ocrx_word' id='word_1_813' title='bbox 1749 2293 1788 2325; x_wconf 91' lang='lat' dir='ltr'>de</span> <span class='ocrx_word' id='word_1_814' title='bbox 1813 2302 1848 2326; x_wconf 91' lang='lat' dir='ltr'>re</span> <span class='ocrx_word' id='word_1_815' title='bbox 1861 2293 1970 2326; x_wconf 85' lang='lat' dir='ltr'>consu-</span> 
     </span>
     <span class='ocr_line' id='line_1_118' title="bbox 1112 2331 1968 2373; baseline -0.002 -6"><span class='ocrx_word' id='word_1_816' title='bbox 1112 2333 1221 2373; x_wconf 84' lang='lat' dir='ltr'>luiffe,</span> <span class='ocrx_word' id='word_1_817' title='bbox 1254 2331 1402 2372; x_wconf 84' lang='lat' dir='ltr'>servato,</span> <span class='ocrx_word' id='word_1_818' title='bbox 1432 2335 1506 2373; x_wconf 84' lang='lat' dir='ltr'>quia</span> <span class='ocrx_word' id='word_1_819' title='bbox 1527 2333 1613 2365; x_wconf 88' lang='lat' dir='ltr'>varia</span> <span class='ocrx_word' id='word_1_820' title='bbox 1640 2332 1782 2373; x_wconf 88' lang='lat' dir='ltr'>exstant,</span> <span class='ocrx_word' id='word_1_821' title='bbox 1818 2342 1879 2365; x_wconf 90' lang='lat' dir='ltr'>tcm</span> <span class='ocrx_word' id='word_1_822' title='bbox 1904 2335 1968 2366; x_wconf 80' lang='lat' dir='ltr'>oris</span> 
     </span>
     <span class='ocr_line' id='line_1_119' title="bbox 1112 2373 1966 2415; baseline -0.001 -8"><span class='ocrx_word' id='word_1_823' title='bbox 1112 2375 1233 2407; x_wconf 90' lang='lat' dir='ltr'>ordine.</span> <span class='ocrx_word' id='word_1_824' title='bbox 1277 2373 1333 2406; x_wconf 85' lang='lat' dir='ltr'>Est</span> <span class='ocrx_word' id='word_1_825' title='bbox 1350 2375 1401 2415; x_wconf 91' lang='lat' dir='ltr'>qui</span> <span class='ocrx_word' id='word_1_826' title='bbox 1417 2382 1509 2415; x_wconf 82' lang='lat' dir='ltr'>putat</span> <span class='ocrx_word' id='word_1_827' title='bbox 1526 2383 1567 2406; x_wconf 87' lang='lat' dir='ltr'>ex</span> <span class='ocrx_word' id='word_1_828' title='bbox 1582 2374 1695 2406; x_wconf 65' lang='lat' dir='ltr'>Edicto</span> <span class='ocrx_word' id='word_1_829' title='bbox 1715 2375 1866 2407; x_wconf 86' lang='lat' dir='ltr'>ordinum</span> <span class='ocrx_word' id='word_1_830' title='bbox 1918 2375 1966 2406; x_wconf 92' lang='lat' dir='ltr'>ol-</span> 
     </span>
     <span class='ocr_line' id='line_1_120' title="bbox 1112 2413 1967 2457; baseline -0.004 -8"><span class='ocrx_word' id='word_1_831' title='bbox 1112 2416 1224 2450; x_wconf 86' lang='lat' dir='ltr'>landiae</span> <span class='ocrx_word' id='word_1_832' title='bbox 1241 2425 1270 2456; x_wconf 90' lang='lat'>4.</span> <span class='ocrx_word' id='word_1_833' title='bbox 1290 2415 1388 2447; x_wconf 89' lang='lat' dir='ltr'>Mart.</span> <span class='ocrx_word' id='word_1_834' title='bbox 1415 2418 1504 2447; x_wconf 90' lang='lat'>1600.</span> <span class='ocrx_word' id='word_1_835' title='bbox 1526 2415 1586 2457; x_wconf 86' lang='lat'>(4)</span> <span class='ocrx_word' id='word_1_836' title='bbox 1609 2413 1744 2456; x_wconf 82' lang='lat' dir='ltr'>pristinis</span> <span class='ocrx_word' id='word_1_837' title='bbox 1759 2414 1894 2446; x_wconf 87' lang='lat' dir='ltr'>dominis</span> <span class='ocrx_word' id='word_1_838' title='bbox 1917 2416 1967 2455; x_wconf 81' lang='lat' dir='ltr'>jus</span> 
     </span>
     <span class='ocr_line' id='line_1_121' title="bbox 1112 2455 1970 2496; baseline 0 -7"><span class='ocrx_word' id='word_1_839' title='bbox 1112 2457 1205 2489; x_wconf 85' lang='lat' dir='ltr'>fuisse</span> <span class='ocrx_word' id='word_1_840' title='bbox 1228 2455 1408 2488; x_wconf 89' lang='lat' dir='ltr'>vindicandi</span> <span class='ocrx_word' id='word_1_841' title='bbox 1432 2465 1526 2488; x_wconf 86' lang='lat' dir='ltr'>naves</span> <span class='ocrx_word' id='word_1_842' title='bbox 1551 2457 1639 2493; x_wconf 90' lang='lat' dir='ltr'>suas,</span> <span class='ocrx_word' id='word_1_843' title='bbox 1669 2456 1764 2487; x_wconf 84' lang='lat' dir='ltr'>etiam</span> <span class='ocrx_word' id='word_1_844' title='bbox 1788 2455 1821 2487; x_wconf 90' lang='lat' dir='ltr'>in</span> <span class='ocrx_word' id='word_1_845' title='bbox 1838 2465 1970 2496; x_wconf 84' lang='lat' dir='ltr'>portum</span> 
     </span>
     <span class='ocr_line' id='line_1_122' title="bbox 1112 2495 1968 2538; baseline -0.001 -8"><span class='ocrx_word' id='word_1_846' title='bbox 1112 2498 1258 2531; x_wconf 88' lang='lat' dir='ltr'>hostilem</span> <span class='ocrx_word' id='word_1_847' title='bbox 1282 2497 1427 2529; x_wconf 70' lang='lat' dir='ltr'>deductas</span> <span class='ocrx_word' id='word_1_848' title='bbox 1453 2497 1484 2529; x_wconf 74' lang='grc' dir='ltr'>δε</span> <span class='ocrx_word' id='word_1_849' title='bbox 1506 2496 1550 2528; x_wconf 88' lang='lat' dir='ltr'>ibi</span> <span class='ocrx_word' id='word_1_850' title='bbox 1594 2495 1767 2533; x_wconf 82' lang='lat' dir='ltr'>ublicatas,</span> <span class='ocrx_word' id='word_1_851' title='bbox 1789 2496 1968 2538; x_wconf 87' lang='lat' dir='ltr'>ubicunque</span> 
     </span>
     <span class='ocr_line' id='line_1_123' title="bbox 1111 2535 1970 2581; baseline 0 -10"><span class='ocrx_word' id='word_1_852' title='bbox 1111 2550 1163 2571; x_wconf 89' lang='lat' dir='ltr'>eas</span> <span class='ocrx_word' id='word_1_853' title='bbox 1183 2538 1462 2580; x_wconf 76' lang='lat' dir='ltr'>deprehendissent.</span> <span class='ocrx_word' id='word_1_854' title='bbox 1505 2537 1552 2569; x_wconf 94' lang='lat' dir='ltr'>Re</span> <span class='ocrx_word' id='word_1_855' title='bbox 1583 2544 1601 2566; x_wconf 86' lang='lat' dir='ltr'>e</span> <span class='ocrx_word' id='word_1_856' title='bbox 1613 2557 1625 2574; x_wconf 91' lang='lat'>‚</span> <span class='ocrx_word' id='word_1_857' title='bbox 1649 2535 1699 2581; x_wconf 80' lang='lat' dir='ltr'>sed</span> <span class='ocrx_word' id='word_1_858' title='bbox 1717 2536 1856 2577; x_wconf 90' lang='lat' dir='ltr'>loquitur</span> <span class='ocrx_word' id='word_1_859' title='bbox 1877 2539 1908 2569; x_wconf 90' lang='lat' dir='ltr'>id</span> <span class='ocrx_word' id='word_1_860' title='bbox 1928 2538 1970 2571; x_wconf 79' lang='lat' dir='ltr'>E-</span> 
     </span>
     <span class='ocr_line' id='line_1_124' title="bbox 1112 2576 1970 2617; baseline -0.001 -4"><span class='ocrx_word' id='word_1_861' title='bbox 1112 2581 1229 2613; x_wconf 67' lang='lat' dir='ltr'>dietum</span> <span class='ocrx_word' id='word_1_862' title='bbox 1259 2580 1298 2612; x_wconf 90' lang='lat' dir='ltr'>de</span> <span class='ocrx_word' id='word_1_863' title='bbox 1324 2580 1481 2617; x_wconf 90' lang='lat' dir='ltr'>navibus,</span> <span class='ocrx_word' id='word_1_864' title='bbox 1521 2586 1595 2617; x_wconf 83' lang='lat' dir='ltr'>quas</span> <span class='ocrx_word' id='word_1_865' title='bbox 1618 2576 1753 2609; x_wconf 78' lang='lat' dir='ltr'>Ordines</span> <span class='ocrx_word' id='word_1_866' title='bbox 1787 2577 1970 2612; x_wconf 81' lang='lat' dir='ltr'>Hollandiae</span> 
     </span>
     <span class='ocr_line' id='line_1_125' title="bbox 1112 2616 1968 2660; baseline -0.002 -6"><span class='ocrx_word' id='word_1_867' title='bbox 1112 2621 1331 2654; x_wconf 84' lang='lat' dir='ltr'>existimabant</span> <span class='ocrx_word' id='word_1_868' title='bbox 1354 2627 1462 2650; x_wconf 90' lang='lat' dir='ltr'>contra</span> <span class='ocrx_word' id='word_1_869' title='bbox 1487 2616 1536 2657; x_wconf 86' lang='lat' dir='ltr'>jus</span> <span class='ocrx_word' id='word_1_870' title='bbox 1559 2617 1633 2649; x_wconf 89' lang='lat' dir='ltr'>belli</span> <span class='ocrx_word' id='word_1_871' title='bbox 1658 2617 1751 2649; x_wconf 88' lang='lat' dir='ltr'>fuisse</span> <span class='ocrx_word' id='word_1_872' title='bbox 1773 2619 1968 2660; x_wconf 82' lang='lat' dir='ltr'>publicatas,-</span> 
     </span>
     <span class='ocr_line' id='line_1_126' title="bbox 1112 2657 1967 2702; baseline 0 -8"><span class='ocrx_word' id='word_1_873' title='bbox 1112 2672 1148 2694; x_wconf 91' lang='lat' dir='ltr'>ut</span> <span class='ocrx_word' id='word_1_874' title='bbox 1165 2662 1254 2702; x_wconf 88' lang='lat' dir='ltr'>supra</span> <span class='ocrx_word' id='word_1_875' title='bbox 1269 2660 1335 2692; x_wconf 89' lang='lat' dir='ltr'>dixi</span> <span class='ocrx_word' id='word_1_876' title='bbox 1355 2660 1388 2690; x_wconf 91' lang='lat' dir='ltr'>C.</span> <span class='ocrx_word' id='word_1_877' title='bbox 1402 2658 1442 2690; x_wconf 91' lang='lat' dir='ltr'>II.</span> <span class='ocrx_word' id='word_1_878' title='bbox 1461 2667 1554 2699; x_wconf 90' lang='lat' dir='ltr'>atque</span> <span class='ocrx_word' id='word_1_879' title='bbox 1566 2657 1609 2688; x_wconf 89' lang='lat' dir='ltr'>ita</span> <span class='ocrx_word' id='word_1_880' title='bbox 1627 2659 1656 2689; x_wconf 91' lang='lat' dir='ltr'>id</span> <span class='ocrx_word' id='word_1_881' title='bbox 1676 2659 1820 2692; x_wconf 62' lang='lat' dir='ltr'>Edistum</span> <span class='ocrx_word' id='word_1_882' title='bbox 1833 2661 1871 2692; x_wconf 90' lang='lat' dir='ltr'>ad</span> <span class='ocrx_word' id='word_1_883' title='bbox 1888 2661 1967 2694; x_wconf 86' lang='lat' dir='ltr'>hanc</span> 
     </span>
     <span class='ocr_line' id='line_1_127' title="bbox 1111 2697 1967 2742; baseline -0.002 -6"><span class='ocrx_word' id='word_1_884' title='bbox 1111 2713 1176 2736; x_wconf 89' lang='lat' dir='ltr'>rem</span> <span class='ocrx_word' id='word_1_885' title='bbox 1191 2711 1255 2734; x_wconf 91' lang='lat' dir='ltr'>non</span> <span class='ocrx_word' id='word_1_886' title='bbox 1274 2700 1419 2742; x_wconf 89' lang='lat' dir='ltr'>pertinet.</span> <span class='ocrx_word' id='word_1_887' title='bbox 1464 2699 1495 2731; x_wconf 91' lang='lat' dir='ltr'>Si</span> <span class='ocrx_word' id='word_1_888' title='bbox 1511 2699 1579 2738; x_wconf 76' lang='lat' dir='ltr'>jure</span> <span class='ocrx_word' id='word_1_889' title='bbox 1595 2697 1713 2731; x_wconf 84' lang='lat' dir='ltr'>suerint</span> <span class='ocrx_word' id='word_1_890' title='bbox 1730 2708 1851 2741; x_wconf 83' lang='lat' dir='ltr'>captae,</span> <span class='ocrx_word' id='word_1_891' title='bbox 1871 2701 1967 2734; x_wconf 83' lang='lat' dir='ltr'>dedu-</span> 
     </span>
     <span class='ocr_line' id='line_1_128' title="bbox 1111 2740 1966 2783; baseline 0.001 -9"><span class='ocrx_word' id='word_1_892' title='bbox 1111 2745 1170 2776; x_wconf 65' lang='grc' dir='ltr'>διε</span> <span class='ocrx_word' id='word_1_893' title='bbox 1197 2743 1227 2774; x_wconf 91' lang='lat'>&amp;</span> <span class='ocrx_word' id='word_1_894' title='bbox 1249 2741 1415 2783; x_wconf 75' lang='lat' dir='ltr'>publicatae</span> <span class='ocrx_word' id='word_1_895' title='bbox 1443 2749 1558 2779; x_wconf 89' lang='lat' dir='ltr'>naves,</span> <span class='ocrx_word' id='word_1_896' title='bbox 1585 2740 1680 2772; x_wconf 84' lang='lat' dir='ltr'>cess&#39;at</span> <span class='ocrx_word' id='word_1_897' title='bbox 1703 2742 1806 2774; x_wconf 87' lang='lat' dir='ltr'>omnis</span> <span class='ocrx_word' id='word_1_898' title='bbox 1828 2742 1966 2775; x_wconf 84' lang='lat' dir='ltr'>vindica-</span> 
     </span>
     <span class='ocr_line' id='line_1_129' title="bbox 1112 2780 1971 2824; baseline -0.001 -7"><span class='ocrx_word' id='word_1_899' title='bbox 1112 2786 1180 2824; x_wconf 88' lang='lat' dir='ltr'>tio,</span> <span class='ocrx_word' id='word_1_900' title='bbox 1209 2784 1240 2814; x_wconf 87' lang='lat'>&amp;</span> <span class='ocrx_word' id='word_1_901' title='bbox 1267 2782 1288 2815; x_wconf 86' lang='lat' dir='ltr'>fi</span> <span class='ocrx_word' id='word_1_902' title='bbox 1318 2780 1420 2813; x_wconf 87' lang='lat' dir='ltr'>rursus</span> <span class='ocrx_word' id='word_1_903' title='bbox 1446 2781 1705 2822; x_wconf 82' lang='lat' dir='ltr'>enavigavcrint,</span> <span class='ocrx_word' id='word_1_904' title='bbox 1737 2781 1872 2823; x_wconf 85' lang='lat' dir='ltr'>superest</span> <span class='ocrx_word' id='word_1_905' title='bbox 1902 2783 1971 2816; x_wconf 78' lang='lat' dir='ltr'>sola</span> 
     </span>
     <span class='ocr_line' id='line_1_130' title="bbox 1111 2822 1972 2866; baseline -0.002 -8"><span class='ocrx_word' id='word_1_906' title='bbox 1111 2824 1333 2866; x_wconf 85' lang='lat' dir='ltr'>recuperatio,</span> <span class='ocrx_word' id='word_1_907' title='bbox 1362 2822 1393 2854; x_wconf 87' lang='lat'>&amp;</span> <span class='ocrx_word' id='word_1_908' title='bbox 1411 2823 1589 2862; x_wconf 84' lang='lat' dir='ltr'>quicunque</span> <span class='ocrx_word' id='word_1_909' title='bbox 1614 2829 1690 2854; x_wconf 87' lang='lat' dir='ltr'>tunc</span> <span class='ocrx_word' id='word_1_910' title='bbox 1715 2825 1972 2864; x_wconf 82' lang='lat' dir='ltr'>recuperaverit,</span> 
     </span>
     <span class='ocr_line' id='line_1_131' title="bbox 1111 2862 1964 2903; baseline -0.001 -5"><span class='ocrx_word' id='word_1_911' title='bbox 1111 2867 1254 2898; x_wconf 91' lang='lat' dir='ltr'>dominus</span> <span class='ocrx_word' id='word_1_912' title='bbox 1271 2865 1330 2895; x_wconf 88' lang='lat' dir='ltr'>erit</span> <span class='ocrx_word' id='word_1_913' title='bbox 1351 2872 1391 2894; x_wconf 87' lang='lat' dir='ltr'>ex</span> <span class='ocrx_word' id='word_1_914' title='bbox 1407 2863 1476 2894; x_wconf 78' lang='lat' dir='ltr'>ass&#39;c.</span> <span class='ocrx_word' id='word_1_915' title='bbox 1523 2863 1566 2894; x_wconf 86' lang='lat' dir='ltr'>At</span> <span class='ocrx_word' id='word_1_916' title='bbox 1586 2862 1664 2895; x_wconf 88' lang='lat' dir='ltr'>scire</span> <span class='ocrx_word' id='word_1_917' title='bbox 1680 2863 1796 2903; x_wconf 87' lang='lat' dir='ltr'>refert,</span> <span class='ocrx_word' id='word_1_918' title='bbox 1821 2872 1896 2896; x_wconf 89' lang='lat' dir='ltr'>ante</span> <span class='ocrx_word' id='word_1_919' title='bbox 1911 2866 1964 2897; x_wconf 85' lang='lat' dir='ltr'>de—</span> 
     </span>
     <span class='ocr_line' id='line_1_132' title="bbox 1110 2904 1969 2945; baseline -0.001 -6"><span class='ocrx_word' id='word_1_920' title='bbox 1110 2907 1288 2939; x_wconf 67' lang='lat' dir='ltr'>ductionem</span> <span class='ocrx_word' id='word_1_921' title='bbox 1316 2905 1346 2936; x_wconf 87' lang='lat' dir='ltr'>in</span> <span class='ocrx_word' id='word_1_922' title='bbox 1369 2912 1500 2945; x_wconf 86' lang='lat' dir='ltr'>portus,</span> <span class='ocrx_word' id='word_1_923' title='bbox 1523 2905 1552 2935; x_wconf 73' lang='grc' dir='ltr'>δι</span> <span class='ocrx_word' id='word_1_924' title='bbox 1577 2904 1842 2944; x_wconf 86' lang='lat' dir='ltr'>publicationem,</span> <span class='ocrx_word' id='word_1_925' title='bbox 1866 2906 1907 2938; x_wconf 82' lang='lat' dir='ltr'>iic</span> <span class='ocrx_word' id='word_1_926' title='bbox 1924 2905 1969 2938; x_wconf 90' lang='lat' dir='ltr'>se-</span> 
     </span>
     <span class='ocr_line' id='line_1_133' title="bbox 1110 2944 1966 2989; baseline 0.001 -11"><span class='ocrx_word' id='word_1_927' title='bbox 1110 2954 1258 2989; x_wconf 86' lang='lat' dir='ltr'>quutam‚</span> <span class='ocrx_word' id='word_1_928' title='bbox 1291 2946 1365 2987; x_wconf 83' lang='lat' dir='ltr'>quid</span> <span class='ocrx_word' id='word_1_929' title='bbox 1388 2946 1464 2985; x_wconf 85' lang='lat' dir='ltr'>juris</span> <span class='ocrx_word' id='word_1_930' title='bbox 1489 2944 1526 2976; x_wconf 86' lang='lat' dir='ltr'>fit</span> <span class='ocrx_word' id='word_1_931' title='bbox 1549 2944 1683 2985; x_wconf 85' lang='lat' dir='ltr'>pristinis</span> <span class='ocrx_word' id='word_1_932' title='bbox 1707 2946 1842 2978; x_wconf 84' lang='lat' dir='ltr'>dominis</span> <span class='ocrx_word' id='word_1_933' title='bbox 1867 2947 1896 2978; x_wconf 89' lang='lat' dir='ltr'>in</span> <span class='ocrx_word' id='word_1_934' title='bbox 1915 2944 1966 2979; x_wconf 53' lang='grc' dir='ltr'>ηεξ</span> 
     </span>
     <span class='ocr_line' id='line_1_134' title="bbox 1109 2986 1964 3029; baseline -0.002 -8"><span class='ocrx_word' id='word_1_935' title='bbox 1109 2998 1180 3021; x_wconf 81' lang='lat' dir='ltr'>vem</span> <span class='ocrx_word' id='word_1_936' title='bbox 1190 2995 1403 3029; x_wconf 82' lang='lat' dir='ltr'>recuperatam</span> <span class='ocrx_word' id='word_1_937' title='bbox 1413 3010 1423 3026; x_wconf 90' lang='lat'>,</span> <span class='ocrx_word' id='word_1_938' title='bbox 1436 2987 1464 3018; x_wconf 70' lang='grc' dir='ltr'>ἃ</span> <span class='ocrx_word' id='word_1_939' title='bbox 1475 2986 1549 3027; x_wconf 86' lang='lat' dir='ltr'>quid</span> <span class='ocrx_word' id='word_1_940' title='bbox 1558 2987 1828 3027; x_wconf 85' lang='lat' dir='ltr'>recuperatoribus</span> <span class='ocrx_word' id='word_1_941' title='bbox 1838 2988 1854 3019; x_wconf 78' lang='lat'>¹?</span> <span class='ocrx_word' id='word_1_942' title='bbox 1863 2988 1895 3020; x_wconf 84' lang='lat' dir='ltr'>Si</span> <span class='ocrx_word' id='word_1_943' title='bbox 1910 2997 1964 3020; x_wconf 86' lang='lat' dir='ltr'>no·</span> 
     </span>
    </p>

    <p class='ocr_par' dir='ltr' id='par_1_17' title="bbox 1911 3037 1965 3060">
     <span class='ocr_line' id='line_1_135' title="bbox 1911 3037 1965 3060; baseline 0 -8"><span class='ocrx_word' id='word_1_944' title='bbox 1911 3037 1965 3060; x_wconf 62' lang='lat' dir='ltr'>ve-</span> 
     </span>
    </p>
   </div>
   <div class='ocr_carea' id='block_1_13' title="bbox 1145 3103 1873 3225">
    <p class='ocr_par' dir='ltr' id='par_1_18' title="bbox 1145 3103 1873 3225">
     <span class='ocr_line' id='line_1_136' title="bbox 1146 3103 1873 3148; baseline -0.001 -9"><span class='ocrx_word' id='word_1_945' title='bbox 1146 3110 1207 3148; x_wconf 88' lang='grc'>(2)</span> <span class='ocrx_word' id='word_1_946' title='bbox 1227 3109 1340 3138; x_wconf 72' lang='lat' dir='ltr'>Farvnul.</span> <span class='ocrx_word' id='word_1_947' title='bbox 1364 3103 1394 3137; x_wconf 85' lang='lat' dir='ltr'>T.</span> <span class='ocrx_word' id='word_1_948' title='bbox 1411 3109 1446 3138; x_wconf 86' lang='lat'>11.</span> <span class='ocrx_word' id='word_1_949' title='bbox 1470 3109 1498 3138; x_wconf 91' lang='lat' dir='ltr'>C.</span> <span class='ocrx_word' id='word_1_950' title='bbox 1516 3117 1562 3144; x_wconf 82' lang='lat'>24.</span> <span class='ocrx_word' id='word_1_951' title='bbox 1581 3117 1609 3146; x_wconf 82' lang='lat' dir='ltr'>p.</span> <span class='ocrx_word' id='word_1_952' title='bbox 1624 3117 1660 3140; x_wconf 87' lang='lat' dir='ltr'>m.</span> <span class='ocrx_word' id='word_1_953' title='bbox 1677 3116 1740 3144; x_wconf 83' lang='lat'>295.</span> <span class='ocrx_word' id='word_1_954' title='bbox 1758 3107 1783 3138; x_wconf 71' lang='grc' dir='ltr'><strong>ἃ</strong></span> <span class='ocrx_word' id='word_1_955' title='bbox 1799 3108 1873 3146; x_wconf 72' lang='lat' dir='ltr'>seqq,</span> 
     </span>
     <span class='ocr_line' id='line_1_137' title="bbox 1146 3148 1617 3185; baseline 0.004 -9"><span class='ocrx_word' id='word_1_956' title='bbox 1146 3151 1206 3185; x_wconf 81' lang='lat'>(3)</span> <span class='ocrx_word' id='word_1_957' title='bbox 1226 3148 1316 3185; x_wconf 84' lang='lat' dir='ltr'>Confil.</span> <span class='ocrx_word' id='word_1_958' title='bbox 1338 3148 1372 3176; x_wconf 89' lang='lat' dir='ltr'>B.</span> <span class='ocrx_word' id='word_1_959' title='bbox 1394 3149 1443 3178; x_wconf 87' lang='lat'>111.</span> <span class='ocrx_word' id='word_1_960' title='bbox 1467 3151 1512 3178; x_wconf 90' lang='lat'>68.</span> <span class='ocrx_word' id='word_1_961' title='bbox 1529 3148 1553 3176; x_wconf 84' lang='lat'>&amp;</span> <span class='ocrx_word' id='word_1_962' title='bbox 1570 3152 1617 3182; x_wconf 87' lang='lat'>69-</span> 
     </span>
     <span class='ocr_line' id='line_1_138' title="bbox 1145 3187 1554 3225; baseline -0.007 -8"><span class='ocrx_word' id='word_1_963' title='bbox 1145 3190 1205 3225; x_wconf 83' lang='lat'>(4)</span> <span class='ocrx_word' id='word_1_964' title='bbox 1225 3187 1301 3217; x_wconf 76' lang='lat' dir='ltr'>Plac.</span> <span class='ocrx_word' id='word_1_965' title='bbox 1323 3187 1359 3216; x_wconf 85' lang='lat'>11.</span> <span class='ocrx_word' id='word_1_966' title='bbox 1379 3196 1407 3223; x_wconf 93' lang='lat'>4.</span> <span class='ocrx_word' id='word_1_967' title='bbox 1430 3194 1456 3215; x_wconf 91' lang='lat'>2.</span> <span class='ocrx_word' id='word_1_968' title='bbox 1480 3195 1505 3217; x_wconf 86' lang='lat'>2.</span> <span class='ocrx_word' id='word_1_969' title='bbox 1530 3194 1554 3214; x_wconf 90' lang='lat'>1.</span> 
     </span>
    </p>
   </div>
  </div>
 </body>
</html>
