2008 3436
262 103 550 163 QUAEST.
599 99 826 159 JURIS'
874 101 1577 156 PRIVAT1‚LIB.11.C.111.

27 192 150 227 scivisse
167 200 298 234 putem3
324 201 422 241 utque
440 193 518 225 adeo
542 194 607 234 ejus
623 191 791 223 auctoritas
811 192 892 232 apud

28 245 79 268 me
96 245 158 267 non
177 235 268 266 unius
284 235 350 266 assis
368 237 413 267 iit.
446 235 592 266 Relatum
611 243 737 276 quoque
754 232 799 265 cst
813 234 890 275 (7),

28 277 179 310 Scabinos
202 275 542 313 Amsterdanimcnses.
575 277 605 309 δε
623 300 633 315 ,
657 284 729 307 cum
755 277 890 317 appella-

29 328 93 350 tum
111 317 186 350 ell‘et
205 340 215 355 ‚
241 317 370 350 Curiam
395 318 576 350 Hollandiae
604 327 650 349 10.
677 316 769 349 Febr.
799 321 888 350 1622.

25 358 194 402 judicasse,
220 361 371 391 minorem
394 370 410 391 a
430 359 643 401 sponsalibus,
667 368 737 400 quae
762 368 886 390 contra-

25 410 115 434 xerat
135 401 215 432 clam
228 402 403 440 tutoribus,
416 400 501 440 poss'e
517 400 654 438 resilire,
679 402 708 432 ἃ
729 400 887 432 contradi-

25 443 169 476 centibus
180 443 337 474 tutoribus
357 442 481 483 obsequi
496 464 507 480 ,
519 441 570 473 sed
589 452 653 474 non
669 443 728 474 alia
745 441 886 483 ejussen-

22 485 131 518 tentiae
148 484 288 516 redditur
298 485 379 516 ratio
388 507 397 522 ,
410 493 502 524 quam
512 483 595 525 quod
607 482 888 525 sponsaliafuerint

23 525 234 560 clandestina.
261 526 290 558 ὅ(
311 535 346 556 ea
362 525 518 565 improbat
536 526 563 556 d.
591 524 619 567 ᾖ.
649 535 695 566 17.
720 526 776 557 Ed.
804 528 890 557 Caro-

23 569 47 603 li
64 569 106 601 V.
129 578 159 608 4.
188 567 256 599 Otr.
289 576 380 607 1540.
405 567 486 612 Quae
504 567 585 598 ratio
608 576 712 608 parum
737 567 842 605 valet,
867 566 889 598 si

21 620 72 644 me
88 610 212 647 audias,
239 616 274 639 ut
297 618 373 639 mox
397 608 511 639 audies.
559 609 632 640 Sola
651 632 660 646 ,
694 607 758 640 sola
786 609 890 640 minor

23 660 98 686 aetas
116 649 180 687 est,
204 650 246 681 ob
270 659 362 690 quarn
391 650 546 691 poenitere
564 650 650 682 licet.
682 650 811 682 Poss'unt
829 649 886 680 mi-

2 721 5 725 .
21 702 114 727 nores
128 714 139 730 ,
156 692 178 724 fi
196 692 319 730 velint,
343 691 495 732 promiffis
512 690 609 731 stare,
634 692 683 724 scd
704 694 734 724 ἃ
749 691 888 733 poll'unt,

20 734 43 768 fi
61 734 180 772 velint,
203 733 241 765 ab
268 733 315 765 liis
338 733 509 772 recedere,
536 733 565 765 ὅ(
591 733 761 775 privilegio
788 733 888 765 aetatis

19 775 51 811 se
68 774 246 808 defendere.

62 817 154 850 Addo
168 816 319 850 illustrem
339 816 493 858 speciem,
519 817 600 848 haud
618 818 659 848 ita
674 817 813 858 pridem,
837 824 888 847 me

19 858 171 898 praeside,
196 868 213 890 a
230 859 346 890 Senatu
365 860 518 899 Supremo
539 859 716 899 judicatam.
742 860 886 898 Sempro-

19 901 90 939 nia,
112 900 216 942 puella
243 899 320 932 XV.
353 909 525 940 annorum,
551 901 730 931 luculenter
758 901 885 935 dotata,

18 942 197 974 morabatur
219 941 299 984 apud
331 951 424 973 unum
450 951 489 972 ex
517 951 672 981 quatuor,
697 951 773 982 quos
794 940 884 971 nabe-

18 985 90 1020 bat,
116 984 296 1021 tutoribus,
318 983 456 1022 &liujus
479 983 547 1015 filio
573 983 735 1014 dicebatur
762 981 886 1021 nuptias

15 1024 198 1069 promisisse.
245 1024 354 1068 Quum
380 1023 458 1054 haud
485 1025 538 1055 diu
563 1023 631 1064 poll
655 1023 727 1054 alibi
750 1030 886 1053 morare-

12 1075 88 1104 tur,
109 1067 203 1097 etiam
227 1067 266 1097 ad
293 1066 385 1096 alium
412 1064 559 1096 transfert
589 1074 708 1095 amores
732 1063 802 1095 suos
821 1085 831 1101 ,
856 1062 886 1093 ἃ

17 1108 114 1142 Titio
139 1108 263 1147 nuptias
293 1106 442 1147 promisit.
497 1106 604 1137 Titius
635 1115 710 1137 mox
745 1113 885 1136 tutorem

16 1149 212 1189 Semproniae
231 1148 362 1188 ejusque
374 1147 473 1179 filium
487 1148 640 1179 convenit
657 1147 738 1188 apud
755 1146 884 1178 Curiam

19 1189 221 1229 Hollandiae,
247 1190 277 1221 ἃ
302 1190 487 1227 contendit,
511 1199 546 1219 ut
571 1187 747 1230 sponsalia,
771 1189 793 1220 fi
813 1197 883 1229 qua:

11 1230 146 1264 dedill'et
167 1230 293 1262 Maevio
309 1254 319 1268 ,
351 1231 467 1262 tutoris
495 1230 562 1262 filio
581 1253 592 1268 ,
623 1230 810 1261 haberentur
824 1237 883 1270 pro

15 1274 121 1307 nullis.
176 1271 379 1303 Contradicit
403 1272 543 1303 Maevius
560 1296 570 1311 ,
598 1272 627 1303 &
651 1272 682 1303 in
707 1280 882 1302 reconven-

14 1315 108 1348 tione
129 1313 212 1355 petit
237 1314 362 1354 nuptias
381 1313 583 1354 Semproniae.
629 1313 807 1345 Secundum
824 1311 883 1343 Ti-

18 1357 98 1389 tium
122 1354 168 1387 est
193 1355 389 1395 judicatum,
413 1354 538 1395 repulso
563 1355 690 1386 Maevio
707 1378 716 1393 ,
748 1358 779 1385 6.
802 1353 882 1393 Maj.

10 1406 111 1440 ·1740.
138 1396 185 1429 Ex
204 1396 416 1436 appellatione
433 1396 513 1436 apud
532 1396 679 1427 Senatum
696 1395 884 1436 Supremum

16 1439 181 1481 quaeiitusn
201 1437 266 1476 est,
290 1447 327 1469 an
354 1437 486 1479 probata
504 1437 604 1469 essent
629 1436 779 1477 sponsalia
804 1437 886 1468 inter

17 1480 232 1520 Semproniam
249 1479 279 1511 δε
301 1479 479 1516 Μεενίυῑη,
505 1479 556 1515 &‚
580 1479 600 1511 ii
619 1478 736 1517 essent,
761 1489 798 1510 an
817 1479 886 1518 jure

14 1520 211 1556 ⁴subsisterent
229 1520 246 1552 ἵ)
278 1520 317 1551 de
342 1519 514 1567 quaestione
540 1520 615 1552 faeti
646 1530 743 1561 pauca
770 1520 884 1551 dicam.

17 1563 203 1604 Sempronia
218 1571 282 1594 non
306 1563 376 1593 aula
398 1561 444 1593 est
463 1571 575 1602 negare
587 1586 596 1601 ,
621 1560 652 1593 se
667 1562 761 1593 fidem
780 1562 886 1593 matri-

14 1606 115 1639 monii
148 1604 270 1636 Maevio
297 1602 413 1634 dedisse
429 1627 438 1642 ,
473 1602 523 1634 sed
550 1603 753 1644 probationes
779 1603 816 1634 ab
846 1612 886 1634 eo

13 1646 176 1687 exigebat.
220 1644 360 1677 Maevius
385 1645 481 1676 etiam
506 1645 641 1686 plurima
658 1645 689 1676 in
715 1644 795 1676 hanc
819 1653 885 1677 rem

19 1688 148 1725 attulit,
170 1686 224 1725 ὅτ,
248 1686 269 1718 si
295 1686 369 1726 quid
404 1686 641 1726 probationibus
667 1686 804 1724 deeil‘et,
837 1686 884 1726 ju-

13 1727 185 1770 rejurando
207 1726 350 1769 supplere
378 1736 499 1767 paratus
523 1737 609 1766 erat;
632 1728 708 1769 quin
726 1728 755 1759 ὅ(
770 1728 884 1768 jureju-

13 1770 116 1805 ‘rando
150 1768 243 1810 ipsius
275 1769 466 1809 Semproniae
503 1770 728 1811 expurgatorio
762 1768 885 1801 causam

16 1810 187 1845 commisit.
233 1811 277 1842 At
295 1820 372 1841 vero
387 1811 531 1842 nonnulli
552 1811 715 1843 Senatores
738 1810 777 1841 de
800 1821 883 1851 quae-

15 1853 122 1887 ‘stione
145 1851 220 1885 fasti
242 1851 425 1886 sententiam
452 1862 515 1883 non
543 1852 690 1884 dicebant
707 1876 717 1891 ‚
742 1851 886 1884 sufficere

14 1896 105 1933 eati,
127 1894 148 1926 fi
174 1903 213 1926 ex
237 1894 306 1933 jure
330 1893 490 1925 Maevium
509 1895 708 1935 repellerent.
756 1893 821 1940 Qui
848 1894 886 1925 de

17 1937 105 1970 fafito
131 1934 359 1976 respondebant
376 1957 386 1973 ,
418 1933 581 1966 sententiis
607 1935 783 1974 variabant,
819 1936 885 1977 qui-

18 1979 88 2010 dam
113 1976 322 2014 dubitabant,
345 1985 383 2007 an
409 1974 560 2015 sponsalia
587 1975 658 2008 satis
686 1977 817 2015 probata
839 1987 885 2009 es-

20 2020 112 2057 sent,
134 2017 258 2058 quidam
287 2017 380 2057 plena
410 2016 472 2048 fide
497 2017 628 2057 probata
655 2018 717 2049 ess'e
742 2018 884 2050 adfirma-

20 2063 114 2100 bant,
139 2061 170 2092 ἂ
185 2068 264 2090 unus
279 2058 490 2099 jusjurandum
512 2059 742 2100 suppletorium
761 2060 813 2091 vel
832 2069 884 2092 ex-

17 2100 234 2146 'purgatorium
250 2099 447 2132 desiderabat.
496 2099 556 2132 Sed
578 2101 652 2141 quid
678 2101 794 2132 attinet
815 2101 885 2133 haze

20 2143 146 2181 omnia,
171 2150 238 2180 quae
257 2140 332 2173 faHti
349 2140 418 2174 sunt
431 2164 439 2177 ‚
464 2140 652 2174 recensere?
675 2142 727 2174 De
742 2143 809 2182 jure
826 2153 888 2174 nia-

14 2190 19 2193 *
44 2187 69 2217 is
90 2182 252 2225 quesitum
270 2181 335 2220 est,
359 2184 389 2214 ἃ
414 2182 452 2213 de
475 2192 514 2213 co
536 2192 597 2214 tres
614 2182 804 2225 quaestiones
826 2192 886 2216 tra-

17 2267 20 2270 *
53 2227 96 2258 ari
115 2231 274 2267 poterant.
319 2223 423 2256 Prima
440 2232 524 2263 erat,
548 2234 586 2256 an
603 2224 797 2258 subsisterent
811 2235 888 2268 nup-

634 2324 995 2361 CAPUT

1729 127 1798 162 345

937 193 988 225 tiae
1005 194 1087 226 inter
1103 192 1253 233 pupillam
1265 191 1316 225 seu
1332 193 1484 225 minorem
1503 195 1532 226 &
1551 196 1666 228 tutoris
1682 195 1801 228 filium?

934 237 973 268 de
989 245 1053 276 quo
1072 234 1116 267 est
1147 235 1262 266 Titulus
1291 235 1405 266 Codicis
1423 237 1456 266 de
1475 237 1631 268 Interditro
1650 239 1799 269 matrimo-

933 280 981 310 m'o
999 279 1077 308 inter
1091 278 1239 318 pupillam
1258 275 1294 312 ἐξ
1311 282 1433 309 tutorem
1440 277 1495 318 sim
1510 284 1687 318 curatorem,
1707 278 1801 318 filios-

933 331 985 363 que
1010 329 1132 358 eorum,
1164 318 1215 351 sed
1242 319 1310 350 haec
1334 317 1464 360 quaestio
1489 318 1617 350 traslata
1639 329 1701 351 non
1726 318 1771 351 est
1784 339 1798 357 ,

933 362 1006 404 quia
1028 361 1127 402 vulgo
1151 359 1329 402 persuasum
1350 360 1394 393 est
1418 359 1509 401 (8),
1536 360 1619 400 quod
1642 360 1672 392 δε
1694 361 1798 391 Advo-

933 403 994 436 cati
1008 426 1018 442 ,
1042 404 1094 444 qui
1119 402 1313 443 Semproniae
1341 411 1467 443 operam
1494 400 1651 433 forensem
1676 400 1798 441 praesta-

932 446 1008 478 bant
1024 467 1035 483 ,
1057 444 1110 477 fibi
1140 443 1314 485 persuaderi
1340 443 1436 476 facile
1459 442 1531 484 palli
1558 450 1664 480 erant,
1697 441 1727 472 id
1752 442 1801 481 jus

933 487 1031 519 hodie
1046 496 1109 518 non
1126 486 1272 517 obtinere
1284 508 1294 524 ,
1318 484 1369 516 sed
1384 495 1476 526 quam
1494 484 1618 526 prolixe
1635 482 1800 521 fallantur,

934 529 986 560 liic
1005 537 1218 569 exponerem,
1241 527 1261 560 fi
1278 537 1331 568 per
1361 526 1544 558 Advocatos
1560 523 1704 558 licuiffct.
1751 523 1804 555 Se-

933 570 1033 602 cunda
1048 568 1180 609 quaestio
1197 577 1282 608 crat,
1306 578 1343 600 an
1361 578 1425 601 non
1448 568 1515 600 haec
1536 566 1705 608 sponsalia,
1729 574 1800 605 quae

933 612 1093 644 contracta
1110 619 1196 642 erant
1225 611 1306 642 clam
1330 610 1431 642 tribus
1457 608 1635 648 tutoribus,
1662 606 1801 638 habenda

932 652 1030 685 ess'ent
1054 662 1112 694 pro
1138 651 1356 692 clandestinis,
1380 660 1474 693 atque
1497 651 1575 682 adeo
1599 658 1658 692 pro
1676 647 1803 694 nullis-¹?

932 704 1004 727 nam
1028 703 1156 736 quartus
1183 702 1271 725 tutor
1297 695 1327 725 ln
1357 703 1423 725 rein
1450 693 1507 725 filii
1534 691 1576 724 sui
1604 691 1713 723 auctor
1734 689 1798 736 esse

932 746 996 768 non
1012 744 1146 776 poterat.
1192 734 1245 767 De
1268 734 1467 766 clandestinis
1494 732 1686 775 sponsalibus
1727 732 1802 764 luri-

931 787 982 810 nia
999 777 1051 809 hic
1064 777 1271 815 dicebantur,
1294 786 1362 818 quae
1389 776 1468 808 nihil
1486 776 1652 816 quicquam
1677 784 1692 805 a
1735 783 1802 806 rem

932 819 1156 860 pertinebant,
1181 828 1283 859 neque
1308 818 1391 849 enim
1411 816 1562 858 sponsalia
1578 817 1662 848 rene
1681 816 1799 849 dixeris

932 858 1133 900 clandestina,
1158 860 1212 892 nisi
1239 869 1310 901 quae
1333 859 1413 891 fiunt
1437 858 1623 891 inconsultis
1639 858 1698 897 iis,
1722 867 1800 899 quo-

930 911 999 933 rum
1017 900 1185 934 consensus
1200 901 1236 932 ad
1258 901 1380 942 nuptias
1400 900 1587 932 necell'arius
1607 899 1662 932 est.
1698 899 1798 943 Quod

931 950 1037 974 tutore
1048 943 1175 981 invito,
1197 942 1303 984 quidni
1326 943 1355 974 ἂ
1372 951 1411 973 co
1429 942 1591 983 ignorante
1607 941 1726 974 fadum
1746 950 1800 971 va-

929 985 1000 1016 lct‘?
1024 984 1139 1024 Neque
1153 983 1217 1021 est,
1242 992 1276 1014 ut
1293 984 1398 1022 dicas,
1425 984 1522 1015 tacite
1541 983 1571 1014 id
1588 983 1690 1015 astum
1711 982 1798 1014 vide-

928 1027 973 1061 ri,
998 1025 1018 1056 si
1037 1033 1159 1056 tutores
1185 1024 1406 1063 consentiunt,
1429 1034 1522 1062 cum,
1547 1025 1631 1065 quod
1656 1025 1693 1056 ad
1714 1024 1797 1064 hoc,

929 1066 983 1106 qui
1007 1067 1189 1104 contraxit,
1216 1074 1323 1097 tutore
1347 1075 1409 1097 non
1428 1074 1526 1105 egeat.
1573 1065 1684 1106 Neque
1699 1067 1795 1097 etiam

928 1117 964 1138 ea
981 1106 1187 1180 praesumptio
1213 1107 1297 1138 cadit
1316 1107 1347 1138 in
1367 1108 1505 1139 animum
1530 1107 1615 1146 ejus,
1661 1108 1690 1139 ui
1706 1108 1795 1139 nullo

928 1158 1001 1180 cum
1019 1149 1115 1180 tutori
1142 1159 1176 1180 us
1195 1147 1434 1179 communicato
1459 1148 1592 1180 consilio
1606 1172 1613 1184 ,
1652 1159 1692 1180 uo
1708 1149 1795 1181 Mar-

929 1198 960 1220 te
978 1189 1127 1230 sponsalia
1142 1189 1232 1222 fecit.
1258 1188 1347 1220 Fecit
1365 1190 1460 1231 igitur
1478 1189 1681 1231 Sempronia,
1709 1190 1794 1231 quod

926 1229 1034 1262 facere
1056 1231 1180 1273 potuit,
1204 1239 1265 1263 non
1292 1231 1452 1263 consuluit
1477 1239 1618 1271 tutores,
1644 1233 1715 1270 quia
1740 1241 1794 1263 eo-

927 1283 995 1304 rum
1013 1272 1165 1304 consensu
1181 1282 1245 1304 non
1263 1272 1441 1313 indigebat,
1466 1283 1530 1305 non
1548 1272 1635 1304 forte
1650 1273 1723 1306 satis
1741 1273 1795 1304 dc-

929 1323 1024 1352 core,
1048 1313 1100 1346 sed
1122 1313 1193 1346 satis
1220 1314 1319 1354 juste,
1343 1313 1510 1346 secundum
1534 1324 1591 1353 ea,
1614 1324 1685 1355 quae
1703 1314 1794 1355 supra

929 1355 1164 1396 disputavimus.
1211 1356 1298 1398 Quin
1325 1356 1355 1388 <Sc
1374 1354 1541 1387 secundum
1568 1365 1603 1387 ea
1621 1355 1686 1398 ipsa
1700 1356 1794 1388 hod'e

930 1395 1156 1428 clandestinum
1181 1406 1243 1429 non
1260 1396 1324 1436 est,
1349 1398 1434 1438 quod
1461 1406 1528 1429 crat
1545 1407 1584 1428 ex
1601 1396 1629 1438 §.
1659 1407 1704 1439 17.
1731 1398 1792 1429 Esl.

932 1438 1030 1470 Caroli
1054 1438 1093 1470 V.
1118 1448 1148 1478 4.
1177 1438 1244 1470 Oct.
1274 1448 1363 1479 1540.
1390 1439 1420 1470 &
1448 1439 1532 1480 quod
1560 1439 1601 1470 ibi
1630 1438 1794 1472 clandesti-

927 1490 1002 1512 num
1017 1488 1101 1518 erat,
1127 1489 1167 1511 ne
1184 1480 1307 1521 nuptias
1326 1481 1451 1520 quidem
1470 1480 1676 1513 rescindebat.
1710 1481 1794 1513 Ter-

928 1522 972 1553 tia
994 1520 1125 1562 quaestio
1152 1530 1218 1553 erat
1241 1522 1280 1552 de
1301 1522 1423 1554 minore
1451 1530 1545 1553 aetate
1571 1522 1767 1562 Semproniae
1782 1546 1793 1562 ‚

929 1573 966 1594 an
984 1572 1048 1595 non
1074 1571 1203 1604 propter
1226 1572 1293 1595 eam
1309 1563 1430 1594 nullum
1449 1563 1546 1602 esset,
1571 1564 1656 1603 quod
1671 1572 1796 1596 contra-

928 1612 1016 1637 xerat
1033 1604 1217 1645 Sempronia
1229 1628 1240 1643 ,
1263 1605 1294 1636 ni
1310 1605 1434 1637 nullum
1449 1604 1510 1636 esse
1526 1605 1644 1645 vellet,
1669 1614 1798 1647 poterat

928 1647 1033 1683 enim,
1056 1645 1077 1677 fi
1103 1647 1147 1677 ita
1168 1647 1345 1685 videretur,
1372 1647 1466 1678 etiam
1489 1647 1600 1678 invitis
1616 1647 1797 1686 tutoribus,

929 1687 1056 1719 Maevio
1074 1687 1210 1726 nubere,
1237 1687 1287 1719 sed
1311 1687 1332 1720 fi
1358 1688 1479 1727 nollet,
1504 1698 1539 1719 an
1561 1698 1623 1720 non
1639 1688 1797 1720 beneficio

930 1729 1034 1760 aetatis
1058 1729 1256 1770 poenitentiae
1282 1730 1370 1761 locus
1393 1729 1469 1761 esset
1488 1729 1504 1761 ἶ)
1544 1729 1688 1771 Negabat
1718 1740 1795 1763 unus

928 1770 1079 1809 Senator,
1104 1771 1193 1812 isque
1217 1780 1282 1802 non
1306 1771 1421 1802 infimae
1447 1771 1662 1811 austoritatis,
1687 1772 1796 1803 eadem

929 1810 1001 1843 usus
1017 1814 1159 1851 ratione,
1185 1822 1246 1853 qua
1271 1811 1335 1853 ipse
1358 1822 1485 1854 quoque
1508 1814 1586 1845 olim
1605 1823 1686 1845 eram
1706 1812 1795 1853 usus,

930 1862 1002 1884 cum
1028 1853 1072 1884 ita
1099 1853 1176 1885 mihi
1204 1853 1348 1892 sederet,
1380 1853 1433 1886 sed
1456 1854 1660 1886 adfirmabant
1685 1864 1798 1887 omnes

929 1894 1041 1935 reliqui
1059 1895 1244 1934 Senatores,
1267 1895 1378 1927 iisdem
1396 1896 1440 1928 ufi
1458 1896 1653 1935 rationibus,
1675 1907 1750 1938 quas
1768 1897 1799 1929 &

928 1935 1018 1977 supra
1036 1936 1066 1967 in
1088 1936 1167 1968 hanc
1185 1936 1371 1969 sententiam
1385 1937 1529 1976 adhibui,
1554 1937 1632 1969 adeo
1649 1938 1796 1978 quidem,

929 1985 964 2007 ut
991 1985 1139 2018 putarent
1163 1987 1202 2010 ne
1220 1978 1346 2020 quidem
1372 1978 1572 2011 restitutione
1590 1979 1622 2010 in
1638 1979 1798 2021 integrum

928 2027 1018 2059 egere
1040 2019 1282 2064 Semproniam,
1306 2021 1391 2061 quod
1418 2030 1532 2061 nempe
1557 2019 1708 2062 sponsalia
1733 2021 1800 2053 fine

928 2059 1116 2091 auctoritate
1154 2069 1296 2092 tutorum
1332 2061 1536 2095 contraxisset
1554 2085 1565 2101 ,
1603 2071 1698 2102 atque
1723 2063 1766 2093 ita
1784 2086 1798 2100 ,

928 2101 1077 2141 quicquid
1096 2101 1226 2143 egiss‘et,
1251 2101 1326 2134 esset
1354 2103 1422 2144 ipso
1439 2104 1507 2143 jure
1523 2103 1656 2135 nullum.
1703 2103 1796 2135 Unde

934 2141 1038 2174 Curiae
1059 2141 1214 2176 sententia
1232 2143 1415 2185 simpliciter
1434 2144 1566 2186 probata
1579 2144 1643 2177 fuit
1660 2149 1713 2177 26.
1735 2145 1796 2186 Jul.

935 2192 1023 2224 1740.

1093 2327 1182 2364 IV.

14 2415 76 2451 fAn
99 2422 199 2460 paenae
213 2437 225 2456 ,
250 2410 337 2456 Jure
362 2409 507 2446 Romano
531 2412 710 2454 constituta.»
735 2413 887 2460 adversus
902 2413 1063 2461 secundas
1087 2416 1242 2460 nuptias,
1260 2413 1333 2459 five
1358 2417 1466 2459 intra,
1486 2413 1559 2460 five
1582 2414 1653 2462 post
1675 2427 1794 2451 annum

14 2481 19 2483 ·
455 2470 552 2505 hictus
577 2472 773 2514 contrastas,
799 2474 832 2507 in
858 2472 1032 2507 Hollandia
1057 2472 1158 2507 adhuc
1180 2473 1375 2508 obtineant?

12 2569 22 2608 ζ
118 2578 192 2602 uum
209 2567 340 2602 maritus
355 2567 457 2600 Titiae
477 2568 570 2599 uxori
591 2567 727 2609 legatum
747 2569 887 2610 reliquis-

132 2611 196 2651 set,
221 2619 320 2650 eaque
347 2609 429 2641 intra
457 2619 570 2641 annum
598 2608 745 2641 secundas
762 2611 889 2651 nuptias

13 2686 18 2689 ,
127 2650 348 2690 contraxisset,
373 2650 403 2683 &
418 2651 499 2692 apud
517 2650 644 2683 Curiam
660 2650 840 2683 Hollandiae
854 2662 890 2683 ea

7 2695 64 2739 ·,de
91 2705 125 2727 re
149 2694 187 2725 lis
216 2691 365 2733 penderet
383 2714 393 2727 ,
427 2693 560 2724 relatum
584 2691 629 2724 est
647 2716 656 2731 ‚
688 2692 815 2724 Curiam
836 2704 887 2734 24.

25 2736 117 2770 Febr.
148 2736 238 2775 1586.
264 2733 296 2764 in
318 2732 387 2763 haec
409 2733 506 2764 verba
530 2732 704 2765 decrevisse
721 2734 764 2775 (1
778 2734 812 2775 ):
837 2737 889 2766 dat

13 2774 78 2815 seen
94 2777 212 2810 Vroww
229 2774 304 2806 haar
324 2774 486 2816 begevende
498 2798 508 2814 ,
533 2775 570 2806 ad
596 2773 728 2806 secunda
745 2784 822 2807 vota
842 2777 887 2808 in-

12 2827 74 2859 „tra
95 2827 218 2858 tempus
238 2815 359 2853 luctus,
382 2815 416 2845 de
427 2820 539 2855 poenen
561 2826 623 2847 van
642 2816 767 2856 infamie
785 2828 821 2848 en
836 2828 888 2849 an-

12 2861 91 2903 ,dere
107 2861 140 2891 in
158 2860 179 2892 l.
207 2867 234 2889 1.
261 2857 288 2889 ἃ
318 2866 347 2888 2.
374 2854 421 2887 C.
435 2856 474 2888 de
498 2856 628 2890 secund.
648 2866 739 2899 nupt.
760 2860 823 2890 niet
838 2869 887 2890 on-

13 2902 196 2942 ,derworpen
211 2899 256 2937 is,
270 2897 347 2938 Cap.
372 2897 493 2938 penult.
517 2899 548 2930 ἅ
565 2899 622 2930 ult.
642 2898 685 2930 X.
710 2899 749 2930 de
763 2899 886 2932 secund.

11 2941 120 2984 ,nupn
142 2941 202 2972 ‘wel
226 2937 422 2980 verflaande,
444 2939 496 2970 daz
522 2940 555 2969 de
579 2947 711 2979 poemen,
735 2942 781 2972 die
806 2952 884 2972 naar

14 2989 129 3026 ‚regten
173 2993 186 3014 e
211 2991 285 3013 even
308 2989 366 3021 zyn
392 2985 442 3011 ten
456 2979 572 3019 favam
588 2990 649 3012 van
665 2982 698 3012 de
717 2982 888 3021 Kinderen‚

13 3025 72 3067 iuls
89 3034 141 3056 een
191 3032 274 3055 romu
291 3022 366 3054 haar
380 3027 429 3052 zen
445 3021 581 3062 huwaelyk
600 3022 715 3064 begeest
729 3045 740 3062 ,
764 3026 786 3055 ’t
802 3024 892 3066 zyin-

14 3147 33 3163 st*
66 3162 127 3200 (7)
147 3163 273 3191 Loenins
292 3162 358 3201 Casu
372 3163 422 3192 IV.

63 3201 125 3239 (8)
149 3202 362 3239 Groenewegen
379 3201 410 3230 de
425 3200 488 3231 LL.
503 3202 607 3241 Abrog.
620 3203 689 3233 aaa,
705 3202 738 3232 T.
759 3203 894 3232 ssfouwer

72 3244 155 3276 Tom.
178 3244 218 3276 11.

932 2578 980 2601 tra
994 2577 1048 2601 aut
1063 2569 1134 2610 post
1156 2579 1270 2601 annum
1296 2569 1418 2609 luctus,
1441 2570 1480 2601 de
1503 2570 1616 2612 quibus
1634 2570 1655 2602 l.
1679 2569 1795 2601 Foem'·

931 2621 981 2642 nae
998 2621 1034 2642 en
1050 2612 1177 2649 andere,
1200 2612 1310 2642 houden
1326 2611 1423 2643 zallen
1438 2612 1513 2643 haar
1527 2612 1626 2654 geheel
1645 2622 1680 2642 en
1698 2613 1795 2642 colb«.-

931 2662 997 2683 men
1023 2644 1119 2694 effebi.
1165 2653 1343 2685 Secundum
1367 2653 1435 2685 haec
1459 2652 1589 2685 cessaret
1608 2663 1698 2694 poena
1715 2651 1795 2695 infa-

932 2694 1022 2734 miae,
1048 2693 1200 2725 cessarent
1224 2694 1254 2726 &
1268 2694 1338 2726 aliae
1365 2703 1467 2735 poenoe
1484 2694 1556 2735 Jure
1576 2694 1720 2724 Romano
1736 2694 1795 2724 lta-

933 2743 1006 2767 tutae
1022 2734 1168 2768 adversus
1185 2735 1314 2773 viduas,
1337 2736 1417 2767 intra
1432 2744 1544 2766 annum
1562 2734 1663 2766 luctus
1676 2743 1797 2766 novum

931 2776 1077 2808 maritum
1092 2776 1297 2814 inducentes,
1318 2776 1358 2807 de
1374 2786 1434 2817 qua
1457 2775 1522 2807 sola
1539 2774 1641 2816 specie
1654 2775 1795 2816 litigaba-

931 2825 983 2849 tur
1000 2818 1079 2858 apud
1095 2817 1222 2850 Curiam
1234 2839 1245 2855 ,
1267 2816 1319 2849 sed
1333 2827 1397 2849 non
1414 2817 1564 2848 cessarent
1579 2825 1700 2856 poenae,
1728 2826 1799 2857 quae

931 2868 970 2889 eo
984 2858 1052 2900 ipso
1068 2859 1137 2899 jure
1152 2859 1338 2890 obtinebant
1355 2867 1467 2890 contra
1484 2857 1640 2894 binubos,
1662 2858 1800 2897 quando-

931 2910 1056 2941 cunque
1080 2901 1204 2942 nuptias
1229 2907 1429 2939 repetentes,
1454 2898 1493 2930 de
1518 2898 1631 2938 quibus
1653 2897 1698 2929 est
1722 2899 1752 2930 d.
1775 2899 1798 2932 l.

925 2940 1067 2979 ,Foemz'nae
1087 2952 1116 2982 3.
1142 2940 1178 2975 ὅ)
1194 2944 1225 2971 6.
1251 2942 1283 2972 C.
1306 2942 1339 2971 de
1360 2941 1483 2972 Secund.
1509 2939 1605 2980 Nupr.
1652 2937 1704 2970 De
1716 2948 1798 2972 utra-

957 2992 994 3013 ue
1011 2991 1099 3024 parte
1114 2981 1246 3013 Decreti
1266 2981 1438 3013 videamus.
1484 2980 1587 3012 Prima
1603 2989 1672 3021 pars
1694 2980 1740 3012 est
1760 2981 1800 3013 de

934 2992 1009 3056 solis
1025 3022 1229 3062 mulieribus,
1253 3032 1324 3055 narn
1342 3023 1484 3054 virorum
1502 3021 1608 3053 nullus
1625 3020 1671 3053 est
1689 3022 1803 3061 Iustus,

1749 3065 1803 3106 qui

936 3164 966 3193 de
981 3162 1056 3202 Jure
1073 3155 1188 3191 Connub.
1211 3161 1246 3190 L.
1264 3162 1300 3190 11.
1321 3160 1351 3190 C.
1369 3170 1415 3190 20.
1437 3172 1462 3191 n.
1479 3170 1524 3191 12.
1543 3162 1701 3199 plurimique
1719 3162 1778 3190 alii.

974 3201 1035 3240 (1)
1054 3200 1156 3276 Configk
1169 3201 1212 3230 H.
1234 3199 1267 3229 T.
1283 3201 1334 3229 111.
1354 3198 1487 3238 Amsterd.
1507 3200 1628 3237 Append.
1651 3209 1678 3239 p.
1696 3203 1723 3231 8.

1123 3270 1138 3278 .-
1169 3254 1192 3276 X
