2008 3436
3 0 7 57 l

0 63 6 95 i

1 135 4 168 ε

337 107 696 144 AMICA

0 235 2 255 z
35 227 112 265 bus,
142 237 216 270 age,
243 238 382 271 aptemus
407 229 501 261 etiam
520 228 721 261 Christianis:
747 229 801 270 (τ)
819 239 892 276 nam

0 270 2 314 l

34 278 91 301 nec
110 269 159 309 hi,
180 281 250 302 cum
269 271 330 303 illis
350 270 539 313 exprobrant
555 269 711 302 infantum
722 271 892 318 expolitio-

0 319 1 329 *
34 319 104 342 nem
134 321 300 353 necemque
315 337 326 353 ‚
357 322 396 345 eo
419 312 507 345 fuere
528 312 652 344 animo:
682 319 717 343 ut
734 314 889 344 referrent

32 352 148 393 flagitia
165 353 255 386 flecis
272 353 402 396 Populi,
427 354 527 385 vetita
543 354 573 386 ὃ(
588 352 689 394 puniri
709 351 816 385 solita:
837 352 888 385 sed

33 395 228 435 disciplinam
254 395 340 429 sectae
359 420 369 435 ‚
401 403 561 437 utramque
587 394 734 426 omnibus
761 395 889 435 impune

33 437 253 477 permittentis.
278 438 330 480 (³)
349 438 440 470 Solus
455 437 517 468 hoc
536 443 628 478 negat
651 434 810 467 Dominus
829 446 890 469 van

31 479 272 512 anlx'ershoek:
294 487 443 522 praeterea
457 487 549 509 nemo
563 487 642 509 unus
651 500 662 516 ,
683 485 722 508 ne
736 477 816 518 apud
828 475 890 509 Ve-

34 515 115 553 te'res
133 522 265 563 quidem.
291 521 344 563 (4)
359 521 423 552 imo
439 519 659 552 Tertullianus
676 518 737 564 ait,
749 528 813 551 non
825 527 891 563 mo-

33 562 75 594 do
90 563 252 604 plerosque
268 563 306 594 de
322 561 440 604 populo
452 583 464 599 ,
485 559 536 592 sed
554 558 636 601 ipsos
650 568 744 591 etiam
762 569 890 601 provin-

33 605 151 636 ciarum
170 603 332 642 Praeiides,
355 604 469 636 liberos
490 601 561 634 suos
588 601 714 643 impune
733 601 762 633 ὅτ.
779 610 891 633 necare

35 647 65 677 «St
81 654 245 686 exponere.
269 645 402 687 probavi
421 645 451 676 id
469 643 554 685 Julio
572 642 666 675 Paulo
685 651 711 674 c.
733 651 782 675 11.
803 651 843 673 ex
862 651 892 672 e-

34 687 82 727 jus
99 687 330 730 Apologctico‘c.
352 686 410 718 IX.
431 685 483 727 (⁵)
505 684 575 717 Nec
600 683 713 715 frustra
733 693 816 730 nune
840 683 890 729 ad-

33 729 120 766 dam,
144 728 204 759 cll'e
221 728 407 766 vei-iiimile,
428 734 583 759 certantes
598 725 637 757 de
654 724 831 766 praestant1a
849 726 890 756 ic-

33 770 89 802 ctae
111 768 304 802 Christianos
331 769 537 809 Gentilesque
554 791 563 807 ,
595 776 658 799 non
676 766 810 799 voluill'e
829 790 838 806 ‚
861 765 891 812 se

34 812 170 843 invicem
193 811 317 853 aggredi
345 810 535 849 argumentis
563 808 602 840 ab
633 807 738 839 indole
755 808 783 839 &
800 807 891 839 fat'tis

19 852 243 894 ,fini-gulosum,
268 852 298 885 δε
314 845 530 884 vilissimorum
555 849 738 891 hominum3
759 848 811 880 ubi
828 849 889 880 vir-

36 896 133 932 tutis,
157 893 313 935 sapientia:
342 894 372 926 &
395 891 556 938 religionis
576 890 676 921 honor
693 889 847 930 vertitur,
872 900 889 921 a

35 944 146 968 neutra
164 943 250 976 parte
265 936 369 967 locum
387 935 620 966 invenientium.

60 977 108 1024 ·§.
134 975 238 1009 XVII.
262 976 316 1018 (ὁ)
336 975 408 1008 Non
423 974 554 1005 meliore
569 980 622 1003 aut
643 970 733 1004 causa
747 981 800 1004 aut
818 972 888 1005 fato

37 1016 220 1051 circumfert
237 1017 294 1048 Vir
312 1015 518 1056 Amplillimus
536 1023 560 1044 e.
587 1012 630 1044 X.
643 1012 694 1054 fici
725 1014 885 1055 Opusbuh',

34 1060 195 1102 negotium
213 1057 304 1090 fuiffe
319 1054 518 1094 Christianis,
543 1053 688 1086 Gentiles
702 1064 780 1096 quos
797 1056 887 1087 habe-

33 1103 109 1134 bant
134 1099 321 1131 adverlarios
338 1120 349 1136 ,
379 1106 450 1128 cum
473 1096 518 1128 cis
536 1095 691 1127 infantum
718 1097 888 1138 expofitio-

32 1152 103 1174 nem
118 1150 154 1173 ac
171 1148 279 1172 necem
298 1138 472 1179 objiciunt,
496 1136 711 1178 petulantibus
719 1139 887 1178 conviciis,

33 1193 102 1225 quae
119 1182 157 1214 de
174 1179 310 1221 plaustro
326 1188 421 1212 vocat
430 1202 442 1218 ,
461 1179 526 1210 odii
542 1178 652 1220 plenos
669 1177 783 1216 facere.
805 1179 888 1212 Nam

31 1231 143 1258 contra
165 1222 344 1262 intellecto,
377 1220 462 1262 quod
486 1220 530 1252 eis
546 1219 758 1261 exprobrant,
783 1221 889 1255 ess'ein

66 1338 91 1380 ς,
112 1339 191 1371 XVI.
212 1350 239 1371 r.
263 1339 352 1370 Lesto
374 1341 429 1369 hoc
451 1337 570 1367 exordio
593 1337 687 1367 nescio
699 1345 760 1374 quae
775 1337 829 1366 alia
843 1333 890 1365 hic

27 1382 249 1417 exspeetaveram
264 1402 272 1413 ,
301 1381 346 1408 sed
369 1379 442 1408 redis
465 1377 558 1406 denuo
580 1377 615 1405 ad
637 1377 751 1406 Sanaos
772 1377 866 1405 Patres
880 1396 888 1409 ,

28 1428 149 1458 quorum
164 1420 373 1448 auetoritatibus
394 1424 421 1446 te
434 1418 490 1452 jam
507 1418 588 1444 rebar
602 1415 655 1444 ess'e
678 1416 846 1444 defunetum.
865 1415 890 1460 {-

30 1466 59 1488 ta
73 1465 166 1487 tamen
189 1456 361 1487 Venerandae
386 1455 494 1484 Scholae
517 1454 646 1482 oblivisci
660 1462 718 1483 non
734 1460 829 1492 pote53
851 1461 890 1482 vr-

29 1499 160 1529 deamus‚
182 1495 310 1533 nunquid
326 1503 359 1523 ex
379 1503 412 1523 ea
429 1500 559 1529 apportes
575 1493 653 1521 novi.

64 1546 92 1566 2.
115 1536 176 1572 Ego
201 1535 281 1569 dixi,
306 1540 414 1561 veteres
433 1531 623 1565 Christianos,
643 1540 726 1560 neces
743 1531 768 1560 dt
783 1530 890 1568 exposi-

27 1576 122 1605 tiones
144 1581 272 1612 partuum
295 1572 455 1601 Gentilibus
478 1571 679 1607 exprobrantes
695 1592 702 1604 ,
724 1572 891 1607 exprobrare

26 1615 129 1646 vitium
146 1613 251 1646 freculfi,
266 1611 342 1649 quod
359 1610 403 1639 vel
419 1611 538 1638 maxime
549 1608 684 1638 infecerat
700 1609 822 1637 infimam
836 1608 892 1645 ple-

26 1654 102 1682 bem.
171 1651 276 1680 uamvis
289 1650 364 1678 enim
378 1649 460 1677 variae
475 1647 595 1676 necandi
618 1647 642 1676 &
658 1648 820 1684 exponendi
835 1647 893 1676 fue·

23 1692 84 1721 tint
99 1694 201 1724 caulae,
229 1687 311 1725 longe
333 1688 469 1725 praecipua
492 1693 585 1714 tamen
602 1685 720 1722 egestas:
744 1687 797 1714 hac
818 1694 890 1714 com-

23 1728 96 1768 pulsi
110 1729 272 1757 humiliores
289 1725 424 1764 superflua
443 1733 529 1753 onera
554 1725 747 1761 expellebant,
768 1733 825 1760 quo
841 1724 890 1753 fibi

23 1767 198 1804 reliquisque
214 1766 307 1795 liberis
323 1764 479 1794 consultum
500 1764 581 1791 irent.
621 1764 654 1791 In
671 1763 813 1800 digniores
831 1763 890 1792 haec

25 1807 109 1836 causa
124 1813 182 1833 non
198 1805 332 1836 cadebat,
354 1809 438 1840 atque
454 1802 526 1831 adeo
539 1824 546 1835 ‚
569 1801 612 1830 vel
629 1810 672 1830 me
686 1808 813 1835 tacente,
834 1807 889 1830 ma-

23 1843 124 1874 nifesta
145 1852 187 1872 res
208 1849 281 1876 erat,
305 1842 364 1871 illas
385 1841 617 1878 exprobrationes
635 1849 698 1868 cum
716 1841 835 1868 maxime
849 1849 889 1869 re-

22 1876 154 1912 ses-midas
170 1881 223 1909 esse
234 1881 270 1909 ad
286 1889 350 1915 eos,
372 1889 493 1917 quorum
509 1878 690 1908 sollicitudini
707 1878 835 1908 obstabat
846 1887 890 1908 res

24 1920 140 1958 angusta
157 1920 243 1949 domi.

29 1965 93 1995 2¹3.
112 1960 178 1992 Ais‚
199 1967 243 1988 me
264 1957 367 1991 solum,
388 1957 413 1986 ἃ
429 1963 561 1994 praeterea
575 1957 732 1990 neminem,
755 1955 890 1985 existima·

21 2004 215 2033 re‚veterum
239 1997 459 2027 Christianorum
484 1997 546 2024 loca
567 1995 736 2032 potissimum
750 1997 890 2032 pertinere

23 2035 66 2070 at}
85 2035 180 2065 facem
198 2037 296 2074 populi
321 2058 328 2070 ‚
360 2035 386 2063 &
409 2035 518 2063 turbam
533 2034 588 2062 sine
603 2035 728 2062 nomine.
768 2034 855 2072 Quod
869 2033 890 2061 fi

24 2075 77 2108 fic,
99 2075 280 2104 nihilominus
296 2081 388 2104 tamen
407 2074 479 2102 salva
495 2081 538 2101 res
549 2073 632 2106 ess‘et,v
655 2081 717 2102 cum
733 2072 790 2109 ipsa
805 2073 888 2116 ratio,

23 2121 113 2150 quam
129 2113 186 2141 dixi
198 2133 207 2146 ,
229 2114 293 2141 huic
309 2113 450 2141 sententiae
468 2112 580 2148 praee'iat.
618 2112 672 2140 Sed
689 2119 745 2139 non
764 2112 888 2139 memini-

23 2151 59 2180 sti
76 2159 191 2183 eorum,
218 2160 277 2188 quae
295 2151 417 2189 Jacobus
442 2149 636 2178 Gothofrcdus
660 2150 828 2186 exsequutus
849 2148 889 2177 est

25 2189 64 2218 ad
83 2191 102 2217 1.
126 2198 151 2218 1.
177 2187 207 2216 C.
235 2188 284 2217 Tb.
311 2189 345 2217 ad
365 2189 398 2217 L.
423 2188 498 2217 Corn.
519 2188 549 2216 de
569 2189 654 2216 sicar.
674 2187 700 2217 ἃ
723 2196 784 2224 quae
801 2197 815 2215 a
832 2187 889 2216 sen-

25 2229 115 2257 tentia
138 2235 199 2256 mea
222 2226 292 2255 nihi}
312 2229 459 2264 quicquam
483 2226 659 2264 discrepant,
681 2232 712 2255 ut
727 2226 808 2255 latius
832 2227 890 2254 haec

22 2266 109 2297 xeru'zi
129 2266 152 2303 ς.
175 2266 238 2294 ΧΠ.
259 2275 284 2293 n.
305 2273 347 2293 11.
368 2268 426 2300 ejus
441 2265 524 2301 igitur
537 2266 684 2293 auctoritas
699 2265 773 2293 forte
787 2271 815 2293 te
830 2273 890 2293 mo·

22 2307 121 2337 vebit.
142 2304 160 2332 fi
175 2305 265 2332 minus
282 2304 385 2340 poterit
401 2311 516 2331 movere
532 2304 588 2340 ipJa
606 2304 687 2332 ratio.
726 2303 890 2332 Ambrosius

23 2345 112 2372 etiam
127 2351 162 2371 eo
178 2343 258 2375 loco,
279 2350 361 2378 quem
378 2341 490 2369 laudavi
519 2341 543 2377 §-
558 2342 622 2370 VII.
643 2351 669 2370 n.
688 2350 712 2369 1.
729 2343 889 2379 pauperiori-

22 2383 70 2410 Μ
87 2381 255 2417 potiffimum
279 2380 375 2408 tribuit
391 2380 571 2416 parvulorum
586 2379 775 2417 expositiones
789 2402 798 2415 ‚
819 2389 886 2414 nec,

22 2419 67 2450 sat
78 2419 153 2452 scio,
175 2428 238 2447 eum
255 2418 351 2447 testem
367 2418 510 2446 refutabis.

59 2466 92 2493 (r.
113 2457 319 2486 Tertullianum
337 2458 403 2486 mihi
420 2457 541 2493 opponis
561 2457 698 2494 Apologet.
715 2456 743 2485 C.
752 2458 803 2486 IX.
821 2458 888 2495 quia

24 2496 84 2531 ait,
106 2496 178 2532 ipsos
197 2497 407 2524 Provinciarum
429 2495 557 2524 Praelides
581 2496 683 2524 liberos
700 2494 749 2524 fibi
763 2503 844 2524 natos
860 2506 888 2525 e-

22 2540 126 2565 uenire
143 2534 186 2563 vel
201 2543 350 2571 exponere.
396 2534 450 2563 Sed
473 2535 558 2562 velim
575 2534 797 2569 animadvertas,
817 2536 844 2563 T
847 2544 887 2563 er-

23 2571 193 2610 tull'jan1rm,
213 2572 249 2601 de
264 2572 442 2601 infanticidio
458 2572 609 2605 dic‘kurum‚
631 2573 667 2600 fic
676 2573 763 2601 ordiri
780 2574 888 2602 senten-

24 2611 258 2641 tiam-Convertor
279 2611 313 2639 ad
330 2612 458 2648 populum.
495 2612 572 2639 Mox
594 2612 760 2640 immanitati
778 2611 889 2640 sceleris

24 2648 231 2684 exaggeranda
240 2648 322 2678 'addit
331 2650 458 2687 exempla
467 2649 587 2686 ipsorum
598 2650 742 2678 Praefidum
752 2671 761 2684 ‚
774 2650 886 2686 &quid-

22 2688 53 2716 ni
75 2686 232 2715 veriffime?
250 2696 307 2715 non
323 2687 426 2723 semper
442 2688 546 2724 egestas
567 2688 649 2716 causa
664 2689 741 2717 mali.
779 2689 887 2718 Odium

23 2727 122 2757 uxoris
138 2747 145 2756 .
174 2725 225 2753 vel.
240 2724 259 2753 fi
277 2726 344 2762 quid
373 2726 411 2754 est
433 2727 525 2761 aliud,
552 2728 638 2755 etiam
652 2727 810 2764 digniores,
829 2727 886 2756 &i-

23 2763 93 2802 psos
106 2762 248 2796 Praesides,
269 2764 304 2791 ad
319 2773 415 2793 necem
431 2765 476 2793 vel
492 2765 695 2802 expositionem
709 2775 822 2794 movere
836 2775 887 2803 po-

25 2808 109 2834 terat.
148 2800 274 2829 Praefides
300 2809 408 2837 autem,
437 2803 502 2831 dum
519 2805 547 2832 id
566 2805 700 2840 agebant,
722 2805 794 2833 clam
808 2804 835 2833 <St
854 2806 885 2833 il-

23 2839 103 2873 licite
117 2839 200 2875 egisse
214 2861 222 2873 ‚
246 2847 301 2867 non
318 2841 408 2877 palam
423 2840 449 2869 δι
462 2842 552 2876 licite,
576 2851 633 2871 non
651 2843 767 2872 obscure
784 2843 886 2872 videor

23 2878 156 2913 probasse
170 2877 206 2905 ad
225 2877 250 2914 §.
271 2878 320 2906 Vl.
334 2877 431 2915 supra,
452 2880 500 2908 ubi
515 2881 589 2910 hunc
611 2881 697 2918 ipsum
714 2882 885 2911 Tertulliani

25 2916 123 2945 locum
151 2915 257 2949 adfers,
285 2925 314 2944 n.
336 2924 361 2950 7.
389 2925 457 2952 nec,
485 2927 546 2956 quae
567 2921 607 2948 ibi
629 2921 711 2956 dixi,
742 2922 789 2949 hic
808 2930 886 2958 repe-

27 2960 67 2983 to.
183 2971 186 2973 >

25 2984 29 2990 ’
61 3001 88 3026 5.
110 2991 158 3020 Est
178 2991 259 3020 valde
282 2992 423 3027 singularis
443 2993 500 3022 haec
514 2995 649 3025 sententia
673 3003 738 3032 tua,
758 2997 784 3026 ἃ
804 2998 887 3027 valde

25 3029 155 3064 dubitem
169 3051 177 3063 ,
203 3037 238 3058 an
258 3039 290 3058 ea
308 3030 412 3067 semper
429 3032 512 3060 fueris
532 3035 609 3068 usus,
630 3043 693 3063 nam
709 3036 811 3065 videris
831 3037 886 3065 vel-

24 3068 69 3099 le,
93 3069 142 3096 ubi
158 3068 238 3096 causa
252 3069 410 3105 Religionis
425 3071 566 3105 vertitur„
579 3081 636 3101 non
655 3074 787 3111 disputari
801 3076 887 3104 tantis

26 3107 146 3140 animis,
167 3115 198 3134 ut
216 3114 394 3142 argumenta,
415 3116 431 3135 a
446 3108 580 3144 dignitate
598 3112 683 3140 causae
703 3113 808 3148 aliena,
823 3123 887 3152 pro·

25 3144 154 3173 ferantur
167 3167 173 3176 ,
196 3151 226 3172 ut
241 3145 317 3182 quod
338 3146 372 3173 ad
389 3144 525 3182 singulos,
546 3148 571 3176 δι
585 3149 652 3186 saepe
665 3151 807 3180 viliffimos
825 3162 886 3189 per.

26 3183 118 3218 tinet„
138 3183 243 3212 cunetis
265 3184 439 3224 imputetur,
464 3184 494 3214 id
516 3187 591 3218 enim
609 3195 668 3217 non
683 3190 743 3226 pati
760 3191 889 3226 virturis,

819 108 854 144 R
902 106 932 144 E
983 108 1006 143 S
1054 108 1082 144 P
1129 108 1164 145 O
1213 109 1254 147 N
1301 112 1325 149 S
1374 113 1392 149 Ῑ
1440 113 1485 152 Ο.

0 174 4 204 3
80 184 108 227 §.
134 186 224 220 XVI.
255 186 306 229 (ι)
336 186 430 220 Dicta
451 187 490 219 de
515 187 698 220 Gentilibus
722 188 892 228 Scriptori-
937 195 1074 230 aperto,

1731 117 1801 161 389

1106 198 1143 220 an
1168 199 1227 230 pro
1251 192 1405 225 convicio
1425 201 1479 226 aut
1495 194 1662 228 maledieto
1679 201 1806 237 mpure-

938 238 989 261 tur
1011 229 1097 270 quod
1122 229 1167 262 est
1188 241 1299 263 verum
1314 232 1331 263 ἱ)
1362 235 1487 266 accedit
1510 237 1593 276 quod
1617 237 1803 270 convicium

936 270 1035 302 videri
1061 272 1173 312 nequit
1197 272 1315 304 diftum
1342 273 1405 306 fine
1435 278 1576 308 convicii
1599 287 1653 310 aut
1680 279 1805 319 injuriae

936 309 1111 353 proposito,
1135 312 1165 344 id
1183 323 1221 346 an
1238 312 1376 347 fuitillis
1387 317 1440 357 qui
1456 317 1639 351 adversariis
1658 318 1720 351 suis
1737 328 1803 351 non

932 353 1039 392 ultro,
1060 362 1118 384 nec
1133 353 1268 395 sponte,
1290 356 1486 397 imputarunt
1502 358 1803 401 impietatemexpoa

932 394 1053 427 litionis
1070 395 1219 440 necisque
1239 396 1423 430 infantum?
1444 398 1499 440 (7)
1522 399 1544 431 si
1566 409 1631 432 rem
1647 401 1729 432 ret'ta
1746 410 1802 442 pu-

935 444 1036 467 temus
1056 445 1125 467 v1a:
1158 446 1222 469 non
1251 438 1386 471 habuere
1413 440 1579 473 confilium
1606 441 1776 473 inferendae
1793 465 1805 480 ,

936 476 986 522 sed
1001 477 1186 518 repellendae
1212 479 1349 519 injuriae:
1373 481 1449 522 quin
1464 489 1536 514 ante
1553 483 1592 514 ab
1612 483 1657 515 eis
1675 482 1804 514 lacelliti

936 518 1166 560 insimulatique
1188 520 1380 554 infanticidii
1409 523 1439 555 δε
1465 523 1538 555 inde
1555 524 1701 556 convivii
1721 523 1804 555 ince-

937 559 994 598 sti,
1016 558 1100 591 suam
1121 563 1282 603 purgaturi
1296 563 1529 604 innocentiam,
1553 565 1674 598 necess'e
1691 564 1806 596 habue-

934 609 968 645 re
984 600 1135 646 allegare,
1161 602 1242 634 haud
1257 605 1435 638 credituros
1461 606 1500 637 de
1517 606 1701 639 Christianis
1720 604 1808 638 Gen·

936 641 1122 687 tilechelus
1133 665 1142 681 ,
1167 652 1258 685 turpe
1273 654 1366 687 atque
1381 655 1492 680 atrox:
1516 648 1572 681 nisi
1589 648 1643 691 ipsi
1661 647 1805 680 facerent

936 683 1099 728 consimile
1120 706 1132 722 ,
1166 684 1196 716 δε
1221 685 1276 717 suo
1302 689 1452 730 exemplo
1479 689 1655 729 discerent,
1675 690 1713 721 ab
1734 688 1805 720 aliis

933 723 1058 755 admitti
1083 724 1180 765 posse.
1209 736 1359 767 praeterea
1382 730 1444 761 csse
1467 730 1594 772 iniquos
1613 732 1666 774 qui
1685 731 1716 763 in
1737 730 1806 761 aliis

933 764 1160 812 reprehendant
1188 777 1224 799 ac
1248 771 1379 810 puniant
1396 781 1455 812 pro
1476 773 1608 806 crimine
1625 772 1710 815 quod
1728 772 1759 804 in
1782 771 1805 803 i-

933 808 1004 847 psos
1032 816 1228 848 reciprocata
1256 811 1467 845 vicissitudine
1496 814 1589 855 poffit
1615 813 1804 855 retorqueri.

932 847 992 894 §ed
1016 848 1161 895 profecto
1192 850 1280 882 licita
1303 854 1333 884 ὃς
1361 853 1487 886 honesta
1504 856 1590 895 prius
1614 856 1692 888 laesis
1717 854 1805 886 omni

930 898 1001 962 Ἔτει
1016 891 1113 922 tuerit
1129 890 1286 932 tlefenli03
1308 904 1366 926 nec
1382 896 1463 927 male
1479 896 1652 930 Terentius
1666 897 1802 929 Eunucb.

961 941 989 962 ro
1005 942 1050 974 og.

991 972 1169 1015 Responsmn
1180 997 1191 1013 ,
1212 985 1269 1007 non
1289 978 1397 1010 <linum
1417 980 1487 1020 effe,
1509 981 1579 1020 qnia
1602 980 1670 1020 laefit
1688 982 1783 1022 prior.

931 1012 983 1055 (8)
1006 1014 1087 1046 llluc
1117 1025 1222 1047 autem
1252 1020 1343 1051 unice
1368 1022 1550 1053 collineass'e
1587 1021 1805 1061 Christianos,

930 1056 1093 1095 quomodo
1117 1066 1182 1103 non
1204 1059 1425 1094 animadvertit
1450 1062 1608 1096 Dominus
1635 1074 1696 1097 van
1722 1064 1809 1106 Byn«

929 1096 1100 1142 l<ersliock3
1124 1099 1146 1130 11
1166 1107 1288 1132 attente
1305 1102 1383 1144 legit
1401 1104 1431 1135 δε
1445 1104 1640 1135 examinavit
1661 1105 1804 1145 Scripto-

932 1147 980 1169 res
1001 1140 1104 1179 ipioS‚
1135 1139 1197 1171 hoe
1218 1141 1321 1181 palam
1345 1144 1569 1177 declarantes?
1594 1145 1650 1186 (⁹)
1671 1145 1757 1187 quod
1780 1145 1805 1179 fi

931 1187 985 1210 aut
1005 1178 1220 1227 perfunc‘torie
1241 1182 1318 1225 legit
1354 1185 1515 1226 integros,
1538 1194 1593 1217 aut
1616 1186 1726 1219 saltem
1750 1197 1807 1220 ex-

933 1229 1061 1262 cerptos
1081 1221 1119 1253 ab
1150 1222 1220 1255 alns
1250 1225 1478 1260 consideravit:
1500 1227 1664 1270 (alterum
1684 1238 1734 1261 res
1756 1239 1806 1261 ar-

1703 1271 1773 1312 guit
1784 1270 1808 1312 )

925 1337 1062 1378 sapientie
1077 1338 1113 1375 ὅ)
1124 1339 1272 1381 Religionis
1288 1343 1415 1375 honorem.
1461 1345 1524 1383 Ego
1539 1352 1609 1374 vero
1623 1348 1811 1383 putaveram,¹

933 1386 998 1411 eos,
1027 1379 1076 1422 qui
1105 1380 1139 1408 de
1159 1381 1312 1419 Religione
1337 1385 1504 1421 disputant,
1533 1386 1578 1413 vel
1594 1384 1663 1413 olim
1682 1384 1805 1423 disputa-

932 1423 1015 1451 runt,
1042 1425 1071 1445 in
1093 1418 1167 1447 hanc
1188 1428 1296 1457 partem
1318 1431 1382 1452 cum
1397 1424 1517 1452 maxime
1532 1424 1666 1460 peccare,
1688 1423 1714 1453 &
1734 1422 1806 1453 olim

931 1455 1071 1492 peccasse,
1093 1455 1119 1484 <St
1133 1463 1177 1486 tot
1193 1459 1257 1488 sane
1273 1469 1305 1488 ac
1321 1466 1417 1496 tanta,
1437 1463 1514 1490 omni
1530 1470 1609 1496 aeVO,
1627 1463 1687 1498 ejus
1702 1464 1743 1491 rei
1758 1470 1806 1491 ex-

931 1493 1004 1521 stant
1019 1502 1198 1531 argumenta,
1221 1505 1251 1528 ut
1266 1499 1324 1536 ipsa
1341 1501 1423 1537 copia
1437 1499 1606 1529 laboremus.
1646 1501 1706 1529 Aut
1722 1509 1807 1536 erras,

931 1538 978 1560 aut
996 1532 1066 1561 ludis
1081 1553 1090 1567 ,
1119 1535 1157 1563 ait
1183 1535 1231 1565 ille
1253 1537 1328 1574 apud
1344 1539 1468 1568 Gellium
1489 1539 1525 1568 L.
1545 1539 1610 1568 XX.
1631 1538 1660 1567 C.
1685 1547 1731 1569 ro.
1755 1539 1806 1569 sed

935 1570 1013 1606 quod
1034 1571 1082 1600 ille
1106 1572 1141 1602 de
1164 1573 1342 1607 adolescente
1357 1599 1366 1612 ,
1393 1579 1463 1607 mihi
1484 1586 1544 1607 non
1568 1578 1635 1606 licet
1651 1577 1746 1607 dIcere
1767 1577 1806 1608 de

934 1610 1119 1640 Anteceffore
1133 1612 1216 1649 Juris.

971 1647 996 1684 S.
1017 1649 1111 1692 XVII.
1131 1654 1158 1680 6.
1180 1652 1288 1681 Totum
1303 1653 1378 1683 hunc
1398 1655 1423 1692 §-
1443 1655 1500 1684 fine
1521 1655 1577 1684 ulla
1590 1660 1658 1685 nota
1672 1660 1805 1693 poteram

935 1692 1139 1722 transmittere,
1161 1689 1234 1719 adeo
1249 1692 1295 1719 hic
1305 1692 1375 1721 nihil
1389 1694 1458 1730 agis.
1493 1693 1683 1731 Concoquere
1698 1694 1806 1723 scilicet

934 1724 1054 1769 necdum
1080 1732 1177 1764 potes,
1205 1729 1282 1764 quod
1298 1729 1460 1760 Christianis
1476 1732 1629 1768 objecerim
1642 1732 1806 1769 impruden—

932 1769 998 1792 tiam
1014 1763 1065 1808 ’..&
1078 1766 1227 1803 plurimam
1246 1768 1314 1805 saepe
1336 1771 1510 1806 proterviam
1535 1771 1564 1799 in
1581 1770 1738 1800 refutandis
1755 1771 1807 1800 ad·

931 1802 1058 1846 versariis
1086 1804 1138 1833 suis
1154 1814 1164 1840 ς
1192 1805 1217 1834 ὅτ.
1237 1807 1316 1844 quod
1333 1816 1382 1837 eos
1398 1817 1434 1837 ne
1446 1809 1560 1845 quidem
1576 1811 1702 1838 conviciis
1721 1809 1806 1839 absti-

932 1841 1019 1869 nutffe
1036 1841 1202 1877 adjecerim,
1225 1845 1252 1873 in
1269 1846 1366 1882 primis
1384 1853 1411 1876 te
1428 1848 1500 1876 male
1523 1848 1619 1877 habet.
1659 1847 1713 1877 Sed
1731 1856 1804 1877 non-

934 1879 1000 1907 dum
1022 1882 1117 1909 omnia
1142 1882 1216 1917 dixi,
1246 1884 1394 1914 manifesta
1414 1886 1481 1923 saepe
1500 1887 1647 1915 mendacia
1662 1887 1688 1915 in
1702 1888 1735 1915 iis
1755 1887 1805 1916 de-

933 1919 1082 1954 prehendit
1097 1919 1123 1948 &
1137 1920 1283 1957 castigavit
1297 1923 1419 1953 Dallaeus
1441 1926 1471 1952 de
1490 1924 1538 1963 usu
1552 1925 1665 1953 Parrum
1675 1947 1682 1958 ‚
1704 1925 1730 1954 dc
1745 1925 1806 1955 fru-

934 1956 988 1984 stra
1003 1956 1065 1990 fim,
1088 1957 1108 1986 fi
1122 1959 1180 1987 haec
1194 1959 1364 1995 describam,
1386 1962 1431 1990 vel
1451 1962 1504 1990 alia
1517 1963 1628 1991 addam.
1650 1963 1706 1992 Sed
1721 1964 1803 2001 quod

934 1997 1100 2030 generaliter
1119 1997 1194 2031 dixi,
1223 2005 1254 2026 tu
1279 2001 1361 2028 unice
1376 2001 1508 2029 transfers
1524 2001 1559 2030 ad
1580 2001 1732 2031 liberorum
1754 2012 1806 2031 ne-

935 2042 995 2077 cem
1010 2033 1036 2061 δι
1050 2035 1265 2071 expositionem.
1284 2038 1362 2074 quod
1373 2039 1474 2068 factum
1491 2049 1548 2068 non
1565 2041 1702 2077 oportuit.
1725 2042 1804 2071 Mox

933 2080 990 2105 ars,
1011 2073 1042 2116 in·
1055 2074 1108 2101 hac
1125 2074 1214 2111 specie
1229 2075 1344 2105 abfuisse
1358 2078 1482 2106 animum
1504 2080 1610 2114 inJ’uriae
1629 2079 1802 2115 inferendae,

933 2110 959 2138 δε
981 2109 1014 2138 de
1034 2112 1134 2145 1njuria
1150 2113 1176 2141 δε
1197 2116 1331 2143 convicio
1353 2115 1462 2145 loculos
1489 2123 1554 2146 tuos
1568 2119 1691 2152 excutis,
1714 2127 1751 2147 ne
1771 2127 1804 2146 o-

932 2146 1011 2177 miss‘o
1031 2150 1144 2186 quidem
1171 2153 1299 2181 Terentii
1324 2154 1482 2189 versiculo,
1505 2156 1540 2184 ad
1557 2156 1687 2185 nauseam
1699 2157 1805 2193 protri-

933 2193 974 2215 t0.
1014 2187 1069 2216 Sed
1087 2189 1154 2225 quid
1172 2190 1190 2218 si
1207 2192 1264 2219 haec
1280 2194 1376 2221 onmia
1399 2194 1602 2223 concesserim?
1620 2203 1655 2223 an
1670 2195 1738 2224 ideo
1751 2197 1803 2224 mi-

932 2233 984 2254 nus
1001 2235 1096 2255 verum
1112 2229 1179 2262 erit,
1201 2229 1278 2266 quod
1302 2232 1358 2259 dixi
1369 2253 1376 2266 ,
1409 2232 1507 2261 Patres
1522 2234 1628 2261 bonam
1641 2233 1724 2262 fidem
1733 2233 1804 2272 saepe

932 2272 990 2293 non
1007 2265 1138 2302 servasse,
1159 2267 1185 2296 δι
1201 2269 1280 2297 nullo
1293 2270 1356 2305 jure
1377 2270 1505 2299 Gentiles
1520 2272 1692 2308 exagitasse?

971 2311 996 2338 7.
1017 2305 1160 2342 Exponis.
1178 2315 1234 2343 qua
1248 2308 1395 2337 occasione
1411 2309 1562 2338 Christiani
1583 2310 1803 2339 Gentilibusob-

930 2343 1051 2378 jecerint
1065 2343 1244 2373 infanticidia
1267 2346 1292 2374 ὅ(
1318 2347 1454 2383 incestus,
1477 2350 1512 2376 ab
1529 2348 1591 2385 ipsis
1606 2348 1711 2377 scilicet
1725 2350 1803 2386 prius

930 2381 1079 2410 insimulati
1103 2384 1257 2412 eorundem
1279 2387 1427 2414 criminum
1445 2408 1451 2420 ,
1464 2385 1608 2423 ‘quamvis
1632 2387 1712 2415 nullo
1726 2388 1801 2422 jure.

928 2420 976 2448 Sic
991 2420 1046 2455 est,
1067 2427 1098 2449 ut
1114 2421 1200 2458 dicis,
1223 2432 1274 2453 nec
1294 2425 1383 2467 id0me
1399 2425 1482 2459 latet,
1505 2424 1549 2453 vel
1572 2433 1695 2462 unquam
1709 2426 1804 2456 latuit.

929 2459 1030 2487 Nolim
1052 2467 1166 2496 quoque
1190 2461 1355 2498 investigare
1371 2483 1378 2495 ‚
1408 2471 1443 2491 an
1469 2463 1619 2492 Christiani
1642 2465 1670 2493 in
1698 2464 1802 2494 libellis

930 2496 1144 2534 Apologeticis,
1168 2501 1215 2528 ubi
1236 2500 1282 2528 illa
1298 2501 1422 2529 'crimina
1445 2507 1627 2539 retorquent,
1652 2503 1734 2532 fidem
1753 2505 1804 2532 bo-

930 2544 994 2563 nam
1009 2537 1056 2564 hic
1072 2536 1129 2565 illic
1149 2546 1206 2566 non
1229 2539 1413 2575 violaverint,
1437 2538 1651 2577 &putaverint,
1672 2548 1704 2570 ut
1717 2542 1802 2571 male-

931 2574 1025 2602 dicere
1045 2583 1103 2602 non
1139 2576 1204 2605 licet
1219 2598 1227 2611 ‚
1257 2577 1293 2604 fic
1314 2578 1512 2608 remaledicere
1538 2576 1592 2614 jus³
1602 2579 1703 2616 fasque
1718 2581 1772 2610 effe
1792 2592 1801 2615 ;

930 2613 1018 2641 nolim
1033 2634 1042 2648 ‚
1071 2614 1186 2650 inquam
1203 2637 1211 2648 ,
1239 2616 1299 2643 haec
1324 2616 1505 2652 investigare,
1535 2626 1570 2645 ne
1584 2617 1695 2653 longius
1711 2619 1805 2655 digre-

930 2651 1005 2685 diar,
1035 2660 1118 2688 quam
1143 2659 1277 2691 oportet,
1304 2654 1330 2682 ἀ
1351 2656 1473 2684 animum
1495 2663 1595 2691 tuum,
1629 2656 1665 2685 fic
1681 2657 1744 2686 satis
1761 2659 1800 2685 in-

929 2689 1036 2718 fensum
1049 2712 1056 2724 ,
1077 2690 1150 2719 ultra
1166 2692 1330 2729 pro'vocem.
1369 2694 1461 2722 Nimis
1477 2696 1562 2723 etiam
1577 2695 1636 2723 haec
1652 2696 1762 2723 abirent
1783 2704 1800 2723 a

929 2728 1024 2757 nostra
1040 2729 1244 2766 disputatione,
1272 2740 1333 2768 quae
1356 2732 1401 2760 hic
1426 2741 1480 2760 una
1496 2733 1521 2761 &
1538 2733 1594 2761 sola
1608 2732 1665 2766 est,
1686 2742 1719 2761 an
1737 2742 1801 2769 par-

929 2774 1008 2796 tuum
1029 2776 1111 2797 neces
1128 2769 1154 2797 dt
1168 2769 1355 2807 expositiones
1372 2771 1532 2800 Gentilibus
1547 2772 1704 2805 obJ'ecerint
1717 2771 1798 2799 Chri-

929 2806 1027 2841 stiani,
1047 2813 1078 2835 ut
1102 2816 1160 2837 rem
1184 2809 1311 2843 licitam,
1343 2817 1378 2837 an
1395 2817 1463 2837 vero
1480 2817 1509 2838 ut
1523 2809 1659 2838 illici-tam.
1697 2809 1797 2846 Apage

929 2845 983 2874 alia
1005 2846 1111 2874 omnia.

967 2887 993 2914 8.
1014 2885 1100 2912 Unde
1115 2886 1217 2918 habes,
1238 2893 1283 2913 me
1300 2892 1358 2913 non
1381 2884 1605 2914 animadvertisse
1622 2883 1699 2912 illum
1716 2886 1798 2915 Chri-

928 2922 1081 2951 stianorum
1108 2923 1239 2960 scopum:
1265 2932 1358 2959 neque
1376 2926 1450 2952 enim
1471 2924 1538 2951 mihi
1555 2924 1706 2958 quicquam
1723 2925 1799 2954 exci-

929 2962 984 2998 dit,
1006 2961 1081 2990 unde
1098 2962 1126 2989 id
1145 2961 1301 2997 collegeris.
1338 2963 1400 2989 Imo
1415 2964 1504 2998 probe
1523 2961 1727 2998 animadverti,
1748 2963 1798 2992 sed

928 2999 998 3029 nihil
1016 2999 1062 3028 ille
1078 3000 1176 3036 scopus
1189 2999 1225 3027 ad
1243 2999 1365 3027 nostram
1386 3000 1625 3036 Disputationem.

968 3047 995 3072 9.
1017 3038 1094 3074 ipsos
1106 3038 1241 3066 Austores
1258 3046 1302 3065 me
1317 3037 1412 3070 adire,
1434 3046 1487 3066 nec
1502 3046 1536 3066 ex
1553 3038 1672 3066 aliorum
1690 3039 1798 3078 scriptis

932 3077 1043 3112 sapere,
1065 3082 1188 3108 norunt,
1210 3076 1256 3111 qui
1270 3084 1314 3103 me
1335 3082 1450 3104 norunt.
1490 3077 1554 3110 Tu,
1577 3085 1630 3114 pro
1641 3078 1733 3106 amico
1748 3078 1798 3107 sci-

930 3115 996 3142 licet
1018 3121 1083 3149 erga
1108 3121 1153 3141 me
1177 3115 1288 3147 anim0,
1311 3114 1388 3142 aliud
1407 3115 1455 3143 hic
1470 3114 1630 3152 suspicaris,
1651 3115 1696 3145 sed
1712 3125 1797 3154 quam

931 3152 1086 3188 suspicandi
1109 3152 1219 3180 causam
1240 3153 1371 3182 habueris
1389 3173 1399 3191 ‚
1427 3158 1457 3182 tu
1481 3161 1541 3184 non
1562 3154 1693 3193 exprimis
1707 3177 1714 3189 ,
1735 3154 1760 3183 &
1776 3155 1802 3183 i-

931 3190 979 3229 pse
994 3198 1052 3220 non
1069 3189 1216 3225 adsequor.

1121 3228 1249 3267 ceca
1658 3227 1829 3269 1.Quam'
