2008 3436
220 122 234 139 η

166 122 213 155 40
536 113 1044 151 GERARDI

162 199 274 233 ptum,
299 192 437 234 primus,
463 195 595 235 opinor,
618 193 827 226 demonstravi
844 194 929 235 Jzziio
946 194 1022 225 Pun-

164 233 191 262 ἐν
215 243 240 264 c.
266 234 309 266 X.
328 234 363 269 ἃ
379 234 435 266 XI.
461 235 513 277 (ι)
536 236 695 268 Credibile
711 244 814 267 autem
824 235 886 273 est,
906 244 1024 266 utrum-

166 283 227 313 que
244 285 261 306 a
278 275 376 308 Paulo
393 275 485 308 fuisse
501 277 701 309 observatum
724 278 756 308 in
773 278 793 309 l.
810 287 839 317 4.
865 277 908 309 D.
935 278 968 307 de
992 287 1022 307 a·

165 315 262 354 gri-osc.
288 316 324 351 ὅς’)
351 319 447 349 erlend.
477 319 557 350 iiber.
589 318 683 349 etiam
698 317 769 349 fore
786 319 997 358 appariturum
1013 339 1024 355 ,

163 356 187 388 fi
213 357 318 389 locum
346 359 527 391 haberemus
551 360 729 400 integrum:
754 360 843 399 cnjus
861 359 926 390 sola
942 368 1025 389 nune

164 407 236 437 pars
259 399 378 439 reliqua
403 399 455 431 est.
512 401 571 432 Sed
590 401 652 431 hoc
674 400 878 431 animadverti
897 400 973 431 olim
998 408 1022 430 e.

169 438 253 472 VIII.
277 442 304 471 cl.
330 441 451 481 Operis:
483 451 521 482 ap
546 441 628 473 osito
649 451 706 481 pro
726 441 843 480 majore
858 440 1025 472 fulcimine

163 480 240 512 loco
266 482 420 514 consimili
445 492 485 514 ex
515 451 568 522 (pz)
601 481 755 512 Laclantii
787 482 838 512 lib.
857 485 889 512 6.
913 480 1021 512 Diw'n.

163 519 257 562 iussit.
291 533 315 553 ε.
339 533 388 555 20.
421 523 497 554 item
525 523 588 554 alio
605 532 645 552 ex
670 522 816 564 Apologia
821 522 953 562 secunda
973 521 1023 561 Ju-

162 562 236 594 stini
252 564 417 606 Martyris.
463 564 499 596 In
529 562 693 603 praesentia
711 572 838 604 quoque
854 572 917 594 non
938 572 1022 593 rece-

162 604 233 635 dam
251 615 267 636 a
286 605 402 636 vicinia
415 606 498 635 veri:
523 605 686 644 opinatus,
717 603 922 644 Justinianum
941 603 1024 644 quod

162 656 179 676 a
198 645 294 676 Paulo
320 655 377 685 pro
406 646 511 685 regula
536 653 603 675 erat
631 644 780 676 traditum
800 667 811 682 ,
840 645 871 676 in
895 646 923 675 d.
948 646 967 676 l.
992 655 1023 685 4.

162 687 285 717 idcirco
312 696 376 717 non
400 685 588 726 descripsisse
605 696 613 717 ε
648 686 720 726 quia
739 696 755 717 a
774 686 997 720 Valentiniano
1014 709 1024 724 ‚

164 727 297 758 Valente
316 751 325 765 ,
352 727 381 758 δέ
399 726 580 764 Gratiano,
607 734 743 757 vetitum
759 727 790 758 in
814 727 836 757 l.
861 731 891 760 8.
916 727 947 758 C.
974 727 1025 758 Ad

163 768 243 809 Leg.
279 766 454 801 Carnesrse
470 767 558 806 strar.
585 767 621 802 {9⁵
649 768 670 798 l.
697 778 725 799 2.
761 768 792 800 C.
823 769 856 798 de
880 768 1024 807 insaniei).

161 808 278 849 exjmfir.
304 809 363 848 jam
382 817 447 840 tum
467 819 524 850 pro
541 809 609 849 jure
626 808 784 845 observari
803 809 942 841 desierat.

205 850 234 891 ᾗ.
255 850 386 881 XXIX.
418 850 471 891 (³)
504 850 545 882 At
570 850 649 881 Viro
675 850 872 891 Amplissimo
901 860 925 881 e.
950 849 1022 882 VII.

163 891 272 931 Opalia
297 900 360 922 non
377 891 412 922 nt
425 891 612 930 verisimile,
639 890 736 922 Paulo
752 892 782 922 in
800 892 883 923 libris
903 893 1024 923 Senten-

161 929 270 963 nnn-im
298 942 337 963 ex
354 933 467 972 quibus
483 932 527 964 est
549 934 577 964 cl.
602 933 622 964 l.
646 942 676 972 4.
701 931 792 964 fuifl'e
810 932 1023 974 propositum,

160 973 343 1014 persuadere
359 972 594 1015 Philosophiam
610 973 760 1005 moralem
771 997 780 1013 ‚
806 973 870 1005 five
886 974 959 1005 boni
978 974 1025 1005 vi-

160 1015 184 1046 ri
205 1015 309 1046 ossicia
324 1024 393 1056 quae
409 1015 536 1055 impune
551 1014 685 1046 licuisset
706 1023 918 1046 contemnere.
930 1014 1025 1058 Quasi

160 1056 313 1095 dixerim,
340 1056 469 1087 Paulum
490 1057 519 1087 in
539 1057 623 1087 libris
640 1056 859 1087 Sententiarzmz
878 1056 1026 1093 volu1ss'e,

161 1107 256 1128 unam
282 1097 402 1128 tradere
428 1097 580 1128 moralem
605 1095 840 1137 Philosophiam
856 1118 868 1135 ,
892 1097 922 1129 ἃ
942 1097 1027 1138 quod

158 1139 192 1170 in
210 1138 294 1169 Foro
314 1147 371 1178 pro
389 1139 495 1178 regula
511 1137 593 1178 Juris
611 1136 846 1176 observaretur,
871 1138 904 1170 in
922 1146 1027 1169 totum

161 1180 344 1220 neglexisse.
389 1179 465 1211 Nou
490 1181 535 1210 ita
557 1178 621 1210 est:
646 1188 813 1219 numquam
831 1179 895 1210 hoc
910 1179 1027 1219 cogita-

161 1222 218 1259 νὴ
242 1222 272 1252 ὅ(
300 1220 493 1252 contrarium
522 1219 657 1251 ostendit
679 1228 765 1250 meus
782 1219 881 1259 Julius
900 1218 1024 1250 Paulus.

160 1261 262 1303 Igitur
291 1271 350 1294 nec
375 1271 424 1292 me
447 1262 618 1293 conturbat
646 1259 837 1292 Clarifflmus
866 1260 1026 1297 Senator,

162 1313 261 1344 porro
284 1302 458 1344 professus,
490 1303 530 1334 Se
548 1301 658 1342 potius
683 1300 828 1339 censere,
852 1301 897 1332 ita
912 1300 1025 1333 haben-

201 1453 228 1474 1.
249 1445 319 1473 Non
335 1443 374 1471 est
389 1443 484 1477 locus,
505 1443 553 1479 qui
569 1442 656 1479 magis
675 1442 792 1480 probet,
813 1441 964 1472 liberorum
981 1450 1026 1472 ne·

164 1492 224 1512 cem
241 1483 266 1511 ἃ
287 1481 489 1519 expositionem
507 1503 514 1515 ‚
542 1482 625 1509 etiam
649 1481 726 1510 Pauli
752 1481 840 1510 nostri
850 1491 930 1518 aevo,
949 1482 1027 1511 fuisse

163 1522 291 1550 illicitam
302 1543 310 1554 ‚
323 1529 408 1557 quam
428 1521 447 1549 l.
463 1528 491 1555 4.
505 1519 546 1558 ff.
560 1519 591 1548 de
606 1519 719 1557 Agrnjc.
731 1518 859 1554 &alenai
875 1522 920 1549 lib.
939 1527 1028 1557 utque

163 1560 211 1588 alii
233 1568 265 1588 ea
288 1560 315 1588 in
339 1561 412 1588 hanc
433 1567 490 1588 rem
514 1558 553 1586 usi
569 1559 645 1587 sunt.
667 1558 703 1586 fic
719 1558 774 1595 ipse
794 1558 890 1596 Opusc.
912 1559 941 1588 C.
963 1560 1027 1588 VII.

145 1595 187 1636 Ἰ),
210 1600 274 1633 358.
297 1596 400 1636 &seq¹
443 1596 468 1625 ἃ
489 1597 580 1634 palam
603 1597 642 1624 ibi
664 1597 781 1625 Paulus:
809 1606 900 1627 necare
915 1598 1026 1629 videri,

162 1646 212 1665 non
227 1643 344 1669 tantum,
366 1637 410 1672 qui
424 1641 526 1670 partum
540 1634 674 1673 perfucat,
686 1634 735 1672 sed
753 1633 790 1669 ὅ)
802 1637 846 1672 qui
860 1636 967 1672 abjicit,
983 1638 1028 1673 qui

163 1676 288 1703 alimonia
302 1680 396 1711 negat.
414 1673 450 1708 {5⁹
466 1676 511 1710 qui
522 1675 632 1709 puhlicis
646 1675 709 1702 locis
723 1676 835 1709 exponit.
873 1675 968 1703 Verba
978 1683 1026 1704 ex-

162 1714 243 1751 posui
265 1714 290 1741 d.
313 1713 345 1741 C.
367 1713 430 1741 VII.
465 1712 490 1740 &
504 1712 580 1740 simul
596 1711 721 1745 ostendi,
742 1720 757 1739 a
773 1713 917 1749 prohibita
930 1720 1024 1750 partus

162 1761 233 1781 nece
255 1751 371 1779 Paulum
392 1749 519 1783 efficere,
539 1752 623 1779 etiam
641 1751 694 1779 alia
710 1753 820 1781 omnia.
853 1760 914 1787 quae
932 1761 1025 1781 recen-

164 1791 221 1823 set,
243 1790 295 1818 esse
309 1790 462 1826 prohibita.
500 1789 556 1818 Sed
570 1788 597 1817 id
617 1798 666 1825 per
680 1789 778 1818 Virum
794 1789 976 1819 Clariffimum
988 1791 1027 1819 di—

165 1838 229 1857 cere
242 1837 299 1857 non
316 1828 399 1860 licet,
419 1836 482 1855 narn
499 1828 637 1862 integrum
661 1828 761 1856 librum
779 1827 899 1865 scripsit,
921 1836 951 1858 ut
965 1838 1026 1866 per-

165 1867 308 1899 suaderet,
331 1866 448 1895 Paulum
462 1874 519 1894 non
533 1866 678 1902 respexisse
700 1865 735 1894 ad
745 1867 818 1902 juris
833 1868 953 1903 regulas,
973 1877 1027 1904 quae

160 1906 222 1944 foro
229 1904 370 1943 serviunt,
386 1904 436 1942 sed
449 1904 483 1932 ad
491 1905 563 1940 juris
580 1910 721 1941 prcecepta,
751 1913 804 1940 quoe
811 1904 930 1941 Jpeffant
943 1907 976 1934 ad
990 1906 1028 1943 of-

161 1944 254 1982 ficium
267 1945 321 1972 viri
336 1944 394 1971 boni
413 1941 556 1979 &santii
596 1943 624 1971 Si
646 1950 752 1979 quaeras
775 1964 782 1975 ,
803 1943 878 1971 unde
898 1953 931 1972 ea
945 1945 1028 1973 inter-

168 1983 291 2018 pretatio
305 1982 318 2009 2
347 1990 403 2009 non
429 1980 513 2008 aliam
533 1980 671 2009 rationem
691 1981 823 2013 habebiS,
850 1991 934 2018 quam
951 1983 1028 2019 quod

167 2021 247 2049 Pauli
263 2029 322 2048 aevo
337 2019 419 2047 licitae
431 2019 535 2047 fuerint
547 2026 676 2056 partuum
689 2019 776 2047 caedes
793 2019 818 2048 ἂ
832 2021 1028 2057 expositiones.

168 2059 258 2087 Addit
286 2059 336 2086 liic»
353 2059 403 2085 Vir
425 2056 500 2086 clar.
528 2057 546 2085 si
570 2058 679 2092 integer
697 2058 775 2086 Pauli
793 2058 870 2086 locus
884 2059 1003 2088 exstaret
1021 2080 1030 2094 ‚

163 2097 224 2135 fore
238 2097 433 2132 appariturum,
454 2096 576 2130 regulam
590 2096 675 2130 juris,
697 2104 779 2132 quam
797 2097 1028 2126 Tribonianuso-

166 2134 255 2168 misit,
276 2135 367 2171 primo
388 2133 466 2162 fuisse
485 2133 634 2168 traditam,
656 2134 680 2161 &
697 2135 800 2162 deinde
822 2133 948 2164 additum
966 2145 1030 2171 praa·

169 2179 282 2210 ceptum
309 2173 376 2206 iuris
391 2194 398 2204 ‚
427 2172 504 2207 quod
530 2181 604 2200 nunc
626 2172 712 2200 solum
731 2172 849 2209 superest
865 2174 893 2201 in
914 2176 939 2202 d.
961 2176 978 2202 l.
1001 2183 1028 2208 4.

167 2211 278 2246 Regula
301 2210 406 2238 scilicet
428 2210 587 2246 permisisset
619 2207 758 2239 infantum*
784 2212 885 2240 caedem
901 2232 909 2243 ‚
945 2221 1029 2249 quam

169 2256 338 2286 praeceptum
362 2249 554 2285 prohibuisset.
595 2248 624 2277 Si
650 2248 732 2277 liceat
749 2250 814 2277 talia
831 2250 951 2285 fingere,
967 2251 1030 2278 sine

170 2288 227 2316 ulla
244 2288 326 2324 plane
347 2287 526 2320 ambustam,
557 2295 622 2316 mox
643 2288 727 2315 etiam
747 2288 842 2316 licebit
860 2290 898 2317 itu
913 2289 1030 2317 P-aulum

170 2326 366 2362 interpretari,
391 2325 435 2353 sed
451 2331 548 2353 amoto
564 2326 713 2362 figmento,
736 2327 764 2354 id
785 2335 841 2354 non
858 2326 960 2360 licere,
984 2336 1029 2355 va-

171 2366 220 2393 riis
236 2365 393 2392 rationibus
414 2364 486 2391 evici
506 2363 530 2391 d.
555 2363 584 2392 C.
607 2365 669 2392 Vll.
690 2372 715 2400 p.
739 2373 802 2400 359.
825 2372 854 2393 at
874 2367 907 2394 de
928 2366 970 2394 his
987 2374 1030 2394 ra-

171 2405 297 2433 tionibus
315 2410 381 2429 mox
397 2403 506 2437 plenius
523 2403 574 2430 erit
591 2403 739 2436 agendum.

211 2450 237 2470 2.
259 2442 304 2469 De
327 2441 369 2467 his
396 2441 529 2469 Lafiantii
555 2440 580 2468 δι
602 2441 699 2478 Justini
723 2442 860 2478 Martyris
883 2441 951 2470 locis
974 2442 1030 2478 jam

173 2481 229 2510 diiii
245 2479 279 2507 ad
301 2479 322 2515 Β.
345 2479 407 2506 XII.
430 2488 457 2507 n.
480 2485 505 2513 7.
527 2477 644 2516 &few
668 2480 693 2508 ὃ(
714 2479 747 2507 ad
768 2480 791 2515 §-
815 2481 864 2508 Vl.
892 2490 919 2508 n.
940 2490 968 2515 4.

212 2519 236 2554 §-
258 2517 365 2546 XXIX.
388 2524 413 2550 3.
435 2518 475 2544 Ut
492 2518 780 2550 probarem,Paulum
797 2519 824 2546 in
844 2518 869 2546 cl.
892 2520 910 2546 l.
928 2531 955 2554 4.
977 2526 1031 2547 tra-

175 2557 273 2585 didisse
286 2555 537 2593 Jurisprudentiam
555 2555 592 2583 sui
609 2557 760 2592 temporis,
782 2563 811 2584 ut
827 2557 957 2585 hue'tenus
975 2567 1032 2585 cre—

174 2596 306 2624 diderunt
330 2601 449 2625 omnes,
484 2593 648 2628 observavi,
676 2594 728 2622 esl‘e
754 2594 779 2622 d.
801 2596 819 2622 l.
837 2605 864 2630 4.
887 2604 920 2623 ex
942 2596 1034 2624 Libris

173 2633 366 2662 Sententiarum
387 2651 396 2664 ,
431 2631 457 2659 &
480 2631 596 2659 Paulum
622 2640 657 2659 eo
677 2631 772 2667 Opere
794 2640 851 2661 non
873 2633 1034 2669 explicuils'e

170 2670 383 2706 Philosophiam
403 2668 556 2703 moralem,
585 2669 631 2697 sed
651 2671 758 2704 regulas
774 2670 864 2707 Juris,
884 2671 910 2699 ἂ
923 2679 1035 2708 recepta

174 2708 403 2749 jurisprudentia:
419 2708 560 2743 dogmata.
589 2708 642 2740 At,
663 2708 850 2742 inquis‚·non
865 2708 942 2742 dixi,
964 2711 1024 2738 Pau

175 2752 233 2778 Ium
253 2749 284 2776 iis
300 2746 391 2775 Libris
410 2754 497 2774 UNAM
512 2745 612 2773 tradere
628 2746 747 2773 moralem
763 2744 966 2784 Philosophiam,
988 2747 1034 2776 sed

174 2797 227 2817 nec
253 2788 309 2815 hoc
331 2785 433 2819 objeci.
478 2784 526 2811 Tu
552 2783 715 2812 sententiam
739 2785 834 2818 Pauli,
855 2792 916 2821 quae
930 2786 974 2814 bic
988 2795 1034 2814 oc-

177 2827 280 2857 currit.
308 2823 343 2851 ad
366 2823 528 2851 Dominam
554 2823 590 2850 de
607 2823 733 2850 moribus
747 2821 851 2855 refers,
872 2830 926 2858 ego
941 2824 975 2851 ad
989 2825 1035 2861 Ju-

177 2863 393 2901 risprudentiam
411 2883 418 2893 ‚
447 2860 512 2897 quia
533 2861 635 2889 Paulus
657 2860 760 2893 silium,
782 2860 817 2888 ad
839 2868 921 2897 quern
937 2862 1035 2890 scribe-

178 2905 245 2937 bat,
266 2900 446 2929 constituerat
466 2898 568 2927 docere
588 2899 635 2936 Jus
650 2906 707 2926 non
721 2898 931 2936 Philosophiam
944 2907 1035 2928 mora-

176 2943 241 2970 lem.
281 2940 351 2968 Non
367 2938 420 2966 alia
436 2938 505 2965 mihi
521 2945 598 2965 mens
609 2959 616 2971 ‚
638 2945 694 2964 non
710 2936 764 2965 alia
780 2938 876 2966 verba.

216 2988 243 3014 4.
262 2979 363 3006 Virum
385 2976 460 3005 Clar.
483 2984 515 3004 ea
538 2975 659 3009 objectio
679 2983 736 3004 non
760 2976 876 3012 turbat,
904 2977 987 3013 quia,
1007 2982 1039 3005 ut

178 3019 224 3045 hic
238 3016 334 3051 audis,
363 3013 432 3043 nihil
456 3019 556 3047 vetat,
585 3015 736 3050 quominus
755 3014 874 3049 Paulus,
894 3014 1038 3043 Sententia—

179 3065 237 3082 rum
253 3055 364 3090 Opere,
385 3053 486 3088 regnIIS
500 3052 572 3090 Juris
587 3052 727 3081 miscuerit
749 3059 888 3090 praecepta
903 3053 1019 3082 moralia
1029 3075 1036 3087 ,

180 3093 206 3121 ἃ
228 3092 312 3119 filium
328 3092 472 3125 docuerit,
491 3089 633 3126 angustam
649 3092 839 3120 innocentiam
857 3091 926 3123 effe,
947 3092 983 3120 ad
1000 3092 1036 3120 Ie-

180 3137 243 3164 gem
266 3130 372 3157 bonurn
392 3129 455 3157 esse.
507 3129 567 3162 Et,
598 3137 635 3157 ne
650 3129 779 3164 dubites,
800 3129 879 3158 addit
893 3130 944 3157 Vir
960 3129 1035 3159 clar.

178 3163 270 3197 eidem
285 3167 388 3199 Paulo,
409 3166 605 3195 Commentariis
618 3167 652 3195 aci
670 3167 807 3201 Edfflum,
835 3168 884 3196 ubi
898 3167 1034 3205 Jurispru-

179 3205 281 3236 ‹ii-ntia:
300 3205 391 3240 capita
408 3205 635 3240 explicabantur,
656 3205 802 3242 excidisse,
822 3215 872 3237 non
887 3215 957 3236 omne
970 3207 1036 3244 quod

1170 112 1548 152 NOODT

1064 193 1137 225 dum
1150 217 1159 234 ‚
1185 193 1315 225 Paulum
1342 203 1382 225 eo
1404 196 1509 236 Opere
1530 194 1615 238 quod
1635 195 1802 230 sententias
1817 197 1920 234 inseri.

1065 235 1142 276 psit,
1166 235 1219 266 vel
1239 236 1374 267 maxime
1388 235 1469 276 Juris
1485 237 1639 279 Regulas,
1665 239 1695 271 ἀ
1712 248 1837 281 recepta
1851 241 1923 281 Jure

1067 275 1165 307 Civili
1188 276 1333 317 dogmata
1359 278 1653 319 comprehendiffe3
1685 290 1744 312 nec
1771 282 1835 313 alio
1860 282 1920 316 fine

1068 316 1242 357 tradidisse,
1274 326 1365 358 quam
1388 326 1424 349 ut
1449 318 1548 350 filium
1564 320 1601 352 ad
1615 330 1707 362 quem
1723 331 1794 354 eum
1809 321 1922 358 librum

1067 356 1188 399 scripsit
1208 382 1218 398 ,
1249 359 1396 390 edoceret
1419 360 1572 401 principia
1595 362 1624 393 ἃ
1647 362 1849 395 fundamenta
1870 364 1920 405 Ju-

1068 398 1120 429 ris.
1144 398 1197 440 (4)
1220 399 1302 431 Nam
1334 408 1368 431 ut
1394 400 1456 432 hoc
1475 402 1670 435 concedam:
1695 404 1768 445 quid
1787 413 1852 436 tum
1865 415 1922 446 po-

1067 438 1154 484 stea?
1178 450 1252 472 num
1276 441 1408 480 Paulus,
1432 441 1453 474 fi
1474 452 1569 474 unum
1583 442 1663 475 fecit
1681 445 1711 476 in
1727 447 1858 486 gratiam
1874 446 1923 479 Fi-

1067 480 1125 518 ln,
1153 480 1273 513 idcirco
1297 482 1430 514 alterum
1456 484 1584 516 omisit?
1615 485 1678 517 hoc
1695 487 1818 527 putari,
1839 488 1925 521 nulla

1066 520 1154 560 jubet
1179 523 1270 554 ratio.
1302 532 1373 554 nam
1401 524 1433 556 in
1463 525 1551 557 libris
1579 536 1704 568 quoque
1731 529 1770 558 ad
1787 527 1925 562 Edisium

1065 562 1147 601 Juris
1176 562 1377 595 fundamenta
1406 565 1581 606 exposuit3
1613 567 1663 599 sed
1690 578 1752 600 non
1769 578 1808 600 eo
1824 571 1926 603 minus

1066 612 1107 633 ex
1123 602 1169 635 his
1187 604 1331 644 praecipit
1354 605 1377 635 l.
1401 615 1469 645 144.
1494 606 1536 639 D.
1555 610 1588 639 de
1610 610 1720 651 regulis
1731 611 1828 652 juris,
1854 611 1927 643 Non

1067 653 1146 674 omne
1171 646 1242 684 quod
1268 645 1360 682 licet,
1392 645 1536 686 honestum
1555 649 1617 689 effe.
1660 651 1745 683 Idem
1761 650 1880 683 faetum
1895 653 1928 686 in

1068 684 1156 715 libris
1175 685 1413 718 Sententiarum.-
1435 688 1511 728 quid
1527 691 1558 721 ni
1575 691 1657 722 enim
1674 700 1762 733 pater
1778 693 1879 724 filium
1895 694 1928 727 in

1068 734 1102 757 re
1118 726 1251 757 notabili
1269 728 1319 758 vel
1336 726 1388 757 hic
1405 729 1530 768 optimo
1547 731 1679 763 confilio
1697 733 1828 774 implere
1845 735 1928 766 velit

1069 773 1132 797 tam
1156 767 1233 806 juris
1260 768 1425 808 praeceptis
1441 792 1452 808 ,
1485 779 1576 810 quam
1600 772 1677 811 juris
1703 775 1843 815 regulis?
1867 776 1930 808 Sed

1067 808 1248 848 exemplum
1275 809 1366 849 petis.
1398 810 1506 851 accipe
1531 813 1800 854 pulcherrimum,
1834 824 1930 857 atque

1066 858 1107 880 ex
1139 849 1224 880 libris
1249 850 1494 889 Sententiarum,
1524 854 1608 892 quod
1635 863 1815 895 opportune
1850 858 1930 889 mihi

1068 888 1212 931 suggessit
1232 891 1354 922 collatio
1373 891 1489 934 Legum
1507 893 1708 935 lllcffai'carum
1726 896 1763 931 ὅ)
1779 897 1928 930 Romana-

1067 942 1131 962 rum
1158 930 1218 963 Tit.
1237 931 1307 964 VII.
1341 932 1460 964 Verba:
1494 934 1606 966 Paulus
1619 936 1691 969 libro
1712 938 1931 971 Sententiarum

1067 972 1107 1004 V.
1139 973 1178 1003 ad
1200 972 1313 1014 Legem
1341 973 1505 1006 Corneliam
1529 978 1562 1007 de
1580 975 1700 1015 ficariis
1727 978 1763 1013 ἃ
1780 979 1928 1018 veneficis.

1069 1013 1103 1044 Si
1121 1015 1184 1054 quis
1195 1014 1298 1052 furem
1313 1015 1484 1046 nociurnum
1510 1017 1558 1047 vel
1575 1019 1730 1058 diurnum,
1754 1030 1818 1052 cum
1827 1022 1861 1062 se
1875 1022 1929 1054 telo

1070 1054 1257 1099 defenderet,
1287 1057 1443 1095 occiderit,
1473 1058 1526 1088 hac
1542 1060 1656 1099 quidem
1674 1059 1758 1103 Lege
1777 1071 1834 1093 non
1853 1068 1930 1095 tene-

1071 1101 1136 1126 tur.-
1158 1097 1213 1136 Jed
1239 1097 1340 1127 melitis
1358 1096 1492 1137 fecerit,
1526 1101 1576 1140 qui
1601 1110 1664 1132 eum
1682 1104 1930 1144 comprehensum,

1070 1138 1324 1168 transmittendum
1342 1137 1572 1179 Magistratihus
1594 1142 1741 1175 obtulerit.
1785 1143 1932 1185 Explica-

1071 1178 1190 1207 tionem
1209 1177 1273 1208 loci
1291 1188 1330 1209 ne
1357 1180 1510 1219 exspecta.
1541 1181 1602 1221 jam
1616 1182 1687 1214 dedi
1707 1184 1879 1225 pleniorem
1895 1196 1933 1218 o-

1069 1217 1125 1248 lim
1158 1218 1206 1248 lib.
1240 1228 1267 1249 1.
1298 1219 1495 1251 Probabilium
1527 1231 1551 1252 c.
1581 1233 1612 1259 9.
1646 1223 1682 1258 ὅ*
1714 1225 1762 1257 lib.
1774 1224 1823 1264 sin
1848 1251 1855 1258 .
1877 1226 1932 1260 Act

1069 1257 1182 1299 Legem
1200 1258 1353 1299 Aquiliam
1376 1269 1399 1289 c.
1414 1269 1446 1300 5.
1470 1261 1523 1293 ubi
1538 1263 1642 1302 potest
1657 1265 1766 1297 videri.
1791 1266 1822 1308 (τ
1868 1268 1932 1300 Ve-

1068 1308 1138 1332 rum
1159 1298 1181 1332 si
1207 1299 1287 1332 hanc
1312 1300 1426 1342 Operis
1450 1302 1516 1343 eJus
1538 1305 1748 1346 particulam,
1771 1306 1794 1340 si
1809 1309 1883 1341 alias
1901 1320 1932 1341 a-

1870 1349 1930 1382 lio-=

1070 1441 1150 1475 licet,
1171 1441 1299 1477 honestum
1312 1442 1381 1482 effe,
1402 1449 1433 1474 ut
1445 1444 1532 1475 habet
1550 1446 1569 1476 1.
1588 1455 1653 1483 144.
1681 1454 1723 1484 pr.
1736 1445 1776 1485 ff.
1795 1447 1827 1477 de
1846 1447 1882 1478 R.
1893 1447 1934 1488 J.

1069 1481 1145 1519 Quin
1171 1481 1268 1510 iisdem
1289 1482 1481 1512 Sententiarum
1495 1484 1587 1514 Libris
1608 1486 1695 1523 ipsum
1719 1485 1795 1515 illurn
1813 1487 1932 1517 Paulum

1070 1519 1192 1548 rotunde
1208 1519 1318 1549 dixisse:
1339 1520 1369 1549 Si
1386 1524 1443 1558 quis
1451 1521 1544 1560 furem
1559 1524 1710 1554 nasturtium
1727 1527 1770 1553 vel
1790 1525 1933 1562 diurnum,

1070 1566 1129 1586 cum
1154 1559 1204 1586 telo
1218 1558 1250 1596 se
1270 1558 1419 1596 defenderet
1433 1582 1441 1594 ,
1478 1562 1614 1596 occiderit,
1636 1563 1682 1591 bac
1699 1563 1802 1600 quidem
1815 1565 1870 1600 lege
1883 1573 1934 1594 non

1069 1602 1188 1624 tenetur.-
1212 1597 1262 1635 μά
1281 1606 1390 1628 mamus
1413 1607 1553 1633 FECERIT,
1581 1603 1625 1638 qm·
1640 1610 1697 1630 eum
1711 1601 1948 1640 commmodum„

1068 1635 1294 1664 transmittendum
1309 1635 1518 1674 Magistrazelms
1530 1641 1666 1674 obtulerit,
1684 1647 1714 1669 ut
1731 1640 1771 1669 est
1791 1641 1817 1669 in
1838 1641 1933 1671 collat.

1068 1672 1132 1702 LL.
1154 1672 1253 1711 Mcfizic
1278 1673 1314 1709 ὅ)
1335 1675 1443 1705 Roman.
1467 1675 1498 1705 T.
1517 1678 1579 1706 VII.
1612 1680 1659 1708 loc.
1677 1687 1703 1707 2.
1724 1679 1830 1708 licitum
1847 1679 1883 1708 sic
1895 1679 1947 1709 se-.

1068 1719 1169 1747 parans
1191 1721 1206 1740 a
1221 1713 1370 1749 prudentia
1384 1736 1391 1747 ,
1414 1714 1438 1743 r&
1454 1715 1506 1743 viri
1524 1715 1590 1745 boni
1617 1716 1723 1746 officio.
1763 1717 1810 1746 Sic
1824 1717 1878 1750 est,
1901 1724 1932 1748 ut

1071 1750 1139 1778 dicis
1153 1771 1160 1783 ,
1182 1752 1268 1779 multa
1286 1752 1355 1780 fiunt
1370 1759 1467 1781 contra
1483 1754 1573 1783 bonos
1590 1764 1697 1789 mores,
1718 1764 1778 1792 quae
1790 1764 1847 1785 non
1861 1756 1933 1786 fiunt

1071 1795 1170 1816 contra
1184 1789 1273 1825 leges;
1303 1791 1365 1827 JCti
1388 1791 1474 1820 nostri
1498 1792 1565 1829 saepe
1581 1793 1609 1822 id
1624 1800 1757 1828 monent,
1780 1794 1804 1822 ἂ
1820 1795 1931 1830 prolixe
1972 1809 1976 1817 ·

1071 1826 1105 1854 de
1121 1827 1162 1855 his
1178 1829 1262 1856 rebus
1279 1828 1348 1856 solet
1363 1829 1496 1867 disputari
1519 1831 1553 1858 ad
1573 1833 1591 1859 1.
1609 1839 1653 1866 15.
1665 1831 1705 1870 ff.
1720 1831 1752 1859 de
1768 1831 1868 1860 Condit.
1884 1832 1931 1862 In-

1062 1863 1123 1901 flir.
1161 1865 1216 1893 Sed
1232 1867 1306 1894 aliud
1322 1866 1377 1901 erl,
1406 1869 1441 1896 de
1463 1876 1520 1904 quo
1537 1878 1588 1898 nos
1604 1871 1767 1907 quaerimus,
1788 1870 1843 1898 hoc
1861 1871 1932 1900 scili-

1070 1911 1130 1938 cet,
1158 1912 1210 1936 an,
1238 1906 1286 1933 ubi
1309 1905 1466 1942 simpliciter
1489 1908 1516 1935 in
1541 1908 1617 1936 libris
1633 1910 1783 1942 Veterum,
1805 1916 1876 1945 quos
1895 1908 1932 1938 de

1070 1942 1132 1976 jure
1149 1943 1380 1978 composuerunt,
1402 1945 1489 1974 exstat
1505 1945 1638 1974 sententia
1655 1947 1809 1982 imperans,
1822 1953 1946 1982 vetans‚.

1073 1982 1146 2008 hanc
1162 1981 1245 2009 liceat
1261 1982 1364 2010 habere
1383 1992 1435 2019 pro
1456 1984 1570 2012 decreto
1586 1984 1788 2021 Philosopbiae.
1809 1993 1866 2012 non
1878 1994 1931 2022 pto

1074 2018 1188 2046 decreto
1213 2020 1294 2057 Juris.
1335 2021 1396 2056 Ego
1417 2030 1469 2057 pro
1484 2022 1598 2051 decreto
1615 2022 1641 2050 δι
1657 2023 1751 2058 regula
1765 2022 1838 2060 Juris
1857 2024 1932 2052 hanc

1071 2056 1229 2085 habendam
1246 2058 1363 2092 censen,
1392 2059 1441 2086 nisi
1466 2059 1517 2094 sit,
1538 2069 1572 2087 ex
1589 2069 1647 2096 quo
1662 2061 1785 2094 constet,
1807 2062 1874 2089 boni
1891 2063 1933 2091 vi·

1071 2096 1112 2129 ri,
1130 2096 1214 2123 etiam
1231 2096 1301 2124 ultra
1326 2097 1412 2131 legem
1433 2097 1511 2131 julii,
1535 2098 1659 2127 officium
1677 2099 1804 2127 describi.
1844 2100 1934 2136 Aper·

1072 2139 1101 2161 te
1127 2133 1153 2161 id
1174 2133 1282 2162 addidit
1302 2135 1401 2163 Paulus
1424 2143 1460 2162 eo
1484 2136 1568 2168 loco,
1596 2145 1678 2172 quem
1696 2137 1783 2165 modo
1797 2137 1932 2167 laudabas

1072 2180 1106 2199 ex
1125 2172 1215 2200 Collat.
1233 2172 1294 2201 LL.
1310 2172 1412 2210 Mosaic
1438 2172 1474 2207 ὅ)
1489 2174 1562 2202 Rom.
1592 2175 1616 2202 ἃ
1635 2175 1651 2202 si
1670 2175 1697 2203 id
1712 2175 1798 2212 ipsum
1810 2175 1933 2205 addidis-

1072 2210 1112 2238 set
1126 2211 1282 2244 sententiaa,
1304 2219 1363 2246 quae
1380 2211 1467 2240 exstat
1486 2213 1511 2239 in
1533 2214 1550 2240 l.
1572 2221 1600 2248 4.
1614 2212 1654 2251 ff.
1674 2214 1704 2241 tle
1719 2213 1834 2251 Agvuffc.
1851 2212 1889 2249 ὅ)
1903 2224 1947 2244 a-.

1072 2248 1138 2276 lenci.
1156 2250 1229 2276 liber.
1252 2249 1324 2277 salva
1345 2250 1395 2278 tibi
1413 2259 1454 2277 res
1471 2250 1545 2279 csi'ct.
1595 2252 1650 2280 Sed
1670 2258 1750 2288 putas
1770 2251 1905 2281 addidisse
1919 2274 1930 2287 .

1072 2286 1098 2314 ἃ
1114 2287 1220 2323 periisse
1241 2287 1296 2315 hoc
1320 2289 1378 2322 ejus
1401 2288 1516 2321 dietum
1545 2298 1600 2323 ego
1615 2298 1684 2317 vero
1699 2291 1758 2324 eius
1775 2291 1815 2318 rei
1830 2291 1932 2327 proba-
1948 2313 1950 2315 .

1073 2326 1179 2353 tionem
1207 2325 1349 2359 desidero,
1371 2326 1408 2354 sin
1433 2334 1542 2359 autem,
1565 2328 1642 2356 Pauli
1661 2328 1822 2356 sententiam
1837 2329 1950 2357 habeo.

1072 2371 1124 2399 pro
1142 2364 1237 2399 regula
1256 2364 1346 2402 Juris,
1378 2373 1411 2393 ex
1428 2365 1484 2401 ipsa
1507 2372 1599 2394 mente
1615 2366 1711 2402 Pauli,
1731 2365 1757 2395 ἃ
1778 2366 1905 2396 omnium
1921 2387 1933 2403 ,

1073 2410 1144 2437 quos
1161 2402 1236 2436 vidi,
1260 2404 1454 2439 Interpretum.

1110 2447 1135 2474 5.
1157 2441 1289 2469 Dixeram
1312 2440 1406 2479 Opust.
1427 2441 1456 2469 C.
1479 2442 1542 2469 VII.
1563 2447 1587 2477 p.
1613 2449 1677 2477 359.
1700 2441 1718 2470 ss
1736 2441 1871 2479 JCtorum
1892 2451 1947 2472 rem

1074 2477 1189 2514 liquias,
1211 2488 1272 2515 qua:
1288 2481 1315 2507 iu
1332 2479 1474 2507 Pandcffis
1491 2479 1648 2515 supersunt,
1669 2479 1703 2508 ad
1718 2487 1857 2517 praecepta
1872 2489 1933 2510 mo-

1075 2517 1141 2544 ralia
1164 2516 1266 2545 referre
1290 2518 1395 2551 liceat,
1423 2518 1605 2546 metuendum
1628 2518 1681 2546 esse
1698 2539 1705 2552 ‚
1734 2526 1770 2546 ne
1785 2520 1934 2549 atteteritur

1074 2555 1144 2588 juris
1171 2555 1353 2592 periclitetur.
1393 2555 1540 2584 Existimas
1552 2577 1560 2588 ‚
1591 2562 1619 2584 te
1640 2556 1695 2584 hoc
1712 2564 1788 2585 metu
1804 2566 1849 2586 me
1866 2558 1932 2587 libe-

1075 2592 1144 2621 rasse
1157 2613 1166 2628 ‚
1179 2594 1311 2631 superiore
1326 2595 1439 2629 exemplo
1451 2615 1459 2626 ,
1481 2593 1526 2621 sed
1548 2593 1595 2627 id,
1616 2600 1647 2622 ut
1665 2594 1742 2627 dixi.
1767 2602 1869 2624 metum
1885 2605 1932 2624 au-

1076 2636 1138 2667 get,
1160 2639 1218 2659 non
1235 2632 1318 2659 tollit.
1357 2631 1421 2660 Alia
1436 2631 1520 2667 igitur
1535 2640 1593 2660 rem
1609 2633 1768 2668 aggrederis
1783 2635 1829 2662 via
1845 2634 1870 2663 ἃ
1884 2635 1932 2668 τῆς,

1078 2670 1256 2703 sententiam,
1285 2671 1313 2697 in
1336 2669 1362 2699 d.
1382 2671 1401 2698 l.
1423 2679 1450 2705 4.
1478 2671 1720 2706 comprehensam,
1743 2681 1800 2701 non
1820 2673 1934 2709 quidem

1077 2715 1112 2736 ex
1137 2714 1230 2739 mente
1251 2708 1330 2736 Pauli
1351 2729 1358 2741 ‚
1387 2713 1415 2736 at
1438 2715 1473 2736 ex
1492 2715 1585 2737 mente
1605 2709 1752 2747 Justiniani
1773 2719 1824 2747 pro
1840 2711 1935 2746 regula

1076 2746 1148 2783 Juris
1170 2746 1224 2774 esse
1246 2745 1405 2780 habendam
1421 2766 1430 2779 ,
1457 2754 1519 2774 cum
1540 2748 1635 2776 omnia
1656 2754 1783 2778 veterum
1802 2750 1946 2786 JCtorum-’

1078 2784 1124 2812 sua
1140 2783 1235 2812 feccrit
1248 2805 1255 2817 ‚
1271 2784 1297 2811 δι
1321 2784 1485 2813 austeritate
1497 2786 1565 2819 juris
1581 2785 1738 2815 donaverit.
1776 2788 1842 2816 Hoc
1857 2789 1939 2823 agis..

1078 2822 1141 2851 sauls
1162 2822 1269 2858 prolixe
1285 2843 1293 2855 ,
1322 2822 1357 2849 ad
1373 2822 1455 2850 finem
1475 2823 1550 2859 hujus
1562 2823 1587 2859 §.
1626 2824 1682 2854 Sed
1698 2824 1834 2854 suasiones
1849 2825 1874 2854 c&
1888 2825 1934 2854 ad-

1078 2861 1248 2889 monitiones
1265 2859 1436 2896 prudentiae,
1458 2861 1518 2897 ipsis
1541 2862 1646 2891 insertae
1661 2861 1783 2899 legibus.
1805 2871 1838 2892 ex
1855 2863 1939 2900 ipsius

1077 2898 1223 2935 Justiniani
1243 2905 1337 2927 mente
1359 2907 1410 2935 pro
1426 2899 1603 2929 >suasionibus
1630 2909 1744 2938 quoque
1767 2901 1793 2930 ἃ
1810 2901 1936 2931 admoni-

1079 2937 1203 2965 tionibus
1222 2937 1282 2965 sunt
1299 2936 1451 2970 habcudae,
1472 2946 1524 2966 nec
1540 2939 1613 2967 ultra
1628 2938 1781 2968 censendae.
1816 2940 1845 2969 Si
1865 2940 1935 2969 Pan-

1081 2975 1164 3003 deeris
1180 2974 1373 3004 Tribonianus
1395 2976 1547 3005 inseruisset
1561 2977 1654 3005 locum
1669 2977 1770 3012 Pauli,
1790 2977 1937 3015 quiexstat

1079 3013 1170 3042 Callai.
1194 3012 1257 3042 LL.
1289 3013 1401 3052 Mosaic.
1426 3012 1462 3048 ἐξ
1482 3014 1556 3044 Rom.
1586 3014 1640 3043 Tit.
1657 3016 1719 3044 VII.
1741 3017 1787 3045 loc.
1804 3023 1830 3044 2.
1851 3017 1936 3046 eti-am

1079 3059 1112 3080 ex
1126 3050 1271 3089 Jusliniani
1288 3058 1380 3082 mente
1396 3052 1533 3086 dicerem.
1554 3052 1574 3081 si
1586 3054 1647 3089 quis
1663 3052 1752 3082 furem
1761 3054 1936 3089 nocturnum,

1078 3090 1123 3126 vel
1143 3089 1289 3124 diurnum.
1310 3099 1372 3119 cum
1388 3091 1445 3120 telo
1461 3092 1487 3119 se
1502 3090 1680 3123 defenderet.
1702 3091 1853 3125 occiderit,
1875 3093 1936 3128 lege

1080 3129 1212 3157 Cornelia
1234 3137 1290 3157 non
1311 3130 1399 3158 teneri
1418 3150 1425 3162 ,
1457 3129 1502 3158 sed
1519 3129 1615 3158 mellus
1630 3129 1780 3164 saetarum,
1801 3131 1850 3166 qui
1871 3138 1935 3159 eum

1078 3166 1290 3203 Magistratibus
1306 3167 1458 3201 obtulerit,
1479 3168 1555 3196 nulla
1575 3174 1667 3197 tamen
1688 3167 1828 3196 offerendi
1843 3176 1937 3198 neces.

1077 3205 1157 3236 sitate
1179 3206 1314 3244 impolita.
1352 3206 1485 3241 Similiter
1510 3205 1530 3235 si
1553 3205 1712 3242 admonitio
1733 3205 1769 3235 de
1795 3206 1863 3236 boni
1881 3207 1949 3274 viil

1892 3252 1911 3273 0
1931 3264 1935 3268 .
