2008 3436
167 102 238 145 456

725 200 1100 252 ‘CAPUT

412 94 814 133 CORNELII
884 99 992 131 vAN
1064 93 1662 131 BYNKERSHOEK

1198 201 1348 237 XVI.

168 297 251 345 ,Quae
266 297 413 341 scientia
449 298 482 331 in
515 296 688 343 affecurato
713 296 864 340 impediat
892 293 1152 341 afficurationem
1183 303 1310 334 rernm,
1336 302 1401 337 quae
1419 293 1493 337 jam
1515 292 1707 337 perierunt?
1732 291 1773 334 ξε),
1795 306 1837 330 an
1863 307 1926 332 me.
1964 330 1965 333 Ἴ

218 355 271 380 tus
307 344 349 386 ὃ)
370 345 512 393 suspicio
538 349 571 380 in
598 348 679 380 hanc
702 355 768 378 rem
786 343 990 390 stfficianc?
1017 342 1086 375 Iter
1110 348 1270 376 mutatum
1294 341 1454 386 intelligi,
1474 338 1506 385 fi
1532 341 1598 375 loca
1622 342 1794 386 adeantur,
1820 347 1852 379 in
1879 348 1927 380 in-

212 393 390 441 strumento
415 394 654 440 affecurcztionis
680 404 739 427 non
764 393 925 440 cxpreſjh‚
951 389 1075 434 etiamst
1092 389 1162 435 fint
1186 390 1288 424 media
1313 390 1397 424 inter
1420 397 1547 435 portum
1572 402 1592 425 a
1619 401 1695 435 qno,
1721 389 1762 430 δέ*
1786 402 1922 439 portum,

214 444 259 478 ad
291 456 380 489 quenz
410 443 599 489 destinatum
630 444 692 476 iter
724 441 780 486 eft.

840 446 891 477 An
919 444 1036 476 itinere
1054 437 1105 483 fic
1128 446 1270 480 mutato,
1303 446 1461 473 mutatum
1481 438 1692 484 praefizmacnr
1717 451 1756 473 ex
1781 444 1926 479 mandato

214 494 451 528 exercitorum?
473 492 720 538 permittendum
745 491 779 525 icl
801 493 904 526 videri
931 489 1140 525 exercitorum
1162 487 1380 532 jurijurando.
1417 487 1487 535 ⁴Qui
1507 489 1676 533 pecuniam
1702 489 1833 525 credidit
1858 504 1925 527 ma·

212 541 313 587 gistro
338 543 553 586 navigaturo,
581 542 678 575 etiam
704 539 884 586 consenfiffe
908 540 1031 578 videri,
1057 545 1092 571 ut
1119 548 1158 571 ex
1184 548 1232 575 eav
1250 547 1369 570 merces
1393 545 1576 582 comparare
1613 537 1735 572 liceret.

1786 540 1838 574 An
1858 542 1928 586 pri-

216 592 291 625 vati
313 590 394 625 rec'ie
422 597 593 624 exerceant
609 588 724 635 foenus
750 592 914 625 nazrticunz
938 591 971 623 in
995 586 1125 623 Indiam
1149 584 1278 620 anm?

228 694 408 735 empronius
426 693 647 726 Dordracenus
666 704 713 735 14.
739 693 829 726 Febr.
858 703 948 735 1723.
973 702 1027 732 per

242 736 342 767 filium
358 735 488 767 Titium
508 736 614 767 literas
631 735 733 767 mittit
757 735 794 766 ad
817 735 918 767 filium
942 734 1023 765 Mae-

165 779 273 814 vium,
296 776 350 816 qui
376 775 582 808 Amsterdami
608 777 766 808 habitabat
783 799 792 815 ,
824 777 916 818 eique
944 785 1026 806 man-

164 819 238 856 dat,
259 825 294 848 ut
309 824 432 849 curaret
450 818 703 849 assecurationem
723 818 871 849 mercium
892 826 1026 858 quarun-

166 860 256 897 dam,
281 868 356 898 01133
387 857 603 899 exspectabat,
638 858 806 899 Neoporto
834 857 1032 889 Dordracum

164 908 273 941 usque.
327 899 362 931 Id
395 900 575 931 mandatum
605 900 785 940 exsequitur
810 899 949 931 Maevius
983 902 1031 930 16.

166 941 260 973 Febr.
295 948 384 982 1723.
415 950 450 971 ea
475 941 631 980 formula,
654 947 687 982 op
702 941 759 972 alle
777 942 863 988 goede
885 950 919 971 en
941 941 1032 981 quade

166 984 282 1023 tyding.
329 981 437 1026 Quum
462 990 568 1015 autem
591 983 653 1023 jam
681 982 822 1023 periisset
849 991 886 1012 ea
909 982 1001 1012 noete
1018 1004 1028 1020 ,

165 1033 234 1064 quae
251 1022 418 1054 intercedit
438 1023 520 1055 inter
543 1034 572 1061 9.
597 1025 627 1056 ὃς
654 1033 701 1055 10.
727 1022 818 1054 Febr.
845 1032 936 1064 1723.
958 1021 1029 1053 asse-

164 1072 327 1097 curatores
344 1086 355 1102 ,
388 1065 425 1095 ad
452 1065 600 1096 damnum
635 1064 781 1096 luendum
806 1063 995 1104 interpellati
1017 1085 1028 1101 ,

166 1105 367 1137 contendunt
381 1127 391 1142 ,
410 1106 630 1146 Sempronium
647 1112 786 1145 tempore
810 1104 944 1135 mandati
966 1104 1028 1143 jam

164 1146 288 1179 scivisse
322 1146 486 1178 interitum
515 1155 619 1177 rerum
647 1144 777 1177 suarum.
829 1145 1029 1185 Sempronius

165 1188 321 1228 negabat,
344 1188 374 1218 &
396 1186 613 1218 assecuratores
637 1187 667 1217 in
689 1187 735 1225 J'us
758 1194 857 1218 vocat
884 1185 962 1226 apud
980 1185 1028 1224 Ju-

163 1228 250 1260 dices
267 1228 427 1269 delegatos
448 1228 484 1258 ad
506 1237 554 1258 res
570 1227 756 1264 maritimas,
778 1228 830 1266 qui
857 1225 1030 1257 Amsterda-

166 1269 210 1301 mi
229 1269 338 1301 officio
356 1268 410 1299 suo
429 1267 611 1308 funguntur.
657 1267 705 1299 Illi
729 1267 852 1307 judices
872 1276 923 1308 31.
946 1266 1027 1306 Maj.

166 1318 259 1350 1724.
284 1310 507 1341 ass'eeuratores
525 1309 561 1340 ad
580 1308 807 1349 reparationem
825 1308 929 1339 damni
953 1316 1027 1338 con-

164 1352 330 1388 demnant,
355 1350 398 1381 ita
422 1357 527 1381 tamen
550 1373 559 1386 ,
594 1359 689 1390 quum
706 1356 804 1388 {pater
827 1349 1029 1388 Sempronius

166 1392 312 1433 proxime
332 1400 405 1422 ante
420 1390 605 1422 sententiam
620 1390 689 1421 fato
711 1390 767 1422 suo
790 1390 866 1422 esset
883 1389 1028 1427 funerus,

164 1441 205 1464 ut
228 1440 358 1472 uterque
374 1432 476 1470 filius,
500 1440 563 1463 tam
579 1432 632 1472 qui
653 1432 760 1463 litera:
781 1432 876 1473 patris
893 1431 1027 1471 pertule-

163 1482 233 1512 rat,
257 1483 349 1514 quam
365 1473 417 1514 qui
437 1480 615 1513 acceperat,
638 1472 835 1513 jurejurando
851 1472 1029 1510 affirmaret,

164 1514 197 1546 se
218 1523 360 1555 tempore
378 1514 557 1546 0001136103
576 1514 740 1545 interitum
763 1523 867 1545 rerum
892 1513 1029 1552 ignoras-

164 1555 206 1588 se.
241 1555 345 1598 Quam
361 1555 544 1588 sententiam
562 1555 730 1595 probarunt
748 1555 881 1598 Scabini
895 1552 1030 1585 Amster-

165 1596 357 1630 dammenses
384 1601 430 1631 18.
457 1596 531 1637 Apr.
559 1599 649 1636 1726.
672 1596 703 1628 &
726 1596 822 1628 Curia
848 1595 1029 1628 hollandiae

166 1648 220 1670 22.
245 1639 343 1670 Mart.
373 1647 464 1680 1730.

208 1679 408 1720 Appellatum
426 1679 471 1712 est
494 1679 531 1711 ad
546 1681 712 1718 Senatum,
735 1680 764 1712 &
781 1678 824 1711 ibi
847 1679 1029 1719 quaesitum,

166 1721 243 1762 quid
259 1721 351 1760 juris,
377 1720 398 1752 fi
415 1720 598 1753 assecuratio
615 1722 669 1753 fiat
685 1730 791 1752 earum
814 1730 936 1759 rerum,
961 1730 1031 1761 quae

166 1763 228 1802 jam
255 1761 437 1802 perierunt,
462 1763 491 1794 &
519 1762 538 1794 fi
563 1762 626 1794 fiat.
646 1762 700 1794 sub
724 1760 861 1794 formula
878 1785 888 1800 ‚
919 1767 952 1802 op
974 1761 1032 1791 alle

165 1804 252 1844 goede
278 1804 420 1844 enqnczde
449 1805 555 1846 tyding
571 1804 588 1834 ἵ)
612 1803 774 1849 Quicquid
799 1803 865 1843 ejus
894 1805 937 1833 rei
966 1801 1032 1840 est,

166 1854 209 1875 ex
234 1844 373 1884 legibus,
397 1844 436 1876 de
462 1843 686 1876 affectu-atione
708 1844 800 1883 latis,
825 1844 952 1884 prolixe
979 1853 1031 1875 ex-

166 1885 243 1917 cuffi
260 1886 349 1926 supra
370 1886 400 1918 C.
426 1885 497 1917 VH.
520 1887 553 1916 in
577 1887 676 1926 print.
699 1895 758 1916 nec
784 1895 854 1924 quae
874 1885 916 1916 ibi
943 1885 1029 1923 dixi,

165 1926 221 1957 hic
236 1934 358 1968 repeto.
402 1927 529 1959 Summa
546 1927 608 1958 11110
629 1926 710 1958 redit
733 1936 773 1958 ex
793 1925 820 1967 §.
847 1936 896 1958 20.
923 1925 958 1961 δέ)
978 1935 1027 1958 21.

167 1967 242 2000 LL.
266 1966 415 2009 Amsterd.
439 1977 479 1999 ex
508 1967 620 2008 quibus
648 1968 718 1999 haec
747 1967 836 1999 causa
863 1975 930 1998 erat
955 1967 1029 1998 defi-

166 2008 300 2046 nienda,
322 2017 358 2040 ut
373 2009 558 2041 assecuratio
576 2009 726 2047 valeat‚si
749 2017 852 2041 rerum
867 2008 1032 2040 interitum

164 2049 361 2089 ignoraverit
386 2050 591 2089 ussewi-atus,
608 2050 791 2091 praescripto
815 2057 978 2089 tempore,
1001 2050 1032 2080 in

166 2099 231 2130 quo
254 2089 333 2122 scire
358 2091 411 2121 vel
436 2091 579 2132 ignorare
599 2091 802 2131 praesumatur
817 2113 828 2129 ,
855 2091 899 2122 sin
929 2099 1032 2122 3010111

167 2131 251 2164 facta
268 2130 307 2162 fit
323 2130 506 2167 assecuratio
522 2132 554 2163 in
574 2141 699 2163 omnem
726 2139 872 2163 eventum
885 2155 893 2170 ‚
919 2138 951 2172 os>
975 2132 1031 2162 alle

169 2172 256 2215 goede
283 2181 319 2203 en
343 2174 433 2212 qnnde
457 2174 568 2214 tycling
592 2195 602 2210 ‚
641 2173 879 2204 assecuratorem
902 2173 1032 2204 omnino

170 2213 293 2251 100011,
317 2213 373 2245 nisi
393 2212 553 2245 scientiam
569 2213 731 2245 assecurati
745 2213 874 2255 probet,
892 2214 1032 2245 dummo-

169 2255 211 2285 do
227 2253 411 2286 assecuratus
426 2255 527 2294 jurare
544 2263 684 2294 paratus,
702 2254 732 2286 se
751 2255 910 2286 interitum
929 2264 1032 2286 rerum

168 2295 294 2327 suarum
310 2295 461 2336 ignorasse
477 2297 506 2327 d.
531 2295 560 2336 §.
584 2306 636 2327 21.
661 2305 752 2336 quem
774 2295 803 2335 §.
828 2294 1032 2327 Amsterdam-

169 2335 291 2368 menses
318 2346 368 2377 23.
392 2336 457 2375 Jan.
486 2340 574 2374 1699.
599 2336 675 2377 (1)
700 2336 785 2368 festo
812 2338 964 2374 Statum,
991 2337 1035 2368 113

168 2377 369 2418 interpretati
386 2377 471 2416 sunt,
497 2386 553 2416 ut,
577 2378 598 2410 si
625 2378 676 2409 11111
699 2378 840 2409 mandata
866 2377 966 2410 ffleric
992 2387 1034 2409 as-

169 2418 326 2451 securatio
343 2442 352 2458 ,
384 2419 529 2450 mandans
552 2418 695 2459 ignorare
720 2418 864 2450 debuerit
893 2427 1034 2458 tempore

168 2459 333 2497 mandati,
370 2460 400 2491 61
433 2460 642 2492 mandatarius
672 2469 814 2500 tempore
841 2460 1033 2491 conti-attus.

172 2499 236 2533 His
251 2501 294 2531 113
318 2499 467 2540 sancitis,
493 2510 571 2533 unus
599 2500 729 2533 Senator
746 2500 826 2542 apud
854 2510 912 2532 nos
933 2501 1035 2532 existi-

169 2541 298 2578 mabat,
318 2541 532 2573 rescindendas
552 2542 611 2574 esse
627 2542 694 2575 illas
720 2551 828 2573 omnes
847 2541 1032 2581 sententias,

171 2582 247 2623 quia
272 2582 475 2622 Sempronius
494 2590 567 2613 ante
592 2583 681 2614 litem
707 2591 844 2622 coeptam
865 2605 876 2621 ,
910 2584 962 2615 vel
989 2584 1043 2614 illa

172 2622 324 2655 inchoata
339 2646 349 2660 ,
375 2622 586 2662 jusjurandum
607 2624 842 2665 expurgationis
863 2633 924 2654 non
952 2624 1041 2655 obtu-

172 2665 272 2702 10131,
295 2663 348 2695 sed
370 2663 480 2704 reliqui
501 2672 608 2695 omnes
629 2668 799 2705 negabant,
822 2664 852 2695 id
873 2663 1041 2695 desiderare

174 2707 205 2737 cl.
227 2705 256 2746 §.
279 2714 331 2736 21.
354 2704 470 2746 Egerat
497 2705 697 2746 Sempronius
724 2705 906 2744 simpliciter
933 2705 971 2736 ad
991 2715 1038 2736 re-

174 2746 371 2786 parationem
389 2745 492 2777 dnmni
506 2769 515 2784 ,
536 2746 634 2786 probe
649 2745 793 2778 conscius
807 2768 816 2784 ‚
841 2744 872 2776 se
892 2745 1037 2777 obtinen-

173 2787 207 2818 di
232 2785 315 2827 spem
337 2796 400 2818 non
425 2787 557 2825 habere,
582 2787 638 2819 nisi
658 2787 798 2828 juraret,
820 2784 851 2817 se
878 2786 1038 2818 interitum

173 2837 281 2860 rerum
311 2827 431 2859 suarum
453 2827 606 2869 ignorasse
623 2850 634 2866 ,
658 2828 709 2860 sed
731 2834 834 2860 morte
857 2834 1038 2867 praeventus

172 2869 275 2909 jurare
297 2878 359 2900 non
383 2871 511 2909 potuit3
537 2871 566 2901 ot
598 2869 673 2910 quid
695 2870 811 2910 iuraret
829 2890 840 2907 ,
873 2867 920 2906 fi,
942 2876 978 2899 ut
1006 2870 1038 2900 in

173 2911 233 2940 hac
251 2908 313 2950 ipsa
332 2909 452 2950 specie,
476 2909 698 2943 ass'ecuratores
712 2911 779 2952 eius
795 2908 957 2942 scientiam
970 2919 1040 2951 pro-

171 2950 247 2981 bare
272 2951 391 2982 vellent
405 2951 423 2982 ἱ)
447 2959 524 2983 tunc
546 2951 631 2992 prius
659 2950 858 2992 iudicandum
884 2959 949 2983 erat
964 2973 975 2990 ,
1004 2960 1041 2982 an

174 2992 346 3030 probarent
364 3015 374 3031 ,
406 3001 465 3023 nec
488 3002 528 3024 ne
541 3015 552 3032 ,
571 2992 592 3025 fi
616 3002 679 3025 non
703 2992 893 3034 probarent,
917 2993 961 3023 113
987 2992 1038 3023 de-

173 3039 262 3063 mum
281 3033 369 3064 locus
387 3032 462 3064 esset
479 3033 683 3074 jurijurando.

216 3071 319 3114 Igitur
335 3073 430 3105 cardo
453 3075 633 3116 quaestionis
657 3075 689 3107 in
713 3084 752 3106 eo
777 3075 975 3115 vertebatur,
999 3084 1038 3107 an

1070 690 1232 723 scientiam
1251 688 1411 721 assecurati
1429 689 1608 729 probassent
1632 691 1876 725 assecuratores?
1897 695 1928 727 &

1071 741 1135 764 tam
1154 741 1233 763 unus
1249 731 1302 762 ille
1317 731 1467 769 Senator,
1492 740 1584 771 quam
1612 733 1712 764 adhuc
1736 733 1813 766 alius
1838 743 1926 775 puta-

1069 774 1162 810 bant,
1187 772 1348 813 probatam
1371 770 1449 810 effe,
1473 772 1546 812 quia
1564 782 1643 804 unus
1662 772 1766 814 testis,
1789 774 1928 816 praestito

1069 814 1283 854 jurejurando,
1305 812 1510 844 affirmaverat
1525 835 1536 851 ,
1568 812 1598 844 se
1625 823 1664 845 eo
1689 814 1754 855 ipso
1775 816 1846 854 die,
1888 827 1929 849 uo

1073 855 1255 887 assecuratio
1271 854 1414 885 mandata
1431 861 1498 884 erat
1508 876 1519 892 ,
1531 854 1714 895 Sempronio
1735 856 1880 897 fignificat
1893 867 1928 897 e,

1073 906 1091 927 e
1108 906 1141 927 re
1158 895 1208 927 sua
1225 895 1316 933 fore,
1340 903 1375 925 111
1403 895 1556 926 mercium
1583 895 1703 929 suarum
1732 898 1928 930 assecuratio-

1073 947 1144 970 nem
1167 945 1366 978 quantocyus
1392 943 1534 974 curaret,
1554 936 1586 968 <Sc
1609 938 1826 977 Sempronium
1855 948 1928 972 tunc

1073 977 1294 1018 interrogasse,
1316 986 1353 1007 an
1378 985 1438 1016 qua
1461 977 1628 1010 difficultas
1655 979 1748 1018 esset,
1771 979 1802 1011 se
1828 988 1932 1012 autem

1070 1018 1277 1060 respondisse,
1301 1017 1450 1058 quiequid
1469 1018 1534 1058 ejus
1556 1019 1600 1049 rei
1618 1019 1675 1058 sit,
1698 1021 1806 1052 auctor
1831 1030 1931 1054 tamen

1072 1060 1129 1092 tibi
1150 1059 1215 1091 sum
1231 1059 1461 1090 assecurationis
1478 1059 1621 1091 curandae
1632 1084 1641 1099 ‚
1658 1071 1729 1101 qua:
1741 1064 1836 1093 etiam
1846 1072 1931 1094 man-

1070 1102 1141 1132 data
1167 1101 1212 1132 est
1240 1109 1294 1141 per
1317 1099 1441 1137 literas,
1466 1099 1630 1140 postquam
1651 1103 1854 1141 Sempronius
1878 1103 1934 1135 sibi

1072 1141 1227 1173 silentium
1243 1139 1495 1171 commendasset.
1541 1141 1590 1173 Ex
1614 1152 1653 1173 00
1679 1143 1859 1175 testimonio
1882 1144 1931 1177 illi

1072 1182 1237 1214 Senatores
1257 1180 1419 1212 scientiam
1436 1180 1598 1212 assecurati
1617 1184 1793 1216 efficiebant
1806 1207 1817 1222 ,
1837 1193 1932 1227 atque

1072 1224 1149 1254 adeo
1169 1221 1318 1254 nolebant
1347 1220 1419 1251 filiis
1445 1221 1618 1262 Sempronii
1638 1223 1851 1263 jusjurandum
1877 1227 1930 1258 de-

1071 1263 1165 1295 ferre.
1210 1263 1270 1294 Sed
1287 1260 1434 1303 quicquid
1452 1262 1507 1292 ille
1525 1261 1608 1293 testis
1624 1265 1846 1304 affirmaverat,
1871 1268 1932 1307 aie·

1071 1305 1124 1336 bat
1142 1304 1177 1341 se,
1189 1303 1343 1344 accepisse
1368 1312 1384 1347 3
1409 1302 1544 1341 quodam
1571 1302 1689 1343 Frisio,
1712 1305 1860 1347 magistro
1876 1309 1932 1340 1111-

1071 1346 1155 1378 noris
1172 1345 1305 1385 navigii,
1331 1352 1384 1385 qul
1398 1342 1598 1376 Dordracum
1613 1345 1778 1378 advenerat
1794 1369 1804 1384 ‚
1829 1349 1859 1380 ἃ
1879 1349 1932 1381 1110

1071 1386 1203 1424 Frisius‚
1228 1386 1330 1417 rursus
1357 1385 1500 1422 auditus,
1523 1385 1647 1425 aJ'ebat,
1669 1387 1700 1418 se
1723 1388 1845 1429 quidem
1863 1399 1932 1431 pro-

1072 1438 1111 1469 pe
1132 1426 1250 1460 Slusam
1279 1425 1390 1457 vidisse
1418 1435 1528 1456 navem
1548 1449 1557 1464 ‚
1581 1427 1624 1458 ibi
1649 1429 1844 1470 naufragium
1869 1430 1934 1472 pas-

1072 1469 1153 1508 sam,
1177 1468 1228 1500 sed
1245 1466 1276 1499 se
1294 1468 1384 1507 plane
1400 1466 1551 1507 ignorass'e
1567 1477 1680 1500 nomen
1701 1471 1751 1502 vel
1776 1471 1864 1503 navis
1881 1473 1934 1506 vel

1072 1509 1219 1551 magistri.
1303 1509 1363 1540 uod
1390 1507 1428 1538 de
1454 1507 1581 1540 scientia
1604 1509 1757 1552 naufragii
1779 1511 1878 1544 exstat
1899 1513 1933 1547 in

1072 1551 1229 1592 Legibus,
1252 1551 1291 1582 de
1307 1549 1530 1589 assecuratione
1547 1550 1635 1589 latis,
1649 1561 1714 1584 non
1733 1553 1857 1593 quidem
1873 1563 1933 1596 ego

1071 1592 1308 1630 intellexerim,
1331 1600 1366 1623 ut
1390 1599 1484 1622 nemo
1508 1591 1693 1625 Senatorum
1717 1594 1933 1636 intelligebat,

1071 1634 1110 1665 de
1137 1632 1291 1672 scientia,
1312 1642 1380 1675 quae
1405 1631 1496 1672 plena
1523 1631 1584 1663 fide
1613 1633 1734 1666 constet
1752 1657 1764 1674 ,
1789 1644 1823 1668 ut
1847 1635 1935 1669 forte

1072 1674 1224 1707 desideres
1240 1675 1317 1707 duos
1332 1674 1472 1714 pluresve
1491 1671 1602 1712 testes,
1626 1675 1678 1716 qui
1701 1676 1866 1718 naufragio
1883 1679 1934 1710 ad-

1073 1716 1228 1754 fuerunt,
1251 1716 1281 1747 &
1303 1716 1336 1747 id
1360 1715 1410 1746 vel
1440 1712 1626 1754 praesentes.
1649 1717 1700 1749 vel
1722 1717 1862 1751 absentes
1878 1728 1933 1760 per

1075 1758 1180 1790 literas
1205 1755 1419 1794 nunciarunt,
1454 1765 1532 1787 unus
1560 1755 1717 1790 suffecerit
1733 1781 1743 1797 ‚
1775 1760 1805 1792 ἀ
1836 1759 1868 1792 in
1891 1770 1932 1792 00

1075 1799 1248 1837 Auc‘kores,
1274 1798 1381 1838 quide
1409 1806 1442 1828 re
1468 1796 1595 1829 nautica
1614 1799 1814 1839 scripserunt,
1835 1801 1931 1833 video

1075 1839 1273 1877 consentire,
1297 1839 1347 1871 scd
1372 1847 1475 1869 tamen
1501 1838 1599 1870 nolim
1622 1838 1761 1872 sufficere
1787 1840 1870 1874 solos
1892 1842 1933 1874 de

1073 1880 1238 1921 naufragio
1257 1889 1416 1920 rumores,
1440 1888 1534 1920 quum
1552 1879 1634 1911 fama
1655 1880 1731 1921 saepe
1746 1881 1854 1921 fallat,
1880 1884 1932 1923 &,

1073 1923 1157 1963 quod
1179 1923 1222 1952 -ad
1250 1921 1410 1962 naufragia
1425 1944 1437 1958 ,
1460 1920 1539 1960 saepe
1565 1920 1737 1962 fefellerit,
1762 1924 1861 1956 nolim
1886 1924 1932 1956 so—

1074 1965 1138 1996 lum
1154 1963 1284 2004 periculi
1306 1971 1424 1994 metum
1441 1961 1599 2001 sufficere,
1624 1972 1693 1994 nam
1710 1964 1735 1996 is
1749 1974 1850 1998 metus
1869 1966 1934 2006 plu-

1074 2007 1170 2038 rimos
1186 2011 1295 2034 movet
1311 2003 1348 2034 ad
1365 2003 1515 2035 curandas
1532 2002 1772 2037 assecurationes
1784 2028 1793 2042 ‚
1815 2005 1866 2038 sed
1888 2015 1932 2039 ta-

1074 2056 1145 2080 men
1162 2055 1178 2076 a
1197 2044 1325 2076 scientia
1342 2044 1436 2085 longe
1451 2044 1570 2076 alienus
1587 2043 1641 2076 est.
1678 2045 1933 2080 Persuufissimum

1076 2096 1202 2130 quoque
1227 2085 1326 2117 habeo
1343 2108 1354 2124 ,
1383 2094 1475 2126 penes
1505 2085 1723 2125 Sempronium
1747 2087 1837 2119 fuisse
1865 2098 1934 2122 03111

1076 2127 1208 2170 periculi
1234 2126 1462 2167 suspicionem,
1487 2134 1520 2157 ut
1549 2134 1713 2167 propterca
1737 2128 1933 2162 assecuratio-

1076 2180 1146 2202 nem
1177 2169 1243 2200 fieri
1269 2168 1462 2199 mandaverit
1480 2189 1490 2205 ,
1522 2167 1551 2199 &
1573 2167 1660 2199 forte
1683 2169 1839 2202 silentium
1865 2170 1933 2204 testi

1076 2209 1365 2248 commendaverit,
1388 2218 1428 2240 ne
1451 2206 1564 2240 frustra
1583 2208 1802 2243 assecui‘atoi-es
1818 2221 1934 2251 quaere·

1076 2260 1134 2284 ret.
1179 2252 1222 2283 At
1240 2259 1315 2282 vero
1336 2250 1358 2282 si
1378 2249 1462 2281 testis
1478 2249 1636 2281 3001010111
1663 2250 1746 2282 suum
1767 2253 1934 2294 laudasset,

1077 2291 1255 2333 magistrum
1272 2291 1361 2323 illum
1376 2291 1503 2323 Frisium
1514 2314 1524 2329 ,
1543 2291 1608 2323 &is
1622 2291 1661 2322 de
1677 2293 1840 2334 naufragio
1856 2293 1932 2328 fuis-

1076 2333 1123 2365 set
1140 2333 1320 2370 consultus‚
1343 2332 1527 2372 Sempronio
1547 2332 1655 2373 utique
1680 2343 1715 2364 ea
1738 2334 1800 2375 ipsa
1821 2345 1932 2369 narras-

1076 2375 1141 2414 set,
1165 2385 1234 2415 quae
1251 2373 1339 2414 supra
1357 2373 1422 2405 dixi
1447 2382 1520 2405 eum
1542 2375 1750 2414 respondisse,
1775 2377 1824 2414 (St,
1849 2376 1869 2408 si
1889 2377 1933 2408 ita

1076 2416 1240 2455 narrasset,
1266 2415 1486 2455 Sempronius,
1507 2413 1528 2446 fi
1549 2415 1623 2456 quid
1650 2417 1778 2456 judico,
1801 2417 1880 2449 bona
1898 2417 1932 2449 si-

1077 2457 1115 2489 de
1147 2456 1317 2489 103οἀ3001
1348 2456 1604 2488 assecurationem
1622 2479 1632 2495 ,
1664 2467 1732 2489 nam
1760 2458 1933 2502 Sempronii

1077 2508 1188 2530 navem
1221 2498 1272 2529 vel
1295 2506 1413 2529 merces
1438 2496 1558 2537 periisse
1585 2506 1656 2529 cum
1685 2499 1934 2539 ignor-antiliimis

1077 2540 1238 2581 ignorabat
1257 2539 1312 2570 illc
1330 2538 1452 2570 Frisios.
1496 2537 1633 2570 Plurima
1646 2540 1740 2571 ctiam
1759 2539 1936 2572 adsereban-

1085 2590 1136 2612 tur
1153 2582 1190 2612 ad
1207 2580 1407 2613 refutandum
1425 2580 1513 2611 illum
1531 2578 1660 2618 testem,
1683 2579 1732 2612 sed
1755 2590 1791 2612 ca
1808 2581 1936 2621 omitto,

1083 2632 1198 2663 quum,
1220 2631 1259 2653 eo
1274 2622 1368 2654 ctiam
1384 2630 1447 2652 non
1466 2618 1623 2659 refutato,
1646 2621 1785 2662 plerique
1807 2621 1934 2654 Senato-

1082 2673 1131 2695 res
1162 2663 1349 2700 censerent,
1383 2671 1447 2693 non
1477 2670 1543 2692 eam
1568 2661 1600 2693 in
1631 2662 1814 2702 Sempronio
1846 2661 1936 2696 fuisse

1071 2704 1257 2746 scientiam,
1279 2713 1347 2745 qua:
1374 2701 1551 2734 mandatum
1578 2702 1808 2736 assecurationis
1828 2712 1934 2744 110100-
1969 2716 1998 2731 ·-

1081 2746 1122 2776 rit
1147 2745 1320 2785 prohibere.
1822 2745 1827 2750 “

1366 2744 1470 2783 Atque
1491 2744 1535 2775 113
1562 2752 1642 2784 tres,
1668 2754 1741 2786 quas
1763 2745 1850 2783 dim,
1872 2743 1936 2777 sen-

1080 2787 1187 2817 1011110
1205 2786 1345 2825 probatae
1362 2785 1430 2816 sunt
1446 2794 1495 2816 21.
1521 2784 1579 2825 Jul.
1609 2794 1699 2827 1731.
1721 2785 1796 2826 (2)

1122 2825 1335 2858 Ass'ecuratum
1362 2825 1406 2857 est
1433 2825 1639 2858 Amsterdami
1664 2836 1716 2858 21.
1739 2826 1818 2867 Aug.
1846 2832 1939 2867 1725:

1083 2875 1116 2910 op
1137 2867 1185 2898 het
1211 2867 1289 2913 cnscq
1312 2868 1477 2913 van-selter
1486 2868 1574 2909 schip
1595 2877 1655 2898 ‘van
1677 2867 1749 2899 Port
1769 2878 1788 2898 a
1805 2867 1877 2898 Pon
1899 2879 1936 2899 cn
1975 2876 1987 2894 ss

1084 2909 1142 2941 alle
1165 2908 1421 2949 circmnyacentsen
1446 2919 1509 2940 vnn
1535 2910 1602 2940 dien
1621 2913 1661 2940 tot
1686 2907 1840 2950 Hambnrg
1859 2932 1868 2947 ‚
1899 2919 1935 2940 en
1976 2915 1979 2917 ’

1086 2953 1138 2982 dat
1157 2950 1189 2980 tie
1209 2949 1348 2989 Schipper
1373 2955 1413 2980 tot
1433 2950 1508 2982 Fero
1533 2951 1618 2981 zoude
1640 2951 1741 2991 mo'gen
1760 2953 1936 2990 aczzstoopen,

1082 3002 1125 3024 om
1153 3000 1192 3031 yn
1208 2997 1325 3021 veraere
1343 2991 1447 3033 lariing
1468 2993 1501 3022 in
1530 2997 1557 3022 te
1587 3000 1696 3022 nemen.
1742 2989 1850 3035 Quum
1875 2999 1934 3023 ma-

1081 3031 1175 3074 gister
1190 3032 1278 3063 navis
1302 3032 1330 3063 in
1350 3041 1441 3072 portu
1466 3032 1543 3064 Cale
1564 3033 1663 3064 nullas
1686 3031 1834 3071 reperiret
1855 3041 1933 3063 mer-

1081 3082 1151 3111 ces,
1174 3082 1248 3114 quas
1267 3081 1405 3112 portaret
1418 3073 1634 3114 Hamburgum
1645 3095 1657 3111 ,
1677 3074 1844 3104 nonnullas
1861 3074 1934 3144 alig}

1888 3123 1895 3145 1
1920 3121 1931 3144 1

205 3155 267 3196 (1)
287 3157 383 3190 Exstat
400 3157 454 3198 post
473 3159 537 3195 LL.
557 3157 760 3204 ,ginsterdammg
780 3158 812 3192 de
831 3158 1086 3202 Affecnracionilqus.
1126 3156 1187 3197 (2)
1211 3156 1350 3197 observat.
1375 3156 1491 3188 Tumun.
1514 3157 1542 3188 T
1539 3167 1586 3189 om·
1606 3156 1656 3187 XI·
1677 3165 1703 3186 n·
1729 3159 1813 3191 2647-
