<?xml version="1.0" encoding="UTF-8"?>
<!DOCTYPE html PUBLIC "-//W3C//DTD XHTML 1.0 Transitional//EN"
    "http://www.w3.org/TR/xhtml1/DTD/xhtml1-transitional.dtd">
<html xmlns="http://www.w3.org/1999/xhtml" xml:lang="en" lang="en">
 <head>
  <title>
</title>
<meta http-equiv="Content-Type" content="text/html;charset=utf-8" />
  <meta name='ocr-system' content='tesseract 3.04.00' />
  <meta name='ocr-capabilities' content='ocr_page ocr_carea ocr_par ocr_line ocrx_word'/>
</head>
<body>
  <div class='ocr_page' id='page_1' title='image "./corneliivanbynke00bijn_0446.png"; bbox 0 0 2008 3436; ppageno 0'>
   <div class='ocr_carea' id='block_1_1' title="bbox 174 121 1009 170">
    <p class='ocr_par' dir='ltr' id='par_1_1' title="bbox 174 121 1009 170">
     <span class='ocr_line' id='line_1_1' title="bbox 174 121 1009 170; baseline -0.005 -11"><span class='ocrx_word' id='word_1_1' title='bbox 174 132 243 170; x_wconf 74' lang='lat'>432</span> <span class='ocrx_word' id='word_1_2' title='bbox 431 121 828 159; x_wconf 82' lang='lat' dir='ltr'><strong>CORNELII</strong></span> <span class='ocrx_word' id='word_1_3' title='bbox 904 130 1009 156; x_wconf 70' lang='lat' dir='ltr'>vAN</span> 
     </span>
    </p>
   </div>
   <div class='ocr_carea' id='block_1_2' title="bbox 174 202 831 246">
    <p class='ocr_par' dir='ltr' id='par_1_2' title="bbox 174 202 831 246">
     <span class='ocr_line' id='line_1_2' title="bbox 174 202 831 246; baseline -0.002 -12"><span class='ocrx_word' id='word_1_4' title='bbox 174 208 265 241; x_wconf 67' lang='lat' dir='ltr'>vota,</span> <span class='ocrx_word' id='word_1_5' title='bbox 286 212 345 244; x_wconf 64' lang='lat' dir='ltr'>qnae</span> <span class='ocrx_word' id='word_1_6' title='bbox 369 202 563 246; x_wconf 74' lang='lat' dir='ltr'>defignatorer</span> <span class='ocrx_word' id='word_1_7' title='bbox 590 203 625 239; x_wconf 69' lang='lat'>&amp;3⁹</span> <span class='ocrx_word' id='word_1_8' title='bbox 643 203 801 234; x_wconf 72' lang='lat' dir='ltr'>libitinarii</span> <span class='ocrx_word' id='word_1_9' title='bbox 821 225 831 240; x_wconf 87' lang='lat'>,</span> 
     </span>
    </p>
   </div>
   <div class='ocr_carea' id='block_1_3' title="bbox 853 199 1587 242">
    <p class='ocr_par' dir='ltr' id='par_1_3' title="bbox 853 199 1587 242">
     <span class='ocr_line' id='line_1_3' title="bbox 853 199 1587 242; baseline -0.001 -9"><span class='ocrx_word' id='word_1_10' title='bbox 853 209 889 233; x_wconf 86' lang='lat' dir='ltr'>ut</span> <span class='ocrx_word' id='word_1_11' title='bbox 909 210 984 233; x_wconf 88' lang='lat' dir='ltr'>vere</span> <span class='ocrx_word' id='word_1_12' title='bbox 1008 201 1039 232; x_wconf 69' lang='grc' dir='ltr'>ὅ(</span> <span class='ocrx_word' id='word_1_13' title='bbox 1083 214 1123 235; x_wconf 68' lang='grc' dir='ltr'>ει·</span> <span class='ocrx_word' id='word_1_14' title='bbox 1145 199 1277 240; x_wconf 66' lang='grc' dir='ltr'>ἐμείὲειν,</span> <span class='ocrx_word' id='word_1_15' title='bbox 1313 209 1450 233; x_wconf 84' lang='lat' dir='ltr'>meretur</span> <span class='ocrx_word' id='word_1_16' title='bbox 1467 200 1587 242; x_wconf 78' lang='lat' dir='ltr'>inspici.</span> 
     </span>
    </p>
   </div>
   <div class='ocr_carea' id='block_1_4' title="bbox 1083 119 1687 157">
    <p class='ocr_par' dir='ltr' id='par_1_4' title="bbox 1083 119 1687 157">
     <span class='ocr_line' id='line_1_4' title="bbox 1083 119 1687 157; baseline 0.003 -2"><span class='ocrx_word' id='word_1_17' title='bbox 1083 119 1687 157; x_wconf 82' lang='lat' dir='ltr'>BYNKERSHOEK</span> 
     </span>
    </p>
   </div>
   <div class='ocr_carea' id='block_1_5' title="bbox 1635 201 1942 247">
    <p class='ocr_par' dir='ltr' id='par_1_5' title="bbox 1635 201 1942 247">
     <span class='ocr_line' id='line_1_5' title="bbox 1635 201 1942 247; baseline 0.013 -15"><span class='ocrx_word' id='word_1_18' title='bbox 1635 201 1700 247; x_wconf 86' lang='lat' dir='ltr'>Qui</span> <span class='ocrx_word' id='word_1_19' title='bbox 1720 209 1849 234; x_wconf 86' lang='lat' dir='ltr'>vertunt</span> <span class='ocrx_word' id='word_1_20' title='bbox 1857 226 1866 241; x_wconf 90' lang='lat'>,</span> <span class='ocrx_word' id='word_1_21' title='bbox 1891 204 1942 236; x_wconf 77' lang='lat' dir='ltr'>In-</span> 
     </span>
    </p>
   </div>
   <div class='ocr_carea' id='block_1_6' title="bbox 175 241 1942 289">
    <p class='ocr_par' dir='ltr' id='par_1_6' title="bbox 175 241 1942 289">
     <span class='ocr_line' id='line_1_6' title="bbox 175 241 1942 289; baseline 0.001 -14"><span class='ocrx_word' id='word_1_22' title='bbox 175 245 333 285; x_wconf 79' lang='lat' dir='ltr'>eleganter</span> <span class='ocrx_word' id='word_1_23' title='bbox 359 245 476 277; x_wconf 80' lang='lat' dir='ltr'>Seneca</span> <span class='ocrx_word' id='word_1_24' title='bbox 495 245 577 276; x_wconf 84' lang='lat' dir='ltr'>dixit</span> <span class='ocrx_word' id='word_1_25' title='bbox 609 246 638 276; x_wconf 83' lang='lat' dir='ltr'>al.</span> <span class='ocrx_word' id='word_1_26' title='bbox 662 245 702 276; x_wconf 90' lang='lat' dir='ltr'>L.</span> <span class='ocrx_word' id='word_1_27' title='bbox 722 243 775 276; x_wconf 85' lang='lat' dir='ltr'>VI.</span> <span class='ocrx_word' id='word_1_28' title='bbox 800 245 832 274; x_wconf 77' lang='lat' dir='ltr'>cie</span> <span class='ocrx_word' id='word_1_29' title='bbox 850 242 976 282; x_wconf 78' lang='lat' dir='ltr'>Benefic.</span> <span class='ocrx_word' id='word_1_30' title='bbox 1005 242 1035 272; x_wconf 90' lang='lat' dir='ltr'>C.</span> <span class='ocrx_word' id='word_1_31' title='bbox 1075 241 1244 283; x_wconf 81' lang='lat' dir='ltr'>stitutiones</span> <span class='ocrx_word' id='word_1_32' title='bbox 1269 245 1399 289; x_wconf 45' lang='lat' dir='ltr'>gratiani</span> <span class='ocrx_word' id='word_1_33' title='bbox 1434 244 1642 282; x_wconf 75' lang='lat' dir='ltr'><em>rependentes,</em></span> <span class='ocrx_word' id='word_1_34' title='bbox 1683 243 1763 277; x_wconf 83' lang='lat' dir='ltr'>male</span> <span class='ocrx_word' id='word_1_35' title='bbox 1797 243 1942 278; x_wconf 82' lang='lat' dir='ltr'>videntur</span> 
     </span>
    </p>
   </div>
   <div class='ocr_carea' id='block_1_7' title="bbox 170 282 1040 777">
    <p class='ocr_par' dir='ltr' id='par_1_7' title="bbox 170 282 1040 777">
     <span class='ocr_line' id='line_1_7' title="bbox 171 282 1039 328; baseline -0.008 -9"><span class='ocrx_word' id='word_1_36' title='bbox 171 288 223 327; x_wconf 69' lang='lat'>353.</span> <span class='ocrx_word' id='word_1_37' title='bbox 257 287 286 318; x_wconf 61' lang='grc' dir='ltr'>ὃς</span> <span class='ocrx_word' id='word_1_38' title='bbox 310 287 491 328; x_wconf 81' lang='lat' dir='ltr'>exemplum</span> <span class='ocrx_word' id='word_1_39' title='bbox 509 294 643 327; x_wconf 79' lang='lat' dir='ltr'>captatae</span> <span class='ocrx_word' id='word_1_40' title='bbox 669 285 875 324; x_wconf 75' lang='lat' dir='ltr'>liaei·editatiS‚</span> <span class='ocrx_word' id='word_1_41' title='bbox 900 284 929 316; x_wconf 72' lang='grc' dir='ltr'>ὃ(</span> <span class='ocrx_word' id='word_1_42' title='bbox 950 282 1039 328; x_wconf 73' lang='lat' dir='ltr'>simul</span> 
     </span>
     <span class='ocr_line' id='line_1_8' title="bbox 170 323 1036 367; baseline -0.005 -9"><span class='ocrx_word' id='word_1_43' title='bbox 170 328 285 359; x_wconf 76' lang='lat' dir='ltr'>mortis</span> <span class='ocrx_word' id='word_1_44' title='bbox 305 351 314 367; x_wconf 85' lang='lat'>,</span> <span class='ocrx_word' id='word_1_45' title='bbox 349 336 383 359; x_wconf 92' lang='lat' dir='ltr'>ut</span> <span class='ocrx_word' id='word_1_46' title='bbox 410 336 443 360; x_wconf 91' lang='lat' dir='ltr'>ut</span> <span class='ocrx_word' id='word_1_47' title='bbox 460 337 495 359; x_wconf 82' lang='lat' dir='ltr'>ea</span> <span class='ocrx_word' id='word_1_48' title='bbox 519 338 567 359; x_wconf 76' lang='lat' dir='ltr'>res</span> <span class='ocrx_word' id='word_1_49' title='bbox 584 327 738 367; x_wconf 77' lang='lat' dir='ltr'>captatori</span> <span class='ocrx_word' id='word_1_50' title='bbox 755 326 926 357; x_wconf 76' lang='lat' dir='ltr'>infeliciter</span> <span class='ocrx_word' id='word_1_51' title='bbox 944 323 1036 355; x_wconf 83' lang='grc'><strong>00110-</strong></span> 
     </span>
     <span class='ocr_line' id='line_1_9' title="bbox 173 366 1036 410; baseline -0.003 -12"><span class='ocrx_word' id='word_1_52' title='bbox 173 368 234 407; x_wconf 88' lang='lat' dir='ltr'>rit,</span> <span class='ocrx_word' id='word_1_53' title='bbox 271 369 366 401; x_wconf 80' lang='lat' dir='ltr'>habes</span> <span class='ocrx_word' id='word_1_54' title='bbox 394 369 475 410; x_wconf 84' lang='lat' dir='ltr'>apud</span> <span class='ocrx_word' id='word_1_55' title='bbox 498 369 672 401; x_wconf 78' lang='lat' dir='ltr'>Lucianum</span> <span class='ocrx_word' id='word_1_56' title='bbox 697 368 729 399; x_wconf 90' lang='lat' dir='ltr'>in</span> <span class='ocrx_word' id='word_1_57' title='bbox 750 367 872 408; x_wconf 78' lang='lat' dir='ltr'>Dialog.</span> <span class='ocrx_word' id='word_1_58' title='bbox 893 366 1036 398; x_wconf 71' lang='lat' dir='ltr'>Mortzmr.</span> 
     </span>
     <span class='ocr_line' id='line_1_10' title="bbox 176 408 928 450; baseline -0.001 -11"><span class='ocrx_word' id='word_1_59' title='bbox 176 408 359 450; x_wconf 61' lang='lat' dir='ltr'>Zenoplsant.</span> <span class='ocrx_word' id='word_1_60' title='bbox 379 410 414 445; x_wconf 53' lang='grc' dir='ltr'>ἐξ</span> <span class='ocrx_word' id='word_1_61' title='bbox 430 410 584 442; x_wconf 75' lang='lat' dir='ltr'>Calliclem.</span> <span class='ocrx_word' id='word_1_62' title='bbox 602 417 634 450; x_wconf 81' lang='lat' dir='ltr'>p.</span> <span class='ocrx_word' id='word_1_63' title='bbox 652 420 688 440; x_wconf 80' lang='grc'><strong>111.</strong></span> <span class='ocrx_word' id='word_1_64' title='bbox 709 419 780 449; x_wconf 77' lang='lat'>243.</span> <span class='ocrx_word' id='word_1_65' title='bbox 805 408 928 448; x_wconf 51' lang='lat' dir='ltr'>&amp;seqq</span> 
     </span>
     <span class='ocr_line' id='line_1_11' title="bbox 212 450 1040 492; baseline -0.006 -9"><span class='ocrx_word' id='word_1_66' title='bbox 212 451 377 492; x_wconf 69' lang='lat' dir='ltr'>Sapienter</span> <span class='ocrx_word' id='word_1_67' title='bbox 400 452 496 492; x_wconf 82' lang='lat' dir='ltr'>igitur</span> <span class='ocrx_word' id='word_1_68' title='bbox 523 451 592 483; x_wconf 85' lang='lat' dir='ltr'>Lex</span> <span class='ocrx_word' id='word_1_69' title='bbox 622 450 761 480; x_wconf 82' lang='lat' dir='ltr'>Romana</span> <span class='ocrx_word' id='word_1_70' title='bbox 786 450 872 480; x_wconf 87' lang='lat' dir='ltr'>cavit</span> <span class='ocrx_word' id='word_1_71' title='bbox 888 472 897 486; x_wconf 90' lang='lat'>,</span> <span class='ocrx_word' id='word_1_72' title='bbox 921 458 960 479; x_wconf 88' lang='lat' dir='ltr'>ne</span> <span class='ocrx_word' id='word_1_73' title='bbox 975 457 1040 488; x_wconf 82' lang='lat' dir='ltr'>gra-</span> 
     </span>
     <span class='ocr_line' id='line_1_12' title="bbox 173 489 1040 528; baseline -0.003 -6"><span class='ocrx_word' id='word_1_74' title='bbox 173 492 249 523; x_wconf 84' lang='lat' dir='ltr'>tiam</span> <span class='ocrx_word' id='word_1_75' title='bbox 266 491 457 525; x_wconf 77' lang='lat' dir='ltr'>testamentis</span> <span class='ocrx_word' id='word_1_76' title='bbox 472 493 583 523; x_wconf 88' lang='lat' dir='ltr'>liceret</span> <span class='ocrx_word' id='word_1_77' title='bbox 599 491 730 528; x_wconf 80' lang='lat' dir='ltr'>elicere,</span> <span class='ocrx_word' id='word_1_78' title='bbox 755 490 785 521; x_wconf 70' lang='grc' dir='ltr'>ὅ(</span> <span class='ocrx_word' id='word_1_79' title='bbox 805 489 957 520; x_wconf 84' lang='lat' dir='ltr'>haeredem</span> <span class='ocrx_word' id='word_1_80' title='bbox 968 489 1040 520; x_wconf 89' lang='lat' dir='ltr'>scri-</span> 
     </span>
     <span class='ocr_line' id='line_1_13' title="bbox 172 529 1038 575; baseline -0.003 -12"><span class='ocrx_word' id='word_1_81' title='bbox 172 533 247 563; x_wconf 85' lang='lat' dir='ltr'>bere</span> <span class='ocrx_word' id='word_1_82' title='bbox 265 544 300 565; x_wconf 84' lang='lat' dir='ltr'>ea</span> <span class='ocrx_word' id='word_1_83' title='bbox 319 534 407 575; x_wconf 82' lang='lat' dir='ltr'>lege,</span> <span class='ocrx_word' id='word_1_84' title='bbox 442 541 497 571; x_wconf 84' lang='lat' dir='ltr'>ut,</span> <span class='ocrx_word' id='word_1_85' title='bbox 532 533 584 572; x_wconf 82' lang='lat' dir='ltr'>qui</span> <span class='ocrx_word' id='word_1_86' title='bbox 606 530 724 571; x_wconf 82' lang='lat' dir='ltr'>scripsit</span> <span class='ocrx_word' id='word_1_87' title='bbox 740 554 751 570; x_wconf 90' lang='lat'>,</span> <span class='ocrx_word' id='word_1_88' title='bbox 776 530 907 561; x_wconf 82' lang='lat' dir='ltr'>viciffim</span> <span class='ocrx_word' id='word_1_89' title='bbox 927 529 1038 561; x_wconf 85' lang='lat' dir='ltr'>scriba-</span> 
     </span>
     <span class='ocr_line' id='line_1_14' title="bbox 175 570 1039 612; baseline -0.003 -8"><span class='ocrx_word' id='word_1_90' title='bbox 175 582 227 605; x_wconf 92' lang='lat' dir='ltr'>tur</span> <span class='ocrx_word' id='word_1_91' title='bbox 242 575 351 607; x_wconf 54' lang='lat' dir='ltr'>haeres.</span> <span class='ocrx_word' id='word_1_92' title='bbox 397 575 456 607; x_wconf 86' lang='lat' dir='ltr'>Sed</span> <span class='ocrx_word' id='word_1_93' title='bbox 479 574 571 604; x_wconf 90' lang='lat' dir='ltr'>licuit</span> <span class='ocrx_word' id='word_1_94' title='bbox 596 582 634 602; x_wconf 89' lang='lat' dir='ltr'>eo</span> <span class='ocrx_word' id='word_1_95' title='bbox 657 572 724 611; x_wconf 83' lang='lat' dir='ltr'>jure</span> <span class='ocrx_word' id='word_1_96' title='bbox 743 573 874 612; x_wconf 80' lang='lat' dir='ltr'>gratiam</span> <span class='ocrx_word' id='word_1_97' title='bbox 893 570 1039 612; x_wconf 87' lang='lat' dir='ltr'>repende-</span> 
     </span>
     <span class='ocr_line' id='line_1_15' title="bbox 173 613 1040 654; baseline -0.005 -8"><span class='ocrx_word' id='word_1_98' title='bbox 173 622 226 654; x_wconf 80' lang='lat' dir='ltr'>re,</span> <span class='ocrx_word' id='word_1_99' title='bbox 251 616 281 648; x_wconf 73' lang='grc' dir='ltr'>ὅ(</span> <span class='ocrx_word' id='word_1_100' title='bbox 307 625 378 647; x_wconf 82' lang='grc'><strong>011111</strong></span> <span class='ocrx_word' id='word_1_101' title='bbox 406 614 538 646; x_wconf 85' lang='lat' dir='ltr'>scribere</span> <span class='ocrx_word' id='word_1_102' title='bbox 564 614 737 652; x_wconf 68' lang='lat' dir='ltr'>haeredem,</span> <span class='ocrx_word' id='word_1_103' title='bbox 770 613 823 653; x_wconf 87' lang='lat' dir='ltr'>qui</span> <span class='ocrx_word' id='word_1_104' title='bbox 839 622 889 643; x_wconf 86' lang='lat' dir='ltr'>me</span> <span class='ocrx_word' id='word_1_105' title='bbox 904 613 1040 653; x_wconf 84' lang='lat' dir='ltr'>primum</span> 
     </span>
     <span class='ocr_line' id='line_1_16' title="bbox 171 653 1038 697; baseline -0.005 -10"><span class='ocrx_word' id='word_1_106' title='bbox 171 654 312 697; x_wconf 73' lang='lat' dir='ltr'>scriptit,</span> <span class='ocrx_word' id='word_1_107' title='bbox 337 664 371 687; x_wconf 89' lang='lat' dir='ltr'>ut</span> <span class='ocrx_word' id='word_1_108' title='bbox 389 655 511 696; x_wconf 78' lang='lat' dir='ltr'>plenius</span> <span class='ocrx_word' id='word_1_109' title='bbox 527 654 701 692; x_wconf 72' lang='lat' dir='ltr'>constabit,</span> <span class='ocrx_word' id='word_1_110' title='bbox 734 653 785 685; x_wconf 79' lang='lat' dir='ltr'>ubi</span> <span class='ocrx_word' id='word_1_111' title='bbox 811 653 848 684; x_wconf 89' lang='lat' dir='ltr'>ad</span> <span class='ocrx_word' id='word_1_112' title='bbox 863 663 929 684; x_wconf 86' lang='lat' dir='ltr'>rem</span> <span class='ocrx_word' id='word_1_113' title='bbox 944 653 1038 694; x_wconf 84' lang='lat' dir='ltr'>ipsam</span> 
     </span>
     <span class='ocr_line' id='line_1_17' title="bbox 172 694 1039 733; baseline -0.005 -5"><span class='ocrx_word' id='word_1_114' title='bbox 172 705 306 728; x_wconf 73' lang='lat' dir='ltr'>ventum</span> <span class='ocrx_word' id='word_1_115' title='bbox 333 697 405 727; x_wconf 88' lang='lat' dir='ltr'>erit.</span> <span class='ocrx_word' id='word_1_116' title='bbox 457 695 492 727; x_wconf 87' lang='lat' dir='ltr'>Id</span> <span class='ocrx_word' id='word_1_117' title='bbox 519 704 622 727; x_wconf 83' lang='lat' dir='ltr'>tamen</span> <span class='ocrx_word' id='word_1_118' title='bbox 640 704 723 727; x_wconf 90' lang='lat' dir='ltr'>nunc</span> <span class='ocrx_word' id='word_1_119' title='bbox 743 704 858 726; x_wconf 86' lang='lat' dir='ltr'>moneo</span> <span class='ocrx_word' id='word_1_120' title='bbox 877 717 887 733; x_wconf 92' lang='lat'>,</span> <span class='ocrx_word' id='word_1_121' title='bbox 912 702 947 726; x_wconf 91' lang='lat' dir='ltr'>ut</span> <span class='ocrx_word' id='word_1_122' title='bbox 967 694 1039 725; x_wconf 83' lang='lat' dir='ltr'>scia-</span> 
     </span>
     <span class='ocr_line' id='line_1_18' title="bbox 174 736 1039 777; baseline 0 -12"><span class='ocrx_word' id='word_1_123' title='bbox 174 746 243 768; x_wconf 62' lang='lat' dir='ltr'>llssls</span> <span class='ocrx_word' id='word_1_124' title='bbox 256 760 267 775; x_wconf 70' lang='lat'><em>9</em></span> <span class='ocrx_word' id='word_1_125' title='bbox 290 737 363 777; x_wconf 71' lang='lat' dir='ltr'>qujd</span> <span class='ocrx_word' id='word_1_126' title='bbox 383 737 442 769; x_wconf 77' lang='lat' dir='ltr'>fint</span> <span class='ocrx_word' id='word_1_127' title='bbox 460 738 588 767; x_wconf 66' lang='grc' dir='ltr'>Ἐνςοίσεις</span> <span class='ocrx_word' id='word_1_128' title='bbox 610 740 695 774; x_wconf 58' lang='grc' dir='ltr'>κάων</span> <span class='ocrx_word' id='word_1_129' title='bbox 713 736 896 774; x_wconf 47' lang='lat' dir='ltr'>iungentum,</span> <span class='ocrx_word' id='word_1_130' title='bbox 922 742 995 766; x_wconf 79' lang='lat' dir='ltr'>Cum</span> <span class='ocrx_word' id='word_1_131' title='bbox 1011 744 1039 765; x_wconf 75' lang='grc'>3·</span> 
     </span>
    </p>
   </div>
   <div class='ocr_carea' id='block_1_8' title="bbox 173 777 1039 818">
    <p class='ocr_par' dir='ltr' id='par_1_8' title="bbox 173 777 1039 818">
     <span class='ocr_line' id='line_1_19' title="bbox 173 777 1039 818; baseline -0.003 -9"><span class='ocrx_word' id='word_1_132' title='bbox 173 779 238 818; x_wconf 71' lang='lat' dir='ltr'>pud</span> <span class='ocrx_word' id='word_1_133' title='bbox 257 778 405 810; x_wconf 58' lang='lat' dir='ltr'>Basilicas</span> <span class='ocrx_word' id='word_1_134' title='bbox 424 778 462 809; x_wconf 94' lang='lat' dir='ltr'>L.</span> <span class='ocrx_word' id='word_1_135' title='bbox 482 778 630 811; x_wconf 73' lang='lat' dir='ltr'>XXXV.</span> <span class='ocrx_word' id='word_1_136' title='bbox 657 777 692 809; x_wconf 87' lang='lat' dir='ltr'>T.</span> <span class='ocrx_word' id='word_1_137' title='bbox 709 777 765 809; x_wconf 88' lang='lat' dir='ltr'>IX.</span> <span class='ocrx_word' id='word_1_138' title='bbox 802 778 833 809; x_wconf 92' lang='lat' dir='ltr'>C.</span> <span class='ocrx_word' id='word_1_139' title='bbox 850 786 900 817; x_wconf 80' lang='lat'>70.</span> <span class='ocrx_word' id='word_1_140' title='bbox 925 784 991 807; x_wconf 89' lang='lat' dir='ltr'>tum</span> <span class='ocrx_word' id='word_1_141' title='bbox 1010 785 1039 806; x_wconf 87' lang='lat' dir='ltr'>a·</span> 
     </span>
    </p>
   </div>
   <div class='ocr_carea' id='block_1_9' title="bbox 1080 284 1948 819">
    <p class='ocr_par' dir='ltr' id='par_1_9' title="bbox 1080 284 1948 819">
     <span class='ocr_line' id='line_1_20' title="bbox 1082 284 1942 325; baseline 0.003 -11"><span class='ocrx_word' id='word_1_142' title='bbox 1082 291 1225 323; x_wconf 83' lang='lat' dir='ltr'>vertere,</span> <span class='ocrx_word' id='word_1_143' title='bbox 1250 294 1341 324; x_wconf 79' lang='lat' dir='ltr'>quia,</span> <span class='ocrx_word' id='word_1_144' title='bbox 1368 292 1402 315; x_wconf 91' lang='lat' dir='ltr'>ut</span> <span class='ocrx_word' id='word_1_145' title='bbox 1417 284 1504 321; x_wconf 86' lang='lat' dir='ltr'>dixi,</span> <span class='ocrx_word' id='word_1_146' title='bbox 1527 285 1657 324; x_wconf 76' lang='lat' dir='ltr'>gratiam</span> <span class='ocrx_word' id='word_1_147' title='bbox 1671 284 1839 325; x_wconf 86' lang='lat' dir='ltr'>rependere</span> <span class='ocrx_word' id='word_1_148' title='bbox 1856 285 1942 325; x_wconf 87' lang='lat' dir='ltr'>licet;</span> 
     </span>
     <span class='ocr_line' id='line_1_21' title="bbox 1080 325 1944 367; baseline 0.005 -12"><span class='ocrx_word' id='word_1_149' title='bbox 1080 325 1206 365; x_wconf 87' lang='lat' dir='ltr'>potius,</span> <span class='ocrx_word' id='word_1_150' title='bbox 1231 334 1302 356; x_wconf 87' lang='lat' dir='ltr'>cum</span> <span class='ocrx_word' id='word_1_151' title='bbox 1322 325 1454 356; x_wconf 80' lang='lat' dir='ltr'>verbum</span> <span class='ocrx_word' id='word_1_152' title='bbox 1473 326 1584 356; x_wconf 58' lang='grc' dir='ltr'>ἁμειςω</span> <span class='ocrx_word' id='word_1_153' title='bbox 1602 325 1753 367; x_wconf 68' lang='lat' dir='ltr'>ambiguae</span> <span class='ocrx_word' id='word_1_154' title='bbox 1776 326 1812 358; x_wconf 84' lang='lat' dir='ltr'>fit</span> <span class='ocrx_word' id='word_1_155' title='bbox 1834 326 1944 367; x_wconf 83' lang='lat' dir='ltr'>fignifi-</span> 
     </span>
     <span class='ocr_line' id='line_1_22' title="bbox 1082 365 1942 410; baseline 0.005 -14"><span class='ocrx_word' id='word_1_156' title='bbox 1082 365 1236 404; x_wconf 87' lang='lat' dir='ltr'>cationis‚</span> <span class='ocrx_word' id='word_1_157' title='bbox 1268 367 1453 397; x_wconf 83' lang='lat' dir='ltr'>vertendum</span> <span class='ocrx_word' id='word_1_158' title='bbox 1479 375 1566 405; x_wconf 85' lang='lat' dir='ltr'>erat,</span> <span class='ocrx_word' id='word_1_159' title='bbox 1598 365 1800 407; x_wconf 76' lang='lat' dir='ltr'>Institutiones</span> <span class='ocrx_word' id='word_1_160' title='bbox 1813 370 1942 410; x_wconf 80' lang='lat' dir='ltr'>gratiam</span> 
     </span>
     <span class='ocr_line' id='line_1_23' title="bbox 1082 406 1944 450; baseline 0.006 -13"><span class='ocrx_word' id='word_1_161' title='bbox 1082 413 1267 445; x_wconf 81' lang='lat' dir='ltr'>mutuantes,</span> <span class='ocrx_word' id='word_1_162' title='bbox 1295 406 1358 439; x_wconf 83' lang='lat' dir='ltr'>five</span> <span class='ocrx_word' id='word_1_163' title='bbox 1383 409 1514 449; x_wconf 75' lang='lat' dir='ltr'>gratiam.</span> <span class='ocrx_word' id='word_1_164' title='bbox 1546 414 1675 439; x_wconf 83' lang='lat' dir='ltr'>mutuam</span> <span class='ocrx_word' id='word_1_165' title='bbox 1686 414 1836 448; x_wconf 81' lang='lat' dir='ltr'>petentes,</span> <span class='ocrx_word' id='word_1_166' title='bbox 1859 410 1944 450; x_wconf 87' lang='lat' dir='ltr'>quod</span> 
     </span>
     <span class='ocr_line' id='line_1_24' title="bbox 1083 448 1943 489; baseline 0.003 -10"><span class='ocrx_word' id='word_1_167' title='bbox 1083 448 1115 479; x_wconf 90' lang='lat' dir='ltr'>in</span> <span class='ocrx_word' id='word_1_168' title='bbox 1132 449 1343 489; x_wconf 72' lang='lat' dir='ltr'>captationem</span> <span class='ocrx_word' id='word_1_169' title='bbox 1370 449 1502 488; x_wconf 83' lang='lat' dir='ltr'>incidit,</span> <span class='ocrx_word' id='word_1_170' title='bbox 1535 450 1564 480; x_wconf 78' lang='lat'>&amp;</span> <span class='ocrx_word' id='word_1_171' title='bbox 1580 459 1643 480; x_wconf 89' lang='lat' dir='ltr'>non</span> <span class='ocrx_word' id='word_1_172' title='bbox 1660 449 1705 480; x_wconf 91' lang='lat' dir='ltr'>est</span> <span class='ocrx_word' id='word_1_173' title='bbox 1725 450 1857 482; x_wconf 87' lang='lat' dir='ltr'>licitum.</span> <span class='ocrx_word' id='word_1_174' title='bbox 1902 450 1943 482; x_wconf 91' lang='lat' dir='ltr'>A-</span> 
     </span>
     <span class='ocr_line' id='line_1_25' title="bbox 1083 489 1945 532; baseline 0.005 -13"><span class='ocrx_word' id='word_1_175' title='bbox 1083 489 1204 529; x_wconf 82' lang='lat' dir='ltr'>lioquin</span> <span class='ocrx_word' id='word_1_176' title='bbox 1234 490 1319 529; x_wconf 85' lang='lat' dir='ltr'>quod</span> <span class='ocrx_word' id='word_1_177' title='bbox 1344 490 1381 520; x_wconf 89' lang='lat' dir='ltr'>de</span> <span class='ocrx_word' id='word_1_178' title='bbox 1405 492 1506 531; x_wconf 76' lang='lat' dir='ltr'>gratia</span> <span class='ocrx_word' id='word_1_179' title='bbox 1525 490 1659 530; x_wconf 88' lang='lat' dir='ltr'>dicitur,</span> <span class='ocrx_word' id='word_1_180' title='bbox 1685 490 1804 531; x_wconf 86' lang='lat' dir='ltr'><strong>semper</strong></span> <span class='ocrx_word' id='word_1_181' title='bbox 1820 499 1945 532; x_wconf 90' lang='lat' dir='ltr'>oporte-</span> 
     </span>
     <span class='ocr_line' id='line_1_26' title="bbox 1083 529 1945 572; baseline 0.006 -12"><span class='ocrx_word' id='word_1_182' title='bbox 1083 529 1131 560; x_wconf 86' lang='lat' dir='ltr'>bit</span> <span class='ocrx_word' id='word_1_183' title='bbox 1151 530 1327 570; x_wconf 69' lang='lat' dir='ltr'>intelligere</span> <span class='ocrx_word' id='word_1_184' title='bbox 1351 531 1389 561; x_wconf 88' lang='lat' dir='ltr'>de</span> <span class='ocrx_word' id='word_1_185' title='bbox 1404 532 1534 570; x_wconf 73' lang='lat' dir='ltr'>futura,</span> <span class='ocrx_word' id='word_1_186' title='bbox 1564 539 1599 562; x_wconf 91' lang='lat' dir='ltr'>ut</span> <span class='ocrx_word' id='word_1_187' title='bbox 1617 532 1777 564; x_wconf 80' lang='lat' dir='ltr'>intellexit</span> <span class='ocrx_word' id='word_1_188' title='bbox 1797 531 1945 572; x_wconf 85' lang='lat' dir='ltr'>Cujacius</span> 
     </span>
     <span class='ocr_line' id='line_1_27' title="bbox 1082 570 1944 614; baseline 0.005 -13"><span class='ocrx_word' id='word_1_189' title='bbox 1082 570 1119 601; x_wconf 84' lang='lat' dir='ltr'>ad</span> <span class='ocrx_word' id='word_1_190' title='bbox 1144 570 1296 603; x_wconf 55' lang='lat' dir='ltr'>anrw&#39;l.</span> <span class='ocrx_word' id='word_1_191' title='bbox 1320 571 1457 612; x_wconf 74' lang='lat' dir='ltr'>Respuns.</span> <span class='ocrx_word' id='word_1_192' title='bbox 1480 572 1590 612; x_wconf 78' lang='lat' dir='ltr'>Papin.</span> <span class='ocrx_word' id='word_1_193' title='bbox 1615 573 1645 604; x_wconf 89' lang='lat' dir='ltr'>in</span> <span class='ocrx_word' id='word_1_194' title='bbox 1668 573 1687 604; x_wconf 94' lang='lat' dir='ltr'>l.</span> <span class='ocrx_word' id='word_1_195' title='bbox 1704 583 1753 614; x_wconf 80' lang='lat'>70.</span> <span class='ocrx_word' id='word_1_196' title='bbox 1772 573 1813 614; x_wconf 90' lang='lat' dir='ltr'>ff.</span> <span class='ocrx_word' id='word_1_197' title='bbox 1830 573 1944 605; x_wconf 71' lang='grc' dir='ltr'><strong>110Ηο-</strong></span> 
     </span>
     <span class='ocr_line' id='line_1_28' title="bbox 1082 611 1945 654; baseline 0.006 -12"><span class='ocrx_word' id='word_1_198' title='bbox 1082 612 1142 642; x_wconf 81' lang='lat' dir='ltr'>red.</span> <span class='ocrx_word' id='word_1_199' title='bbox 1161 611 1253 651; x_wconf 72' lang='lat' dir='ltr'>instit.</span> <span class='ocrx_word' id='word_1_200' title='bbox 1300 612 1358 644; x_wconf 87' lang='lat' dir='ltr'>Sed</span> <span class='ocrx_word' id='word_1_201' title='bbox 1379 611 1424 643; x_wconf 88' lang='lat' dir='ltr'>cst</span> <span class='ocrx_word' id='word_1_202' title='bbox 1442 613 1471 643; x_wconf 93' lang='lat' dir='ltr'>id</span> <span class='ocrx_word' id='word_1_203' title='bbox 1489 612 1704 645; x_wconf 79' lang='lat' dir='ltr'>duriusculum</span> <span class='ocrx_word' id='word_1_204' title='bbox 1717 638 1726 654; x_wconf 90' lang='lat'>‚</span> <span class='ocrx_word' id='word_1_205' title='bbox 1750 624 1808 646; x_wconf 91' lang='lat' dir='ltr'>nec</span> <span class='ocrx_word' id='word_1_206' title='bbox 1828 615 1859 647; x_wconf 92' lang='lat' dir='ltr'>in</span> <span class='ocrx_word' id='word_1_207' title='bbox 1877 624 1945 648; x_wconf 83' lang='lat' dir='ltr'>eain</span> 
     </span>
     <span class='ocr_line' id='line_1_29' title="bbox 1082 653 1946 693; baseline 0.006 -10"><span class='ocrx_word' id='word_1_208' title='bbox 1082 661 1147 683; x_wconf 90' lang='lat' dir='ltr'>rem</span> <span class='ocrx_word' id='word_1_209' title='bbox 1178 653 1250 684; x_wconf 66' lang='lat' dir='ltr'>satis</span> <span class='ocrx_word' id='word_1_210' title='bbox 1275 661 1381 693; x_wconf 80' lang='lat' dir='ltr'>aptum</span> <span class='ocrx_word' id='word_1_211' title='bbox 1403 655 1576 693; x_wconf 75' lang='lat' dir='ltr'>rependendi</span> <span class='ocrx_word' id='word_1_212' title='bbox 1601 656 1801 688; x_wconf 86' lang='lat' dir='ltr'>vocabulum.</span> <span class='ocrx_word' id='word_1_213' title='bbox 1846 655 1946 688; x_wconf 87' lang='lat' dir='ltr'>Iidem</span> 
     </span>
     <span class='ocr_line' id='line_1_30' title="bbox 1082 693 1946 741; baseline 0.007 -18"><span class='ocrx_word' id='word_1_214' title='bbox 1082 693 1222 732; x_wconf 73' lang='lat' dir='ltr'>Basilici,</span> <span class='ocrx_word' id='word_1_215' title='bbox 1256 703 1330 733; x_wconf 83' lang='lat' dir='ltr'>quas</span> <span class='ocrx_word' id='word_1_216' title='bbox 1344 694 1512 734; x_wconf 74' lang='lat' dir='ltr'>scripturas</span> <span class='ocrx_word' id='word_1_217' title='bbox 1541 694 1639 734; x_wconf 78' lang='lat' dir='ltr'>Gajus</span> <span class='ocrx_word' id='word_1_218' title='bbox 1658 705 1753 727; x_wconf 83' lang='lat' dir='ltr'>vocat</span> <span class='ocrx_word' id='word_1_219' title='bbox 1768 699 1946 741; x_wconf 63' lang='lat' dir='ltr'>cfflptatorias</span> 
     </span>
     <span class='ocr_line' id='line_1_31' title="bbox 1083 734 1944 776; baseline 0.002 -11"><span class='ocrx_word' id='word_1_220' title='bbox 1083 734 1115 765; x_wconf 89' lang='lat' dir='ltr'>in</span> <span class='ocrx_word' id='word_1_221' title='bbox 1139 735 1159 765; x_wconf 96' lang='lat' dir='ltr'>l.</span> <span class='ocrx_word' id='word_1_222' title='bbox 1183 737 1234 774; x_wconf 81' lang='lat'>64.</span> <span class='ocrx_word' id='word_1_223' title='bbox 1253 734 1294 775; x_wconf 89' lang='lat' dir='ltr'>ff.</span> <span class='ocrx_word' id='word_1_224' title='bbox 1318 735 1351 765; x_wconf 82' lang='lat' dir='ltr'>de</span> <span class='ocrx_word' id='word_1_225' title='bbox 1375 735 1484 776; x_wconf 76' lang='lat' dir='ltr'>Legat.</span> <span class='ocrx_word' id='word_1_226' title='bbox 1512 735 1534 766; x_wconf 90' lang='lat' dir='ltr'>I.</span> <span class='ocrx_word' id='word_1_227' title='bbox 1558 744 1678 767; x_wconf 84' lang='lat' dir='ltr'>vocant</span> <span class='ocrx_word' id='word_1_228' title='bbox 1711 742 1742 769; x_wconf 63' lang='grc' dir='ltr'>ὡς</span> <span class='ocrx_word' id='word_1_229' title='bbox 1764 751 1847 773; x_wconf 56' lang='lat' dir='ltr'>mes·</span> <span class='ocrx_word' id='word_1_230' title='bbox 1869 745 1944 769; x_wconf 57' lang='lat' dir='ltr'>,ivm-</span> 
     </span>
     <span class='ocr_line' id='line_1_32' title="bbox 1082 775 1948 819; baseline 0.013 -18"><span class='ocrx_word' id='word_1_231' title='bbox 1082 776 1196 812; x_wconf 59' lang='grc' dir='ltr'>μείψεως</span> <span class='ocrx_word' id='word_1_232' title='bbox 1217 778 1325 814; x_wconf 46' lang='grc' dir='ltr'>’γραφεὶς</span> <span class='ocrx_word' id='word_1_233' title='bbox 1349 775 1388 807; x_wconf 85' lang='lat' dir='ltr'>L.</span> <span class='ocrx_word' id='word_1_234' title='bbox 1412 776 1532 808; x_wconf 69' lang='lat' dir='ltr'>XLIV.</span> <span class='ocrx_word' id='word_1_235' title='bbox 1560 777 1594 808; x_wconf 86' lang='lat' dir='ltr'>T.</span> <span class='ocrx_word' id='word_1_236' title='bbox 1616 777 1640 808; x_wconf 79' lang='lat' dir='ltr'>I.</span> <span class='ocrx_word' id='word_1_237' title='bbox 1669 778 1700 809; x_wconf 82' lang='lat' dir='ltr'>C.</span> <span class='ocrx_word' id='word_1_238' title='bbox 1723 788 1773 810; x_wconf 85' lang='lat'>20.</span> <span class='ocrx_word' id='word_1_239' title='bbox 1797 780 1858 811; x_wconf 80' lang='lat' dir='ltr'>hOC</span> <span class='ocrx_word' id='word_1_240' title='bbox 1881 778 1948 819; x_wconf 77' lang='lat' dir='ltr'>est,</span> 
     </span>
    </p>
   </div>
   <div class='ocr_carea' id='block_1_10' title="bbox 172 815 1944 863">
    <p class='ocr_par' dir='ltr' id='par_1_10' title="bbox 172 815 1944 863">
     <span class='ocr_line' id='line_1_33' title="bbox 172 815 1944 863; baseline 0.002 -15"><span class='ocrx_word' id='word_1_241' title='bbox 172 819 235 860; x_wconf 78' lang='lat' dir='ltr'>pud</span> <span class='ocrx_word' id='word_1_242' title='bbox 261 819 535 860; x_wconf 79' lang='lat' dir='ltr'>Harmenopulum</span> <span class='ocrx_word' id='word_1_243' title='bbox 567 828 654 858; x_wconf 62' lang='grc' dir='ltr'><strong>Πξοχ.</strong></span> <span class='ocrx_word' id='word_1_244' title='bbox 688 818 727 850; x_wconf 92' lang='lat' dir='ltr'>L.</span> <span class='ocrx_word' id='word_1_245' title='bbox 750 819 789 849; x_wconf 90' lang='lat' dir='ltr'>V.</span> <span class='ocrx_word' id='word_1_246' title='bbox 828 818 862 850; x_wconf 89' lang='lat' dir='ltr'>T.</span> <span class='ocrx_word' id='word_1_247' title='bbox 885 816 970 848; x_wconf 88' lang='lat' dir='ltr'>VIII.</span> <span class='ocrx_word' id='word_1_248' title='bbox 991 823 1037 857; x_wconf 86' lang='lat' dir='ltr'>pr.</span> <span class='ocrx_word' id='word_1_249' title='bbox 1075 816 1241 857; x_wconf 72' lang='lat' dir='ltr'>firiptzirar</span> <span class='ocrx_word' id='word_1_250' title='bbox 1263 815 1426 863; x_wconf 66' lang='lat' dir='ltr'>lsostimenti</span> <span class='ocrx_word' id='word_1_251' title='bbox 1445 816 1510 856; x_wconf 71' lang='lat' dir='ltr'>five</span> <span class='ocrx_word' id='word_1_252' title='bbox 1542 821 1783 850; x_wconf 74' lang='lat' dir='ltr'>remunerationis</span> <span class='ocrx_word' id='word_1_253' title='bbox 1817 823 1944 862; x_wconf 78' lang='lat' dir='ltr'>gratia,</span> 
     </span>
    </p>
   </div>
   <div class='ocr_carea' id='block_1_11' title="bbox 175 858 1039 943">
    <p class='ocr_par' dir='ltr' id='par_1_11' title="bbox 175 858 1039 943">
     <span class='ocr_line' id='line_1_34' title="bbox 175 858 1038 900; baseline -0.002 -9"><span class='ocrx_word' id='word_1_254' title='bbox 175 859 374 900; x_wconf 79' lang='lat' dir='ltr'>Captatorins</span> <span class='ocrx_word' id='word_1_255' title='bbox 402 859 615 892; x_wconf 81' lang='lat' dir='ltr'>institutiones</span> <span class='ocrx_word' id='word_1_256' title='bbox 640 869 676 890; x_wconf 81' lang='lat' dir='ltr'>ea</span> <span class='ocrx_word' id='word_1_257' title='bbox 692 859 876 891; x_wconf 84' lang='lat' dir='ltr'>definitione</span> <span class='ocrx_word' id='word_1_258' title='bbox 890 858 1038 899; x_wconf 78' lang='lat' dir='ltr'>fignifica-</span> 
     </span>
     <span class='ocr_line' id='line_1_35' title="bbox 175 899 1039 943; baseline -0.005 -10"><span class='ocrx_word' id='word_1_259' title='bbox 175 901 200 933; x_wconf 83' lang='lat' dir='ltr'>ri</span> <span class='ocrx_word' id='word_1_260' title='bbox 216 911 281 934; x_wconf 81' lang='lat' dir='ltr'>non</span> <span class='ocrx_word' id='word_1_261' title='bbox 300 901 345 933; x_wconf 81' lang='lat' dir='ltr'>est</span> <span class='ocrx_word' id='word_1_262' title='bbox 363 901 511 940; x_wconf 83' lang='lat' dir='ltr'>dubium,</span> <span class='ocrx_word' id='word_1_263' title='bbox 547 901 598 934; x_wconf 85' lang='lat' dir='ltr'>sed</span> <span class='ocrx_word' id='word_1_264' title='bbox 624 901 699 942; x_wconf 82' lang='lat' dir='ltr'>quid</span> <span class='ocrx_word' id='word_1_265' title='bbox 717 901 768 933; x_wconf 85' lang='grc'><strong>1110</strong></span> <span class='ocrx_word' id='word_1_266' title='bbox 785 900 912 943; x_wconf 75' lang='lat' dir='ltr'>proprie</span> <span class='ocrx_word' id='word_1_267' title='bbox 929 899 966 932; x_wconf 77' lang='lat' dir='ltr'>lit</span> <span class='ocrx_word' id='word_1_268' title='bbox 985 902 1039 938; x_wconf 68' lang='grc' dir='ltr'>χεί-</span> 
     </span>
    </p>
   </div>
   <div class='ocr_carea' id='block_1_12' title="bbox 779 1015 1046 1052">
    <p class='ocr_par' dir='ltr' id='par_1_12' title="bbox 779 1015 1046 1052">
     <span class='ocr_line' id='line_1_36' title="bbox 779 1015 1046 1052; baseline -0.007 0"><span class='ocrx_word' id='word_1_269' title='bbox 779 1015 1046 1052; x_wconf 93' lang='lat' dir='ltr'>CAPU</span> 
     </span>
    </p>
   </div>
   <div class='ocr_carea' id='block_1_13' title="bbox 1082 857 1948 940">
    <p class='ocr_par' dir='ltr' id='par_1_13' title="bbox 1082 857 1948 940">
     <span class='ocr_line' id='line_1_37' title="bbox 1083 857 1948 903; baseline 0.007 -15"><span class='ocrx_word' id='word_1_270' title='bbox 1083 858 1168 897; x_wconf 82' lang='lat' dir='ltr'>quod</span> <span class='ocrx_word' id='word_1_271' title='bbox 1192 867 1288 899; x_wconf 79' lang='lat' dir='ltr'>magis</span> <span class='ocrx_word' id='word_1_272' title='bbox 1314 857 1359 890; x_wconf 88' lang='lat' dir='ltr'>est</span> <span class='ocrx_word' id='word_1_273' title='bbox 1385 867 1527 899; x_wconf 83' lang='lat' dir='ltr'>apertum</span> <span class='ocrx_word' id='word_1_274' title='bbox 1545 882 1556 899; x_wconf 96' lang='lat'>,</span> <span class='ocrx_word' id='word_1_275' title='bbox 1591 860 1622 891; x_wconf 70' lang='lat' dir='ltr'>&lt;St</span> <span class='ocrx_word' id='word_1_276' title='bbox 1644 858 1730 899; x_wconf 85' lang='lat' dir='ltr'>fere,</span> <span class='ocrx_word' id='word_1_277' title='bbox 1756 868 1791 892; x_wconf 89' lang='lat' dir='ltr'>ut</span> <span class='ocrx_word' id='word_1_278' title='bbox 1807 870 1861 903; x_wconf 83' lang='lat' dir='ltr'>par</span> <span class='ocrx_word' id='word_1_279' title='bbox 1875 861 1919 894; x_wconf 88' lang='lat' dir='ltr'>est</span> <span class='ocrx_word' id='word_1_280' title='bbox 1934 884 1948 901; x_wconf 91' lang='lat'>,</span> 
     </span>
     <span class='ocr_line' id='line_1_38' title="bbox 1082 898 1386 940; baseline 0 -10"><span class='ocrx_word' id='word_1_281' title='bbox 1082 898 1227 931; x_wconf 80' lang='lat' dir='ltr'>futurum</span> <span class='ocrx_word' id='word_1_282' title='bbox 1249 898 1386 940; x_wconf 82' lang='lat' dir='ltr'>respicit.</span> 
     </span>
    </p>
   </div>
   <div class='ocr_carea' id='block_1_14' title="bbox 1095 1013 1318 1049">
    <p class='ocr_par' dir='ltr' id='par_1_14' title="bbox 1095 1013 1318 1049">
     <span class='ocr_line' id='line_1_39' title="bbox 1095 1013 1318 1049; baseline 0 0"><span class='ocrx_word' id='word_1_283' title='bbox 1095 1015 1130 1049; x_wconf 94' lang='lat' dir='ltr'>T</span> <span class='ocrx_word' id='word_1_284' title='bbox 1227 1013 1318 1049; x_wconf 85' lang='lat'>111.</span> 
     </span>
    </p>
   </div>
   <div class='ocr_carea' id='block_1_15' title="bbox 203 1121 1922 1174">
    <p class='ocr_par' dir='ltr' id='par_1_15' title="bbox 203 1121 1922 1174">
     <span class='ocr_line' id='line_1_40' title="bbox 203 1121 1922 1174; baseline 0.001 -15"><span class='ocrx_word' id='word_1_285' title='bbox 203 1125 287 1174; x_wconf 64' lang='lat' dir='ltr'>the</span> <span class='ocrx_word' id='word_1_286' title='bbox 314 1136 374 1160; x_wconf 82' lang='lat' dir='ltr'>non</span> <span class='ocrx_word' id='word_1_287' title='bbox 393 1124 463 1171; x_wconf 78' lang='lat' dir='ltr'>fiat</span> <span class='ocrx_word' id='word_1_288' title='bbox 489 1125 677 1171; x_wconf 75' lang='lat' dir='ltr'>captatoriae</span> <span class='ocrx_word' id='word_1_289' title='bbox 701 1121 941 1170; x_wconf 78' lang='lat' dir='ltr'>institutiones,</span> <span class='ocrx_word' id='word_1_290' title='bbox 966 1121 1008 1156; x_wconf 78' lang='lat' dir='ltr'>acl</span> <span class='ocrx_word' id='word_1_291' title='bbox 1027 1121 1166 1167; x_wconf 79' lang='lat' dir='ltr'>primam</span> <span class='ocrx_word' id='word_1_292' title='bbox 1189 1127 1316 1166; x_wconf 81' lang='lat' dir='ltr'>partem</span> <span class='ocrx_word' id='word_1_293' title='bbox 1354 1121 1393 1154; x_wconf 94' lang='lat' dir='ltr'>L.</span> <span class='ocrx_word' id='word_1_294' title='bbox 1426 1131 1482 1167; x_wconf 71' lang='lat'>70.</span> <span class='ocrx_word' id='word_1_295' title='bbox 1511 1121 1550 1156; x_wconf 83' lang='lat' dir='ltr'>ff.</span> <span class='ocrx_word' id='word_1_296' title='bbox 1577 1121 1619 1157; x_wconf 88' lang='lat' dir='ltr'>de</span> <span class='ocrx_word' id='word_1_297' title='bbox 1646 1122 1787 1160; x_wconf 83' lang='lat' dir='ltr'>Haered.</span> <span class='ocrx_word' id='word_1_298' title='bbox 1813 1125 1922 1163; x_wconf 80' lang='lat' dir='ltr'>instit.</span> 
     </span>
    </p>
   </div>
   <div class='ocr_carea' id='block_1_16' title="bbox 175 1226 1044 1311">
    <p class='ocr_par' dir='ltr' id='par_1_16' title="bbox 175 1226 1044 1311">
     <span class='ocr_line' id='line_1_41' title="bbox 175 1226 1044 1311; baseline -0.006 -49"><span class='ocrx_word' id='word_1_299' title='bbox 175 1228 326 1311; x_wconf 61' lang='lat' dir='ltr'>Rette</span> <span class='ocrx_word' id='word_1_300' title='bbox 342 1237 437 1271; x_wconf 81' lang='lat' dir='ltr'>atque</span> <span class='ocrx_word' id='word_1_301' title='bbox 453 1231 562 1263; x_wconf 78' lang='lat' dir='ltr'>ordine</span> <span class='ocrx_word' id='word_1_302' title='bbox 578 1231 721 1263; x_wconf 86' lang='lat' dir='ltr'>videmur</span> <span class='ocrx_word' id='word_1_303' title='bbox 739 1228 869 1266; x_wconf 62' lang='lat' dir='ltr'>facturi,</span> <span class='ocrx_word' id='word_1_304' title='bbox 894 1226 916 1259; x_wconf 89' lang='lat' dir='ltr'>fi</span> <span class='ocrx_word' id='word_1_305' title='bbox 935 1227 1044 1258; x_wconf 69' lang='lat' dir='ltr'>trafta-</span> 
     </span>
    </p>
   </div>
   <div class='ocr_carea' id='block_1_17' title="bbox 1088 1224 1950 1268">
    <p class='ocr_par' dir='ltr' id='par_1_17' title="bbox 1088 1224 1950 1268">
     <span class='ocr_line' id='line_1_42' title="bbox 1088 1224 1950 1268; baseline 0.01 -12"><span class='ocrx_word' id='word_1_306' title='bbox 1088 1224 1141 1256; x_wconf 76' lang='lat' dir='ltr'>vcl</span> <span class='ocrx_word' id='word_1_307' title='bbox 1165 1224 1274 1255; x_wconf 77' lang='lat' dir='ltr'>iisdem</span> <span class='ocrx_word' id='word_1_308' title='bbox 1291 1246 1303 1262; x_wconf 86' lang='lat'>,</span> <span class='ocrx_word' id='word_1_309' title='bbox 1333 1225 1385 1256; x_wconf 90' lang='lat' dir='ltr'>vel</span> <span class='ocrx_word' id='word_1_310' title='bbox 1409 1225 1478 1256; x_wconf 67' lang='lat' dir='ltr'>aliis</span> <span class='ocrx_word' id='word_1_311' title='bbox 1508 1227 1640 1268; x_wconf 83' lang='lat' dir='ltr'>tabulis,</span> <span class='ocrx_word' id='word_1_312' title='bbox 1671 1230 1724 1262; x_wconf 85' lang='lat' dir='ltr'>vel</span> <span class='ocrx_word' id='word_1_313' title='bbox 1738 1240 1797 1263; x_wconf 91' lang='lat' dir='ltr'>nos</span> <span class='ocrx_word' id='word_1_314' title='bbox 1811 1232 1950 1265; x_wconf 85' lang='lat' dir='ltr'>invicem</span> 
     </span>
    </p>
   </div>
   <div class='ocr_carea' id='block_1_18' title="bbox 175 1265 1950 1359">
    <p class='ocr_par' dir='ltr' id='par_1_18' title="bbox 175 1265 1950 1359">
     <span class='ocr_line' id='line_1_43' title="bbox 282 1265 1949 1312; baseline 0.002 -9"><span class='ocrx_word' id='word_1_315' title='bbox 282 1279 349 1303; x_wconf 85' lang='lat' dir='ltr'>tum</span> <span class='ocrx_word' id='word_1_316' title='bbox 377 1274 411 1303; x_wconf 82' lang='lat' dir='ltr'>de</span> <span class='ocrx_word' id='word_1_317' title='bbox 437 1274 606 1312; x_wconf 77' lang='lat' dir='ltr'>captatoriis</span> <span class='ocrx_word' id='word_1_318' title='bbox 633 1270 864 1312; x_wconf 80' lang='lat' dir='ltr'>institutionibus</span> <span class='ocrx_word' id='word_1_319' title='bbox 885 1268 928 1298; x_wconf 86' lang='lat' dir='ltr'>ita</span> <span class='ocrx_word' id='word_1_320' title='bbox 944 1267 1043 1299; x_wconf 81' lang='lat' dir='ltr'>absol·</span> <span class='ocrx_word' id='word_1_321' title='bbox 1088 1267 1206 1312; x_wconf 71' lang='lat' dir='ltr'>mutuis</span> <span class='ocrx_word' id='word_1_322' title='bbox 1226 1265 1341 1311; x_wconf 77' lang='lat' dir='ltr'>tabulis</span> <span class='ocrx_word' id='word_1_323' title='bbox 1367 1265 1539 1311; x_wconf 81' lang='lat' dir='ltr'>scribamus</span> <span class='ocrx_word' id='word_1_324' title='bbox 1566 1268 1720 1309; x_wconf 77' lang='lat' dir='ltr'>haercdes,</span> <span class='ocrx_word' id='word_1_325' title='bbox 1745 1281 1808 1303; x_wconf 90' lang='lat' dir='ltr'>non</span> <span class='ocrx_word' id='word_1_326' title='bbox 1822 1274 1883 1305; x_wconf 88' lang='lat' dir='ltr'>erit</span> <span class='ocrx_word' id='word_1_327' title='bbox 1901 1284 1949 1306; x_wconf 84' lang='lat' dir='ltr'>ca-</span> 
     </span>
     <span class='ocr_line' id='line_1_44' title="bbox 175 1305 1950 1359; baseline 0.002 -16"><span class='ocrx_word' id='word_1_328' title='bbox 175 1322 308 1351; x_wconf 85' lang='lat' dir='ltr'>vamus,</span> <span class='ocrx_word' id='word_1_329' title='bbox 334 1321 369 1344; x_wconf 89' lang='lat' dir='ltr'>ut</span> <span class='ocrx_word' id='word_1_330' title='bbox 388 1314 516 1359; x_wconf 64' lang='lat' dir='ltr'>praeivit</span> <span class='ocrx_word' id='word_1_331' title='bbox 534 1313 719 1354; x_wconf 81' lang='lat' dir='ltr'>Papinianus</span> <span class='ocrx_word' id='word_1_332' title='bbox 745 1311 775 1342; x_wconf 92' lang='lat' dir='ltr'>in</span> <span class='ocrx_word' id='word_1_333' title='bbox 799 1311 819 1342; x_wconf 89' lang='lat' dir='ltr'>l.</span> <span class='ocrx_word' id='word_1_334' title='bbox 844 1319 894 1350; x_wconf 86' lang='lat'>70.</span> <span class='ocrx_word' id='word_1_335' title='bbox 919 1309 949 1339; x_wconf 72' lang='grc' dir='ltr'>ὅ(</span> <span class='ocrx_word' id='word_1_336' title='bbox 968 1308 1044 1340; x_wconf 87' lang='lat' dir='ltr'>Pau·</span> <span class='ocrx_word' id='word_1_337' title='bbox 1082 1312 1217 1347; x_wconf 81' lang='lat' dir='ltr'>ptatorza</span> <span class='ocrx_word' id='word_1_338' title='bbox 1233 1306 1286 1337; x_wconf 83' lang='lat' dir='ltr'>illa</span> <span class='ocrx_word' id='word_1_339' title='bbox 1304 1305 1479 1347; x_wconf 82' lang='lat' dir='ltr'>institutio,</span> <span class='ocrx_word' id='word_1_340' title='bbox 1505 1307 1577 1348; x_wconf 83' lang='lat' dir='ltr'>scd,</span> <span class='ocrx_word' id='word_1_341' title='bbox 1601 1318 1637 1341; x_wconf 89' lang='lat' dir='ltr'>ut</span> <span class='ocrx_word' id='word_1_342' title='bbox 1659 1310 1700 1343; x_wconf 89' lang='lat' dir='ltr'>fic</span> <span class='ocrx_word' id='word_1_343' title='bbox 1717 1311 1836 1353; x_wconf 81' lang='lat' dir='ltr'>dicam,</span> <span class='ocrx_word' id='word_1_344' title='bbox 1859 1314 1950 1347; x_wconf 71' lang='lat' dir='ltr'>reniu-</span> 
     </span>
    </p>
   </div>
   <div class='ocr_carea' id='block_1_19' title="bbox 169 1349 1056 3244">
    <p class='ocr_par' dir='ltr' id='par_1_19' title="bbox 169 1349 1050 2416">
     <span class='ocr_line' id='line_1_45' title="bbox 175 1349 1044 1394; baseline -0.008 -8"><span class='ocrx_word' id='word_1_345' title='bbox 175 1353 226 1386; x_wconf 73' lang='lat' dir='ltr'>lus</span> <span class='ocrx_word' id='word_1_346' title='bbox 242 1355 274 1386; x_wconf 90' lang='lat' dir='ltr'>in</span> <span class='ocrx_word' id='word_1_347' title='bbox 297 1355 318 1386; x_wconf 89' lang='lat' dir='ltr'>l.</span> <span class='ocrx_word' id='word_1_348' title='bbox 335 1363 384 1394; x_wconf 83' lang='lat'>71.</span> <span class='ocrx_word' id='word_1_349' title='bbox 403 1354 443 1393; x_wconf 78' lang='lat' dir='ltr'>ff.</span> <span class='ocrx_word' id='word_1_350' title='bbox 467 1355 502 1384; x_wconf 77' lang='lat' dir='ltr'>cie</span> <span class='ocrx_word' id='word_1_351' title='bbox 519 1353 638 1385; x_wconf 81' lang='lat' dir='ltr'>Haered.</span> <span class='ocrx_word' id='word_1_352' title='bbox 654 1351 747 1393; x_wconf 78' lang='lat' dir='ltr'>instit.</span> <span class='ocrx_word' id='word_1_353' title='bbox 772 1352 803 1383; x_wconf 90' lang='lat' dir='ltr'>in</span> <span class='ocrx_word' id='word_1_354' title='bbox 822 1352 870 1382; x_wconf 87' lang='lat' dir='ltr'>his</span> <span class='ocrx_word' id='word_1_355' title='bbox 886 1349 969 1381; x_wconf 91' lang='lat' dir='ltr'>enim</span> <span class='ocrx_word' id='word_1_356' title='bbox 986 1349 1044 1380; x_wconf 87' lang='lat' dir='ltr'>Le-</span> 
     </span>
     <span class='ocr_line' id='line_1_46' title="bbox 174 1392 1044 1463; baseline -0.005 -38"><span class='ocrx_word' id='word_1_357' title='bbox 174 1394 268 1435; x_wconf 85' lang='lat' dir='ltr'>gibus</span> <span class='ocrx_word' id='word_1_358' title='bbox 296 1394 340 1426; x_wconf 89' lang='lat' dir='ltr'>est</span> <span class='ocrx_word' id='word_1_359' title='bbox 366 1395 454 1433; x_wconf 83' lang='lat' dir='ltr'>hujus</span> <span class='ocrx_word' id='word_1_360' title='bbox 482 1395 656 1435; x_wconf 82' lang='lat' dir='ltr'>argumenti</span> <span class='ocrx_word' id='word_1_361' title='bbox 684 1393 788 1431; x_wconf 87' lang='lat' dir='ltr'>sedes,</span> <span class='ocrx_word' id='word_1_362' title='bbox 812 1392 950 1432; x_wconf 82' lang='lat' dir='ltr'>reliqua,</span> <span class='ocrx_word' id='word_1_363' title='bbox 975 1400 1044 1463; x_wconf 55' lang='lat' dir='ltr'>qluae</span> 
     </span>
     <span class='ocr_line' id='line_1_47' title="bbox 173 1432 1044 1478; baseline -0.005 -12"><span class='ocrx_word' id='word_1_364' title='bbox 173 1436 218 1466; x_wconf 82' lang='lat' dir='ltr'>ibi</span> <span class='ocrx_word' id='word_1_365' title='bbox 240 1446 303 1467; x_wconf 89' lang='lat' dir='ltr'>non</span> <span class='ocrx_word' id='word_1_366' title='bbox 321 1435 412 1472; x_wconf 89' lang='lat' dir='ltr'>sunt,</span> <span class='ocrx_word' id='word_1_367' title='bbox 434 1433 531 1466; x_wconf 86' lang='lat' dir='ltr'>facile</span> <span class='ocrx_word' id='word_1_368' title='bbox 549 1434 773 1476; x_wconf 81' lang='lat' dir='ltr'>applicabimus</span> <span class='ocrx_word' id='word_1_369' title='bbox 792 1432 848 1465; x_wconf 92' lang='lat' dir='ltr'>suo</span> <span class='ocrx_word' id='word_1_370' title='bbox 870 1433 973 1478; x_wconf 37' lang='lat' dir='ltr'>loco..</span> <span class='ocrx_word' id='word_1_371' title='bbox 1016 1441 1044 1462; x_wconf 89' lang='lat' dir='ltr'>a·</span> 
     </span>
     <span class='ocr_line' id='line_1_48' title="bbox 175 1472 1043 1517; baseline -0.005 -10"><span class='ocrx_word' id='word_1_372' title='bbox 175 1477 321 1517; x_wconf 85' lang='lat' dir='ltr'>pinianus</span> <span class='ocrx_word' id='word_1_373' title='bbox 334 1483 459 1514; x_wconf 88' lang='lat' dir='ltr'>autem,</span> <span class='ocrx_word' id='word_1_374' title='bbox 482 1477 601 1517; x_wconf 85' lang='lat' dir='ltr'>peritus</span> <span class='ocrx_word' id='word_1_375' title='bbox 615 1475 782 1508; x_wconf 90' lang='lat' dir='ltr'>definiendi</span> <span class='ocrx_word' id='word_1_376' title='bbox 798 1472 934 1511; x_wconf 77' lang='lat' dir='ltr'>artifex,</span> <span class='ocrx_word' id='word_1_377' title='bbox 965 1483 996 1504; x_wconf 89' lang='grc'>111</span> <span class='ocrx_word' id='word_1_378' title='bbox 1013 1473 1043 1504; x_wconf 85' lang='lat' dir='ltr'>d.</span> 
     </span>
     <span class='ocr_line' id='line_1_49' title="bbox 175 1514 1045 1559; baseline -0.003 -11"><span class='ocrx_word' id='word_1_379' title='bbox 175 1518 198 1549; x_wconf 85' lang='lat' dir='ltr'>l.</span> <span class='ocrx_word' id='word_1_380' title='bbox 214 1527 263 1559; x_wconf 85' lang='lat'>70.</span> <span class='ocrx_word' id='word_1_381' title='bbox 287 1527 328 1549; x_wconf 87' lang='lat' dir='ltr'>ex</span> <span class='ocrx_word' id='word_1_382' title='bbox 344 1526 450 1557; x_wconf 89' lang='lat' dir='ltr'>more,</span> <span class='ocrx_word' id='word_1_383' title='bbox 477 1525 545 1549; x_wconf 87' lang='lat' dir='ltr'>tum</span> <span class='ocrx_word' id='word_1_384' title='bbox 563 1516 697 1556; x_wconf 88' lang='lat' dir='ltr'>nostris,</span> <span class='ocrx_word' id='word_1_385' title='bbox 724 1524 791 1548; x_wconf 90' lang='lat' dir='ltr'>tum</span> <span class='ocrx_word' id='word_1_386' title='bbox 815 1515 883 1547; x_wconf 86' lang='lat' dir='ltr'>aliis</span> <span class='ocrx_word' id='word_1_387' title='bbox 900 1514 1045 1546; x_wconf 66' lang='lat' dir='ltr'>Autron-</span> 
     </span>
     <span class='ocr_line' id='line_1_50' title="bbox 173 1555 1045 1600; baseline -0.005 -11"><span class='ocrx_word' id='word_1_388' title='bbox 173 1558 233 1591; x_wconf 87' lang='lat' dir='ltr'>bus</span> <span class='ocrx_word' id='word_1_389' title='bbox 250 1558 382 1597; x_wconf 80' lang='lat' dir='ltr'>ufitato,</span> <span class='ocrx_word' id='word_1_390' title='bbox 413 1559 549 1599; x_wconf 88' lang='lat' dir='ltr'>primum</span> <span class='ocrx_word' id='word_1_391' title='bbox 573 1559 728 1600; x_wconf 80' lang='lat' dir='ltr'>exponit,</span> <span class='ocrx_word' id='word_1_392' title='bbox 752 1567 821 1599; x_wconf 85' lang='lat' dir='ltr'>quae</span> <span class='ocrx_word' id='word_1_393' title='bbox 839 1566 903 1588; x_wconf 92' lang='lat' dir='ltr'>non</span> <span class='ocrx_word' id='word_1_394' title='bbox 921 1555 979 1588; x_wconf 86' lang='lat' dir='ltr'>fint</span> <span class='ocrx_word' id='word_1_395' title='bbox 998 1564 1045 1586; x_wconf 81' lang='lat' dir='ltr'>ca-</span> 
     </span>
     <span class='ocr_line' id='line_1_51' title="bbox 169 1598 1043 1642; baseline -0.006 -10"><span class='ocrx_word' id='word_1_396' title='bbox 169 1602 307 1642; x_wconf 73' lang='lat' dir='ltr'>Ptatorice</span> <span class='ocrx_word' id='word_1_397' title='bbox 326 1599 523 1641; x_wconf 80' lang='lat' dir='ltr'>institutiones</span> <span class='ocrx_word' id='word_1_398' title='bbox 540 1623 552 1638; x_wconf 85' lang='lat'>,</span> <span class='ocrx_word' id='word_1_399' title='bbox 580 1600 712 1638; x_wconf 86' lang='lat' dir='ltr'>deinde,</span> <span class='ocrx_word' id='word_1_400' title='bbox 736 1609 804 1640; x_wconf 87' lang='lat' dir='ltr'>quae</span> <span class='ocrx_word' id='word_1_401' title='bbox 820 1598 890 1630; x_wconf 88' lang='lat' dir='ltr'>fint.</span> <span class='ocrx_word' id='word_1_402' title='bbox 938 1598 1043 1637; x_wconf 84' lang='lat' dir='ltr'>Capta-</span> 
     </span>
     <span class='ocr_line' id='line_1_52' title="bbox 174 1639 1044 1683; baseline -0.006 -10"><span class='ocrx_word' id='word_1_403' title='bbox 174 1644 267 1673; x_wconf 83' lang='lat' dir='ltr'>torias</span> <span class='ocrx_word' id='word_1_404' title='bbox 285 1665 296 1681; x_wconf 84' lang='grc'>,</span> <span class='ocrx_word' id='word_1_405' title='bbox 326 1642 430 1683; x_wconf 86' lang='lat' dir='ltr'>inquit</span> <span class='ocrx_word' id='word_1_406' title='bbox 449 1666 458 1681; x_wconf 92' lang='lat'>‚</span> <span class='ocrx_word' id='word_1_407' title='bbox 490 1641 685 1683; x_wconf 69' lang='lat' dir='ltr'>institutiones</span> <span class='ocrx_word' id='word_1_408' title='bbox 705 1650 762 1671; x_wconf 83' lang='lat' dir='ltr'>non</span> <span class='ocrx_word' id='word_1_409' title='bbox 784 1650 832 1671; x_wconf 82' lang='lat' dir='ltr'>eas</span> <span class='ocrx_word' id='word_1_410' title='bbox 849 1639 976 1670; x_wconf 68' lang='lat' dir='ltr'>Senatus</span> <span class='ocrx_word' id='word_1_411' title='bbox 990 1639 1044 1668; x_wconf 86' lang='lat' dir='ltr'>im-</span> 
     </span>
     <span class='ocr_line' id='line_1_53' title="bbox 171 1681 1041 1725; baseline -0.007 -10"><span class='ocrx_word' id='word_1_412' title='bbox 171 1685 333 1725; x_wconf 77' lang='lat' dir='ltr'>probavit,</span> <span class='ocrx_word' id='word_1_413' title='bbox 355 1693 415 1725; x_wconf 70' lang='lat' dir='ltr'>qnae</span> <span class='ocrx_word' id='word_1_414' title='bbox 431 1686 537 1714; x_wconf 81' lang='lat' dir='ltr'>mutuis</span> <span class='ocrx_word' id='word_1_415' title='bbox 559 1683 760 1725; x_wconf 62' lang='lat' dir='ltr'>affectionibus</span> <span class='ocrx_word' id='word_1_416' title='bbox 772 1681 888 1724; x_wconf 83' lang='lat' dir='ltr'>judicia</span> <span class='ocrx_word' id='word_1_417' title='bbox 902 1686 1041 1720; x_wconf 80' lang='lat' dir='ltr'>provoca-</span> 
     </span>
     <span class='ocr_line' id='line_1_54' title="bbox 175 1721 1044 1766; baseline -0.007 -10"><span class='ocrx_word' id='word_1_418' title='bbox 175 1731 306 1763; x_wconf 81' lang='lat' dir='ltr'>verunt,</span> <span class='ocrx_word' id='word_1_419' title='bbox 326 1724 381 1766; x_wconf 84' lang='lat' dir='ltr'>sed</span> <span class='ocrx_word' id='word_1_420' title='bbox 403 1734 525 1766; x_wconf 79' lang='lat' dir='ltr'>quarum</span> <span class='ocrx_word' id='word_1_421' title='bbox 546 1725 671 1756; x_wconf 82' lang='lat' dir='ltr'>conditio</span> <span class='ocrx_word' id='word_1_422' title='bbox 688 1723 838 1763; x_wconf 79' lang='lat' dir='ltr'>confertur</span> <span class='ocrx_word' id='word_1_423' title='bbox 854 1721 1044 1767; x_wconf 78' lang='lat' dir='ltr'>adsecret&#39;nnz</span> 
     </span>
     <span class='ocr_line' id='line_1_55' title="bbox 175 1765 1045 1806; baseline -0.007 -8"><span class='ocrx_word' id='word_1_424' title='bbox 175 1767 279 1799; x_wconf 84' lang='lat' dir='ltr'>alienae</span> <span class='ocrx_word' id='word_1_425' title='bbox 303 1766 474 1797; x_wconf 82' lang='lat' dir='ltr'>voluntatis.</span> <span class='ocrx_word' id='word_1_426' title='bbox 520 1765 571 1797; x_wconf 90' lang='lat' dir='ltr'>De</span> <span class='ocrx_word' id='word_1_427' title='bbox 595 1766 694 1806; x_wconf 86' lang='lat' dir='ltr'>prima</span> <span class='ocrx_word' id='word_1_428' title='bbox 724 1772 812 1805; x_wconf 89' lang='lat' dir='ltr'>parte</span> <span class='ocrx_word' id='word_1_429' title='bbox 844 1771 980 1804; x_wconf 82' lang='lat' dir='ltr'>prunum</span> <span class='ocrx_word' id='word_1_430' title='bbox 999 1771 1045 1792; x_wconf 80' lang='lat' dir='ltr'>vr-</span> 
     </span>
     <span class='ocr_line' id='line_1_56' title="bbox 176 1803 1046 1848; baseline -0.007 -9"><span class='ocrx_word' id='word_1_431' title='bbox 176 1808 313 1840; x_wconf 84' lang='lat' dir='ltr'>deamus.</span> <span class='ocrx_word' id='word_1_432' title='bbox 369 1807 424 1839; x_wconf 86' lang='lat' dir='ltr'>Ait</span> <span class='ocrx_word' id='word_1_433' title='bbox 445 1831 455 1846; x_wconf 93' lang='lat'>,</span> <span class='ocrx_word' id='word_1_434' title='bbox 489 1807 671 1848; x_wconf 77' lang='lat' dir='ltr'>Captatorias</span> <span class='ocrx_word' id='word_1_435' title='bbox 703 1803 898 1847; x_wconf 79' lang='lat' dir='ltr'>institutiones</span> <span class='ocrx_word' id='word_1_436' title='bbox 919 1813 976 1834; x_wconf 89' lang='lat' dir='ltr'>non</span> <span class='ocrx_word' id='word_1_437' title='bbox 998 1812 1046 1833; x_wconf 79' lang='lat' dir='ltr'>eas</span> 
     </span>
     <span class='ocr_line' id='line_1_57' title="bbox 179 1844 1046 1889; baseline -0.007 -8"><span class='ocrx_word' id='word_1_438' title='bbox 179 1851 306 1881; x_wconf 75' lang='lat' dir='ltr'>Senatus</span> <span class='ocrx_word' id='word_1_439' title='bbox 321 1849 505 1889; x_wconf 83' lang='lat' dir='ltr'>improbavit.</span> <span class='ocrx_word' id='word_1_440' title='bbox 531 1848 594 1884; x_wconf 57' lang='lat' dir='ltr'>&amp;a</span> <span class='ocrx_word' id='word_1_441' title='bbox 638 1848 711 1880; x_wconf 87' lang='lat' dir='ltr'>Sine</span> <span class='ocrx_word' id='word_1_442' title='bbox 735 1846 800 1878; x_wconf 84' lang='lat' dir='ltr'>ulla</span> <span class='ocrx_word' id='word_1_443' title='bbox 821 1844 1046 1889; x_wconf 66' lang='lat' dir='ltr'>interpunetio-</span> 
     </span>
     <span class='ocr_line' id='line_1_58' title="bbox 178 1885 1045 1932; baseline -0.007 -10"><span class='ocrx_word' id='word_1_444' title='bbox 178 1901 219 1924; x_wconf 81' lang='lat' dir='ltr'>rie</span> <span class='ocrx_word' id='word_1_445' title='bbox 238 1891 308 1922; x_wconf 83' lang='lat' dir='ltr'>haee</span> <span class='ocrx_word' id='word_1_446' title='bbox 324 1890 473 1932; x_wconf 82' lang='lat' dir='ltr'>leguntur</span> <span class='ocrx_word' id='word_1_447' title='bbox 487 1890 519 1921; x_wconf 90' lang='lat' dir='ltr'>in</span> <span class='ocrx_word' id='word_1_448' title='bbox 535 1889 701 1927; x_wconf 81' lang='lat' dir='ltr'>omnibus,</span> <span class='ocrx_word' id='word_1_449' title='bbox 724 1897 802 1928; x_wconf 89' lang='lat' dir='ltr'>quos</span> <span class='ocrx_word' id='word_1_450' title='bbox 820 1886 906 1932; x_wconf 76' lang='lat' dir='ltr'>vidi,</span> <span class='ocrx_word' id='word_1_451' title='bbox 932 1885 1045 1932; x_wconf 70' lang='lat' dir='ltr'>Libris:</span> 
     </span>
     <span class='ocr_line' id='line_1_59' title="bbox 177 1927 1046 1974; baseline -0.007 -11"><span class='ocrx_word' id='word_1_452' title='bbox 177 1932 291 1964; x_wconf 86' lang='lat' dir='ltr'>dubito</span> <span class='ocrx_word' id='word_1_453' title='bbox 306 1939 431 1969; x_wconf 88' lang='lat' dir='ltr'>tamen,</span> <span class='ocrx_word' id='word_1_454' title='bbox 463 1940 501 1962; x_wconf 89' lang='lat' dir='ltr'>an</span> <span class='ocrx_word' id='word_1_455' title='bbox 526 1931 608 1963; x_wconf 69' lang='lat' dir='ltr'>recte</span> <span class='ocrx_word' id='word_1_456' title='bbox 620 1953 631 1969; x_wconf 91' lang='lat'>,</span> <span class='ocrx_word' id='word_1_457' title='bbox 655 1938 751 1972; x_wconf 88' lang='lat' dir='ltr'>quum</span> <span class='ocrx_word' id='word_1_458' title='bbox 769 1929 812 1960; x_wconf 85' lang='lat' dir='ltr'>ita</span> <span class='ocrx_word' id='word_1_459' title='bbox 833 1927 1022 1974; x_wconf 69' lang='lat' dir='ltr'>Papimanus</span> <span class='ocrx_word' id='word_1_460' title='bbox 1036 1949 1046 1965; x_wconf 90' lang='lat'>,</span> 
     </span>
     <span class='ocr_line' id='line_1_60' title="bbox 177 1969 1047 2013; baseline -0.008 -8"><span class='ocrx_word' id='word_1_461' title='bbox 177 1982 217 2005; x_wconf 85' lang='lat' dir='ltr'>ut</span> <span class='ocrx_word' id='word_1_462' title='bbox 246 1974 278 2005; x_wconf 89' lang='lat' dir='ltr'>in</span> <span class='ocrx_word' id='word_1_463' title='bbox 301 1972 427 2005; x_wconf 88' lang='lat' dir='ltr'>Scholis</span> <span class='ocrx_word' id='word_1_464' title='bbox 457 1972 656 2013; x_wconf 83' lang='lat' dir='ltr'>loquuntur,</span> <span class='ocrx_word' id='word_1_465' title='bbox 687 1970 742 2003; x_wconf 88' lang='lat' dir='ltr'>fibi</span> <span class='ocrx_word' id='word_1_466' title='bbox 768 1969 1000 2000; x_wconf 83' lang='lat' dir='ltr'>contradiceret</span> <span class='ocrx_word' id='word_1_467' title='bbox 1015 1977 1047 1998; x_wconf 89' lang='grc'>111</span> 
     </span>
     <span class='ocr_line' id='line_1_61' title="bbox 180 2008 1048 2054; baseline -0.009 -7"><span class='ocrx_word' id='word_1_468' title='bbox 180 2015 302 2054; x_wconf 62' lang='lat' dir='ltr'>adjecto</span> <span class='ocrx_word' id='word_1_469' title='bbox 321 2037 331 2053; x_wconf 87' lang='lat'>,</span> <span class='ocrx_word' id='word_1_470' title='bbox 364 2021 496 2047; x_wconf 82' lang='lat' dir='ltr'>vocaret</span> <span class='ocrx_word' id='word_1_471' title='bbox 519 2014 603 2045; x_wconf 88' lang='lat' dir='ltr'>enim</span> <span class='ocrx_word' id='word_1_472' title='bbox 629 2012 806 2053; x_wconf 70' lang='lat' dir='ltr'>caPtatorias</span> <span class='ocrx_word' id='word_1_473' title='bbox 822 2008 1018 2050; x_wconf 79' lang='lat' dir='ltr'>institutiones</span> <span class='ocrx_word' id='word_1_474' title='bbox 1035 2031 1048 2047; x_wconf 88' lang='lat'>,</span> 
     </span>
     <span class='ocr_line' id='line_1_62' title="bbox 181 2051 1047 2097; baseline -0.007 -10"><span class='ocrx_word' id='word_1_475' title='bbox 181 2065 257 2097; x_wconf 86' lang='lat' dir='ltr'>quas</span> <span class='ocrx_word' id='word_1_476' title='bbox 283 2064 359 2086; x_wconf 84' lang='lat' dir='ltr'>mox</span> <span class='ocrx_word' id='word_1_477' title='bbox 390 2055 434 2087; x_wconf 88' lang='lat' dir='ltr'>ait</span> <span class='ocrx_word' id='word_1_478' title='bbox 465 2054 613 2085; x_wconf 82' lang='lat' dir='ltr'>Senatum</span> <span class='ocrx_word' id='word_1_479' title='bbox 639 2063 696 2084; x_wconf 87' lang='lat' dir='ltr'>non</span> <span class='ocrx_word' id='word_1_480' title='bbox 718 2051 893 2092; x_wconf 78' lang='lat' dir='ltr'>improbaffe.</span> <span class='ocrx_word' id='word_1_481' title='bbox 935 2051 985 2082; x_wconf 88' lang='lat' dir='ltr'>An</span> <span class='ocrx_word' id='word_1_482' title='bbox 1002 2060 1047 2081; x_wconf 87' lang='lat' dir='ltr'>ca-</span> 
     </span>
     <span class='ocr_line' id='line_1_63' title="bbox 174 2090 1045 2138; baseline -0.007 -10"><span class='ocrx_word' id='word_1_483' title='bbox 174 2098 312 2138; x_wconf 82' lang='lat' dir='ltr'>ptatoriae</span> <span class='ocrx_word' id='word_1_484' title='bbox 342 2104 456 2127; x_wconf 89' lang='lat' dir='ltr'>vocem</span> <span class='ocrx_word' id='word_1_485' title='bbox 480 2094 650 2136; x_wconf 84' lang='lat' dir='ltr'>improprie</span> <span class='ocrx_word' id='word_1_486' title='bbox 676 2092 871 2134; x_wconf 77' lang='lat' dir='ltr'>usurpavit?</span> <span class='ocrx_word' id='word_1_487' title='bbox 903 2100 941 2123; x_wconf 88' lang='lat' dir='ltr'>an</span> <span class='ocrx_word' id='word_1_488' title='bbox 959 2091 996 2122; x_wconf 85' lang='lat' dir='ltr'>ad</span> <span class='ocrx_word' id='word_1_489' title='bbox 1011 2090 1045 2122; x_wconf 87' lang='lat' dir='ltr'>fi-</span> 
     </span>
     <span class='ocr_line' id='line_1_64' title="bbox 179 2131 1047 2179; baseline -0.007 -11"><span class='ocrx_word' id='word_1_490' title='bbox 179 2147 290 2179; x_wconf 79' lang='lat' dir='ltr'>guram</span> <span class='ocrx_word' id='word_1_491' title='bbox 318 2135 524 2174; x_wconf 79' lang='lat' dir='ltr'>Rhetorices,</span> <span class='ocrx_word' id='word_1_492' title='bbox 561 2135 666 2167; x_wconf 88' lang='lat' dir='ltr'>nescio</span> <span class='ocrx_word' id='word_1_493' title='bbox 683 2143 794 2175; x_wconf 84' lang='lat' dir='ltr'>quam,</span> <span class='ocrx_word' id='word_1_494' title='bbox 818 2141 1012 2164; x_wconf 77' lang='lat' dir='ltr'>recurremus</span> <span class='ocrx_word' id='word_1_495' title='bbox 1029 2131 1047 2163; x_wconf 70' lang='grc' dir='ltr'>ἱ)</span> 
     </span>
     <span class='ocr_line' id='line_1_65' title="bbox 180 2173 1048 2218; baseline -0.009 -7"><span class='ocrx_word' id='word_1_496' title='bbox 180 2187 327 2211; x_wconf 84' lang='lat' dir='ltr'>neutrum</span> <span class='ocrx_word' id='word_1_497' title='bbox 347 2177 449 2218; x_wconf 86' lang='lat' dir='ltr'>placet</span> <span class='ocrx_word' id='word_1_498' title='bbox 466 2200 475 2215; x_wconf 87' lang='lat'>,</span> <span class='ocrx_word' id='word_1_499' title='bbox 501 2186 561 2218; x_wconf 83' lang='lat' dir='ltr'>ego</span> <span class='ocrx_word' id='word_1_500' title='bbox 576 2176 683 2217; x_wconf 86' lang='lat' dir='ltr'>potius</span> <span class='ocrx_word' id='word_1_501' title='bbox 699 2176 739 2207; x_wconf 87' lang='lat' dir='ltr'>fic</span> <span class='ocrx_word' id='word_1_502' title='bbox 759 2175 968 2215; x_wconf 81' lang='lat' dir='ltr'>interpungo:</span> <span class='ocrx_word' id='word_1_503' title='bbox 996 2173 1048 2204; x_wconf 87' lang='lat' dir='ltr'>Ca-</span> 
     </span>
     <span class='ocr_line' id='line_1_66' title="bbox 176 2214 1049 2261; baseline -0.007 -11"><span class='ocrx_word' id='word_1_504' title='bbox 176 2221 324 2261; x_wconf 77' lang='lat' dir='ltr'>ptatorias</span> <span class='ocrx_word' id='word_1_505' title='bbox 342 2215 558 2258; x_wconf 63' lang='lat' dir='ltr'>institutiones,</span> <span class='ocrx_word' id='word_1_506' title='bbox 580 2227 637 2248; x_wconf 84' lang='lat' dir='ltr'>non</span> <span class='ocrx_word' id='word_1_507' title='bbox 655 2227 702 2248; x_wconf 80' lang='lat' dir='ltr'>eas</span> <span class='ocrx_word' id='word_1_508' title='bbox 720 2217 844 2248; x_wconf 80' lang='lat' dir='ltr'>Senatus</span> <span class='ocrx_word' id='word_1_509' title='bbox 873 2214 1049 2260; x_wconf 56' lang='lat' dir='ltr'>improbavit</span> 
     </span>
     <span class='ocr_line' id='line_1_67' title="bbox 183 2257 1048 2297; baseline -0.006 -6"><span class='ocrx_word' id='word_1_510' title='bbox 183 2261 247 2296; x_wconf 60' lang='grc' dir='ltr'><strong>δέ.</strong></span> <span class='ocrx_word' id='word_1_511' title='bbox 277 2267 313 2291; x_wconf 89' lang='lat' dir='ltr'>ut</span> <span class='ocrx_word' id='word_1_512' title='bbox 334 2259 475 2290; x_wconf 86' lang='lat' dir='ltr'>dixerit:</span> <span class='ocrx_word' id='word_1_513' title='bbox 510 2257 749 2297; x_wconf 83' lang='lat' dir='ltr'>Institutiones,</span> <span class='ocrx_word' id='word_1_514' title='bbox 773 2266 843 2297; x_wconf 62' lang='lat' dir='ltr'>quse</span> <span class='ocrx_word' id='word_1_515' title='bbox 863 2264 1048 2297; x_wconf 81' lang='lat' dir='ltr'>captatoriae</span> 
     </span>
     <span class='ocr_line' id='line_1_68' title="bbox 182 2300 1050 2340; baseline -0.007 -7"><span class='ocrx_word' id='word_1_516' title='bbox 182 2302 279 2340; x_wconf 77' lang='lat' dir='ltr'>sunt,</span> <span class='ocrx_word' id='word_1_517' title='bbox 313 2300 444 2332; x_wconf 85' lang='lat' dir='ltr'>Senatus</span> <span class='ocrx_word' id='word_1_518' title='bbox 470 2300 688 2340; x_wconf 84' lang='lat' dir='ltr'>improbavit,</span> <span class='ocrx_word' id='word_1_519' title='bbox 722 2308 787 2330; x_wconf 90' lang='lat' dir='ltr'>non</span> <span class='ocrx_word' id='word_1_520' title='bbox 814 2307 864 2328; x_wconf 85' lang='lat' dir='ltr'>eas</span> <span class='ocrx_word' id='word_1_521' title='bbox 880 2321 889 2335; x_wconf 87' lang='lat'>,</span> <span class='ocrx_word' id='word_1_522' title='bbox 915 2306 985 2337; x_wconf 79' lang='lat' dir='ltr'>quae</span> <span class='ocrx_word' id='word_1_523' title='bbox 1009 2306 1050 2327; x_wconf 87' lang='lat' dir='ltr'>ex</span> 
     </span>
     <span class='ocr_line' id='line_1_69' title="bbox 181 2339 1049 2383; baseline -0.007 -8"><span class='ocrx_word' id='word_1_524' title='bbox 181 2352 293 2375; x_wconf 83' lang='lat' dir='ltr'>mutua</span> <span class='ocrx_word' id='word_1_525' title='bbox 320 2342 484 2383; x_wconf 86' lang='lat' dir='ltr'>utriusque</span> <span class='ocrx_word' id='word_1_526' title='bbox 509 2340 666 2373; x_wconf 83' lang='lat' dir='ltr'>testatoris</span> <span class='ocrx_word' id='word_1_527' title='bbox 690 2339 911 2373; x_wconf 75' lang='lat' dir='ltr'>benevolentia</span> <span class='ocrx_word' id='word_1_528' title='bbox 936 2347 1049 2379; x_wconf 86' lang='lat' dir='ltr'>prove-</span> 
     </span>
     <span class='ocr_line' id='line_1_70' title="bbox 184 2392 288 2416; baseline -0.01 0"><span class='ocrx_word' id='word_1_529' title='bbox 184 2392 288 2416; x_wconf 83' lang='lat' dir='ltr'>munt.</span> 
     </span>
    </p>

    <p class='ocr_par' dir='ltr' id='par_1_20' title="bbox 184 2421 1055 2792">
     <span class='ocr_line' id='line_1_71' title="bbox 228 2421 1051 2467; baseline -0.005 -11"><span class='ocrx_word' id='word_1_530' title='bbox 228 2425 304 2463; x_wconf 83' lang='lat' dir='ltr'>Ait,</span> <span class='ocrx_word' id='word_1_531' title='bbox 334 2427 441 2456; x_wconf 72' lang='lat' dir='ltr'>mutuis·</span> <span class='ocrx_word' id='word_1_532' title='bbox 462 2423 663 2465; x_wconf 56' lang='lat' dir='ltr'>affestionibns</span> <span class='ocrx_word' id='word_1_533' title='bbox 683 2448 693 2464; x_wconf 88' lang='lat'>,</span> <span class='ocrx_word' id='word_1_534' title='bbox 717 2423 780 2454; x_wconf 90' lang='lat' dir='ltr'>hoc</span> <span class='ocrx_word' id='word_1_535' title='bbox 798 2421 864 2461; x_wconf 92' lang='lat' dir='ltr'>est,</span> <span class='ocrx_word' id='word_1_536' title='bbox 889 2421 1051 2467; x_wconf 74' lang='lat' dir='ltr'>reciproca</span> 
     </span>
     <span class='ocr_line' id='line_1_72' title="bbox 184 2462 1052 2506; baseline -0.006 -8"><span class='ocrx_word' id='word_1_537' title='bbox 184 2466 341 2503; x_wconf 83' lang='lat' dir='ltr'>amicitia,</span> <span class='ocrx_word' id='word_1_538' title='bbox 367 2466 397 2497; x_wconf 73' lang='grc' dir='ltr'>ὅ(</span> <span class='ocrx_word' id='word_1_539' title='bbox 411 2474 501 2506; x_wconf 80' lang='lat' dir='ltr'>grato</span> <span class='ocrx_word' id='word_1_540' title='bbox 520 2466 683 2506; x_wconf 87' lang='lat' dir='ltr'>utriusque</span> <span class='ocrx_word' id='word_1_541' title='bbox 700 2465 797 2506; x_wconf 85' lang='lat' dir='ltr'>partis</span> <span class='ocrx_word' id='word_1_542' title='bbox 813 2465 928 2495; x_wconf 88' lang='lat' dir='ltr'>animo.</span> <span class='ocrx_word' id='word_1_543' title='bbox 974 2462 1052 2494; x_wconf 84' lang='lat' dir='ltr'>Dio-</span> 
     </span>
     <span class='ocr_line' id='line_1_73' title="bbox 186 2504 1048 2549; baseline -0.005 -11"><span class='ocrx_word' id='word_1_544' title='bbox 186 2507 290 2549; x_wconf 76' lang='lat' dir='ltr'>nysius</span> <span class='ocrx_word' id='word_1_545' title='bbox 310 2505 530 2538; x_wconf 86' lang='lat' dir='ltr'>Gothofredus</span> <span class='ocrx_word' id='word_1_546' title='bbox 548 2507 584 2537; x_wconf 89' lang='lat' dir='ltr'>ad</span> <span class='ocrx_word' id='word_1_547' title='bbox 607 2507 635 2538; x_wconf 83' lang='lat' dir='ltr'>h.</span> <span class='ocrx_word' id='word_1_548' title='bbox 671 2507 692 2538; x_wconf 89' lang='lat' dir='ltr'>l.</span> <span class='ocrx_word' id='word_1_549' title='bbox 710 2515 760 2546; x_wconf 75' lang='lat'>70.</span> <span class='ocrx_word' id='word_1_550' title='bbox 784 2505 814 2536; x_wconf 75' lang='grc' dir='ltr'>ὅ(</span> <span class='ocrx_word' id='word_1_551' title='bbox 836 2505 873 2536; x_wconf 86' lang='lat' dir='ltr'>ad</span> <span class='ocrx_word' id='word_1_552' title='bbox 895 2504 914 2535; x_wconf 90' lang='lat' dir='ltr'>l.</span> <span class='ocrx_word' id='word_1_553' title='bbox 944 2513 992 2535; x_wconf 89' lang='grc'>11.</span> <span class='ocrx_word' id='word_1_554' title='bbox 1017 2504 1048 2535; x_wconf 90' lang='lat' dir='ltr'>C.</span> 
     </span>
     <span class='ocr_line' id='line_1_74' title="bbox 186 2546 1052 2588; baseline -0.006 -8"><span class='ocrx_word' id='word_1_555' title='bbox 186 2551 220 2580; x_wconf 77' lang='lat' dir='ltr'>cie</span> <span class='ocrx_word' id='word_1_556' title='bbox 240 2546 363 2588; x_wconf 77' lang='lat' dir='ltr'>Teftanz.</span> <span class='ocrx_word' id='word_1_557' title='bbox 389 2547 476 2578; x_wconf 80' lang='lat' dir='ltr'>milit.</span> <span class='ocrx_word' id='word_1_558' title='bbox 507 2547 628 2578; x_wconf 86' lang='lat' dir='ltr'>mavult</span> <span class='ocrx_word' id='word_1_559' title='bbox 654 2547 706 2578; x_wconf 84' lang='lat' dir='ltr'>hic</span> <span class='ocrx_word' id='word_1_560' title='bbox 722 2546 890 2579; x_wconf 85' lang='lat' dir='ltr'>rescribere</span> <span class='ocrx_word' id='word_1_561' title='bbox 913 2547 1052 2576; x_wconf 79' lang='lat' dir='ltr'>mutuatis</span> 
     </span>
     <span class='ocr_line' id='line_1_75' title="bbox 185 2586 1050 2631; baseline -0.006 -9"><span class='ocrx_word' id='word_1_562' title='bbox 185 2589 414 2631; x_wconf 62' lang='lat' dir='ltr'>affetlionibus3</span> <span class='ocrx_word' id='word_1_563' title='bbox 448 2597 556 2628; x_wconf 87' lang='lat' dir='ltr'>parum</span> <span class='ocrx_word' id='word_1_564' title='bbox 579 2587 743 2627; x_wconf 89' lang='lat' dir='ltr'>feliciter,</span> <span class='ocrx_word' id='word_1_565' title='bbox 777 2587 905 2618; x_wconf 83' lang='lat' dir='ltr'>mutuari</span> <span class='ocrx_word' id='word_1_566' title='bbox 924 2587 955 2618; x_wconf 90' lang='lat' dir='ltr'>in</span> <span class='ocrx_word' id='word_1_567' title='bbox 972 2586 1050 2626; x_wconf 72' lang='lat' dir='ltr'>eius-</span> 
     </span>
     <span class='ocr_line' id='line_1_76' title="bbox 187 2627 1053 2670; baseline -0.005 -8"><span class='ocrx_word' id='word_1_568' title='bbox 187 2630 275 2663; x_wconf 82' lang='lat' dir='ltr'>modi</span> <span class='ocrx_word' id='word_1_569' title='bbox 298 2629 402 2670; x_wconf 87' lang='lat' dir='ltr'>specie</span> <span class='ocrx_word' id='word_1_570' title='bbox 428 2628 496 2660; x_wconf 88' lang='lat' dir='ltr'>fere</span> <span class='ocrx_word' id='word_1_571' title='bbox 511 2629 542 2660; x_wconf 91' lang='lat' dir='ltr'>in</span> <span class='ocrx_word' id='word_1_572' title='bbox 561 2629 673 2660; x_wconf 84' lang='lat' dir='ltr'>malam</span> <span class='ocrx_word' id='word_1_573' title='bbox 699 2636 819 2669; x_wconf 83' lang='lat' dir='ltr'>partem</span> <span class='ocrx_word' id='word_1_574' title='bbox 839 2627 992 2667; x_wconf 88' lang='lat' dir='ltr'>sumitur,</span> <span class='ocrx_word' id='word_1_575' title='bbox 1017 2635 1053 2658; x_wconf 89' lang='lat' dir='ltr'>ut</span> 
     </span>
     <span class='ocr_line' id='line_1_77' title="bbox 188 2667 1054 2711; baseline -0.006 -7"><span class='ocrx_word' id='word_1_576' title='bbox 188 2672 222 2704; x_wconf 81' lang='lat' dir='ltr'>in</span> <span class='ocrx_word' id='word_1_577' title='bbox 246 2672 266 2704; x_wconf 92' lang='lat' dir='ltr'>l.</span> <span class='ocrx_word' id='word_1_578' title='bbox 284 2667 318 2703; x_wconf 47' lang='lat'>¹1.</span> <span class='ocrx_word' id='word_1_579' title='bbox 338 2670 377 2711; x_wconf 92' lang='lat' dir='ltr'>ff.</span> <span class='ocrx_word' id='word_1_580' title='bbox 399 2671 432 2701; x_wconf 83' lang='lat' dir='ltr'>de</span> <span class='ocrx_word' id='word_1_581' title='bbox 453 2669 566 2701; x_wconf 84' lang='lat' dir='ltr'>Donat.</span> <span class='ocrx_word' id='word_1_582' title='bbox 588 2671 668 2700; x_wconf 84' lang='lat' dir='ltr'>inter</span> <span class='ocrx_word' id='word_1_583' title='bbox 694 2670 735 2701; x_wconf 91' lang='lat' dir='ltr'>V.</span> <span class='ocrx_word' id='word_1_584' title='bbox 756 2669 791 2704; x_wconf 78' lang='lat'>&amp;³</span> <span class='ocrx_word' id='word_1_585' title='bbox 814 2669 854 2700; x_wconf 92' lang='lat' dir='ltr'>U.</span> <span class='ocrx_word' id='word_1_586' title='bbox 877 2673 1006 2700; x_wconf 76' lang='lat' dir='ltr'>mutuato</span> <span class='ocrx_word' id='word_1_587' title='bbox 1024 2678 1054 2699; x_wconf 84' lang='grc' dir='ltr'>α-</span> 
     </span>
     <span class='ocr_line' id='line_1_78' title="bbox 188 2709 1055 2751; baseline -0.006 -7"><span class='ocrx_word' id='word_1_588' title='bbox 188 2723 263 2744; x_wconf 84' lang='lat' dir='ltr'>more</span> <span class='ocrx_word' id='word_1_589' title='bbox 275 2735 287 2751; x_wconf 88' lang='lat'>,</span> <span class='ocrx_word' id='word_1_590' title='bbox 310 2711 340 2743; x_wconf 93' lang='lat' dir='ltr'>id</span> <span class='ocrx_word' id='word_1_591' title='bbox 358 2709 577 2749; x_wconf 87' lang='lat' dir='ltr'>est,fimulato</span> <span class='ocrx_word' id='word_1_592' title='bbox 598 2710 628 2742; x_wconf 90' lang='lat'>&amp;</span> <span class='ocrx_word' id='word_1_593' title='bbox 647 2709 810 2751; x_wconf 84' lang='lat' dir='ltr'>adsumpto</span> <span class='ocrx_word' id='word_1_594' title='bbox 828 2718 1055 2749; x_wconf 84' lang='lat' dir='ltr'>amore,quem</span> 
     </span>
     <span class='ocr_line' id='line_1_79' title="bbox 188 2750 1054 2792; baseline -0.007 -6"><span class='ocrx_word' id='word_1_595' title='bbox 188 2763 253 2786; x_wconf 88' lang='lat' dir='ltr'>non</span> <span class='ocrx_word' id='word_1_596' title='bbox 269 2752 441 2790; x_wconf 84' lang='lat' dir='ltr'>habebant,</span> <span class='ocrx_word' id='word_1_597' title='bbox 465 2761 529 2783; x_wconf 88' lang='lat' dir='ltr'>non</span> <span class='ocrx_word' id='word_1_598' title='bbox 548 2757 664 2789; x_wconf 74' lang='lat' dir='ltr'>mattea,</span> <span class='ocrx_word' id='word_1_599' title='bbox 686 2761 778 2792; x_wconf 79' lang='lat' dir='ltr'>quain</span> <span class='ocrx_word' id='word_1_600' title='bbox 796 2759 910 2781; x_wconf 88' lang='lat' dir='ltr'>vocem</span> <span class='ocrx_word' id='word_1_601' title='bbox 928 2750 970 2780; x_wconf 92' lang='lat' dir='ltr'>ibi</span> <span class='ocrx_word' id='word_1_602' title='bbox 987 2759 1054 2791; x_wconf 87' lang='lat' dir='ltr'>pei·-</span> 
     </span>
    </p>

    <p class='ocr_par' dir='ltr' id='par_1_21' title="bbox 212 2791 1053 2831">
     <span class='ocr_line' id='line_1_80' title="bbox 212 2791 1053 2831; baseline -0.004 -5"><span class='ocrx_word' id='word_1_603' title='bbox 212 2804 293 2826; x_wconf 85' lang='lat' dir='ltr'>eram</span> <span class='ocrx_word' id='word_1_604' title='bbox 312 2791 470 2825; x_wconf 87' lang='lat' dir='ltr'>substituit</span> <span class='ocrx_word' id='word_1_605' title='bbox 489 2792 691 2831; x_wconf 86' lang='lat' dir='ltr'>Haloander,</span> <span class='ocrx_word' id='word_1_606' title='bbox 716 2791 767 2823; x_wconf 86' lang='lat' dir='ltr'>sed</span> <span class='ocrx_word' id='word_1_607' title='bbox 786 2800 899 2824; x_wconf 87' lang='lat' dir='ltr'>contra</span> <span class='ocrx_word' id='word_1_608' title='bbox 916 2800 1053 2823; x_wconf 86' lang='lat' dir='ltr'>mentem</span> 
     </span>
    </p>

    <p class='ocr_par' dir='ltr' id='par_1_22' title="bbox 225 2835 330 2868">
     <span class='ocr_line' id='line_1_81' title="bbox 225 2835 330 2868; baseline 0 -1"><span class='ocrx_word' id='word_1_609' title='bbox 225 2836 231 2867; x_wconf 95' lang='grc'>1</span> <span class='ocrx_word' id='word_1_610' title='bbox 258 2835 330 2868; x_wconf 88' lang='lat' dir='ltr'>iani.</span> 
     </span>
    </p>

    <p class='ocr_par' dir='ltr' id='par_1_23' title="bbox 189 2845 1056 3244">
     <span class='ocr_line' id='line_1_82' title="bbox 230 2845 1053 2918; baseline -0.002 -11"><span class='ocrx_word' id='word_1_611' title='bbox 230 2845 306 2916; x_wconf 48' lang='lat' dir='ltr'>git,</span> <span class='ocrx_word' id='word_1_612' title='bbox 326 2876 451 2918; x_wconf 82' lang='lat' dir='ltr'>judicia.</span> <span class='ocrx_word' id='word_1_613' title='bbox 497 2875 531 2907; x_wconf 92' lang='lat' dir='ltr'>Id</span> <span class='ocrx_word' id='word_1_614' title='bbox 558 2875 709 2913; x_wconf 86' lang='lat' dir='ltr'>verbum,</span> <span class='ocrx_word' id='word_1_615' title='bbox 744 2883 779 2907; x_wconf 90' lang='lat' dir='ltr'>ut</span> <span class='ocrx_word' id='word_1_616' title='bbox 796 2873 875 2916; x_wconf 88' lang='lat' dir='ltr'>saepe</span> <span class='ocrx_word' id='word_1_617' title='bbox 891 2874 984 2912; x_wconf 83' lang='lat' dir='ltr'>alias,</span> <span class='ocrx_word' id='word_1_618' title='bbox 1010 2875 1053 2906; x_wconf 85' lang='lat' dir='ltr'>ita</span> 
     </span>
     <span class='ocr_line' id='line_1_83' title="bbox 190 2914 1052 2964; baseline -0.003 -15"><span class='ocrx_word' id='word_1_619' title='bbox 190 2918 220 2949; x_wconf 72' lang='grc' dir='ltr'>ὅ(</span> <span class='ocrx_word' id='word_1_620' title='bbox 234 2918 286 2949; x_wconf 94' lang='grc'><strong>1110</strong></span> <span class='ocrx_word' id='word_1_621' title='bbox 304 2917 459 2964; x_wconf 82' lang='lat' dir='ltr'>accipitur</span> <span class='ocrx_word' id='word_1_622' title='bbox 472 2917 511 2948; x_wconf 86' lang='lat' dir='ltr'>de</span> <span class='ocrx_word' id='word_1_623' title='bbox 520 2917 666 2958; x_wconf 78' lang='lat' dir='ltr'>supremis</span> <span class='ocrx_word' id='word_1_624' title='bbox 694 2917 889 2948; x_wconf 75' lang='lat' dir='ltr'>voluntatibus</span> <span class='ocrx_word' id='word_1_625' title='bbox 908 2937 920 2953; x_wconf 95' lang='lat'>,</span> <span class='ocrx_word' id='word_1_626' title='bbox 941 2916 971 2946; x_wconf 82' lang='lat'>&amp;</span> <span class='ocrx_word' id='word_1_627' title='bbox 988 2914 1052 2946; x_wconf 85' lang='lat' dir='ltr'>sru-</span> 
     </span>
     <span class='ocr_line' id='line_1_84' title="bbox 190 2956 1053 3002; baseline -0.002 -13"><span class='ocrx_word' id='word_1_628' title='bbox 190 2957 251 2989; x_wconf 82' lang='lat' dir='ltr'>stra</span> <span class='ocrx_word' id='word_1_629' title='bbox 266 2958 318 2990; x_wconf 80' lang='lat' dir='ltr'>sim</span> <span class='ocrx_word' id='word_1_630' title='bbox 330 2981 339 2997; x_wconf 85' lang='lat'>‚</span> <span class='ocrx_word' id='word_1_631' title='bbox 364 2959 386 2989; x_wconf 89' lang='grc'>11</span> <span class='ocrx_word' id='word_1_632' title='bbox 404 2958 465 2989; x_wconf 91' lang='lat' dir='ltr'>hoc</span> <span class='ocrx_word' id='word_1_633' title='bbox 481 2958 620 2998; x_wconf 89' lang='lat' dir='ltr'>probem.</span> <span class='ocrx_word' id='word_1_634' title='bbox 667 2958 829 2999; x_wconf 86' lang='lat' dir='ltr'>Significat</span> <span class='ocrx_word' id='word_1_635' title='bbox 846 2964 953 3002; x_wconf 36' lang='lat' dir='ltr'>autem.</span> <span class='ocrx_word' id='word_1_636' title='bbox 966 2956 1053 2997; x_wconf 78' lang='lat' dir='ltr'>Pupi-</span> 
     </span>
     <span class='ocr_line' id='line_1_85' title="bbox 191 2996 1054 3040; baseline -0.002 -10"><span class='ocrx_word' id='word_1_637' title='bbox 191 2999 323 3038; x_wconf 84' lang='lat' dir='ltr'>nianus,</span> <span class='ocrx_word' id='word_1_638' title='bbox 345 3008 409 3030; x_wconf 89' lang='lat' dir='ltr'>non</span> <span class='ocrx_word' id='word_1_639' title='bbox 432 2999 618 3040; x_wconf 71' lang='lat' dir='ltr'>improbass‘e</span> <span class='ocrx_word' id='word_1_640' title='bbox 646 2999 794 3031; x_wconf 88' lang='lat' dir='ltr'>Senatum</span> <span class='ocrx_word' id='word_1_641' title='bbox 819 3007 869 3029; x_wconf 84' lang='lat' dir='ltr'>cas</span> <span class='ocrx_word' id='word_1_642' title='bbox 885 2996 1054 3029; x_wconf 79' lang='lat' dir='ltr'>institutio-</span> 
     </span>
     <span class='ocr_line' id='line_1_86' title="bbox 190 3039 1053 3081; baseline -0.001 -11"><span class='ocrx_word' id='word_1_643' title='bbox 190 3047 266 3078; x_wconf 84' lang='lat' dir='ltr'>nes,</span> <span class='ocrx_word' id='word_1_644' title='bbox 290 3049 358 3081; x_wconf 84' lang='lat' dir='ltr'>quae</span> <span class='ocrx_word' id='word_1_645' title='bbox 379 3049 418 3071; x_wconf 87' lang='lat' dir='ltr'>ex</span> <span class='ocrx_word' id='word_1_646' title='bbox 437 3046 546 3072; x_wconf 87' lang='lat' dir='ltr'>mutua</span> <span class='ocrx_word' id='word_1_647' title='bbox 565 3040 694 3072; x_wconf 81' lang='lat' dir='ltr'>alterius</span> <span class='ocrx_word' id='word_1_648' title='bbox 711 3039 867 3071; x_wconf 84' lang='lat' dir='ltr'>testatoris</span> <span class='ocrx_word' id='word_1_649' title='bbox 889 3048 961 3080; x_wconf 79' lang='lat' dir='ltr'>erga</span> <span class='ocrx_word' id='word_1_650' title='bbox 979 3039 1053 3070; x_wconf 82' lang='lat' dir='ltr'>alte-</span> 
     </span>
     <span class='ocr_line' id='line_1_87' title="bbox 191 3079 1056 3122; baseline 0.001 -13"><span class='ocrx_word' id='word_1_651' title='bbox 191 3088 260 3110; x_wconf 87' lang='lat' dir='ltr'>rum</span> <span class='ocrx_word' id='word_1_652' title='bbox 284 3081 507 3112; x_wconf 76' lang='lat' dir='ltr'>benevolentia</span> <span class='ocrx_word' id='word_1_653' title='bbox 534 3080 808 3122; x_wconf 86' lang='lat' dir='ltr'>proficiscuntur,</span> <span class='ocrx_word' id='word_1_654' title='bbox 842 3089 938 3122; x_wconf 88' lang='lat' dir='ltr'>quum</span> <span class='ocrx_word' id='word_1_655' title='bbox 969 3079 1056 3116; x_wconf 75' lang='lat' dir='ltr'>nulla</span> 
     </span>
     <span class='ocr_line' id='line_1_88' title="bbox 191 3120 1053 3163; baseline 0.001 -14"><span class='ocrx_word' id='word_1_656' title='bbox 191 3126 269 3149; x_wconf 83' lang='lat' dir='ltr'>tunc</span> <span class='ocrx_word' id='word_1_657' title='bbox 286 3120 409 3159; x_wconf 88' lang='lat' dir='ltr'>prorsus</span> <span class='ocrx_word' id='word_1_658' title='bbox 426 3121 462 3154; x_wconf 89' lang='lat' dir='ltr'>fit</span> <span class='ocrx_word' id='word_1_659' title='bbox 487 3122 626 3162; x_wconf 84' lang='lat' dir='ltr'>captatio</span> <span class='ocrx_word' id='word_1_660' title='bbox 637 3145 647 3161; x_wconf 89' lang='lat'>,</span> <span class='ocrx_word' id='word_1_661' title='bbox 680 3121 729 3153; x_wconf 87' lang='lat' dir='ltr'>sed</span> <span class='ocrx_word' id='word_1_662' title='bbox 750 3130 836 3162; x_wconf 76' lang='lat' dir='ltr'>grata</span> <span class='ocrx_word' id='word_1_663' title='bbox 849 3121 957 3163; x_wconf 86' lang='lat' dir='ltr'>potius</span> <span class='ocrx_word' id='word_1_664' title='bbox 970 3125 1053 3151; x_wconf 80' lang='lat' dir='ltr'>aino-</span> 
     </span>
     <span class='ocr_line' id='line_1_89' title="bbox 191 3159 1051 3204; baseline 0.001 -14"><span class='ocrx_word' id='word_1_665' title='bbox 191 3159 233 3191; x_wconf 89' lang='lat' dir='ltr'>ris</span> <span class='ocrx_word' id='word_1_666' title='bbox 250 3160 474 3199; x_wconf 79' lang='lat' dir='ltr'>compensatio.</span> <span class='ocrx_word' id='word_1_667' title='bbox 555 3171 721 3204; x_wconf 85' lang='lat' dir='ltr'>uaproptcr</span> <span class='ocrx_word' id='word_1_668' title='bbox 736 3162 754 3193; x_wconf 90' lang='grc'>11</span> <span class='ocrx_word' id='word_1_669' title='bbox 765 3163 834 3203; x_wconf 87' lang='lat' dir='ltr'>quis</span> <span class='ocrx_word' id='word_1_670' title='bbox 851 3171 900 3194; x_wconf 90' lang='grc'><strong>1110</strong></span> <span class='ocrx_word' id='word_1_671' title='bbox 916 3161 975 3202; x_wconf 80' lang='lat' dir='ltr'>jam</span> <span class='ocrx_word' id='word_1_672' title='bbox 990 3161 1051 3192; x_wconf 73' lang='lat' dir='ltr'>lia:-</span> 
     </span>
     <span class='ocr_line' id='line_1_90' title="bbox 189 3199 1051 3244; baseline -0.003 -8"><span class='ocrx_word' id='word_1_673' title='bbox 189 3199 293 3232; x_wconf 72' lang='lat' dir='ltr'>l&#39;Cdcm</span> <span class='ocrx_word' id='word_1_674' title='bbox 311 3199 487 3241; x_wconf 75' lang='lat' dir='ltr'>scripserit,</span> <span class='ocrx_word' id='word_1_675' title='bbox 512 3203 542 3235; x_wconf 77' lang='grc' dir='ltr'>ὅ(</span> <span class='ocrx_word' id='word_1_676' title='bbox 566 3212 625 3244; x_wconf 80' lang='lat' dir='ltr'>ego</span> <span class='ocrx_word' id='word_1_677' title='bbox 652 3203 783 3236; x_wconf 82' lang='lat' dir='ltr'>viciffim</span> <span class='ocrx_word' id='word_1_678' title='bbox 809 3212 881 3237; x_wconf 89' lang='lat' dir='ltr'>eum</span> <span class='ocrx_word' id='word_1_679' title='bbox 902 3201 1051 3241; x_wconf 80' lang='lat' dir='ltr'>scribam,</span> 
     </span>
    </p>
   </div>
   <div class='ocr_carea' id='block_1_20' title="bbox 1086 1348 1999 3271">
    <p class='ocr_par' dir='ltr' id='par_1_24' title="bbox 1086 1348 1999 3271">
     <span class='ocr_line' id='line_1_91' title="bbox 1086 1348 1950 1395; baseline 0.013 -18"><span class='ocrx_word' id='word_1_680' title='bbox 1086 1348 1317 1393; x_wconf 41' lang='lat' dir='ltr'>71e1·atoria,·&amp;</span> <span class='ocrx_word' id='word_1_681' title='bbox 1338 1348 1492 1380; x_wconf 84' lang='lat' dir='ltr'>rationem</span> <span class='ocrx_word' id='word_1_682' title='bbox 1513 1349 1598 1382; x_wconf 84' lang='lat' dir='ltr'>dabit</span> <span class='ocrx_word' id='word_1_683' title='bbox 1618 1350 1732 1384; x_wconf 83' lang='lat' dir='ltr'>Paulus</span> <span class='ocrx_word' id='word_1_684' title='bbox 1749 1353 1779 1384; x_wconf 85' lang='lat' dir='ltr'>in</span> <span class='ocrx_word' id='word_1_685' title='bbox 1802 1354 1823 1385; x_wconf 89' lang='lat' dir='ltr'>l.</span> <span class='ocrx_word' id='word_1_686' title='bbox 1847 1364 1898 1395; x_wconf 86' lang='lat'>71.</span> <span class='ocrx_word' id='word_1_687' title='bbox 1920 1356 1950 1389; x_wconf 85' lang='lat' dir='ltr'>h.</span> 
     </span>
     <span class='ocr_line' id='line_1_92' title="bbox 1091 1388 1953 1436; baseline 0.01 -17"><span class='ocrx_word' id='word_1_688' title='bbox 1091 1388 1236 1432; x_wconf 24' lang='lat' dir='ltr'>Tzqnia,</span> <span class='ocrx_word' id='word_1_689' title='bbox 1264 1389 1386 1428; x_wconf 82' lang='lat' dir='ltr'>lnquit,</span> <span class='ocrx_word' id='word_1_690' title='bbox 1419 1391 1451 1420; x_wconf 85' lang='lat' dir='ltr'>in</span> <span class='ocrx_word' id='word_1_691' title='bbox 1465 1393 1665 1432; x_wconf 68' lang='lat' dir='ltr'>praeteritum,</span> <span class='ocrx_word' id='word_1_692' title='bbox 1688 1403 1745 1425; x_wconf 84' lang='lat' dir='ltr'>non</span> <span class='ocrx_word' id='word_1_693' title='bbox 1765 1396 1797 1425; x_wconf 87' lang='lat' dir='ltr'>in</span> <span class='ocrx_word' id='word_1_694' title='bbox 1811 1395 1953 1436; x_wconf 81' lang='lat' dir='ltr'>futurum</span> 
     </span>
     <span class='ocr_line' id='line_1_93' title="bbox 1086 1430 1953 1477; baseline 0.009 -16"><span class='ocrx_word' id='word_1_695' title='bbox 1086 1431 1231 1470; x_wconf 67' lang='lat' dir='ltr'>institutio</span> <span class='ocrx_word' id='word_1_696' title='bbox 1255 1430 1361 1461; x_wconf 85' lang='lat' dir='ltr'>collata</span> <span class='ocrx_word' id='word_1_697' title='bbox 1388 1430 1428 1471; x_wconf 77' lang='lat' dir='ltr'>eft</span> <span class='ocrx_word' id='word_1_698' title='bbox 1448 1441 1458 1468; x_wconf 78' lang='lat'>,-</span> <span class='ocrx_word' id='word_1_699' title='bbox 1488 1433 1526 1464; x_wconf 85' lang='lat' dir='ltr'>de</span> <span class='ocrx_word' id='word_1_700' title='bbox 1552 1442 1616 1474; x_wconf 80' lang='lat' dir='ltr'>quo</span> <span class='ocrx_word' id='word_1_701' title='bbox 1641 1434 1786 1475; x_wconf 85' lang='lat' dir='ltr'>deinceps</span> <span class='ocrx_word' id='word_1_702' title='bbox 1829 1437 1953 1477; x_wconf 87' lang='lat' dir='ltr'>plenius</span> 
     </span>
     <span class='ocr_line' id='line_1_94' title="bbox 1087 1471 1954 1519; baseline 0.01 -18"><span class='ocrx_word' id='word_1_703' title='bbox 1087 1472 1156 1517; x_wconf 30' lang='lat' dir='ltr'>erit.</span> <span class='ocrx_word' id='word_1_704' title='bbox 1172 1471 1347 1517; x_wconf 82' lang='lat' dir='ltr'>dicendum.</span> <span class='ocrx_word' id='word_1_705' title='bbox 1399 1472 1604 1506; x_wconf 88' lang='lat' dir='ltr'>Tantundem</span> <span class='ocrx_word' id='word_1_706' title='bbox 1627 1475 1671 1508; x_wconf 88' lang='lat' dir='ltr'>est</span> <span class='ocrx_word' id='word_1_707' title='bbox 1687 1500 1697 1515; x_wconf 93' lang='lat'>,</span> <span class='ocrx_word' id='word_1_708' title='bbox 1729 1476 1751 1509; x_wconf 81' lang='lat' dir='ltr'>si</span> <span class='ocrx_word' id='word_1_709' title='bbox 1769 1477 1802 1509; x_wconf 92' lang='lat' dir='ltr'>in</span> <span class='ocrx_word' id='word_1_710' title='bbox 1818 1477 1954 1519; x_wconf 79' lang='lat' dir='ltr'>praesens</span> 
     </span>
     <span class='ocr_line' id='line_1_95' title="bbox 1087 1511 1954 1553; baseline 0.009 -10"><span class='ocrx_word' id='word_1_711' title='bbox 1087 1511 1245 1544; x_wconf 80' lang='lat' dir='ltr'>institutio</span> <span class='ocrx_word' id='word_1_712' title='bbox 1267 1512 1450 1545; x_wconf 86' lang='lat' dir='ltr'>conferatur</span> <span class='ocrx_word' id='word_1_713' title='bbox 1467 1537 1478 1553; x_wconf 90' lang='lat'>,</span> <span class='ocrx_word' id='word_1_714' title='bbox 1513 1525 1582 1547; x_wconf 87' lang='lat' dir='ltr'>narn</span> <span class='ocrx_word' id='word_1_715' title='bbox 1599 1516 1621 1548; x_wconf 87' lang='lat' dir='ltr'><strong>fi</strong></span> <span class='ocrx_word' id='word_1_716' title='bbox 1643 1517 1736 1549; x_wconf 87' lang='lat' dir='ltr'>ambo</span> <span class='ocrx_word' id='word_1_717' title='bbox 1753 1518 1954 1551; x_wconf 87' lang='lat' dir='ltr'>voluntatem</span> 
     </span>
     <span class='ocr_line' id='line_1_96' title="bbox 1088 1552 1954 1599; baseline 0.009 -15"><span class='ocrx_word' id='word_1_718' title='bbox 1088 1552 1172 1585; x_wconf 86' lang='lat' dir='ltr'>suam</span> <span class='ocrx_word' id='word_1_719' title='bbox 1191 1554 1440 1593; x_wconf 85' lang='lat' dir='ltr'>declaraverint,</span> <span class='ocrx_word' id='word_1_720' title='bbox 1462 1564 1571 1588; x_wconf 87' lang='lat' dir='ltr'>mutua</span> <span class='ocrx_word' id='word_1_721' title='bbox 1587 1556 1772 1599; x_wconf 70' lang='lat' dir='ltr'>affectione,</span> <span class='ocrx_word' id='word_1_722' title='bbox 1798 1560 1884 1592; x_wconf 90' lang='lat' dir='ltr'>nulla</span> <span class='ocrx_word' id='word_1_723' title='bbox 1901 1560 1954 1592; x_wconf 87' lang='lat' dir='ltr'>hic</span> 
     </span>
     <span class='ocr_line' id='line_1_97' title="bbox 1088 1593 1954 1641; baseline 0.01 -16"><span class='ocrx_word' id='word_1_724' title='bbox 1088 1593 1156 1636; x_wconf 89' lang='lat' dir='ltr'>spes</span> <span class='ocrx_word' id='word_1_725' title='bbox 1173 1594 1366 1641; x_wconf 77' lang='lat' dir='ltr'>infuturum</span> <span class='ocrx_word' id='word_1_726' title='bbox 1389 1595 1452 1635; x_wconf 87' lang='lat' dir='ltr'>est,</span> <span class='ocrx_word' id='word_1_727' title='bbox 1485 1598 1571 1629; x_wconf 86' lang='lat' dir='ltr'>nulla</span> <span class='ocrx_word' id='word_1_728' title='bbox 1595 1599 1698 1631; x_wconf 82' lang='lat' dir='ltr'>addita</span> <span class='ocrx_word' id='word_1_729' title='bbox 1714 1600 1878 1641; x_wconf 77' lang='lat' dir='ltr'>conditio,</span> <span class='ocrx_word' id='word_1_730' title='bbox 1900 1611 1954 1634; x_wconf 90' lang='lat' dir='ltr'>ne-</span> 
     </span>
     <span class='ocr_line' id='line_1_98' title="bbox 1088 1636 1954 1676; baseline 0.01 -10"><span class='ocrx_word' id='word_1_731' title='bbox 1088 1645 1149 1676; x_wconf 87' lang='lat' dir='ltr'>que</span> <span class='ocrx_word' id='word_1_732' title='bbox 1177 1642 1255 1667; x_wconf 77' lang='lat' dir='ltr'>adeo</span> <span class='ocrx_word' id='word_1_733' title='bbox 1279 1636 1370 1668; x_wconf 90' lang='lat' dir='ltr'>locus</span> <span class='ocrx_word' id='word_1_734' title='bbox 1398 1637 1496 1670; x_wconf 86' lang='lat' dir='ltr'>SCto.</span> <span class='ocrx_word' id='word_1_735' title='bbox 1549 1638 1632 1671; x_wconf 87' lang='lat' dir='ltr'>Haec</span> <span class='ocrx_word' id='word_1_736' title='bbox 1654 1649 1763 1674; x_wconf 88' lang='lat' dir='ltr'>mutua</span> <span class='ocrx_word' id='word_1_737' title='bbox 1794 1641 1954 1675; x_wconf 89' lang='lat' dir='ltr'>institutio</span> 
     </span>
     <span class='ocr_line' id='line_1_99' title="bbox 1089 1677 1999 1724; baseline 0.009 -15"><span class='ocrx_word' id='word_1_738' title='bbox 1089 1677 1211 1709; x_wconf 82' lang='lat' dir='ltr'>Graecis</span> <span class='ocrx_word' id='word_1_739' title='bbox 1225 1677 1342 1709; x_wconf 88' lang='lat' dir='ltr'>dicitur</span> <span class='ocrx_word' id='word_1_740' title='bbox 1368 1683 1621 1717; x_wconf 61' lang='grc' dir='ltr'><strong>ιὶλλιλοκ).ηρωμ1ω</strong></span> <span class='ocrx_word' id='word_1_741' title='bbox 1641 1705 1652 1721; x_wconf 86' lang='lat'><em>‚</em></span> <span class='ocrx_word' id='word_1_742' title='bbox 1681 1692 1773 1724; x_wconf 88' lang='lat' dir='ltr'>quam</span> <span class='ocrx_word' id='word_1_743' title='bbox 1798 1692 1857 1715; x_wconf 89' lang='grc'><strong>1100</strong></span> <span class='ocrx_word' id='word_1_744' title='bbox 1871 1684 1954 1716; x_wconf 84' lang='lat' dir='ltr'>inter</span> <span class='ocrx_word' id='word_1_745' title='bbox 1996 1682 1999 1692; x_wconf 69' lang='grc'><em>“</em></span> 
     </span>
     <span class='ocr_line' id='line_1_100' title="bbox 1087 1719 1954 1765; baseline 0.009 -16"><span class='ocrx_word' id='word_1_746' title='bbox 1087 1720 1193 1751; x_wconf 86' lang='lat' dir='ltr'>virum</span> <span class='ocrx_word' id='word_1_747' title='bbox 1210 1719 1240 1750; x_wconf 76' lang='grc' dir='ltr'>ὅ(</span> <span class='ocrx_word' id='word_1_748' title='bbox 1260 1728 1392 1751; x_wconf 88' lang='lat' dir='ltr'>uxorem</span> <span class='ocrx_word' id='word_1_749' title='bbox 1403 1743 1415 1759; x_wconf 93' lang='lat'>,</span> <span class='ocrx_word' id='word_1_750' title='bbox 1438 1730 1497 1752; x_wconf 90' lang='lat' dir='ltr'>nec</span> <span class='ocrx_word' id='word_1_751' title='bbox 1517 1721 1599 1754; x_wconf 84' lang='lat' dir='ltr'>inter</span> <span class='ocrx_word' id='word_1_752' title='bbox 1619 1724 1699 1756; x_wconf 84' lang='lat' dir='ltr'>alios</span> <span class='ocrx_word' id='word_1_753' title='bbox 1714 1724 1874 1765; x_wconf 86' lang='lat' dir='ltr'>quoslibet</span> <span class='ocrx_word' id='word_1_754' title='bbox 1895 1725 1954 1757; x_wconf 82' lang='lat' dir='ltr'>im-</span> 
     </span>
     <span class='ocr_line' id='line_1_101' title="bbox 1088 1759 1956 1806; baseline 0.009 -16"><span class='ocrx_word' id='word_1_755' title='bbox 1088 1760 1252 1806; x_wconf 81' lang='lat' dir='ltr'>probatam</span> <span class='ocrx_word' id='word_1_756' title='bbox 1268 1759 1379 1800; x_wconf 82' lang='lat' dir='ltr'>fuiffe,</span> <span class='ocrx_word' id='word_1_757' title='bbox 1403 1762 1487 1794; x_wconf 67' lang='lat' dir='ltr'>recte</span> <span class='ocrx_word' id='word_1_758' title='bbox 1504 1763 1587 1795; x_wconf 87' lang='lat' dir='ltr'>dixit</span> <span class='ocrx_word' id='word_1_759' title='bbox 1604 1765 1634 1796; x_wconf 73' lang='grc' dir='ltr'>ὅ(</span> <span class='ocrx_word' id='word_1_760' title='bbox 1655 1765 1802 1806; x_wconf 84' lang='lat' dir='ltr'>probavit</span> <span class='ocrx_word' id='word_1_761' title='bbox 1818 1765 1956 1806; x_wconf 79' lang='lat' dir='ltr'>Jacobus</span> 
     </span>
     <span class='ocr_line' id='line_1_102' title="bbox 1090 1800 1951 1848; baseline 0.006 -14"><span class='ocrx_word' id='word_1_762' title='bbox 1090 1801 1238 1841; x_wconf 75' lang='lat' dir='ltr'>Cujacius</span> <span class='ocrx_word' id='word_1_763' title='bbox 1267 1800 1306 1832; x_wconf 95' lang='lat' dir='ltr'>L.</span> <span class='ocrx_word' id='word_1_764' title='bbox 1337 1802 1427 1834; x_wconf 89' lang='lat' dir='ltr'>XVI.</span> <span class='ocrx_word' id='word_1_765' title='bbox 1463 1804 1583 1845; x_wconf 78' lang='lat' dir='ltr'>Observ.</span> <span class='ocrx_word' id='word_1_766' title='bbox 1620 1806 1652 1838; x_wconf 86' lang='lat' dir='ltr'>C.</span> <span class='ocrx_word' id='word_1_767' title='bbox 1672 1816 1722 1848; x_wconf 83' lang='lat'>39.</span> <span class='ocrx_word' id='word_1_768' title='bbox 1757 1807 1787 1839; x_wconf 87' lang='lat'>&amp;</span> <span class='ocrx_word' id='word_1_769' title='bbox 1804 1806 1842 1838; x_wconf 83' lang='lat' dir='ltr'>ad</span> <span class='ocrx_word' id='word_1_770' title='bbox 1863 1807 1951 1839; x_wconf 79' lang='lat' dir='ltr'>Lihr.</span> 
     </span>
     <span class='ocr_line' id='line_1_103' title="bbox 1090 1841 1952 1888; baseline 0.008 -15"><span class='ocrx_word' id='word_1_771' title='bbox 1090 1842 1146 1874; x_wconf 88' lang='lat' dir='ltr'>Vl.</span> <span class='ocrx_word' id='word_1_772' title='bbox 1178 1841 1313 1883; x_wconf 73' lang='lat' dir='ltr'>Respons</span> <span class='ocrx_word' id='word_1_773' title='bbox 1340 1843 1451 1884; x_wconf 70' lang='lat' dir='ltr'>Papiri.</span> <span class='ocrx_word' id='word_1_774' title='bbox 1486 1845 1517 1876; x_wconf 91' lang='lat' dir='ltr'>in</span> <span class='ocrx_word' id='word_1_775' title='bbox 1548 1847 1576 1878; x_wconf 88' lang='lat' dir='ltr'>h.</span> <span class='ocrx_word' id='word_1_776' title='bbox 1606 1846 1626 1878; x_wconf 79' lang='lat' dir='ltr'>l.</span> <span class='ocrx_word' id='word_1_777' title='bbox 1646 1856 1694 1888; x_wconf 83' lang='lat'>70.</span> <span class='ocrx_word' id='word_1_778' title='bbox 1720 1846 1952 1880; x_wconf 82' lang='lat' dir='ltr'>&amp;Franciscus</span> 
     </span>
     <span class='ocr_line' id='line_1_104' title="bbox 1091 1883 1953 1926; baseline 0.007 -12"><span class='ocrx_word' id='word_1_779' title='bbox 1091 1883 1261 1915; x_wconf 86' lang='lat' dir='ltr'>Connanus</span> <span class='ocrx_word' id='word_1_780' title='bbox 1283 1884 1436 1916; x_wconf 65' lang='lat' dir='ltr'>Commeat.</span> <span class='ocrx_word' id='word_1_781' title='bbox 1463 1886 1535 1926; x_wconf 74' lang='lat' dir='ltr'>Jur.</span> <span class='ocrx_word' id='word_1_782' title='bbox 1555 1888 1620 1919; x_wconf 84' lang='lat' dir='ltr'>Civ.</span> <span class='ocrx_word' id='word_1_783' title='bbox 1645 1888 1686 1920; x_wconf 91' lang='lat' dir='ltr'>L.</span> <span class='ocrx_word' id='word_1_784' title='bbox 1707 1889 1751 1921; x_wconf 76' lang='lat' dir='ltr'>X.</span> <span class='ocrx_word' id='word_1_785' title='bbox 1775 1889 1807 1920; x_wconf 91' lang='lat' dir='ltr'>C.</span> <span class='ocrx_word' id='word_1_786' title='bbox 1825 1892 1855 1921; x_wconf 83' lang='lat'>6.</span> <span class='ocrx_word' id='word_1_787' title='bbox 1879 1899 1908 1920; x_wconf 83' lang='lat' dir='ltr'>n.</span> <span class='ocrx_word' id='word_1_788' title='bbox 1919 1891 1953 1921; x_wconf 90' lang='lat'>6.</span> 
     </span>
     <span class='ocr_line' id='line_1_105' title="bbox 1090 1923 1954 1971; baseline 0.009 -17"><span class='ocrx_word' id='word_1_789' title='bbox 1090 1924 1122 1956; x_wconf 90' lang='lat' dir='ltr'>Si</span> <span class='ocrx_word' id='word_1_790' title='bbox 1138 1923 1221 1965; x_wconf 86' lang='lat' dir='ltr'>ipsos</span> <span class='ocrx_word' id='word_1_791' title='bbox 1238 1924 1397 1966; x_wconf 84' lang='lat' dir='ltr'>Principes</span> <span class='ocrx_word' id='word_1_792' title='bbox 1428 1927 1520 1959; x_wconf 84' lang='lat' dir='ltr'>testes</span> <span class='ocrx_word' id='word_1_793' title='bbox 1553 1928 1720 1968; x_wconf 80' lang='lat' dir='ltr'>defideres,</span> <span class='ocrx_word' id='word_1_794' title='bbox 1745 1930 1954 1971; x_wconf 80' lang='lat' dir='ltr'>captatoriam</span> 
     </span>
     <span class='ocr_line' id='line_1_106' title="bbox 1090 1965 1954 2011; baseline 0.008 -15"><span class='ocrx_word' id='word_1_795' title='bbox 1090 1975 1153 1997; x_wconf 92' lang='lat' dir='ltr'>non</span> <span class='ocrx_word' id='word_1_796' title='bbox 1177 1965 1238 1997; x_wconf 89' lang='lat' dir='ltr'>esse</span> <span class='ocrx_word' id='word_1_797' title='bbox 1266 1974 1406 1999; x_wconf 88' lang='lat' dir='ltr'>mutuam</span> <span class='ocrx_word' id='word_1_798' title='bbox 1426 1968 1605 2011; x_wconf 86' lang='lat' dir='ltr'>Conjugum</span> <span class='ocrx_word' id='word_1_799' title='bbox 1622 1969 1872 2011; x_wconf 88' lang='lat' dir='ltr'>institutionem,</span> <span class='ocrx_word' id='word_1_800' title='bbox 1897 1981 1954 2003; x_wconf 87' lang='lat' dir='ltr'>ex-</span> 
     </span>
     <span class='ocr_line' id='line_1_107' title="bbox 1090 2007 1954 2053; baseline 0.009 -16"><span class='ocrx_word' id='word_1_801' title='bbox 1090 2007 1196 2048; x_wconf 90' lang='lat' dir='ltr'>emplo</span> <span class='ocrx_word' id='word_1_802' title='bbox 1221 2007 1333 2038; x_wconf 89' lang='lat' dir='ltr'>Leonii</span> <span class='ocrx_word' id='word_1_803' title='bbox 1363 2008 1380 2049; x_wconf 88' lang='lat'>(</span> <span class='ocrx_word' id='word_1_804' title='bbox 1402 2008 1524 2040; x_wconf 78' lang='lat' dir='ltr'>Leontii</span> <span class='ocrx_word' id='word_1_805' title='bbox 1550 2011 1624 2042; x_wconf 80' lang='lat' dir='ltr'>alias</span> <span class='ocrx_word' id='word_1_806' title='bbox 1656 2010 1746 2043; x_wconf 86' lang='lat' dir='ltr'>scribi</span> <span class='ocrx_word' id='word_1_807' title='bbox 1773 2012 1898 2053; x_wconf 89' lang='lat' dir='ltr'>video)</span> <span class='ocrx_word' id='word_1_808' title='bbox 1921 2012 1954 2045; x_wconf 76' lang='grc' dir='ltr'>δε</span> 
     </span>
     <span class='ocr_line' id='line_1_108' title="bbox 1089 2048 1954 2093; baseline 0.009 -15"><span class='ocrx_word' id='word_1_809' title='bbox 1089 2048 1237 2093; x_wconf 69' lang='lat' dir='ltr'>jucundae</span> <span class='ocrx_word' id='word_1_810' title='bbox 1253 2048 1411 2080; x_wconf 79' lang='lat' dir='ltr'>declarant</span> <span class='ocrx_word' id='word_1_811' title='bbox 1429 2050 1528 2091; x_wconf 87' lang='lat' dir='ltr'>Impp.</span> <span class='ocrx_word' id='word_1_812' title='bbox 1551 2051 1749 2085; x_wconf 82' lang='lat' dir='ltr'>Theodofius</span> <span class='ocrx_word' id='word_1_813' title='bbox 1766 2054 1796 2085; x_wconf 73' lang='grc' dir='ltr'>δε</span> <span class='ocrx_word' id='word_1_814' title='bbox 1810 2053 1954 2086; x_wconf 82' lang='lat' dir='ltr'>Valenti-</span> 
     </span>
     <span class='ocr_line' id='line_1_109' title="bbox 1091 2089 1953 2126; baseline 0.008 -7"><span class='ocrx_word' id='word_1_815' title='bbox 1091 2098 1201 2120; x_wconf 85' lang='lat' dir='ltr'>nianus</span> <span class='ocrx_word' id='word_1_816' title='bbox 1230 2089 1351 2121; x_wconf 78' lang='lat' dir='ltr'>Novell.</span> <span class='ocrx_word' id='word_1_817' title='bbox 1381 2090 1536 2123; x_wconf 84' lang='lat' dir='ltr'>Valentin.</span> <span class='ocrx_word' id='word_1_818' title='bbox 1569 2092 1609 2124; x_wconf 91' lang='lat' dir='ltr'>L.</span> <span class='ocrx_word' id='word_1_819' title='bbox 1627 2092 1650 2125; x_wconf 86' lang='grc' dir='ltr'><strong>Ι.</strong></span> <span class='ocrx_word' id='word_1_820' title='bbox 1679 2093 1714 2125; x_wconf 86' lang='grc' dir='ltr'><strong>Τ.</strong></span> <span class='ocrx_word' id='word_1_821' title='bbox 1735 2093 1789 2126; x_wconf 90' lang='lat' dir='ltr'>IV.</span> <span class='ocrx_word' id='word_1_822' title='bbox 1814 2094 1909 2126; x_wconf 88' lang='lat' dir='ltr'>verba</span> <span class='ocrx_word' id='word_1_823' title='bbox 1927 2093 1953 2126; x_wconf 91' lang='lat' dir='ltr'>i-</span> 
     </span>
     <span class='ocr_line' id='line_1_110' title="bbox 1091 2129 1954 2176; baseline 0.009 -16"><span class='ocrx_word' id='word_1_824' title='bbox 1091 2129 1143 2171; x_wconf 87' lang='lat' dir='ltr'>psa</span> <span class='ocrx_word' id='word_1_825' title='bbox 1160 2140 1222 2161; x_wconf 91' lang='lat' dir='ltr'>non</span> <span class='ocrx_word' id='word_1_826' title='bbox 1236 2129 1395 2176; x_wconf 83' lang='lat' dir='ltr'>adscribe,</span> <span class='ocrx_word' id='word_1_827' title='bbox 1420 2132 1491 2173; x_wconf 83' lang='lat' dir='ltr'>quia</span> <span class='ocrx_word' id='word_1_828' title='bbox 1508 2133 1612 2174; x_wconf 87' lang='lat' dir='ltr'>plures</span> <span class='ocrx_word' id='word_1_829' title='bbox 1636 2133 1826 2176; x_wconf 69' lang='lat' dir='ltr'>interpretes</span> <span class='ocrx_word' id='word_1_830' title='bbox 1841 2134 1954 2167; x_wconf 85' lang='lat' dir='ltr'>adscri-</span> 
     </span>
     <span class='ocr_line' id='line_1_111' title="bbox 1090 2170 1954 2217; baseline 0.009 -16"><span class='ocrx_word' id='word_1_831' title='bbox 1090 2170 1226 2212; x_wconf 86' lang='lat' dir='ltr'>pserunt.</span> <span class='ocrx_word' id='word_1_832' title='bbox 1252 2170 1338 2214; x_wconf 87' lang='lat' dir='ltr'>Qum</span> <span class='ocrx_word' id='word_1_833' title='bbox 1356 2173 1434 2205; x_wconf 87' lang='lat' dir='ltr'>nihil</span> <span class='ocrx_word' id='word_1_834' title='bbox 1446 2174 1612 2215; x_wconf 85' lang='lat' dir='ltr'>quicquam</span> <span class='ocrx_word' id='word_1_835' title='bbox 1629 2175 1733 2215; x_wconf 85' lang='lat' dir='ltr'>addo,</span> <span class='ocrx_word' id='word_1_836' title='bbox 1779 2186 1848 2208; x_wconf 87' lang='lat' dir='ltr'>uam</span> <span class='ocrx_word' id='word_1_837' title='bbox 1857 2176 1954 2217; x_wconf 85' lang='lat' dir='ltr'>hunc,</span> 
     </span>
     <span class='ocr_line' id='line_1_112' title="bbox 1090 2212 1955 2255; baseline 0.009 -13"><span class='ocrx_word' id='word_1_838' title='bbox 1090 2212 1128 2243; x_wconf 90' lang='lat' dir='ltr'>de</span> <span class='ocrx_word' id='word_1_839' title='bbox 1151 2222 1215 2253; x_wconf 91' lang='lat' dir='ltr'>quo</span> <span class='ocrx_word' id='word_1_840' title='bbox 1235 2223 1376 2254; x_wconf 82' lang='lat' dir='ltr'>agimus,</span> <span class='ocrx_word' id='word_1_841' title='bbox 1401 2213 1615 2255; x_wconf 78' lang='lat' dir='ltr'>Papinianum,</span> <span class='ocrx_word' id='word_1_842' title='bbox 1638 2217 1733 2249; x_wconf 83' lang='lat' dir='ltr'>etiam</span> <span class='ocrx_word' id='word_1_843' title='bbox 1751 2227 1768 2249; x_wconf 90' lang='lat' dir='ltr'>a</span> <span class='ocrx_word' id='word_1_844' title='bbox 1805 2216 1955 2250; x_wconf 83' lang='lat' dir='ltr'>Accurfio</span> 
     </span>
     <span class='ocr_line' id='line_1_113' title="bbox 1091 2252 1953 2305; baseline 0.008 -21"><span class='ocrx_word' id='word_1_845' title='bbox 1091 2252 1144 2284; x_wconf 85' lang='lat' dir='ltr'>hic</span> <span class='ocrx_word' id='word_1_846' title='bbox 1161 2254 1317 2286; x_wconf 85' lang='lat' dir='ltr'>laudatum</span> <span class='ocrx_word' id='word_1_847' title='bbox 1329 2278 1337 2293; x_wconf 94' lang='lat'>,</span> <span class='ocrx_word' id='word_1_848' title='bbox 1364 2256 1395 2287; x_wconf 88' lang='lat' dir='ltr'>in</span> <span class='ocrx_word' id='word_1_849' title='bbox 1419 2256 1438 2286; x_wconf 92' lang='lat' dir='ltr'>l.</span> <span class='ocrx_word' id='word_1_850' title='bbox 1450 2257 1504 2288; x_wconf 71' lang='lat' dir='ltr'>ult.</span> <span class='ocrx_word' id='word_1_851' title='bbox 1521 2257 1562 2298; x_wconf 91' lang='lat' dir='ltr'>ff.</span> <span class='ocrx_word' id='word_1_852' title='bbox 1581 2258 1613 2288; x_wconf 83' lang='lat' dir='ltr'>Si</span> <span class='ocrx_word' id='word_1_853' title='bbox 1631 2259 1693 2299; x_wconf 83' lang='lat' dir='ltr'>quis</span> <span class='ocrx_word' id='word_1_854' title='bbox 1707 2260 1778 2300; x_wconf 83' lang='lat' dir='ltr'>aliq.</span> <span class='ocrx_word' id='word_1_855' title='bbox 1798 2257 1953 2305; x_wconf 77' lang='lat' dir='ltr'>teJl.proh.</span> 
     </span>
     <span class='ocr_line' id='line_1_114' title="bbox 1092 2295 1954 2341; baseline 0.007 -16"><span class='ocrx_word' id='word_1_856' title='bbox 1092 2295 1139 2340; x_wconf 71' lang='lat' dir='ltr'>‘pel</span> <span class='ocrx_word' id='word_1_857' title='bbox 1154 2295 1232 2338; x_wconf 79' lang='lat' dir='ltr'>coeg.</span> <span class='ocrx_word' id='word_1_858' title='bbox 1253 2305 1292 2327; x_wconf 88' lang='lat' dir='ltr'>ex</span> <span class='ocrx_word' id='word_1_859' title='bbox 1310 2295 1395 2327; x_wconf 64' lang='lat' dir='ltr'>fat&#39;to</span> <span class='ocrx_word' id='word_1_860' title='bbox 1415 2296 1622 2338; x_wconf 74' lang='lat' dir='ltr'>respondisse,</span> <span class='ocrx_word' id='word_1_861' title='bbox 1654 2308 1693 2330; x_wconf 91' lang='lat' dir='ltr'>ne</span> <span class='ocrx_word' id='word_1_862' title='bbox 1705 2300 1828 2341; x_wconf 86' lang='lat' dir='ltr'>quidem</span> <span class='ocrx_word' id='word_1_863' title='bbox 1849 2305 1954 2331; x_wconf 81' lang='lat' dir='ltr'>vrrum</span> 
     </span>
     <span class='ocr_line' id='line_1_115' title="bbox 1093 2337 1954 2382; baseline 0.005 -15"><span class='ocrx_word' id='word_1_864' title='bbox 1093 2345 1125 2367; x_wconf 91' lang='grc'>111</span> <span class='ocrx_word' id='word_1_865' title='bbox 1151 2337 1270 2368; x_wconf 85' lang='lat' dir='ltr'>crimen</span> <span class='ocrx_word' id='word_1_866' title='bbox 1303 2337 1458 2376; x_wconf 85' lang='lat' dir='ltr'>incidere,</span> <span class='ocrx_word' id='word_1_867' title='bbox 1474 2337 1521 2377; x_wconf 82' lang='lat' dir='ltr'>fi,</span> <span class='ocrx_word' id='word_1_868' title='bbox 1542 2345 1575 2370; x_wconf 81' lang='lat' dir='ltr'>nt</span> <span class='ocrx_word' id='word_1_869' title='bbox 1584 2339 1654 2380; x_wconf 81' lang='lat' dir='ltr'>fieri</span> <span class='ocrx_word' id='word_1_870' title='bbox 1670 2341 1775 2382; x_wconf 70' lang='lat' dir='ltr'>adsidet</span> <span class='ocrx_word' id='word_1_871' title='bbox 1782 2362 1794 2379; x_wconf 89' lang='lat'>,</span> <span class='ocrx_word' id='word_1_872' title='bbox 1815 2339 1954 2381; x_wconf 86' lang='lat' dir='ltr'>offensam</span> 
     </span>
     <span class='ocr_line' id='line_1_116' title="bbox 1093 2379 1954 2423; baseline 0.005 -15"><span class='ocrx_word' id='word_1_873' title='bbox 1093 2387 1174 2419; x_wconf 77' lang='lat' dir='ltr'>crgroe</span> <span class='ocrx_word' id='word_1_874' title='bbox 1198 2379 1327 2410; x_wconf 79' lang='lat' dir='ltr'>mulieris</span> <span class='ocrx_word' id='word_1_875' title='bbox 1350 2380 1482 2410; x_wconf 81' lang='lat' dir='ltr'>maritali</span> <span class='ocrx_word' id='word_1_876' title='bbox 1489 2382 1620 2421; x_wconf 72' lang='lat' dir='ltr'>sermone</span> <span class='ocrx_word' id='word_1_877' title='bbox 1638 2382 1827 2421; x_wconf 79' lang='lat' dir='ltr'>placaverit,</span> <span class='ocrx_word' id='word_1_878' title='bbox 1847 2382 1954 2423; x_wconf 83' lang='lat' dir='ltr'>quomi-</span> 
     </span>
     <span class='ocr_line' id='line_1_117' title="bbox 1093 2422 1952 2460; baseline 0.005 -11"><span class='ocrx_word' id='word_1_879' title='bbox 1093 2428 1146 2450; x_wconf 65' lang='lat' dir='ltr'>nus</span> <span class='ocrx_word' id='word_1_880' title='bbox 1164 2425 1264 2451; x_wconf 82' lang='lat' dir='ltr'>contra</span> <span class='ocrx_word' id='word_1_881' title='bbox 1280 2430 1344 2451; x_wconf 78' lang='lat' dir='ltr'>euin</span> <span class='ocrx_word' id='word_1_882' title='bbox 1354 2442 1365 2458; x_wconf 84' lang='lat'>,</span> <span class='ocrx_word' id='word_1_883' title='bbox 1386 2426 1500 2452; x_wconf 77' lang='lat' dir='ltr'>mutata</span> <span class='ocrx_word' id='word_1_884' title='bbox 1520 2422 1670 2453; x_wconf 70' lang='lat' dir='ltr'>voluntate</span> <span class='ocrx_word' id='word_1_885' title='bbox 1677 2444 1689 2460; x_wconf 93' lang='lat'>‚</span> <span class='ocrx_word' id='word_1_886' title='bbox 1710 2422 1854 2453; x_wconf 78' lang='lat' dir='ltr'>codicillos</span> <span class='ocrx_word' id='word_1_887' title='bbox 1886 2432 1952 2454; x_wconf 84' lang='lat' dir='ltr'>ace-</span> 
     </span>
     <span class='ocr_line' id='line_1_118' title="bbox 1093 2460 1956 2501; baseline 0.005 -10"><span class='ocrx_word' id='word_1_888' title='bbox 1093 2466 1157 2499; x_wconf 78' lang='lat' dir='ltr'>ret,</span> <span class='ocrx_word' id='word_1_889' title='bbox 1180 2468 1301 2492; x_wconf 80' lang='lat' dir='ltr'>tantum</span> <span class='ocrx_word' id='word_1_890' title='bbox 1317 2460 1420 2500; x_wconf 83' lang='lat' dir='ltr'>abest,</span> <span class='ocrx_word' id='word_1_891' title='bbox 1445 2469 1480 2492; x_wconf 88' lang='lat' dir='ltr'>ut</span> <span class='ocrx_word' id='word_1_892' title='bbox 1498 2462 1613 2493; x_wconf 85' lang='lat' dir='ltr'>incidat</span> <span class='ocrx_word' id='word_1_893' title='bbox 1629 2486 1639 2501; x_wconf 88' lang='lat'>‚</span> <span class='ocrx_word' id='word_1_894' title='bbox 1670 2462 1692 2494; x_wconf 85' lang='lat' dir='ltr'><strong>fi</strong></span> <span class='ocrx_word' id='word_1_895' title='bbox 1714 2471 1826 2495; x_wconf 91' lang='lat' dir='ltr'>mutuo</span> <span class='ocrx_word' id='word_1_896' title='bbox 1841 2472 1857 2494; x_wconf 91' lang='lat' dir='ltr'>a</span> <span class='ocrx_word' id='word_1_897' title='bbox 1883 2463 1956 2495; x_wconf 70' lang='lat' dir='ltr'>ectu</span> 
     </span>
     <span class='ocr_line' id='line_1_119' title="bbox 1094 2502 1981 2544; baseline 0.005 -12"><span class='ocrx_word' id='word_1_898' title='bbox 1094 2502 1124 2532; x_wconf 71' lang='grc' dir='ltr'>ὅ(</span> <span class='ocrx_word' id='word_1_899' title='bbox 1148 2506 1400 2541; x_wconf 53' lang='grc' dir='ltr'>ωληλωλψημίᾳ</span> <span class='ocrx_word' id='word_1_900' title='bbox 1429 2503 1581 2542; x_wconf 86' lang='lat' dir='ltr'>judicium</span> <span class='ocrx_word' id='word_1_901' title='bbox 1619 2503 1684 2543; x_wconf 86' lang='lat' dir='ltr'>ejus</span> <span class='ocrx_word' id='word_1_902' title='bbox 1717 2504 1954 2544; x_wconf 85' lang='lat' dir='ltr'>provocaverit.</span> <span class='ocrx_word' id='word_1_903' title='bbox 1980 2513 1981 2517; x_wconf 59' lang='lat'>¹</span> 
     </span>
     <span class='ocr_line' id='line_1_120' title="bbox 1094 2543 1955 2584; baseline 0.005 -11"><span class='ocrx_word' id='word_1_904' title='bbox 1094 2543 1126 2573; x_wconf 82' lang='lat' dir='ltr'>Si</span> <span class='ocrx_word' id='word_1_905' title='bbox 1149 2543 1245 2584; x_wconf 81' lang='lat' dir='ltr'>igitur</span> <span class='ocrx_word' id='word_1_906' title='bbox 1269 2544 1398 2575; x_wconf 86' lang='lat' dir='ltr'>maritus</span> <span class='ocrx_word' id='word_1_907' title='bbox 1427 2543 1662 2584; x_wconf 81' lang='lat' dir='ltr'>quibuscunque</span> <span class='ocrx_word' id='word_1_908' title='bbox 1682 2544 1796 2577; x_wconf 84' lang='lat' dir='ltr'>officiis</span> <span class='ocrx_word' id='word_1_909' title='bbox 1818 2545 1955 2577; x_wconf 88' lang='lat' dir='ltr'>blandia-</span> 
     </span>
     <span class='ocr_line' id='line_1_121' title="bbox 1096 2584 1954 2626; baseline 0.007 -13"><span class='ocrx_word' id='word_1_910' title='bbox 1096 2590 1146 2614; x_wconf 90' lang='lat' dir='ltr'>tur</span> <span class='ocrx_word' id='word_1_911' title='bbox 1168 2585 1258 2616; x_wconf 88' lang='lat' dir='ltr'>uxori</span> <span class='ocrx_word' id='word_1_912' title='bbox 1273 2608 1283 2622; x_wconf 84' lang='lat'>,</span> <span class='ocrx_word' id='word_1_913' title='bbox 1318 2593 1412 2625; x_wconf 85' lang='lat' dir='ltr'>atque</span> <span class='ocrx_word' id='word_1_914' title='bbox 1438 2586 1480 2615; x_wconf 87' lang='lat' dir='ltr'>ita</span> <span class='ocrx_word' id='word_1_915' title='bbox 1496 2585 1561 2624; x_wconf 84' lang='lat' dir='ltr'>ejus</span> <span class='ocrx_word' id='word_1_916' title='bbox 1578 2584 1793 2617; x_wconf 72' lang='lat' dir='ltr'>haereditatem</span> <span class='ocrx_word' id='word_1_917' title='bbox 1809 2593 1927 2619; x_wconf 89' lang='lat' dir='ltr'>mereat</span> <span class='ocrx_word' id='word_1_918' title='bbox 1942 2608 1954 2626; x_wconf 88' lang='lat'>,</span> 
     </span>
     <span class='ocr_line' id='line_1_122' title="bbox 1098 2623 1957 2667; baseline 0.006 -12"><span class='ocrx_word' id='word_1_919' title='bbox 1098 2623 1236 2657; x_wconf 69' lang='lat' dir='ltr'>lionestae</span> <span class='ocrx_word' id='word_1_920' title='bbox 1255 2624 1326 2657; x_wconf 89' lang='lat' dir='ltr'>sunt</span> <span class='ocrx_word' id='word_1_921' title='bbox 1342 2627 1388 2656; x_wconf 84' lang='lat' dir='ltr'>hae</span> <span class='ocrx_word' id='word_1_922' title='bbox 1405 2625 1582 2665; x_wconf 82' lang='lat' dir='ltr'>blandiriae,</span> <span class='ocrx_word' id='word_1_923' title='bbox 1609 2627 1637 2657; x_wconf 71' lang='grc' dir='ltr'>ὅ(</span> <span class='ocrx_word' id='word_1_924' title='bbox 1655 2627 1741 2658; x_wconf 84' lang='grc'><strong>0111111</strong></span> <span class='ocrx_word' id='word_1_925' title='bbox 1760 2627 1828 2667; x_wconf 87' lang='lat' dir='ltr'>jure</span> <span class='ocrx_word' id='word_1_926' title='bbox 1845 2628 1957 2667; x_wconf 78' lang='lat' dir='ltr'>licitae,</span> 
     </span>
     <span class='ocr_line' id='line_1_123' title="bbox 1096 2665 1956 2710; baseline 0.006 -14"><span class='ocrx_word' id='word_1_927' title='bbox 1096 2674 1166 2697; x_wconf 88' lang='lat' dir='ltr'>nam</span> <span class='ocrx_word' id='word_1_928' title='bbox 1183 2667 1436 2708; x_wconf 59' lang='lat' dir='ltr'>judictatum-oris</span> <span class='ocrx_word' id='word_1_929' title='bbox 1452 2665 1622 2707; x_wconf 80' lang='lat' dir='ltr'>postremum</span> <span class='ocrx_word' id='word_1_930' title='bbox 1644 2668 1718 2709; x_wconf 82' lang='lat' dir='ltr'>inse</span> <span class='ocrx_word' id='word_1_931' title='bbox 1729 2674 1956 2710; x_wconf 74' lang='lat' dir='ltr'>provocaremu-</span> 
     </span>
     <span class='ocr_line' id='line_1_124' title="bbox 1095 2707 1957 2749; baseline 0.007 -13"><span class='ocrx_word' id='word_1_932' title='bbox 1095 2707 1178 2738; x_wconf 73' lang='lat' dir='ltr'>rituli</span> <span class='ocrx_word' id='word_1_933' title='bbox 1185 2707 1337 2748; x_wconf 74' lang='lat' dir='ltr'>sermone,</span> <span class='ocrx_word' id='word_1_934' title='bbox 1359 2717 1416 2738; x_wconf 86' lang='lat' dir='ltr'>non</span> <span class='ocrx_word' id='word_1_935' title='bbox 1442 2710 1482 2748; x_wconf 75' lang='lat' dir='ltr'>est</span> <span class='ocrx_word' id='word_1_936' title='bbox 1507 2709 1706 2749; x_wconf 67' lang='lat' dir='ltr'>criminosum,</span> <span class='ocrx_word' id='word_1_937' title='bbox 1731 2717 1768 2741; x_wconf 87' lang='lat' dir='ltr'>ut</span> <span class='ocrx_word' id='word_1_938' title='bbox 1783 2709 1957 2742; x_wconf 82' lang='lat' dir='ltr'>Diocletia-</span> 
     </span>
     <span class='ocr_line' id='line_1_125' title="bbox 1096 2748 1956 2790; baseline 0.006 -12"><span class='ocrx_word' id='word_1_939' title='bbox 1096 2757 1154 2779; x_wconf 89' lang='lat' dir='ltr'>nus</span> <span class='ocrx_word' id='word_1_940' title='bbox 1171 2750 1201 2779; x_wconf 69' lang='grc' dir='ltr'>ἃ</span> <span class='ocrx_word' id='word_1_941' title='bbox 1218 2748 1432 2780; x_wconf 79' lang='lat' dir='ltr'>Maximianus</span> <span class='ocrx_word' id='word_1_942' title='bbox 1455 2749 1678 2790; x_wconf 83' lang='lat' dir='ltr'>rescripserunt</span> <span class='ocrx_word' id='word_1_943' title='bbox 1695 2751 1725 2782; x_wconf 88' lang='lat' dir='ltr'>in</span> <span class='ocrx_word' id='word_1_944' title='bbox 1750 2751 1769 2782; x_wconf 88' lang='lat' dir='ltr'>l.</span> <span class='ocrx_word' id='word_1_945' title='bbox 1789 2752 1842 2783; x_wconf 85' lang='lat' dir='ltr'>ult.</span> <span class='ocrx_word' id='word_1_946' title='bbox 1870 2751 1902 2783; x_wconf 87' lang='lat' dir='ltr'>C.</span> <span class='ocrx_word' id='word_1_947' title='bbox 1922 2750 1956 2783; x_wconf 80' lang='lat' dir='ltr'>Si</span> 
     </span>
     <span class='ocr_line' id='line_1_126' title="bbox 1096 2787 1956 2834; baseline 0.006 -15"><span class='ocrx_word' id='word_1_948' title='bbox 1096 2791 1158 2830; x_wconf 75' lang='lat' dir='ltr'>qais</span> <span class='ocrx_word' id='word_1_949' title='bbox 1183 2789 1252 2830; x_wconf 73' lang='lat' dir='ltr'>aliq.</span> <span class='ocrx_word' id='word_1_950' title='bbox 1279 2787 1340 2830; x_wconf 75' lang='lat' dir='ltr'>test.</span> <span class='ocrx_word' id='word_1_951' title='bbox 1362 2790 1444 2829; x_wconf 78' lang='lat' dir='ltr'>proh.</span> <span class='ocrx_word' id='word_1_952' title='bbox 1468 2791 1516 2821; x_wconf 80' lang='lat' dir='ltr'>vel</span> <span class='ocrx_word' id='word_1_953' title='bbox 1543 2792 1621 2833; x_wconf 64' lang='lat' dir='ltr'>cocig.</span> <span class='ocrx_word' id='word_1_954' title='bbox 1667 2791 1746 2823; x_wconf 71' lang='lat' dir='ltr'>Alite</span> <span class='ocrx_word' id='word_1_955' title='bbox 1770 2792 1864 2834; x_wconf 87' lang='lat' dir='ltr'>longe</span> <span class='ocrx_word' id='word_1_956' title='bbox 1886 2790 1956 2824; x_wconf 87' lang='lat' dir='ltr'>sunt</span> 
     </span>
     <span class='ocr_line' id='line_1_127' title="bbox 1095 2830 1955 2871; baseline 0.006 -11"><span class='ocrx_word' id='word_1_957' title='bbox 1095 2830 1256 2861; x_wconf 77' lang='lat' dir='ltr'>blanditiae</span> <span class='ocrx_word' id='word_1_958' title='bbox 1273 2853 1282 2868; x_wconf 87' lang='lat'><em>‚</em></span> <span class='ocrx_word' id='word_1_959' title='bbox 1320 2830 1358 2861; x_wconf 89' lang='lat' dir='ltr'>de</span> <span class='ocrx_word' id='word_1_960' title='bbox 1384 2830 1495 2871; x_wconf 87' lang='lat' dir='ltr'>quibus</span> <span class='ocrx_word' id='word_1_961' title='bbox 1521 2831 1637 2864; x_wconf 76' lang='lat' dir='ltr'>Cicero</span> <span class='ocrx_word' id='word_1_962' title='bbox 1662 2832 1745 2865; x_wconf 80' lang='lat' dir='ltr'>dixit</span> <span class='ocrx_word' id='word_1_963' title='bbox 1782 2833 1823 2865; x_wconf 89' lang='lat' dir='ltr'>L.</span> <span class='ocrx_word' id='word_1_964' title='bbox 1843 2832 1896 2866; x_wconf 86' lang='lat'>111.</span> <span class='ocrx_word' id='word_1_965' title='bbox 1921 2833 1955 2865; x_wconf 76' lang='lat' dir='ltr'>de</span> 
     </span>
     <span class='ocr_line' id='line_1_128' title="bbox 1100 2870 1956 2915; baseline 0.006 -14"><span class='ocrx_word' id='word_1_966' title='bbox 1100 2870 1185 2912; x_wconf 74' lang='lat' dir='ltr'>OffiC.</span> <span class='ocrx_word' id='word_1_967' title='bbox 1220 2872 1250 2902; x_wconf 87' lang='lat' dir='ltr'>C.</span> <span class='ocrx_word' id='word_1_968' title='bbox 1272 2880 1321 2911; x_wconf 67' lang='lat'>74.</span> <span class='ocrx_word' id='word_1_969' title='bbox 1357 2881 1428 2903; x_wconf 88' lang='lat' dir='ltr'>cum</span> <span class='ocrx_word' id='word_1_970' title='bbox 1458 2873 1520 2904; x_wconf 87' lang='lat' dir='ltr'>ait:</span> <span class='ocrx_word' id='word_1_971' title='bbox 1552 2873 1624 2904; x_wconf 76' lang='lat' dir='ltr'>mihi</span> <span class='ocrx_word' id='word_1_972' title='bbox 1650 2875 1763 2915; x_wconf 82' lang='lat' dir='ltr'>quidem</span> <span class='ocrx_word' id='word_1_973' title='bbox 1781 2875 1868 2905; x_wconf 86' lang='lat' dir='ltr'>etiam</span> <span class='ocrx_word' id='word_1_974' title='bbox 1882 2883 1956 2906; x_wconf 79' lang='lat' dir='ltr'>veroe</span> 
     </span>
     <span class='ocr_line' id='line_1_129' title="bbox 1096 2912 1956 2954; baseline 0.003 -11"><span class='ocrx_word' id='word_1_975' title='bbox 1096 2913 1275 2943; x_wconf 55' lang='lat' dir='ltr'>lim-edituros</span> <span class='ocrx_word' id='word_1_976' title='bbox 1292 2922 1347 2942; x_wconf 82' lang='lat' dir='ltr'>non</span> <span class='ocrx_word' id='word_1_977' title='bbox 1367 2912 1485 2954; x_wconf 65' lang='lat' dir='ltr'>honesta»</span> <span class='ocrx_word' id='word_1_978' title='bbox 1502 2915 1641 2945; x_wconf 73' lang='lat' dir='ltr'>videntur</span> <span class='ocrx_word' id='word_1_979' title='bbox 1659 2937 1670 2953; x_wconf 88' lang='lat'>,</span> <span class='ocrx_word' id='word_1_980' title='bbox 1685 2914 1714 2954; x_wconf 89' lang='lat' dir='ltr'><em>fi</em></span> <span class='ocrx_word' id='word_1_981' title='bbox 1727 2913 1790 2953; x_wconf 82' lang='lat' dir='ltr'>sint</span> <span class='ocrx_word' id='word_1_982' title='bbox 1809 2913 1956 2954; x_wconf 67' lang='lat' dir='ltr'>malitiosus</span> 
     </span>
     <span class='ocr_line' id='line_1_130' title="bbox 1097 2952 1954 2996; baseline 0.004 -12"><span class='ocrx_word' id='word_1_983' title='bbox 1097 2954 1248 2984; x_wconf 59' lang='lat' dir='ltr'>himmas</span> <span class='ocrx_word' id='word_1_984' title='bbox 1268 2952 1441 2994; x_wconf 64' lang='lat' dir='ltr'>afficiamini,</span> <span class='ocrx_word' id='word_1_985' title='bbox 1467 2965 1524 2986; x_wconf 81' lang='lat' dir='ltr'>non</span> <span class='ocrx_word' id='word_1_986' title='bbox 1548 2957 1691 2994; x_wconf 81' lang='lat' dir='ltr'>veritate,</span> <span class='ocrx_word' id='word_1_987' title='bbox 1706 2957 1762 2996; x_wconf 77' lang='lat' dir='ltr'>Jed</span> <span class='ocrx_word' id='word_1_988' title='bbox 1772 2954 1954 2995; x_wconf 82' lang='lat' dir='ltr'>fimulatione</span> 
     </span>
     <span class='ocr_line' id='line_1_131' title="bbox 1096 2994 1956 3037; baseline 0.002 -12"><span class='ocrx_word' id='word_1_989' title='bbox 1096 2994 1220 3037; x_wconf 62' lang='lat' dir='ltr'>qicasttce.</span> <span class='ocrx_word' id='word_1_990' title='bbox 1275 2995 1402 3026; x_wconf 62' lang='lat' dir='ltr'>Malitia</span> <span class='ocrx_word' id='word_1_991' title='bbox 1431 2997 1461 3027; x_wconf 67' lang='grc' dir='ltr'>ὃ(</span> <span class='ocrx_word' id='word_1_992' title='bbox 1488 2995 1644 3028; x_wconf 79' lang='lat' dir='ltr'>simulatio</span> <span class='ocrx_word' id='word_1_993' title='bbox 1663 2996 1685 3028; x_wconf 84' lang='grc'>11</span> <span class='ocrx_word' id='word_1_994' title='bbox 1700 2996 1796 3036; x_wconf 77' lang='lat' dir='ltr'>absit,</span> <span class='ocrx_word' id='word_1_995' title='bbox 1820 2996 1841 3029; x_wconf 85' lang='lat' dir='ltr'>ss</span> <span class='ocrx_word' id='word_1_996' title='bbox 1859 2997 1904 3028; x_wconf 86' lang='lat' dir='ltr'>vis</span> <span class='ocrx_word' id='word_1_997' title='bbox 1919 2994 1956 3032; x_wconf 58' lang='grc' dir='ltr'><em>ἃ</em></span> 
     </span>
     <span class='ocr_line' id='line_1_132' title="bbox 1095 3034 1949 3084; baseline 0.002 -17"><span class='ocrx_word' id='word_1_998' title='bbox 1095 3036 1194 3074; x_wconf 75' lang='lat' dir='ltr'>dolus,</span> <span class='ocrx_word' id='word_1_999' title='bbox 1221 3036 1260 3066; x_wconf 84' lang='lat' dir='ltr'>de</span> <span class='ocrx_word' id='word_1_1000' title='bbox 1283 3045 1345 3076; x_wconf 78' lang='lat' dir='ltr'>quo</span> <span class='ocrx_word' id='word_1_1001' title='bbox 1372 3034 1416 3068; x_wconf 89' lang='lat' dir='ltr'>est</span> <span class='ocrx_word' id='word_1_1002' title='bbox 1440 3037 1471 3069; x_wconf 90' lang='lat' dir='ltr'>in</span> <span class='ocrx_word' id='word_1_1003' title='bbox 1503 3039 1530 3069; x_wconf 83' lang='lat' dir='ltr'>d.</span> <span class='ocrx_word' id='word_1_1004' title='bbox 1557 3036 1577 3068; x_wconf 83' lang='lat' dir='ltr'>l.</span> <span class='ocrx_word' id='word_1_1005' title='bbox 1599 3037 1654 3068; x_wconf 81' lang='lat' dir='ltr'>ult.</span> <span class='ocrx_word' id='word_1_1006' title='bbox 1672 3037 1712 3078; x_wconf 88' lang='lat' dir='ltr'>ff.</span> <span class='ocrx_word' id='word_1_1007' title='bbox 1739 3037 1771 3068; x_wconf 86' lang='lat' dir='ltr'>Si</span> <span class='ocrx_word' id='word_1_1008' title='bbox 1795 3038 1857 3084; x_wconf 66' lang='lat' dir='ltr'>quis</span> <span class='ocrx_word' id='word_1_1009' title='bbox 1878 3037 1949 3079; x_wconf 84' lang='lat' dir='ltr'>aliq.</span> 
     </span>
     <span class='ocr_line' id='line_1_133' title="bbox 1097 3076 1956 3119; baseline 0.002 -11"><span class='ocrx_word' id='word_1_1010' title='bbox 1097 3076 1159 3118; x_wconf 63' lang='lat' dir='ltr'>nst.</span> <span class='ocrx_word' id='word_1_1011' title='bbox 1181 3077 1262 3117; x_wconf 70' lang='lat' dir='ltr'>prol).</span> <span class='ocrx_word' id='word_1_1012' title='bbox 1284 3077 1331 3107; x_wconf 65' lang='lat' dir='ltr'>ecl</span> <span class='ocrx_word' id='word_1_1013' title='bbox 1355 3080 1432 3119; x_wconf 59' lang='grc' dir='ltr'><strong>σοῖς.</strong></span> <span class='ocrx_word' id='word_1_1014' title='bbox 1457 3078 1551 3110; x_wconf 76' lang='lat' dir='ltr'>etiam</span> <span class='ocrx_word' id='word_1_1015' title='bbox 1573 3077 1653 3109; x_wconf 85' lang='lat' dir='ltr'>laudi</span> <span class='ocrx_word' id='word_1_1016' title='bbox 1673 3079 1778 3110; x_wconf 84' lang='lat' dir='ltr'>datum</span> <span class='ocrx_word' id='word_1_1017' title='bbox 1798 3078 1860 3109; x_wconf 76' lang='lat' dir='ltr'>tuit</span> <span class='ocrx_word' id='word_1_1018' title='bbox 1876 3077 1956 3119; x_wconf 85' lang='lat' dir='ltr'>apud</span> 
     </span>
     <span class='ocr_line' id='line_1_134' title="bbox 1096 3118 1956 3165; baseline 0 -15"><span class='ocrx_word' id='word_1_1019' title='bbox 1096 3118 1256 3150; x_wconf 53' lang='lat' dir='ltr'>iuna-dnos</span> <span class='ocrx_word' id='word_1_1020' title='bbox 1272 3141 1283 3156; x_wconf 88' lang='lat'>,</span> <span class='ocrx_word' id='word_1_1021' title='bbox 1315 3118 1527 3151; x_wconf 64' lang='lat' dir='ltr'>lisere-ditarem</span> <span class='ocrx_word' id='word_1_1022' title='bbox 1553 3119 1652 3165; x_wconf 80' lang='lat' dir='ltr'>gratia</span> <span class='ocrx_word' id='word_1_1023' title='bbox 1683 3119 1713 3150; x_wconf 90' lang='lat'>&amp;</span> <span class='ocrx_word' id='word_1_1024' title='bbox 1738 3118 1956 3150; x_wconf 72' lang='lat' dir='ltr'>benevolentia</span> 
     </span>
     <span class='ocr_line' id='line_1_135' title="bbox 1096 3157 1954 3192; baseline -0.001 -2"><span class='ocrx_word' id='word_1_1025' title='bbox 1096 3159 1248 3190; x_wconf 75' lang='lat' dir='ltr'>meruill&#39;c.</span> <span class='ocrx_word' id='word_1_1026' title='bbox 1275 3159 1366 3191; x_wconf 80' lang='lat' dir='ltr'>Unde</span> <span class='ocrx_word' id='word_1_1027' title='bbox 1398 3160 1437 3191; x_wconf 89' lang='lat' dir='ltr'>de</span> <span class='ocrx_word' id='word_1_1028' title='bbox 1454 3160 1589 3192; x_wconf 80' lang='lat' dir='ltr'>Tiberio</span> <span class='ocrx_word' id='word_1_1029' title='bbox 1609 3158 1743 3191; x_wconf 86' lang='lat' dir='ltr'>Tacitus</span> <span class='ocrx_word' id='word_1_1030' title='bbox 1767 3159 1806 3190; x_wconf 94' lang='lat' dir='ltr'>L.</span> <span class='ocrx_word' id='word_1_1031' title='bbox 1823 3158 1862 3191; x_wconf 84' lang='lat'>11.</span> <span class='ocrx_word' id='word_1_1032' title='bbox 1886 3157 1954 3190; x_wconf 85' lang='lat' dir='ltr'>An-</span> 
     </span>
     <span class='ocr_line' id='line_1_136' title="bbox 1094 3199 1930 3245; baseline -0.005 -13"><span class='ocrx_word' id='word_1_1033' title='bbox 1094 3201 1154 3232; x_wconf 76' lang='lat' dir='ltr'>nal.</span> <span class='ocrx_word' id='word_1_1034' title='bbox 1193 3202 1225 3232; x_wconf 86' lang='lat' dir='ltr'>C.</span> <span class='ocrx_word' id='word_1_1035' title='bbox 1243 3206 1296 3242; x_wconf 79' lang='lat'>48.</span> <span class='ocrx_word' id='word_1_1036' title='bbox 1326 3210 1414 3241; x_wconf 71' lang='lat' dir='ltr'>neque</span> <span class='ocrx_word' id='word_1_1037' title='bbox 1442 3202 1636 3233; x_wconf 67' lang='lat' dir='ltr'>haereditatem</span> <span class='ocrx_word' id='word_1_1038' title='bbox 1658 3200 1824 3242; x_wconf 80' lang='lat' dir='ltr'>cujusquam</span> <span class='ocrx_word' id='word_1_1039' title='bbox 1855 3199 1930 3245; x_wconf 69' lang='lat' dir='ltr'>adiit</span> 
     </span>
     <span class='ocr_line' id='line_1_137' title="bbox 1895 3248 1951 3271; baseline 0.036 -2"><span class='ocrx_word' id='word_1_1040' title='bbox 1895 3248 1925 3269; x_wconf 83' lang='lat' dir='ltr'>m</span> <span class='ocrx_word' id='word_1_1041' title='bbox 1941 3249 1951 3271; x_wconf 79' lang='grc' dir='ltr'><strong><em>ι</em></strong></span> 
     </span>
    </p>
   </div>
  </div>
 </body>
</html>
