2008 3436
166 112 242 159 133
566 107 705 147 AD
814 106 1527 151 LECTOREM.
1968 93 1983 142 ,¹

1973 162 1978 176 1

162 194 322 229 dicebam
338 220 346 233 ‚
373 192 476 238 ipsius
503 193 790 240 Jurisprudentiae
811 194 1005 237 interesset,
1032 194 1162 229 nullum
1187 196 1331 230 omnino
1354 194 1427 229 dari
1452 196 1643 240 emblema,
1679 199 1727 235 ita
1752 198 1789 235 &
1816 201 1917 242 inter·
1970 180 1990 216 ἰ’

163 242 213 277 est
227 268 236 285 ‚
265 242 338 276 dari
356 254 459 290 quam
477 242 684 289 pauciffima.
740 242 961 292 Quapropter
984 254 1053 278 non
1073 253 1215 287 oportet
1232 256 1293 280 nos
1316 242 1387 279 effe·
1398 244 1558 280 liberales
1579 245 1614 281 in
1640 247 1693 283 his
1715 250 1769 284 vel
1792 259 1920 291 temere

157 290 350 338 jaciandis,
378 293 433 326 vel
452 292 554 328 anxie
574 292 841 339 investigandis,
868 293 948 336 quin
966 303 1029 327 nec
1047 292 1153 327 ullum
1173 293 1406 340 largiendum,
1427 292 1449 327 fi
1466 304 1518 329 res
1540 295 1636 330 aliter
1656 297 1747 333 salva
1762 297 1829 333 effe
1845 313 1918 347 pos..

162 340 201 374 fit
222 369 230 383 ,
263 339 301 376 ἃ
320 353 361 376 an
384 341 484 387 poffit
502 369 512 384 ,
541 342 710 376 tentanda
739 342 830 384 prius
851 342 989 383 omnia,
1016 341 1128 375 omnis
1148 342 1340 377 movendus
1366 342 1463 386 lapis.
1515 344 1639 378 Sedulo
1664 346 1698 380 in
1724 347 1842 392 primis
1863 355 1931 387 cau.
1978 344 1980 352 ¹

160 390 334 432 vendum,
362 402 405 426 ne
423 392 576 437 integros
592 399 707 435 partus
727 389 916 439 suppositos
934 391 1107 433 dicamus,
1133 390 1188 425 vel
1205 391 1349 426 aliorum
1373 402 1510 438 quoque
1533 394 1780 433 emblematum
1798 421 1812 440 ‚
1837 386 1932 439 ultra}
1980 392 1981 397 ’

161 451 263 486 quarn
280 438 419 476 necesse
436 439 503 482 est,
529 438 628 475 simus
646 439 795 485 prodigi.
1904 469 1932 487 Δ)

211 537 262 572 Ea
282 536 450 573 sententia
468 537 619 584 antiquis
642 536 896 582 Interpretibus
914 548 992 571 curn
1013 536 1165 571 maxime
1183 537 1324 582 placuit.
1376 537 1430 574 EX
1444 537 1680 587 antiquissimis
1697 541 1773 577 sunt
1794 540 1938 589 Graeci,.
1982 533 1983 543 ¹

160 598 228 623 nec
246 586 316 621 scio
334 588 410 622 illos
433 586 527 621 ullibi
546 585 731 629 agnoscere
749 585 958 621 Triboniani
984 585 1252 630 interpolantem
1274 597 1426 621 manum.
1479 589 1687 635 Agnoscunt
1715 591 1927 631 emblemataf

157 636 194 671 in
210 635 287 682 ipsis
309 635 476 676 ssafflicis,
505 633 818 669 ut&Scholiastes
838 635 1042 669 observavit
1057 635 1101 669 ad
1126 633 1224 679 Basti.
1255 635 1296 669 L.
1323 636 1486 671 XXXIX.
1517 638 1552 672 T.
1581 649 1613 673 2.
1643 640 1677 673 C.
1704 651 1737 683 5.
1771 639 1870 675 lit.T.
1889 642 1926 679 in<

161 686 181 719 l.
209 697 241 729 5.
264 684 314 731 ff.
342 686 378 719 de
403 683 521 731 Itzjust.
547 691 632 729 rupr.
660 685 717 718 irr.
735 682 823 729 fabi.
850 682 922 728 test.
951 682 1008 716 sed
1029 694 1192 728 apparet,
1220 685 1314 727 haec,
1341 695 1419 720 cum
1438 689 1473 721 in
1495 686 1573 731 iplis
1595 688 1750 734 Legibus
1774 699 1846 724 non
1863 695 1933 727 *ex-'²

161 733 274 777 stent,
303 734 511 769 Triboniani
534 744 604 767 nou
627 731 695 768 effe
711 759 720 774 ,
745 732 804 766 sed
828 731 953 767 inserta
971 733 1027 767 vel
1050 743 1092 767 ex
1118 731 1298 778 posteriori
1319 735 1467 780 quadam
1493 735 1625 781 Ecloga
1643 764 1652 776 ,
1689 739 1743 773 vel
1768 735 1934 776 forte-‘abi

159 782 237 830 ipsis
269 781 417 818 Basilicis
435 807 445 824 ‚
471 792 516 817 ex
540 781 693 828 Legibus
708 781 833 823 novis,
860 792 942 827 quas
965 781 1013 815 illi
1036 782 1146 816 solent
1172 781 1256 824 stiae,
1284 793 1387 828 quam
1405 793 1556 828 vocant,
1585 786 1739 834 Καθαίςσ-ει
1764 782 1934 825 inserere)

161 832 382 867 Inseruerunt
414 831 492 865 sane
517 830 660 875 saepius,
695 830 750 876 qui
778 831 878 875 legem
900 834 933 868 8.
965 828 1018 875 ff.
1051 829 1120 879 ,Qui
1158 829 1282 876 testam.
1305 829 1383 874 fac.
1407 832 1484 879 pqffi
1515 837 1704 871 contulerit
1725 848 1804 872 cum
1827 835 1935 881 Baszlq

163 882 206 916 L.
226 880 381 915 XXXV.
411 878 448 914 T.
468 881 495 914 1.
524 879 558 914 C.
579 883 610 918 8.
639 891 683 914 ne
702 879 877 914 dubitabit
893 878 1056 925 quidem,
1085 880 1166 914 licet
1186 879 1230 914 de
1246 882 1407 916 omnibus
1426 881 1584 917 dubitare
1599 885 1808 921 decreverit.
1861 887 1936 925 La-ffl

165 932 229 966 tini
258 931 498 975 Interpretes,
539 940 607 975 quo
630 928 838 963 vetustiores
856 955 865 970 ‚
904 939 971 973 quo
994 927 1224 963 modestiores
1253 929 1287 963 iu
1319 929 1385 964 hac
1417 932 1527 966 causa.
1581 933 1762 970 Accurfius
1784 933 1842 969 hic
1857 933 1935 973 illics

166 979 426 1015 'l'ribonianum
452 978 618 1013 odoratus
651 976 719 1018 est,
757 977 814 1012 sed
833 988 934 1022 quam
958 976 1170 1022 parciffime3
1204 977 1277 1012 vidi
1304 986 1442 1020 tamen,
1468 980 1541 1026 ejus
1563 981 1838 1019 Observationes
1855 994 1939 1026 ern-⁴¹

164 1028 371 1065 blernaticas
399 1027 484 1063 alios
511 1026 656 1069 deinde,
692 1024 867 1071 suppresso
888 1027 1050 1069 nomine,
1076 1025 1149 1060 suas
1172 1024 1312 1069 feciss'e,
1336 1026 1371 1061 ἃ
1390 1028 1482 1063 dabo
1501 1029 1634 1077 aliquot
1655 1031 1727 1078 ejus
1742 1033 1792 1068 rei
1812 1043 1933 1074 exem-,-

165 1078 234 1124 pla.
287 1077 415 1113 Schola
431 1086 554 1118 vetus,
583 1074 784 1110 Accurslum
813 1076 972 1122 sequuta,
1005 1075 1080 1110 haec
1097 1074 1229 1110 scilicet
1252 1076 1345 1110 sacra
1362 1076 1560 1122 ignorabat.
1613 1081 1681 1116 Sed
1699 1092 1742 1116 ex
1761 1092 1830 1129 quo
1853 1081 1929 1117 lite.

166 1139 221 1162 ras
238 1126 281 1162 ad
303 1125 617 1173 Jurisprudentiam
634 1124 751 1159 attulit
770 1123 938 1170 posterior
957 1135 1038 1159 aetas
1060 1151 1070 1168 ‚
1096 1135 1148 1158 nae
1164 1124 1234 1159 dici
1251 1125 1313 1159 vix
1333 1125 1467 1171 potest,
1494 1139 1597 1174 quam
1619 1130 1781 1175 impense
1792 1131 1930 1176 placue-

164 1177 211 1212 rit
240 1175 387 1211 studium
411 1174 697 1220 deprehendendi
723 1173 944 1209 Triboniani.
1003 1173 1161 1208 Andreas
1182 1173 1342 1208 Alciatus
1370 1173 1407 1210 δε
1425 1175 1601 1211 literarum
1620 1176 1657 1212 <St
1676 1178 1777 1225 hujus
1793 1183 1930 1226 quoque

169 1225 273 1260 studii
299 1223 432 1270 siguum
450 1223 577 1268 ubique
593 1223 738 1264 extulit,
762 1222 842 1268 quin
870 1222 909 1256 L.
930 1222 995 1256 Vl.
1021 1222 1156 1266 Parerg.
1188 1222 1220 1255 C.
1243 1233 1296 1264 14.
1323 1223 1435 1267 palam
1453 1224 1637 1261 adfirmare
1655 1238 1724 1262 non
1744 1230 1940 1272 erubescit,

168 1273 425 1311 Tribonianum
450 1281 582 1307 tantum
600 1281 670 1305 non
688 1272 821 1316 semper
838 1270 981 1305 mutasse
996 1270 1247 1305 pandectarum
1276 1271 1371 1317 leges
1387 1298 1397 1313 ,
1422 1272 1457 1307 in
1475 1274 1608 1308 Codice
1637 1275 1830 1322 abrogatas.
1881 1279 1931 1313 A·

168 1325 273 1360 cerba
294 1322 402 1358 etiam
425 1322 467 1356 de
492 1320 758 1355 emblematibus
785 1319 945 1355 balduini
969 1320 1106 1365 querela
1131 1318 1181 1354 est
1207 1321 1284 1354 Not.
1305 1320 1348 1354 ad
1369 1320 1594 1367 Prolegomena
1609 1323 1758 1366 Pandec‘l.
1785 1326 1954 1373 Jacobus'

170 1372 333 1419 Cujacius
356 1369 393 1406 &
409 1369 609 1406 Franciscus
630 1368 955 1416 Hotomanusjusto
969 1369 1089 1415 praelio
1115 1368 1244 1403 deinde
1264 1369 1520 1406 Tribonianum
1546 1372 1691 1418 aggresfi
1708 1377 1802 1418 sunt,
1827 1375 1933 1410 etiam

170 1435 215 1459 ex
231 1421 302 1456 solo
317 1419 414 1463 stilo,
440 1419 497 1454 ubi
513 1417 698 1464 nihiljuris
718 1418 805 1453 novi
821 1427 917 1460 erat,
942 1429 1022 1452 eum
1039 1416 1157 1462 paffim
1178 1429 1349 1453 eruentes·
1405 1420 1509 1455 Adeo
1538 1421 1671 1457 scilicet
1694 1422 1864 1459 fafitorum
1881 1424 1930 1460 in-

170 1482 302 1507 nocens
320 1479 391 1504 erat
406 1466 643 1503 Tribonianus
662 1495 673 1510 ,
700 1477 736 1502 ut
754 1467 860 1503 etiam
880 1468 988 1503 verba
1014 1467 1087 1512 ejus
1110 1477 1309 1513 arguantur.
1362 1469 1496 1515 Cujacii
1524 1470 1700 1507 auditores
1715 1499 1724 1516 ,
1753 1473 1846 1511 Petri
1869 1473 1938 1509 Fa·,

169 1523 232 1556 ber
261 1519 297 1554 ἅ
324 1519 496 1559 Pithoeus,
531 1514 744 1561 Giphanius,
780 1516 978 1560 Merillius,
1017 1516 1054 1551 &
1085 1516 1143 1563 qui
1168 1527 1237 1551 non
1266 1517 1349 1552 alii?
1376 1517 1411 1552 in
1432 1518 1500 1554 hoc
1517 1519 1591 1566 ipso
1609 1520 1720 1556 studio
1739 1522 1934 1559 cerviculas

171 1572 247 1606 suas
258 1567 452 1615 jafiarunt,
478 1575 548 1601 tarn
567 1564 675 1600 effusa
698 1565 908 1601 liberalitate
926 1591 938 1609 ,
973 1573 1011 1600 ut
1035 1564 1095 1600 fibi
1112 1565 1314 1600 viderentur
1338 1566 1410 1613 plus
1428 1568 1567 1612 sapere,
1594 1580 1663 1616 quo
1683 1573 1793 1618 magis
1809 1572 1942 1614 scirent,¹

171 1619 353 1659 secernere
378 1615 470 1651 sacra
497 1613 666 1660 profanis.
697 1615 771 1650 .Ad
801 1615 861 1650 has
886 1614 1004 1660 epulas
1037 1615 1182 1650 Marcus
1209 1615 1416 1651 Vertranius
1443 1617 1591 1653 Maurus
1613 1619 1720 1654 etiam
1744 1620 1940 1667 symbolam¹

171 1668 265 1703 suam
291 1666 439 1702 contulit
454 1691 462 1706 ,
498 1675 584 1699 ecce
614 1663 707 1698 enim
737 1664 843 1698 Libro
861 1665 897 1699 de
924 1663 1010 1708 Jure
1034 1664 1246 1707 Liberorum,
1271 1675 1341 1699 non
1364 1674 1551 1701 contentus
1566 1667 1724 1713 quaedam
1741 1670 1855 1717 capita
1874 1670 1943 1712 ob„

172 1717 331 1759 servare,
357 1727 433 1760 quae
451 1713 690 1749 'sribonianus
717 1712 774 1747 hic
797 1713 867 1748 illic
893 1714 1001 1757 mala,
1036 1713 1108 1748 imo
1127 1714 1217 1748 nulla
1246 1712 1317 1748 fide
1335 1713 1579 1762 descripsisset,
1606 1717 1640 1752 C.
1666 1717 1787 1754 XVII.
1813 1719 1909 1755 addit
1922 1744 1944 1765 2.

173 1767 209 1802 se
236 1764 400 1801 notandis
430 1762 697 1799 emblematibus
718 1762 835 1797 Libros
850 1761 1099 1809 syntagmatum
1137 1761 1318 1798 destinaffe
1336 1789 1346 1805 ‚
1380 1764 1472 1810 quod
1492 1776 1617 1812 nempe
1635 1765 1711 1802 haec
1727 1766 1811 1803 esset
1828 1777 1944 1805 mate··

175 1818 267 1859 ries,
294 1825 369 1862 quae
385 1825 452 1849 non
474 1810 535 1848 nifi
554 1812 699 1858 integris
715 1812 830 1847 Libris
855 1810 1056 1858 pertractari
1081 1811 1192 1857 possit.
1248 1811 1380 1847 Eadem
1406 1812 1554 1860 vestigia
1571 1813 1608 1850 ἃ
1631 1815 1688 1850 alii
1708 1815 1827 1862 postea
1847 1816 1944 1864 pres·¹

175 1866 311 1907 serunt,
346 1862 434 1898 serio
457 1861 652 1897 exultantes
669 1887 679 1902 ‚
712 1859 736 1894 sl
760 1860 843 1907 quid
869 1860 1081 1896 Triboniani
1108 1860 1245 1907 poffent
1273 1861 1399 1896 alicubi
1428 1861 1601 1906 olfacere;
1637 1875 1752 1911 neque
1769 1866 1946 1914 majorum·

177 1914 348 1950 duntaxat
365 1911 535 1947 Gentium
553 1911 785 1954 interpretes,
812 1908 870 1944 sed
886 1907 924 1945 ἃ
941 1910 1113 1944 minorum
1130 1910 1165 1945 in
1184 1910 1274 1945 hanc
1295 1921 1434 1946 arenam
1451 1911 1667 1948 descendunt
1683 1939 1695 1958 ,
1720 1912 1758 1949 ὅ(
1774 1914 1807 1950 se
1824 1926 1946 1957 exem-2

177 1963 236 2009 plo
256 1962 423 2007 majorum
445 1969 594 1995 tuentur.
649 1959 734 1993 Non
764 1958 897 1993 scilicet
924 1957 1153 1994 nasutioribus
1178 1958 1425 1994 tantummodo
1450 1959 1499 1995 est
1516 1961 1622 1996 odora
1638 1973 1763 1998 canum
1784 1965 1854 2007 vis,
1881 1973 1958 2004 vens

176 2023 254 2047 sum
288 2009 326 2045 ἅ
347 2013 460 2044 minus
486 2007 615 2043 nasutis
636 2005 673 2042 ἃ
700 2007 993 2044 homuncionibus
1013 2008 1056 2043 de
1079 2010 1192 2055 plebe.
1243 2010 1360 2056 Atque
1384 2010 1446 2045 hos
1464 2021 1586 2046 omnes
1604 2011 1763 2048 defendit
1779 2023 1942 2050 numerus

176 2058 375 2107 junctaeque
402 2059 551 2093 umbone
569 2057 772 2104 phalanges·

230 2158 299 2204 Sed
318 2168 386 2203 quo
406 2168 570 2199 numero,
597 2167 710 2202 quave
727 2154 936 2192 auetoritate
958 2155 1020 2192 sint
1036 2184 1045 2200 ‚
1067 2157 1125 2203 qui
1143 2165 1211 2192 tarn
1232 2156 1369 2201 prolixe
1385 2157 1592 2193 emblemata
1611 2157 1669 2194 libi
1691 2159 1848 2206 fingunt,
1875 2171 1946 2209 ego,
1963 2165 1967 2172 '

184 2219 302 2243 eorum
329 2206 499 2242 sententia
526 2216 594 2240 non
627 2214 714 2239 utor.
767 2205 896 2251 Neque
935 2207 1041 2244 etiam
1071 2206 1147 2240 usus
1170 2205 1218 2240 est
1239 2206 1429 2252 Gregorius
1449 2207 1586 2252 Lopez,
1613 2209 1718 2253 JCtus
1740 2210 1944 2256 Hispanus,

182 2253 520 2299 Aniinadverfionihus
550 2253 651 2299 Juris
679 2254 815 2288 Civilis.-
849 2266 928 2290 nam
949 2265 985 2289 ut
1004 2256 1039 2290 in
1057 2254 1254 2301 Praefcztione
1272 2256 1452 2301 Justiniani
1473 2254 1510 2290 ἃ
1534 2256 1744 2293 Triboniani
1761 2260 1895 2295 causam
1909 2270 1944 2295 a·

184 2307 239 2352 git
262 2304 423 2340 adversus
452 2315 533 2345 eos,
568 2303 625 2350 qui
646 2314 854 2349 quocunque
881 2305 988 2339 modo
1017 2313 1198 2350 utrumque
1227 2304 1450 2349 proscindunt
1481 2304 1518 2340 ἃ
1547 2307 1818 2351 calumniantur,
1843 2307 1970 2344 ita&-v

188 2355 265 2400 Cap.
291 2354 393 2389 Vlll.
421 2353 573 2399 graviter
594 2362 733 2398 perorat
754 2351 914 2387 adversus
931 2365 1011 2396 eos,
1037 2353 1096 2398 qui
1122 2353 1331 2388 Triboniani
1357 2354 1665 2399 interpolationes,
1701 2357 1806 2391 etiarn
1824 2356 1948 2392 leviffi-

186 2404 253 2438 mis
275 2403 319 2438 de
334 2401 458 2443 causis,
491 2403 658 2448 probant,
691 2401 725 2435 in
748 2401 837 2436 hanc
863 2413 936 2436 rem
960 2400 1113 2437 sufficere
1140 2413 1277 2448 quoque
1294 2402 1377 2445 rati,
1415 2402 1507 2449 quod
1523 2403 1618 2445 Lex,
1646 2415 1747 2449 quam
1769 2405 1861 2440 forte
1877 2415 1947 2441 non

186 2452 406 2498 intelligunt,
438 2449 499 2485 fibi
529 2451 691 2485 videatur
713 2450 796 2484 dura
814 2476 823 2492 ,
859 2449 982 2494 stulta,
1017 2450 1177 2486 absurda:
1206 2451 1251 2485 sic
1274 2452 1365 2486 enim
1390 2463 1472 2486 mox
1493 2450 1711 2487 Tribouiano
1726 2453 1949 2497 adscribere,

189 2512 339 2546 eumque
361 2511 438 2534 cum
456 2500 571 2544 elogio
589 2499 713 2534 ridere.
766 2498 847 2548 Quo
867 2501 1009 2535 nomine
1030 2500 1086 2535 vel
1104 2499 1255 2534 maxime
1271 2499 1410 2540 infamis
1432 2499 1480 2534 est
1496 2501 1605 2536 Faber
1624 2502 1809 2538 Antonius.
1861 2503 1947 2539 Gra·
1971 2497 1974 2500 ¹

189 2551 282 2585 tulor
305 2558 421 2584 autern
446 2548 733 2594 Jurisprudentiae
759 2548 946 2591 Romame,
980 2549 1072 2595 quod
1094 2547 1131 2582 ἃ
1156 2549 1314 2595 proxima
1344 2548 1380 2584 <Sc
1399 2547 1512 2583 nostra
1540 2559 1641 2585 aetate
1659 2550 1853 2587 exstiterint
1873 2577 1885 2596 ,
1910 2549 1974 2588 δι’

191 2599 298 2636 etiam
316 2608 408 2633 nunc
424 2596 559 2631 exstent
578 2597 656 2632 Viri
681 2608 831 2643 graves,
857 2597 1063 2643 prudentes,
1098 2595 1136 2632 δε
1162 2599 1249 2633 bene
1278 2598 1446 2641 consulti,
1479 2598 1601 2644 quibus
1623 2599 1780 2646 displicet
1796 2601 1884 2636 male
1901 2600 1948 2638 sa-

191 2660 237 2683 na
256 2648 314 2683 illa
329 2646 535 2689 cacoethes,
567 2645 692 2692 quique
715 2645 801 2680 adeo
827 2647 923 2681 omni
943 2657 1010 2692 ope
1029 2646 1146 2691 priscis
1170 2646 1378 2682 Auctoribus
1396 2646 1574 2682 vindicant
1593 2674 1602 2689 ‚
1629 2649 1722 2694 quod
1751 2660 1871 2685 eorum
1887 2660 1950 2685 ποι

192 2697 288 2732 mine
309 2695 359 2731 est
375 2694 549 2740 proditum
569 2695 781 2740 editumque.
834 2695 965 2736 Multi,
1001 2695 1116 2741 inquit
1139 2695 1191 2730 Cl.
1208 2695 1423 2731 Heincccius
1453 2697 1549 2730 Orat.
1573 2697 1608 2730 de
1625 2696 1922 2744 Jciissemidoctis
1937 2725 1950 2743 ,

192 2748 246 2791 qui
271 2748 304 2780 in
323 2741 733 2789 Tribonianumsaevizmt,
759 2754 820 2777 non
842 2745 1127 2786 animadvertunt,
1158 2756 1218 2778 non
1237 2745 1324 2779 illius
1351 2746 1475 2790 culpam
1502 2743 1560 2791 effi
1583 2770 1594 2788 ‚
1610 2745 1774 2792 sedsuam
1795 2774 1804 2789 ‚
1831 2745 1950 2794 &ple-

193 2806 321 2840 rosque,
347 2806 421 2840 quos
441 2792 508 2837 fibi
523 2791 658 2838 fingunt
676 2819 685 2834 ‚
724 2790 1018 2836 Tribonianismos,
1044 2795 1077 2826 in
1093 2792 1226 2839 fumum
1247 2796 1410 2836 abituros,
1426 2792 1459 2837 st
1474 2797 1647 2839 quispanlo
1668 2796 1740 2841 plus
1753 2795 1890 2842 praefidii
1911 2797 1950 2831 li-

196 2852 335 2878 terarum
362 2844 405 2878 ad
425 2841 724 2887 Jurisprudentiam
752 2842 913 2876 attulerit.
965 2841 1032 2889 Qui
1059 2841 1218 2886 praesidio
1242 2843 1415 2878 literarum
1442 2842 1699 2879 Tribouianum
1725 2846 1950 2890 adoriuntur,
1984 2860 1989 2867 ·

198 2901 234 2926 ut
257 2891 381 2928 adoriri
398 2891 525 2934 solent,
551 2890 675 2926 iisdem
692 2890 793 2925 armis
812 2890 956 2925 omnino
973 2889 1170 2925 debellandi
1187 2889 1272 2925 sunt.
1958 2890 1963 2895 '

244 2987 324 3034 Quo
351 2988 468 3023 animo
493 2988 563 3034 ipse
589 2987 646 3023 {im
664 3014 676 3033 ,
708 2987 746 3024 δε
768 2988 839 3034 jam
867 2999 885 3022 a
910 2986 1090 3033 dupondio
1117 2985 1242 3022 fuerim
1269 2988 1303 3022 in
1328 2987 1540 3024 vindicanda
1563 2989 1766 3035 integritate
1791 3001 1949 3029 veterum

201 3034 388 3079 JCtorum,
419 3037 504 3072 scies
532 3036 741 3073 fortasseex
768 3038 841 3079 his,
866 3047 941 3082 qua:
972 3035 1107 3081 publice
1126 3038 1261 3070 molitus
1286 3038 1366 3071 sum.
1417 3037 1502 3071 Cavi
1527 3037 1710 3083 diligenter
1726 3052 1740 3083 ,·
1761 3052 1806 3077 ne
1822 3042 1949 3078 emble-

199 3093 291 3117 mata
314 3093 384 3118 tam
401 3085 493 3131 large
517 3085 602 3121 mihi
621 3087 758 3122 obtrudi
777 3096 921 3132 paterer.
974 3085 1043 3120 Ubi
1064 3094 1116 3118 res
1137 3084 1336 3128 incidebat,
1363 3086 1484 3120 incidit
1507 3097 1621 3121 aurem
1647 3088 1782 3132 saepius,
1808 3090 1950 3126 defendi

201 3129 238 3163 <Sc
255 3131 463 3166 Auctoribus
484 3133 545 3168 suis
562 3134 693 3170 restitui
714 3136 808 3170 varia
829 3136 923 3177 loca,
947 3144 1022 3178 quae
1041 3132 1150 3178 spuria
1167 3132 1203 3167 ἀ
1220 3145 1238 3166 a
1265 3133 1484 3169 'l'riboniano
1512 3134 1681 3180 supposita
1702 3139 1950 3184 credebantur,

201 3176 238 3213 ὅ(
254 3178 326 3214 aliis
346 3178 437 3215 forte
458 3182 599 3222 salivam
623 3184 743 3228 movi,
776 3193 811 3220 ut
835 3183 873 3221 iu
899 3193 942 3219 eo
962 3181 1070 3219 stadio
1086 3193 1189 3232 porro
1213 3183 1446 3219 decurrerent.
1502 3183 1623 3220 Laudo
1639 3185 1755 3232 itaque
1774 3186 1949 3225 confilium

1871 3236 1951 3275 Viri
1960 3234 1964 3242 “
