2008 3436
432 95 462 129 R
498 96 522 129 E
558 97 589 130 R
624 98 654 132 U
690 96 732 130 M
809 106 829 129 ε
865 105 886 127 τ

67 186 177 214 Littera
194 186 220 212 in
238 184 351 216 eadem,
374 194 428 220 qua
447 195 537 218 mare,
559 185 639 213 causa
656 184 725 213 sunt.
760 185 795 213 11.
820 192 883 219 139.
905 193 930 212 a.

68 240 75 246 -
200 222 346 259 quomodo
364 226 523 252 communia
541 226 678 252 dieantur.
866 223 930 250 ibid.

67 261 268 290 leucurettrtrm
286 260 388 288 dicitur
405 264 557 290 conductor
575 269 687 297 operam
701 260 784 289 suam.
796 262 818 289 1.
843 263 888 295 83.
907 262 931 288 I).

69 301 233 330 Lucatioms
249 301 443 329 conductionis
461 302 516 328 duo
535 300 595 328 suut
609 308 722 336 genera.
819 307 884 333 252.
907 299 932 326 17.

127 356 145 360 -
167 341 192 366 ot
211 339 343 365 emtionis
362 339 520 367 differentia
867 336 931 364 ibid.

68 379 139 408 Loci
170 385 268 414 pugna:
292 377 434 405 condictio
456 386 513 405 nou
542 374 582 404 est
613 375 762 404 Περι-1111113
791 374 818 402 in
842 374 932 402 bello.

763 414 798 441 ll.
824 421 885 447 ¹93-
908 423 932 440 α.

69 456 134 485 Loci
151 454 205 482 sive
222 453 290 481 Loca
307 454 418 489 proprIe
440 457 520 480 erant
544 458 670 480 veterum
686 452 820 489 JCtorum
840 451 933 479 11111111-

106 495 153 522 e'tae
175 493 324 521 leutentioe.
775 491 797 518 1.
822 492 885 518 162.
908 491 932 517 b.

68 532 151 561 Lacu.
169 532 194 560 δι
208 537 282 567 caput
297 529 373 567 paria
391 528 468 562 sunt,
489 529 589 564 quibus
608 529 816 558 adscribebatur
839 536 934 592 numa.)-

108 580 162 598 1us.
868 568 914 594 ibic
928 586 934 593 .

70 609 152 637 Lat-21,
170 606 243 644 apud
260 604 396 633 Oratores
419 604 457 633 est
478 612 676 643 argumentum,
699 605 743 634 vel
756 605 831 643 sedes
854 613 937 641 argu-

109 648 196 675 menti.
827 646 890 677 163.
912 652 937 670 a.

70 685 135 713 Loci
161 684 244 711 etiam
269 681 435 710 dicebantur
457 683 599 720 particular
623 683 729 719 Legum
746 705 754 717 ,
774 682 936 711 Edictorum

108 725 133 751 <St
149 720 403 750 constitutionum.
870 719 935 747 ibid.

69 761 240 798 Ltvquuziones
256 760 398 795 generales
417 759 484 788 Vid.
504 760 636 788 General.

167 799 293 835 geminae.
318 799 382 825 Viti.
404 799 534 826 Gemina.

69 839 153 867 Loris
177 838 266 869 caedi.
290 836 386 864 senile
408 837 460 864 fuit
491 837 617 865 habitum
641 835 665 865 ὅ(
689 835 812 864 maxime
837 839 935 862 contu-

111 876 272 908 meliosum,
296 875 371 902 secus
391 883 422 902 ae
439 875 566 911 flagellis.
692 883 753 909 152.
776 876 800 901 b.
825 880 888 907 153.
908 881 934 900 a.

72 914 172 943 Lucius
186 914 280 942 'l'itius
298 913 465 950 suppositum
475 922 580 942 nomen
595 912 719 949 est‚‹]uo
734 913 854 948 exempli
872 919 936 938 cau·

112 953 136 981 sa
156 961 271 981 utuntur
287 953 360 989 JCtr.
634 953 656 979 1.
680 959 723 987 39.
741 951 764 978 b.
786 952 821 978 ll.
845 957 887 984 13-
909 958 934 976 a.

69 991 207 1020 Luctuosa
226 992 365 1018 hereditas
385 999 454 1026 quae.
802 990 822 1017 1.
844 990 889 1023 36.
911 988 936 1015 b.

71 1032 175 1059 Luc-‘tus
193 1031 414 1066 propinquorum
439 1028 478 1057 est
502 1028 695 1061 voluntarius,
724 1027 937 1056 commendatur

112 1078 126 1096 a
153 1069 209 1097 sola
241 1066 385 1095 honestate
412 1068 438 1095 &
461 1069 585 1095 moribus
602 1088 611 1102 ,
640 1067 684 1095 seu
708 1067 858 1102 negligitur
882 1065 937 1092 line

112 1107 170 1135 ullo
186 1107 535 1142 cuju>quampraejt1dicim
697 1112 758 1140 159.
784 1108 847 1133 160.
873 1106 936 1132 161.

173 1153 230 1172 non
248 1144 365 1180 impedit
387 1144 507 1180 nuptias.
830 1150 892 1177 159.
912 1151 937 1169 a.

72 1184 176 1213 Luctus
193 1182 351 1210 viduatum.
874 1182 938 1214 158.

72 1222 176 1252 Luctus
192 1223 264 1248 ratio
290 1223 315 1248 in
341 1220 433 1248 viduis
457 1219 496 1248 est
514 1226 602 1248 metus
626 1221 725 1250 incerti
748 1225 861 1258 partuS,
882 1226 940 1246 non

111 1261 268 1289 reverentia
286 1259 407 1286 defuncti
429 1260 530 1286 mariti.
828 1258 893 1286 ibid.
916 1266 940 1285 a.

71 1314 150 1322 -—--
171 1298 270 1326 eadem
285 1297 321 1325 eli
335 1297 400 1335 Jure
416 1297 575 1325 Pontificio.

73 1351 153 1362 .—-
177 1337 323 1365 viduarum
350 1343 461 1372 urgetur
489 1345 504 1363 a
529 1337 640 1364 ratione
666 1335 761 1370 civili,
778 1343 831 1363 nec
847 1335 938 1371 negli-

112 1376 186 1412 gitur
215 1375 269 1403 nne
295 1381 370 1402 metu
394 1376 611 1403 intervertendae
638 1375 800 1402 hereditatis
817 1395 824 1408 ,
846 1373 872 1402 &
889 1381 944 1402 tur-

110 1414 197 1442 bandi
215 1422 276 1442 cum
295 1415 408 1441 turbato
429 1414 559 1449 sanguiue
577 1414 752 1448 patrimonii.
830 1416 892 1442 160.
917 1413 943 1440 b.

75 1452 205 1488 Lugendi
235 1452 382 1480 viduarum
414 1459 523 1488 tempus
551 1451 620 1479 olim
645 1451 699 1479 fuit
720 1451 757 1479 X.
779 1452 886 1480 menses
908 1459 942 1480 ex

115 1491 237 1527 Legibus
253 1490 387 1523 Romuli,
409 1499 483 1518 nunc
499 1499 587 1518 annus
606 1489 654 1518 est.
704 1493 765 1524 158.
786 1500 811 1518 a.
835 1494 897 1519 160.
917 1490 942 1519 b.

74 1529 204 1565 Lugendi
230 1537 337 1567 tempus
359 1537 411 1557 nec
433 1530 499 1558 viris
514 1550 522 1563 ,
557 1537 610 1556 nec
633 1529 778 1565 patribus,
800 1537 853 1557 nec
879 1528 942 1557 filiis

113 1568 199 1596 ullum
219 1568 267 1597 est.
875 1568 940 1596 ibid.

73 1607 186 1643 Lugere
201 1614 271 1642 quos
286 1615 342 1635 non
358 1606 463 1635 liceret.
851 1609 896 1640 96.
918 1608 943 1635 b.

75 1645 199 1673 Lulitani
216 1654 291 1674 inare
301 1647 475 1685 Atlanticum
489 1644 538 1673 sibi
554 1644 708 1674 vindicant.
772 1645 798 1673 ΙΙ
830 1653 894 1680 134.
915 1655 943 1674 α.

75 1685 165 1713 Lusus
180 1684 301 1714 'surrilis
317 1686 389 1722 quis.
785 1684 807 1711 1.
829 1690 894 1717 322.
915 1693 941 1712 α.

76 1722 188 1754 Luxus,
208 1731 261 1759 pro
280 1732 332 1758 co,
356 1722 433 1759 quod
446 1724 567 1752 limatum
581 1720 633 1760 est,
650 1721 677 1751 ὅτ.
691 1721 845 1752 laxatione.
858 1729 902 1757 71.
917 1724 942 1751 17.

490 1840 535 1870 M.

77 1881 268 1957 Maeciani
295 1918 366 1948 liber
388 1926 421 1946 ex
442 1917 520 1955 Lege
543 1916 658 1946 Rhodia
678 1921 768 1946 utrum
791 1916 892 1946 Latine
908 1925 944 1946 an

116 1960 213 1988 Graece
231 1959 355 1994 scriptus.
782 1958 817 1984 ll.
836 1966 898 1985 100,
918 1966 944 1985 α.

77 1997 197 2027 Maevius
221 1997 330 2033 antiqui
355 1994 510 2024 scribebant
530 1995 552 2023 E
571 1994 706 2032 simplici,
727 1994 754 2023 ἃ
777 1996 812 2023 U.
842 1995 944 2023 vocali.

77 2075 193 2112 Magis.
214 2072 350 2111 particula
365 2072 461 2101 omissa
477 2078 542 2101 ante
562 2081 646 2108 quam.
851 2080 896 2106 29.
920 2074 944 2100 b.

79 2113 215 2149 Magister
231 2114 357 2149 equitum
373 2112 512 2139 Dictatort
528 2110 688 2146 adjunctus,
710 2117 741 2139 ut
756 2111 877 2139 Tribuni
894 2111 946 2139 Ce-

119 2153 204 2179 lerum
218 2152 330 2187 regibus
348 2149 479 2184 adjuncti.
700 2157 762 2184 313.
785 2151 809 2178 la.
834 2158 898 2184 314.
918 2159 944 2179 a.

79 2187 217 2227 RIagistro
239 2190 318 2217 navis
334 2210 341 2222 ,
364 2189 492 2224 quamvis
524 2188 603 2216 navis
625 2189 763 2224 perierit,
799 2188 944 2216 mercedes

116 2229 255 2256 debentur
268 2249 275 2260 ,
298 2227 316 2254 ri
329 2226 390 2254 aliis
405 2227 542 2260 navibus,
559 2225 604 2254 vel
618 2227 754 2255 naviculis
770 2234 878 2255 merces
895 2226 944 2255 suo

119 2267 229 2302 sumptu
247 2265 281 2293 ad
299 2265 430 2293 dominos
446 2265 602 2301 pertulerit.
774 2267 811 2294 11.
832 2274 897 2301 471.
919 2267 944 2294 b.

79 2319 160 2328 -——
180 2305 349 2340 navigaturo
372 2304 420 2338 qui
441 2303 588 2340 pecuniam
611 2303 751 2338 credidit,
773 2305 857 2333 etiam
879 2313 948 2333 con-

121 2343 228 2373 senfiffe
243 2342 352 2374 videri,
373 2348 402 2370 ut
423 2350 457 2370 ex
477 2350 513 2379 ea
533 2350 639 2371 merces
656 2351 820 2379 comparare
838 2343 947 2373 liceret.

79 2435 160 2444 -—
177 2420 257 2448 datur
267 2419 388 2448 retentio
396 2417 430 2446 ad
440 2418 681 2448 contributionem
689 2391 855 2449 bonorum.4
852 2391 945 2456 477211.

80 2459 218 2496 Magister
234 2459 314 2488 navis
327 2457 508 2495 praedatoriae.
529 2458 565 2485 V.
586 2458 678 2486 Navis
693 2458 843 2496 praedator.

182 2496 369 2526 universitatis
385 2495 458 2523 idem
475 2504 508 2523 ac
523 2495 671 2532 Syndicus.
784 2499 807 2526 1.
830 2506 897 2534 230.
920 2499 944 2527 b.

81 2536 212 2572 Magistri
229 2537 303 2564 bona
319 2535 496 2568 debitorum,
509 2535 556 2570 qui
572 2533 637 2563 foro
646 2535 798 2572 cesserant,
812 2536 946 2566 distrahe-

123 2576 207 2611 bant,
224 2574 319 2611 postea
329 2573 476 2600 Curatores.
835 2575 900 2604 ibid.
919 2585 946 2604 a.

82 2613 265 2649 Magistratus
281 2619 379 2642 omnes
396 2611 537 2639 cessabant
551 2617 647 2640 creato
663 2611 818 2642 Dictatore.
841 2621 906 2648 314.
917 2623 945 2642 a.

82 2666 163 2674 --
183 2651 317 2685 Legitimi
326 2656 509 2686 opponuntur
524 2655 601 2678 extra
611 2651 739 2678 ordinem
753 2653 861 2680 creatis.
879 2651 946 2680 ibid.

81 2703 164 2712 -—-
184 2697 241 2717 non
258 2688 406 2721 dicuntur,
428 2688 477 2724 qui
492 2696 550 2716 non
567 2688 628 2717 sunt
641 2689 787 2719 ordinarii.
834 2693 898 2725 318.
919 2700 945 2718 a.

80 2727 284 2764 Magistratus,
304 2734 362 2761 quo
381 2735 456 2754 anno
470 2735 534 2755 cum
551 2728 669 2763 imperio
686 2727 746 2757 sunt
760 2750 768 2762 ‚
791 2729 900 2757 causam
916 2729 944 2756 in

122 2766 229 2802 iudicio
245 2772 303 2793 non
319 2770 423 2800 agunt,
443 2766 490 2793 vel
505 2764 676 2799 defendunt,
698 2767 747 2795 nist
767 2767 890 2796 actiones
905 2776 945 2796 es-

105 2805 164 2834 sent
179 2804 340 2832 interiturae.
835 2813 900 2840 273,
920 2815 945 2834 a,

83 2857 164 2866 --
185 2840 376 2878 Municipales
396 2839 431 2869 de
445 2841 527 2871 rebus
535 2850 594 2872 non
609 2843 779 2879 Judicarunt,
793 2844 843 2873 nifi
860 2844 946 2880 usque

124 2881 160 2910 ad
176 2887 280 2908 certam
297 2879 440 2907 summam.
836 2890 899 2918 147.
915 2892 946 2911 a.

182 2932 262 2942 —a
282 2917 433 2954 quamdam
447 2916 670 2954 Jurisdiffionem
686 2921 855 2949 habuerunt.
881 2920 946 2949 ibid.

85 2957 266 2993 Magistratus
280 2964 338 2984 non
355 2956 393 2985 ita
415 2961 446 2983 ut
460 2955 590 2994 Princeps
609 2958 781 2995 singulorum
802 2961 878 2988 bona
897 2966 947 2995 po-

123 2996 175 3024 test
187 2996 322 3030 obligare.
822 2999 857 3026 11.
881 3000 947 3033 264.

84 3034 266 3070 Magistratus
281 3033 308 3062 <St
321 3031 432 3070 Judices
448 3039 545 3061 omnes
559 3032 646 3062 hodie
655 3034 716 3064 sunt
729 3035 807 3073 quafi
827 3036 949 3064 Manda-

124 3073 187 3101 tarii
200 3071 412 3110 jurisdictionis.
836 3077 902 3102 260.
923 3075 948 3102 b.

61 3142 65 3146 ,
86 3126 165 3134 -——
185 3119 282 3139 omnes
305 3109 426 3138 Urbium
449 3109 484 3137 ab
510 3108 668 3138 Ordinibus
692 3110 832 3141 Foederati
860 3111 951 3147 Belgii

105 3148 211 3178 habent
226 3148 392 3187 potestatem
409 3147 594 3176 creandorum
608 3147 743 3182 judicum.
839 3153 903 3179 261.
923 3160 950 3178 a.

86 3201 166 3252 -ΐ
187 3195 228 3255 an1
232 3194 383 3255 Iteneantur
397 3186 529 3214 resarcire
543 3185 675 3215 damnum
691 3206 700 3222 ,
721 3187 797 3223 quod
815 3189 892 3217 cives
910 3187 950 3216 di-

149 3233 196 3255 am.
246 3247 253 3255 .

835 1305 897 1332 159.
918 1305 943 1323 a.

965 94 1475 136 VERBORUM.
1767 114 1835 148 501

1013 186 1144 222 reptione
1160 185 1259 214 aetliutn
1277 187 1385 216 suarum
1403 189 1463 218 sunt
1481 192 1554 227 pam.
1676 195 1710 222 11.
1728 197 1791 228 289,
1815 197 1840 222 levr

975 224 1156 258 Magistratus
1188 226 1306 252 0111111110
1332 226 1475 256 indemnes
1501 230 1607 258 servare
1637 231 1741 260 debent
1763 242 1812 260 (os
1830 253 1841 266 ,-

1011 264 1058 298 qui
1083 263 1148 290 dum
1164 263 1237 299 leges
1258 264 1302 291 vel
1325 264 1475 294 sententia»=
1490 269 1694 304 exsequuntur,
1721 272 1780 299 sunt
1798 273 1839 297 111.

1014 302 1097 344 repti.
1777 309 1844 336 ibid.

976 340 1197 375 Magiltratuum
1221 347 1255 367 an
1289 339 1395 369 interfit
1422 349 1457 369 ne
1489 350 1657 378 prorogetur
1682 345 1841 382 Jurisdiclio

976 414 1155 451 Magistratui
1179 416 1301 451 Hagano
1323 422 1433 455 exteros
1457 418 1543 454 Hagae
1561 418 1693 448 arrestare
1715 387 1842 450 0111111011

1012 454 1088 481 licet.
1776 467 1841 491 300.

976 490 1108 528 Majestas
1129 499 1180 527 pro
1197 491 1291 522 Patria
1305 492 1434 530 potestate.
1687 496 1708 523 1.
1732 488 1795 530 346.
1818 499 1842 526 ll.

978 530 1134 564 Maiestatis
1151 531 1255 559 crimen
1273 540 1308 559 an
1323 535 1524 567 committatur,
1535 532 1625 569 siquis
1635 532 1668 560 ad
1684 533 1773 561 forum
1784 544 1843 563 non

1017 575 1181 605 competens
1204 576 1330 598 vocatur.
1675 573 1708 599 ll.
1737 576 1797 606 rol.
1820 575 1844 601 Ι).

978 607 1085 644 Majore
1113 613 1240 644 tempore
1282 608 1348 644 quid
1384 609 1517 646 significet
1547 609 1621 646 apud
1654 610 1844 646 Pomponium

1688 650 1709 677 l.
1734 657 1796 683 3131
1820 652 1845 678 b.

980 684 1086 718 Maiori
1106 705 1113 717 ,
1129 684 1176 719 qui
1193 684 1274 721 Reip.
1297 686 1376 714 causa
1393 686 1484 719 abest,
1506 686 1588 715 datur
1603 686 1753 715 rescissoria
1767 709 1774 719 ‚
1798 688 1844 715 da-

1018 724 1094 752 bitur
1118 724 1202 751 ctiam
1224 725 1376 762 exceptio,
1407 725 1426 753 11
1450 725 1552 754 scilicet
1576 726 1632 763 ipse
1652 734 1694 754 res
1709 725 1847 763 possideac

980 799 1203 830 Malabathrum.
1733 767 1798 838 ig}
1820 771 1847 832 ἲ

980 838 1066 867 Malae
1084 839 1147 867 fidei
1163 840 1303 877 possessor.
1327 840 1382 869 Vid
1400 841 1481 868 bona:
1496 840 1541 870 fid.
1559 839 1666 878 possess.

980 877 1056 906 Mali
1071 887 1151 906 mores
1169 879 1228 908 sunt
1245 880 1384 908 inhonesti
1404 879 1429 908 ὄι
1447 881 1564 916 improbi
1583 881 1643 908 viri.
1733 888 1798 909 210.
1821 881 1846 909 b.

980 914 1117 944 Maleficit
1134 918 1238 946 crimen
1256 918 1366 946 videtur
1387 918 1547 954 pertinuisse
1561 919 1595 946 ad
1619 919 1723 955 Legem
1740 920 1847 947 Corne-

1019 954 1083 982 liam
1101 954 1136 982 de
1152 954 1254 984 ficariis
1271 956 1297 985 ἃ
1312 956 1404 985 venes.
1758 961 1803 986 81.
1825 956 1849 985 b.

980 993 1007 1021 in
1032 992 1178 1030 Maleficiis
1202 995 1320 1023 volrmtas
1334 994 1449 1032 speHari
1470 995 1546 1031 quod
1571 995 1673 1024 dicitur
1689 1018 1695 1029 ,
1723 998 1848 1033 pertinet

1015 1031 1050 1060 ad
1066 1033 1170 1060 crimen
1185 1032 1321 1062 Maleficii
1337 1036 1397 1060 κατ’
1413 1036 1495 1067 ἒέοκνιν
1510 1035 1549 1062 113
1566 1034 1677 1062 diuum.
1784 1034 1848 1063 ibid.

979 1070 1119 1107 Manceps
1135 1071 1281 1099 dicebatur
1297 1073 1382 1100 totius
1412 1072 1553 1108 vectigalis
1583 1075 1712 1109 princeps
1741 1074 1850 1101 redem-

1017 1116 1100 1145 ptor,
1117 1108 1331 1144 οἰρχιὲ-ημιὲσιῶ,
1354 1111 1430 1147 isque
1449 1112 1509 1139 aliis
1527 1112 1593 1147 saepe
1612 1112 1774 1140 sublocabat
1790 1121 1851 1148 par-

1021 1154 1076 1176 tem
1093 1147 1268 1184 vestigalium
1279 1170 1286 1181 ,
1303 1149 1347 1177 vel
1364 1150 1482 1177 aliorum
1499 1157 1585 1186 opera
1601 1152 1731 1179 utebatur
1749 1151 1775 1178 in
1792 1154 1852 1178 exl-

1021 1186 1121 1223 gendis
1145 1187 1325 1223 vectigalibus
1339 1209 1347 1222 ,
1375 1188 1401 1217 ἃ
1423 1188 1452 1216 hi
1476 1187 1655 1217 dicebantur.
1675 1187 1852 1222 ὁποῶιμόσιοι.

1743 1235 1776 1261 17
1800 1249 1806 1256 ,
1828 1227 1852 1255 b.

986 1262 1146 1300 Manctpare
1161 1263 1186 1292 ὅ(
1201 1265 1361 1300 emancipare
1375 1264 1534 1301 promiscue
1554 1264 1705 1293 sumuntur.
1735 1235 1801 1300 3327.
1821 1275 1848 1293 a.

1087 1302 1112 1330 dt
1125 1312 1196 1330 nexu
1212 1303 1313 1331 tradere
1327 1304 1405 1339 paria
1420 1303 1490 1332 sunt.
1788 1303 1853 1332 ibid.

986 1340 1153 1377 Mancipatio
1169 1350 1217 1377 per
1233 1350 1267 1369 :es
1283 1341 1308 1369 ἂ
1324 1342 1433 1370 libram.
1743 1345 1804 1377 338.
1825 1352 1852 1371 a.

986 1393 1065 1401 ---
1085 1388 1178 1408 rerum
1195 1379 1414 1416 incorporalium
1428 1379 1577 1417 quomodo
1592 1379 1680 1408 fieret.
1787 1381 1850 1409 ibici.

985 1431 1065 1439 ——-
1085 1426 1177 1448 rerum
1199 1427 1252 1447 nec
1274 1419 1397 1457 mancipi
1420 1427 1455 1447 an
1479 1418 1563 1447 fuerit
1587 1418 1710 1447 admissa.
1742 1427 1807 1454 334.
1828 1419 1853 1447 b.

1742 1461 1806 1492 346.
1827 1468 1853 1486 a.

986 1509 1065 1517 —-
1085 1503 1144 1524 non
1158 1494 1324 1531 intelligitur
1340 1517 1347 1530 ,
1367 1495 1433 1533 nist,
1452 1501 1482 1524 ut
1501 1495 1591 1524 debuit
1605 1515 1615 1531 ‚
1634 1497 1762 1532 mancipio
1777 1496 1807 1524 ab
1826 1505 1854 1524 eo

1023 1536 1137 1570 accepit,
1161 1544 1177 1563 a
1191 1544 1237 1571 quo
1250 1533 1325 1573 Jure
1339 1535 1424 1563 Civili
1435 1535 1530 1572 potuit.
1739 1541 1805 1570 340.
1826 1545 1852 1563 a.

986 1572 1212 1609 Mancipatlonis
1229 1572 1372 1602 solemnia.
1790 1572 1853 1602 ibid.

1085 1611 1212 1640 formulae
1226 1620 1242 1640 a
1255 1611 1412 1649 Justiniano
1428 1611 1525 1649 postea
1541 1610 1662 1640 sublatae.
1743 1618 1806 1646 339.
1828 1611 1852 1640 b.

984 1650 1115 1687 Mancipi
1131 1659 1174 1679 res
1190 1650 1265 1679 forte
1278 1659 1293 1679 a
1308 1652 1462 1688 mancipiis,
1485 1656 1516 1679 ut
1536 1650 1675 1687 praecipua
1693 1649 1801 1687 specie..
1815 1651 1856 1679 di-

1023 1696 1133 1718 cuntur.
1742 1695 1807 1723 335.
1828 1688 1853 1717 ὃ.

1087 1728 1105 1756 fi
1119 1727 1162 1756 vel
1181 1729 1299 1757 omnino
1313 1735 1372 1757 non
1387 1728 1478 1758 fuisset
1492 1728 1668 1765 mancipata,
1690 1733 1763 1755 neve
1778 1736 1810 1755 ea
1825 1727 1855 1756 in

1026 1767 1087 1802 ,iure
1104 1767 1205 1795 cess'um
1215 1787 1224 1802 ,
1239 1766 1295 1795 five
1309 1775 1368 1796 non
1383 1774 1414 1796 ut
1429 1768 1597 1804 oportebat,
1611 1766 1779 1795 Dominium
1792 1766 1854 1801 eius

1026 1805 1210 1845 Quiritarium
1227 1813 1285 1834 non
1302 1806 1450 1841 transibat,
1465 1811 1493 1834 at
1504 1805 1682 1835 Bonitnrium
1698 1803 1855 1839 duntaxat,

1026 1853 1089 1873 curn
1113 1845 1194 1872 causa
1217 1844 1399 1883 usucapiendi
1415 1866 1423 1879 ,
1450 1843 1512 1882 post
1537 1843 1737 1880 usucapionem
1766 1845 1854 1872 etiam

1021 1883 1215 1922 Quiritarium.
1739 1889 1805 1918 340.
1827 1891 1856 1910 a.

987 1935 1066 1943 ——
1086 1931 1179 1950 rerum
1201 1921 1357 1952 dominium
1386 1921 1533 1960 quomodo
1562 1919 1653 1949 statim
1673 1917 1760 1956 pleno
1791 1921 1855 1956 jure

1025 1968 1207 1996 quaereretur.
1737 1963 1803 1994 336.
1825 1968 1853 1987 a.

988 2014 1066 2020 -——
1087 2000 1257 2028 Praediorum
1271 2000 1333 2035 J'ura
1349 2005 1489 2038 quatenus
1507 1999 1568 2028 sunt
1587 1997 1719 2034 mancipi.
1743 2000 1809 2032 338.
1829 2007 1857 2026 a.

986 2038 1133 2075 Mancipia
1147 2047 1266 2075 quorum
1284 2046 1403 2067 numero
1418 2038 1443 2066 ἃ
1456 2037 1610 2074 praestantia
1626 2037 1763 2065 Veterum
1781 2045 1852 2073 opes

1026 2077 1249 2110 definiebantur,
1271 2083 1352 2105 erant
1368 2086 1411 2105 res
1430 2077 1562 2113 mancipi.
1740 2083 1806 2109 334.
1826 2084 1853 2103 a.

987 2131 1064 2137 —
1087 2116 1159 2144 adeo
1173 2122 1203 2143 ut
1220 2115 1266 2144 sub
1282 2116 1325 2144 his
1343 2122 1556 2152 nonnumquam
1570 2119 1676 2142 caeterae
1694 2121 1737 2141 res
1752 2113 1860 2141 manci-

1025 2155 1053 2191 pi
1069 2154 1267 2191 intelligantur.
1743 2158 1806 2186 335.
1831 2161 1858 2179 a.

986 2194 1134 2230 Mancipia
1148 2192 1249 2221 rustica
1264 2201 1298 2221 an
1313 2201 1366 2230 pro
1382 2197 1463 2230 parte
1477 2193 1547 2221 ruris
1561 2190 1735 2223 habeantur,
1749 2189 1774 2217 ὅ(
1791 2197 1857 2227 prae-

1027 2231 1075 2259 dio
1092 2233 1259 2260 cohaereant.
1745 2235 1811 2262 340.
1832 2227 1856 2255 b.

988 2269 1157 2307 RIancz’pium
1174 2278 1226 2307 pro
1250 2268 1323 2306 Lege
1343 2269 1461 2297 emtionis
1483 2265 1520 2302 ὅ)
1538 2266 1698 2295 venditionis
1713 2286 1720 2299 ,
1743 2265 1808 2302 quod
1819 2265 1854 2294 ad

1027 2309 1110 2343 aedes,
1131 2317 1184 2336 rem
1199 2308 1333 2341 mancipi,
1351 2304 1502 2342 distractas,
1524 2305 1550 2334 &
1570 2314 1628 2334 cur.
1747 2311 1812 2339 335.
1833 2303 1857 2333 b.

990 2346 1108 2380 Manen,
1136 2353 1259 2384 gemaam
1274 2344 1299 2372 ἃ
1315 2350 1355 2372 ter
1369 2344 1479 2382 maniffe
1494 2343 1580 2373 unde.
1743 2349 1810 2376 273.
1831 2341 1856 2370 b.

990 2386 1094 2414 Manes
1110 2406 1119 2420 ,
1148 2384 1374 2414 Manichaeorum
1395 2384 1492 2412 auctor
1505 2404 1513 2418 ‚
1533 2383 1595 2419 quis
1620 2380 1715 2410 fuerit.
1742 2387 1810 2415 422.
1832 2379 1859 2408 b.

1743 2426 1812 2453 424.
1833 2418 1859 2446 b.

987 2462 1127 2490 Mandata
1143 2461 1326 2497 Legatorum.
1347 2459 1384 2487 V.
1405 2459 1540 2495 Legatus.

988 2500 1187 2529 Mandatarius
1204 2497 1364 2526 mandatori
1379 2505 1438 2526 non
1453 2498 1587 2534 imputat,
1611 2496 1630 2525 si
1645 2505 1661 2525 a
1681 2495 1857 2525 Latronibus

1026 2538 1110 2566 suerit
1128 2538 1271 2574 spoliatus.
1684 2536 1721 2563 11.
1742 2542 1808 2568 229.
1828 2534 1853 2562 b.

990 2576 1123 2605 Mandati
1138 2576 1264 2610 aetiopro
1281 2574 1337 2611 ipsa
1352 2573 1505 2603 mandandi
1523 2572 1665 2602 facultate.
1699 2574 1723 2601 I.
1747 2577 1810 2606 169.
1829 2572 1856 2600 b.

990 2623 1024 2643 ex
1043 2614 1184 2643 Mandato
1205 2613 1224 2641 si
1246 2613 1352 2642 faciant
1376 2613 1496 2649 Legati,
1525 2611 1575 2641 etsi
1590 2612 1663 2640 male
1678 2611 1800 2644 faciant,
1820 2618 1857 2638 an

1028 2653 1148 2682 detineri
1163 2652 1291 2689 punirive
1308 2651 1419 2688 possint.
1683 2651 1719 2681 11.
1745 2652 1807 2679 180.
1829 2647 1855 2676 b.

989 2692 1160 2721 Mandatum
1182 2690 1315 2727 principis
1336 2698 1371 2718 an
1394 2689 1426 2718 fit
1443 2689 1549 2718 licitum
1568 2688 1613 2718 vel
1626 2688 1756 2717 illicitum
1769 2708 1776 2720 ‚
1798 2694 1859 2715 non

1027 2731 1067 2759 est
1085 2730 1188 2768 privati
1203 2729 1371 2757 examinare.
1744 2732 1810 2759 242.
1831 2723 1856 2754 h.

988 2784 1067 2791 ——
1088 2768 1225 2806 Principis
1255 2767 1304 2804 qui
1333 2765 1512 2802 exsequitur,
1545 2771 1604 2793 non
1631 2763 1705 2793 recte
1729 2763 1856 2800 punitur.

989 2859 1069 2867 --
1185 2840 1335 2873 servandus
1353 2840 1392 2869 est
1408 2840 1555 2869 indemnis.
1737 2809 1858 2868 2421111·ῧὲ

991 2898 1069 2906 ———
1089 2882 1219 2919 generale
1234 2890 1292 2910 non
1315 2880 1421 2917 semper
1437 2877 1546 2908 sufficit.
1680 2879 1718 2907 11.
1743 2885 1809 2912 250.
1828 2876 1854 2906 b.

991 2922 1144 2952 Manicbaei
1162 2920 1334 2949 Mannicheos
1350 2918 1376 2946 se
1391 2918 1542 2945 vocabant.
1760 2917 1784 2944 1,
1807 2922 1852 2951 31,

991 2975 1069 2986 .--
1089 2961 1208 2997 primum
1229 2959 1257 2986 in
1276 2956 1372 2986 Africa
1386 2961 1542 2992 coeperunt.
1739 2961 1807 2990 4²²-
1829 2963 1856 2981 a.

990 3014 1071 3022 --
1091 2998 1219 3027 Edictum
1232 2995 1407 3025 Diocletiani
1422 2992 1553 3022 adversus
1570 3000 1630 3021 eos.
1791 2991 1856 3021 ibid.

991 3052 1071 3060 ---·
1091 3037 1173 3065 varia:
1187 3042 1285 3063 eorum
1300 3033 1416 3070 species.
1496 3066 1498 3069 .
1786 3030 1852 3060 ibid.

1091 3083 1148 3102 non
1164 3078 1273 3102 tantum
1296 3071 1386 3100 habiti
1406 3069 1517 3098 fuerunt
1532 3068 1736 3098 Hereticorum
1753 3069 1857 3105 princi-

1030 3121 1080 3150 pes
1093 3112 1138 3140 sed
1154 3111 1180 3140 dt
1195 3109 1391 3146 Rempulicam
1407 3109 1485 3136 varie
1500 3107 1666 3141 turbarunt,
1679 3106 1705 3135 δι
1720 3106 1859 3136 Societati

1032 3150 1118 3179 Civili
1133 3148 1312 3178 multifariam
1328 3152 1496 3174 nocuerunt.
1792 3144 1865 3174 ibid..

993 3203 1070 3212 —-
1092 3188 1162 3218 setta
1183 3185 1361 3223 impuriffima
1375 3206 1384 3220 ,
1405 3182 1534 3227 quamvis
1562 3182 1699 3212 credibile
1729 3183 1762 3212 fit
1777 3204 1785 3217 ,
1806 3182 1863 3250 (gr-

1151 3225 1179 3254 V
1202 3233 1218 3254 v
1240 3233 1257 3256 v
1803 3227 1814 3250 t
1836 3228 1867 3249 o-
