2008 3436
165 101 608 144 ossSERVA‘rioNuM
661 97 796 148 Jmus
846 95 1056 134 ROMANI
1106 94 1193 131 Lus.
1222 95 1290 134 1v.
1343 97 1661 135 c.xV1n.xix.
1723 103 1790 134 121

24 194 70 227 dis
94 190 252 224 vindicata
283 186 368 224 fuit3
399 184 428 216 δε
443 182 531 216 11111111
547 180 662 213 0661110
680 179 826 225 laesioque
848 187 881 224 o-⁴

25 235 142 268 mnium
165 230 344 264 animalium
361 252 370 266 ,
401 236 468 267 quae
488 223 620 268 pecudes
640 231 704 254 non
724 223 817 271 lunt³
850 220 882 266 Si

25 279 108 316 leuas
125 272 320 315 impliciter,
345 278 380 300 ut
395 266 439 299 est
456 266 624 310 Florentiae
640 287 649 303 ,
673 272 713 294 ex
732 271 771 292 co
790 262 882 302 (Αρι-

27 310 123 358 tetigi
142 318 175 347 de
197 316 327 346 omnibus
356 309 533 342 animalibus
556 306 627 345 loest
646 329 655 342 ‚
684 314 746 350 quae
759 306 883 349 pecudes

24 369 81 391 non
88 365 184 400 sunt.
214 353 368 386 videberis
395 349 560 382 excludere
589 346 734 392 animabit
760 348 884 383 ocella,

27 402 76 439 ἃ,
109 398 192 440 quod
219 396 314 435 majus
342 392 386 425 est
403 415 414 430 ,
446 389 595 427 statuere,
620 388 658 420 de
677 387 746 418 laeia
764 385 885 427 pecude

26 452 89 474 non
110 443 190 472 reete
212 438 259 479 agi
275 446 314 468 ex
335 434 429 466 tertio
447 431 558 472 Capite
576 429 720 474 Aquiliaey.
767 427 797 460 N
803 437 884 466 une,

26 484 98 516 MS.
130 481 251 513 secutus
266 502 275 517 ‚
312 475 387 508 illud
403 484 465 516 quae
481 474 606 513 pecudes
624 481 680 503 non
695 474 764 506 lunt
780 468 884 501 refero

25 534 88 556 non
106 523 143 554 ad
162 523 189 549 π’
203 518 273 554 loefis
289 517 339 550 sed
362 517 398 548 ad
422 514 602 556 proximum
616 511 725 552 occrfis.
750 512 780 544 δε
803 510 885 542 retia

26 565 56 597 16
85 573 158 596 111116
184 555 275 593 habet
300 569 334 590 ea
354 557 477 590 locutio
499 555 583 597 quod
598 555 635 587 ad
653 553 836 598 sententiam
853 561 884 583 u-

26 606 161 646 triusque
176 602 306 644 Capitis.
351 600 409 631 Sed
429 608 524 639 porro
543 596 676 629 habetis
702 597 790 628 locus
808 593 885 639 diffi-

23 648 192 684 cultatem,
217 654 285 685 quie
306 640 482 673 dillimulari
499 649 562 671 non
584 638 688 669 debet.
732 636 813 668 Cum
830 642 884 681 tut,

24 691 79 720 bac
93 687 206 718 afflone
222 709 230 723 ,
251 693 317 716 earn
335 684 443 723 utique
462 680 633 720 intelligit,
658 679 695 710 de
704 688 764 719 qua
778 686 884 718 proxi-

25 739 74 762 me
89 730 230 763 dixeram
255 726 320 757 luee
344 732 446 756 autern
473 730 538 754 erat
558 722 587 752 111
604 720 722 752 factum
746 719 774 759 ᾗ.
798 728 828 764 5.
853 720 887 748 in

20 772 79 812 fin.
125 769 242 811 Atquin
261 763 447 802 νει-11111611,
473 773 512 794 ex
533 762 645 803 Capite
664 761 718 793 111.
744 763 836 805 Legis
846 759 886 790 A·

24 813 130 855 quilioe
149 812 187 842 de
210 809 355 841 omnibus
379 805 560 837 animalibus
591 803 684 842 laesis,
710 803 739 834 ὅ(
756 800 885 839 0661113,

24 864 92 896 quae
120 852 274 894 pecudum
303 856 432 880 numero
461 855 522 877 non
553 844 621 876 sunt
639 869 648 883 ,
681 842 886 875 constitutam

25 895 86 927 6111.-
104 895 257 926 actionem
277 889 421 922 dircc'tnm
447 887 466 918 l.
493 897 542 926 27.
567 885 595 926 ἕ.
612 894 644 931 5.
662 885 708 930 ff:
725 887 762 915 ad
784 884 821 914 L.
840 882 885 914 A·

27 938 99 977 quil.
125 944 159 966 ut
177 934 215 965 de
230 933 356 964 homine
370 933 398 962 ex
417 928 534 970 pecude
552 928 662 957 occiiis
678 925 793 956 diretta
809 933 884 969 quo-

27 987 88 1020 que
115 975 159 1008 est
179 984 218 1006 ex
245 973 347 1014 eapite
373 970 395 1002 1.
431 971 450 1000 l.
477 979 505 1001 2.
525 975 573 1008 pr.
598 967 671 998 Eud.
695 966 793 998 Tanti
817 968 886 996 iane

28 1018 73 1050 est
91 1019 157 1050 baec
173 1015 337 1048 difficultas
349 1035 358 1050 ‚
384 1020 487 1042 utnon
505 1009 564 1040 alia
582 1008 704 1040 ratione
714 1005 887 1047 Gregorius

28 1058 206 1094 Haloander
221 1055 295 1087 mibi
315 1053 457 1085 videatur
473 1048 658 1090 cxpunxill'e
675 1050 706 1077 πὶ
727 1049 781 1079 hac
796 1047 885 1079 afflo-

27 1097 232 1141 ne.quamvis
248 1097 388 1136 legantur
400 1093 430 1124 in
440 1091 537 1123 Libro
549 1089 680 1136 Tusco,
692 1089 812 1136 &haud
828 1089 885 1136 du-

27 1143 78 1174 bie
90 1141 183 1172 etiam
202 1137 367 1169 extiterint
386 1135 417 1166 in
437 1135 589 1170 άπανεςέφῳ
613 1131 760 1163 Politiam
773 1155 782 1170 ,
807 1139 885 1176 ejus-

27 1191 87 1225 que
105 1174 282 1221 Boiognini.
327 1176 446 1208 Verum
463 1174 492 1206 id
511 1173 617 1205 durius
633 1173 695 1211 est,
720 1182 790 1204 raro
810 1172 884 1212 quid

25 1225 57 1257 in
73 1222 208 1263 antiquis
228 1218 399 1252 Codicibus
415 1216 495 1248 male
509 1215 647 1246 additum
663 1213 725 1253 est,
750 1213 805 1245 nisi
819 1212 884 1245 for-

26 1273 58 1297 te
82 1263 118 1296 111
139 1272 180 1294 ex
204 1261 386 1303 gloffemate
405 1282 414 1297 ‚
444 1257 536 1298 idque
560 1255 659 1296 ipsum
676 1256 770 1287 etiam
787 1255 884 1287 rarius

24 1304 89 1343 est,
113 1313 204 1345 quam
217 1302 315 1341 vulgo
330 1300 410 1332 solet
428 1298 593 1340 perhiberi.
638 1297 742 1339 Magis
757 1296 860 1338 placet
871 1320 882 1336 ,

25 1347 128 1379 minus
156 1344 238 1376 recte
261 1336 312 1375 hle
340 1341 447 1373 officio
473 1339 528 1371 suo
545 1337 706 1378 functum,
731 1338 782 1379 qui
799 1347 884 1379 para-

26 1388 160 1430 graphos
189 1386 220 1426 in
246 1383 406 1416 Pandectis
430 1380 590 1422 dispunxit
606 1404 615 1419 ‚
642 1380 695 1411 illa
719 1389 757 1410 ue
772 1379 882 1418 verba,

27 1434 82 1462 bac
97 1427 228 1468 actione,
250 1425 406 1467 pertinere
434 1423 471 1454 ad
492 1422 675 1464 proximum
728 1446 734 1452 .
759 1430 790 1461 5.
821 1420 884 1453 hoc

591 1521 947 1559 CAPUT

926 176 1038 211 modo:
1063 177 1095 208 in
1104 175 1228 217 facium
1245 179 1392 218 agendum
1411 179 1466 210 hac
1486 179 1607 212 afflone.
1631 178 1659 220 §.
1670 183 1701 211 6.
1743 178 1798 210 Ex

926 221 976 250 hoc
994 219 1087 258 Legis
1103 220 1200 258 capite
1217 218 1280 252 &a
1304 219 1457 259 Ulpianus
1476 245 1485 260 ,
1519 230 1553 253 ut
1576 229 1723 264 apparet,
1749 228 1797 252 to-

927 268 977 291 tus
994 268 1059 290 erat
1078 260 1114 302 in
1127 260 1389 301 interpretatione
1409 260 1462 292 ΙΙΙ.
1489 262 1610 303 Capitis
1635 263 1671 295 L.
1700 261 1798 304 Aqui-

927 302 993 333 liae:
1017 300 1057 332 de
1081 302 1204 333 actione
1226 302 1257 332 in
1279 300 1398 333 fastum
1414 311 1454 333 ex
1474 312 1513 333 eo
1533 304 1645 344 Capite
1660 303 1743 335 dixit
1767 303 1801 335 in

927 342 956 384 §.
981 353 1010 384 5.
1047 342 1068 374 si
1092 343 1162 384 quis
1183 343 1290 374 navim
1313 341 1500 383 resolverit,
1531 354 1629 385 eaque
1645 344 1798 385 perierit,

927 386 985 416 hac
1005 384 1129 416 afflone
1147 394 1188 416 ex
1207 383 1321 425 Capite
1338 383 1393 416 III.
1420 384 1456 416 L.
1477 385 1612 427 Aquiliae
1628 386 1658 416 in
1677 385 1797 417 factum

927 426 1088 467 agendum.
1136 425 1261 458 Deinde
1285 425 1370 457 addit
1396 426 1428 458 in
1452 426 1479 468 §.
1505 430 1534 458 6.
1568 428 1621 460 Ex
1636 428 1686 458 hoc
1702 427 1799 469 Legis

929 469 1051 508 Cupite,
1075 477 1187 509 nempe
1209 466 1264 499 III.
1298 475 1333 499 ut
1357 467 1456 508 liquet
1485 478 1525 501 ex
1548 471 1576 501 d.
1600 470 1621 500 l.
1641 478 1691 509 27·
1714 469 1742 510 §.
1764 478 1797 508 5.

928 512 957 542 ἰ).
974 509 1007 541 T.
1042 509 1137 550 Juvat
1165 509 1242 540 hanc
1264 508 1475 549 conjecturam
1497 534 1506 550 ,
1538 511 1641 552 quod,
1665 519 1737 542 cum
1766 511 1796 542 b.
1834 544 1838 547 ‚

929 552 959 593 §.
981 555 1012 583 6.
1034 551 1116 592 apud
1144 549 1276 583 Graecos
1300 560 1427 592 quoque
1452 550 1490 583 fit
1515 554 1631 584 relatus
1662 551 1703 584 L.
1721 551 1796 583 LX.

928 598 1065 624 naa-iamir
1094 592 1127 624 Τ.
1143 603 1174 633 3.
1207 593 1238 623 C.
1257 602 1308 629 29.
1341 594 1426 624 them.
1443 597 1475 624 6.
1497 594 1543 626 illi
1563 601 1666 626 tamen
1686 594 1721 623 τοὶ
1741 594 1796 624 hac

927 636 1038 668 anione
1055 658 1065 674 ,
1087 635 1115 666 ei
1145 644 1209 666 non
1235 633 1498 676 praeposuerunt,
1528 634 1578 667 sed
1611 634 1798 676 simpliciter

928 684 994 707 τετυ
1014 678 1042 706 τὶ
1057 679 1198 708 κεφάλαιον
1213 675 1403 715 alynaucoe‘vd,
1428 676 1458 708 &
1474 676 1603 718 reliqua.

970 719 1052 766 Qua:
1075 716 1246 758 sequuntur
1273 717 1304 749 in
1328 720 1356 750 d.
1380 718 1409 759 §.
1432 722 1463 749 6.
1497 719 1668 760 interprete
1684 727 1749 750 non
1765 727 1797 750 e⁴

929 770 1022 803 gent,
1047 759 1142 791 modo
1160 759 1410 799 meminerimus,
1442 759 1634 802 Ulpianum,
1660 769 1733 791 cum
1752 760 1798 791 in-

929 802 997 843 quit
1010 825 1019 841 ,
1043 811 1104 842 quae
1113 803 1240 841 pecudes
1258 803 1400 841 nonsslunc
1413 825 1421 839 ,
1446 801 1548 833 laxius
1563 801 1625 833 effe
1639 800 1727 833 usum
1744 808 1798 842 ap-

929 843 1100 884 pellatione
1117 844 1282 882 pecudum,
1307 852 1420 885 nempe
1441 852 1476 875 ut
1499 844 1529 875 &
1544 850 1701 882 armenta,
1726 851 1801 884 quae

929 884 1055 929 proprie
1072 886 1278 925 quadrupedes
1297 884 1463 925 dicuntur,
1485 887 1630 927 pecudum
1649 893 1732 915 voce
1750 884 1797 915 in-

930 925 1072 965 telligat:
1108 926 1322 967 quadrupedes
1345 925 1488 966 scilicet,
1521 936 1592 968 quae
1622 925 1710 958 collo
1726 924 1798 956 dor-

929 965 1004 997 sove
1019 966 1205 1005 domantur,
1232 968 1260 999 ἃ
1277 968 1313 998 ad
1351 968 1463 999 rimum
1484 968 1587 1009 Caput
1602 966 1639 999 L.
1660 966 1799 1008 Aquiliae

929 1006 1136 1048 pertinebant.
1182 1008 1289 1048 Atque
1306 1009 1328 1039 il
1344 1018 1369 1040 ae
1384 1009 1479 1040 etiam
1498 1009 1549 1040 hic
1567 1008 1637 1041 sunt
1649 1010 1796 1049 pecudes:

930 1057 998 1089 quae
1015 1047 1078 1088 ipsa
1093 1048 1179 1079 illius
1195 1048 1284 1080 verbi
1308 1049 1485 1090 amplitudo
1505 1049 1550 1081 est
1567 1049 1648 1090 apud
1662 1050 1796 1082 eundem

929 1089 1098 1130 Ulpianum
1118 1089 1149 1121 in
1166 1089 1416 1131 repraesentando
1433 1090 1546 1132 Capite
1562 1089 1619 1122 IlI.
1644 1090 1680 1122 L.
1694 1091 1793 1132 Aqui-

928 1130 980 1163 liae
1003 1133 1031 1161 d.
1063 1130 1083 1161 l.
1103 1140 1152 1171 27·
1184 1131 1257 1172 §.5
1296 1133 1324 1163 h.
1358 1131 1392 1164 T.
1424 1131 1628 1171 Caeteroquin
1648 1130 1752 1173 Caput
1770 1131 1796 1163 I.

928 1171 964 1203 L.
982 1171 1117 1213 Aquilia:
1137 1171 1308 1205 distinctim
1332 1172 1399 1205 haec
1416 1173 1592 1212 recensuit,
1617 1172 1796 1204 vindicavit

926 1213 1010 1244 enim
1029 1222 1140 1245 necem
1149 1215 1258 1254 servi,
1279 1216 1501 1256 quadrupedis.
1531 1215 1561 1246 &
1583 1215 1706 1254 pecudis
1722 1215 1742 1245 l.
1763 1224 1796 1246 2.

922 1261 971 1295 pr.
976 1255 1016 1296 ff.
1029 1255 1057 1286 b.
1076 1254 1110 1286 T.
1134 1255 1164 1287 &
1179 1258 1305 1298 proprie
1320 1256 1364 1288 ibi
1374 1256 1443 1289 Lex
1462 1256 1506 1288 est
1521 1257 1661 1297 loquuta.
1686 1255 1795 1287 Hoto-

924 1305 1033 1328 manus
1057 1296 1087 1328 &
1114 1297 1167 1329 alii
1186 1307 1348 1340 perperam
1365 1299 1569 1330 emendarunt
1593 1300 1621 1328 d.
1646 1298 1666 1328 l.
1691 1307 1719 1329 2.
1741 1304 1794 1337 pr.

927 1336 978 1369 sed
995 1338 1057 1384 1106
1076 1338 1137 1379 jam
1153 1348 1218 1372 non
1234 1340 1374 1382 agimus,
1399 1338 1514 1372 sufficit
1534 1340 1572 1371 de
1589 1338 1798 1380 amplitudine

925 1379 1015 1411 verbi
1048 1380 1210 1426 hocloco
1240 1381 1394 1414 monuisse
1413 1405 1422 1421 ,
1456 1391 1496 1414 ne
1526 1381 1666 1422 alioquin
1695 1380 1794 1421 prima

924 1419 1034 1454 fronte
1049 1421 1199 1456 Vitlosam
1213 1423 1466 1458 emendationem
1485 1422 1730 1456 commendaret.

1045 1523 1189 1561 XIX.

236 1613 432 1662 Exph‘cata,
459 1610 500 1654 ἐξ
523 1613 563 1647 ab
587 1610 804 1646 emendatione
827 1610 992 1646 vindicata
1017 1612 1058 1647 L.
1083 1623 1142 1657 40.
1171 1612 1210 1649 ff.
1234 1612 1278 1649 de
1304 1612 1445 1650 Haered.
1471 1611 1578 1650 instit.

93 1712 176 1745 revis
197 1721 252 1744 ero
273 1711 306 1744 in
327 1711 451 1752 prolixa
477 1709 561 1751 Lege
576 1732 586 1748 ,
620 1708 737 1740 totiens
752 1707 834 1739 enim
848 1718 884 1740 ea

112 1753 263 1795 JCtorum
281 1751 402 1785 scholas
418 1752 581 1790 exercuit,
606 1757 657 1788 ut,
691 1749 765 1790 quid
782 1749 882 1781 cleeffe

24 1799 168 1829 videatur
185 1819 196 1835 ,
229 1795 364 1826 indicare
388 1791 556 1825 suffecerit.
602 1791 634 1823 Si
660 1789 882 1831 paterfamilias

24 1838 173 1874 Titium,
204 1845 295 1878 quem
319 1836 486 1876 ingenuum
513 1832 574 1864 ess'e
597 1832 760 1871 credebat,
785 1832 880 1864 111616-

23 1879 92 1911 (16111
111 1877 285 1920 scripserit,
309 1877 399 1917 eique
410 1900 420 1915 ,
446 1876 467 1908 11
484 1876 580 1906 haeres
597 1884 660 1905 non
677 1872 769 1913 esset,
794 1875 879 1906 Sem-

23 1919 168 1963 pronium
189 1917 379 1951 substituerit
397 1941 406 1956 ,
438 1916 597 1958 quaeiitum
622 1914 705 1953 fuit,
729 1914 808 1946 servi
824 1915 879 1946 do-

24 1962 145 2000 minus,
169 1971 207 1992 an
224 1959 426 1998 substitutus,
444 1962 474 1990 ὁ(
489 1967 546 1998 pro
558 1966 615 1997 qua
633 1965 721 1998 parte
740 1956 880 1988 uterhae-

24 2013 72 2036 res
88 2002 190 2035 esset?
213 2002 352 2042 Julianus
375 2001 413 2031 L.
425 1999 538 2033 XXX.
563 1997 682 2039 Digefi.
701 1998 732 2030 111
752 2000 781 2029 d.
795 1999 879 2038 l.40.

18 2045 60 2086 ff.
80 2047 114 2076 de
135 2044 252 2075 Haered.
270 2042 339 2083 inst.
363 2042 407 2073 ita
431 2041 509 2073 hanc
531 2039 734 2081 quaestionem
751 2039 881 2078 trastat3

27 2095 62 2118 ut
81 2095 144 2117 non
167 2084 299 2117 obscure
322 2083 494 2124 significet,
524 2081 585 2113 ess'e
602 2091 669 2113 eam
686 2083 720 2110 ώι
738 2082 758 2109 ΐέ
773 2083 882 2117 ἀγήρω,

23 2127 125 2168 Potest
147 2128 232 2166 dici,
259 2125 382 2167 inquit,
408 2126 611 2165 Sempronium
637 2125 670 2154 in
689 2129 808 2164 partem
830 2123 883 2154 hae-

25 2170 166 2201 redimus
190 2170 311 2200 admitti
322 2190 332 2205 ,
353 2167 384 2198 δε
399 2165 471 2208 post
487 2167 612 2206 longam
626 2163 882 2205 disputationem,

23 2220 60 2242 ea
89 2210 127 2241 dc
152 2219 184 2240 re
208 2218 304 2250 porro
328 2207 482 2246 habitam,
512 2207 556 2238 ita
568 2205 695 2238 definit:
721 2206 824 2248 Igitur
850 2209 883 2237 in

24 2253 76 2284 boc
96 2253 166 2289 casu
182 2249 308 2290 semiffes
328 2249 405 2289 fient
425 2272 434 2286 ‚
462 2251 508 2280 ita
534 2254 568 2278 ut
595 2248 674 2279 alter
694 2247 782 2287 seniis
800 2250 883 2280 inter

23 2303 106 2333 eum,
128 2294 181 2334 qui
195 2293 327 2324 dominus
348 2289 484 2330 instituti
499 2291 622 2321 haeredis
630 2291 752 2330 fuerit,
767 2289 882 2330 &sub-

18 2334 184 2377 stitutum,
205 2336 297 2374 aequis
317 2334 502 2373 portionibus
519 2333 687 2362 dividatur.
731 2331 783 2363 Ne
795 2332 824 2363 in
835 2331 882 2363 his

25 2376 128 2408 verbis
142 2375 196 2408 fibi
213 2374 410 2407 contradicat
426 2373 564 2414 Julianus
575 2397 584 2412 ‚
609 2373 728 2414 placuit
745 2373 880 2414 fingere,

24 2417 94 2450 Sem
118 2418 240 2449 ronium
268 2415 468 2448 substitutum
491 2414 622 2446 eundem
640 2415 670 2446 <St
687 2414 882 2445 cohaeredem

24 2457 70 2490 fui
97 2467 115 2490 e
138 2458 222 2490 Titii
247 2457 408 2495 instituti,
439 2465 533 2497 atque
546 2456 591 2487 ita
609 2455 733 2496 quidem
749 2454 882 2487 semiss‘es

23 2498 113 2539 fieri,
145 2499 195 2532 sed
217 2499 435 2540 Sempronium
452 2521 462 2537 ,
494 2507 554 2538 qua
568 2497 782 2536 cohaeredem,
807 2497 882 2528 alte-

24 2549 94 2572 rum
109 2541 292 2582 praecipere,
317 2539 450 2571 alterum
466 2548 544 2569 vero
561 2548 634 2570 cum
650 2538 682 2570 Τ
685 2539 734 2569 1111
753 2538 883 2569 domino

26 2581 172 2613 dividere.
250 2590 320 2612 uam
334 2581 366 2612 in
382 2590 448 2612 rem
463 2580 558 2611 etiam
570 2578 727 2611 observari
745 2586 881 2621 poterat,

26 2622 157 2654 eundern
174 2622 326 2663 julianum
338 2645 347 2660 ‚
371 2621 482 2653 eodem
499 2621 536 2652 L.
549 2620 663 2653 XXX.
687 2620 883 2662 Digestorum

27 2663 130 2704 plures
150 2663 286 2695 traEtass'e
304 2661 421 2704 species
437 2663 476 2694 de
498 2661 689 2702 substituto,
712 2664 884 2704 eodemque

27 2703 206 2744 cohaerede,
230 2714 266 2736 ut
282 2704 312 2735 in
337 2705 356 2735 l.
378 2713 426 2736 10.
467 2704 496 2745 §.
519 2705 577 2735 ult.
613 2704 643 2735 δε
670 2705 689 2735 l.
715 2713 764 2745 27.
788 2704 828 2745 ff.
849 2706 884 2736 de

28 2744 122 2787 Vulg.
140 2745 396 2786 &pupilhsubffi
412 2746 487 2787 quin
511 2746 542 2778 &
565 2745 604 2777 de
628 2744 718 2777 servo
745 2746 882 2778 60111616-

29 2785 68 2816 (16
90 2787 110 2817 l.
127 2791 175 2828 38.
200 2787 300 2827 §.um
329 2788 360 2820 ὃ(
380 2789 390 2819 l
417 2797 468 2828 539.
483 2787 524 2828 ff.
546 2789 575 2819 h.
600 2786 634 2818 T.
657 2797 725 2828 quae
752 2795 885 2829 utraque

30 2825 99 2858 Lex
124 2829 266 2868 proxime
282 2829 438 2861 antecedit
461 2831 488 2861 b.
509 2830 530 2861 l.
548 2840 600 2868 40.
621 2827 774 2868 Diceres,
800 2829 830 2861 &
854 2831 883 2861 h.

30 2867 51 2898 1.
67 2878 118 2907 40.
138 2868 229 2900 fuiffe
245 2877 362 2910 partem
383 2871 449 2911 ejus
463 2881 496 2902 ar
519 2870 658 2910 umenti,
683 2870 767 2912 quod
783 2870 822 2902 de
831 2880 885 2902 co-

28 2908 202 2942 haeredibus
223 2910 253 2942 81
274 2909 445 2943 substitutis
464 2912 494 2944 U
508 2913 616 2954 pianus
637 2912 748 2944 retulit
778 2921 819 2943 ex
842 2912 883 2944 L.

29 2950 144 2997 XXX.
169 2950 213 2982 Di
233 2951 285 2992 est.
313 2951 469 2992 Julianiin
492 2954 513 2987 l.
533 2964 581 2994 15.
609 2960 660 2995 pr.
689 2953 726 2988 ὅ)
746 2954 774 2995 §.
803 2963 830 2985 1.
855 2955 885 2986 δι

29 3001 108 3023 mox
130 2961 372 3065 msejulianus,
404 2994 515 3026 eodem
535 2995 656 3033 Libro,
679 2995 710 3027 in
735 2997 756 3027 l.
778 2999 826 3027 16.
843 2996 884 3037 ff.

28 3034 58 3064 h.
82 3033 115 3064 T.
137 3041 201 3073 prae
216 3034 308 3065 ertim
336 3043 408 3066 cum
422 3036 526 3068 eadem
545 3045 673 3078 quoque
690 3037 732 3068 ibi
751 3037 810 3069 fint
828 3047 884 3069 no-

28 3074 113 3121 mina
131 3074 436 3121 Tritici-vempronii,
458 3085 494 3108 ut
509 3077 542 3109 in
563 3081 591 3109 b.
614 3080 634 3109 l.
649 3088 701 3117 40.
725 3088 798 3110 cum
809 3079 885 3110 alio-

27 3125 103 3190 }uin
126 3114 209 3147 Titu
233 3126 347 3149 nomen
369 3117 424 3148 vul
446 3127 467 3149 o
491 3117 588 3151 servis
615 3129 680 3152 non
703 3120 884 3152 conveniat.

50 3157 87 3188 ed
114 3157 262 3204 quicquid
283 3167 341 3199 pro
365 3167 401 3189 ea
436 3160 574 3191 ententia
599 3161 804 3202 probabiliter
822 3161 885 3193 dici

25 3197 145 3272 pogiotil
161 3207 295 3272 vlmcunt
307 3208 408 3237 tamen
422 3200 576 3242 rationes,
599 3211 675 3245 quas
692 3209 805 3238 contra
818 3211 886 3237 eam

924 1710 1033 1741 attulit
1050 1708 1184 1754 Jacobus
1203 1709 1424 1744 Gothofredus
1443 1711 1610 1744 Animadv.
1629 1710 1708 1752 Jur.
1721 1711 1793 1743 Civ.

926 1751 957 1783 C.
972 1751 1048 1784 XV.
1074 1752 1157 1783 recte
1172 1752 1256 1784 enim
1273 1752 1440 1794 exposuit,
1453 1786 1455 1789 ,
1466 1763 1567 1794 neque
1582 1762 1642 1795 ego
1660 1760 1795 1793 repeto,

923 1793 957 1824 in
981 1793 1040 1825 hae
1066 1792 1169 1834 specie
1188 1793 1375 1826 dodrantem
1401 1804 1465 1827 non
1487 1793 1602 1826 ceffiffe
1624 1793 1795 1826 substituto

923 1834 1130 1876 Sempronio,
1155 1844 1214 1867 nec
1231 1836 1436 1877 quadrantem
1451 1836 1582 1868 domino
1596 1834 1687 1867 servi.
1734 1834 1795 1866 Re-

924 1876 973 1907 cte
989 1877 1083 1907 etiam
1112 1876 1176 1917 ipse
1199 1876 1255 1908 1116
1272 1876 1494 1909 Gothofredus
1507 1901 1517 1916 ,
1542 1877 1653 1908 eodem
1671 1877 1796 1916 Opere,

925 1918 957 1948 C.
970 1917 1061 1949 XVI.
1080 1917 1262 1959 profligavit
1270 1918 1459 1949 contrariam
1469 1928 1579 1949 eorum
1588 1917 1773 1949 sententiam
1784 1940 1797 1956 ‚

922 1958 975 2000 qui
998 1957 1079 1990 servi
1091 1958 1221 1991 domino
1234 1959 1376 1990 tribuunt
1394 1959 1599 1997 dodrantem,
1625 1957 1795 1990 substituto

924 2010 988 2032 non
1001 2000 1057 2032 nisi
1072 2001 1284 2041 quadrantem.
1329 1999 1479 2042 Dumque
1494 2001 1539 2032 ita
1555 2001 1652 2032 altera
1669 1999 1699 2032 ὅς
1715 1999 1795 2030 alte-

924 2052 958 2073 ra
983 2051 1052 2083 pars
1072 2050 1183 2083 peceat
1199 2065 1209 2081 ,
1242 2042 1369 2073 collatis
1390 2042 1471 2083 Juris
1493 2041 1684 2080 rationibus,
1709 2040 1797 2072 recte

924 2083 1089 2124 expedivit
1118 2082 1341 2115 Gothofredus
1357 2105 1368 2122 ‚
1399 2084 1531 2115 omnino
1561 2082 1602 2115 fic
1618 2081 1798 2114 habendum

925 2125 1009 2164 esse,
1042 2133 1078 2156 ut
1103 2125 1307 2166 Sempronius
1334 2125 1364 2157 &
1389 2124 1474 2156 Titii
1499 2125 1646 2156 dominus
1663 2132 1798 2155 concur-

925 2174 995 2199 rant
1020 2166 1118 2207 aequis
1140 2166 1300 2207 partibus,
1331 2166 1463 2207 quisque
1490 2167 1522 2198 in
1539 2164 1711 2204 semissem,
1735 2173 1797 2196 nec

925 2208 963 2240 de
979 2218 1036 2246 eo,
1060 2216 1174 2249 praeter
1191 2208 1329 2240 rationes
1351 2207 1432 2248 Juris
1450 2208 1480 2239 ὅ(
1497 2206 1673 2248 Theophili
1691 2205 1798 2237 aueto-

925 2250 1050 2281 ritatem
1066 2273 1076 2288 ,
1113 2249 1256 2281 dubitare
1289 2259 1348 2281 nos
1376 2249 1496 2290 patitur
1525 2248 1553 2290 §.
1580 2249 1638 2280 ult.
1661 2247 1738 2288 Infi.
1759 2249 1797 2279 de

925 2289 1130 2333 Vulg.subst.
1157 2290 1220 2332 ipsa
1240 2291 1354 2331 Juliani
1383 2289 1556 2331 disputatio
1581 2290 1612 2321 in
1643 2290 1671 2320 h.
1693 2290 1716 2320 l.
1739 2298 1797 2327 40.

926 2334 956 2365 δε
972 2333 1171 2374 exemplum,
1196 2332 1282 2374 quod
1297 2332 1336 2363 de
1352 2331 1488 2364 Tiberio
1504 2330 1627 2363 Caesare
1642 2339 1683 2362 ex
1699 2329 1794 2363 Pom-

925 2375 1024 2415 ponio
1043 2373 1167 2405 additur
1184 2374 1215 2406 in
1234 2374 1379 2415 proxima
1401 2374 1422 2403 l.
1443 2382 1498 2413 41.
1521 2372 1597 2404 Eod.
1621 2371 1684 2404 Tit.

967 2416 1027 2448 Sed
1048 2414 1122 2456 quid
1147 2422 1223 2447 tunc
1247 2414 1302 2446 fiet
1319 2414 1424 2446 verbis
1439 2414 1577 2455 Juliani‘?
1606 2421 1796 2456 perventum

927 2457 1050 2489 scilicet
1074 2454 1119 2487 est
1138 2456 1175 2488 ad
1193 2455 1446 2495 emendationes,
1477 2464 1552 2497 quas
1568 2456 1669 2487 varias
1685 2465 1793 2487 recen-

926 2497 972 2530 set
1005 2498 1035 2530 &
1061 2505 1153 2529 notat
1183 2497 1316 2538 Jacobus
1339 2495 1561 2530 Gothofredus
1587 2499 1616 2529 d.
1639 2497 1671 2529 C.
1696 2495 1793 2529 XVI.

927 2539 1048 2579 Cujacii
1073 2549 1106 2570 as
1131 2548 1190 2580 pro
1216 2540 1295 2570 atter
1302 2539 1415 2579 semis,
1458 2538 1521 2570 uod
1541 2539 1620 2570 olim
1636 2539 1794 2580 plerisque

926 2581 1046 2622 placuit
1056 2604 1066 2619 ,
1077 2587 1113 2612 ut
1129 2581 1237 2613 auctor
1251 2579 1397 2620 estJanus
1412 2589 1428 2611 a
1469 2579 1534 2612 osta
1547 2580 1585 2611 ad
1607 2580 1636 2612 d.
1651 2580 1678 2622 §.
1691 2580 1747 2611 ult.
1758 2580 1795 2610 de

926 2623 1021 2664 Vulg.
1035 2621 1130 2662 Jubft.
1157 2632 1240 2654 nune
1256 2621 1413 2663 plerisque
1430 2620 1595 2662 displicet:
1620 2622 1650 2654 ὅτ.
1666 2621 1794 2653 11161110.

927 2663 1122 2705 Compendia
1145 2662 1297 2695 scribendi
1321 2687 1331 2702 ,
1385 2663 1446 2695 uafi
1470 2663 1638 2695 Veteribus
1663 2661 1795 2700 usitata,

926 2706 1056 2747 proprio
1080 2706 1188 2738 Marte
1211 2705 1360 2737 commini
1378 2704 1408 2736 61
1423 2728 1433 2743 ,
1459 2704 1488 2735 &
1505 2704 1570 2744 eJus
1588 2704 1631 2735 rei
1646 2703 1791 2744 ignoran-

927 2747 1002 2778 tiam
1022 2746 1223 2778 Triboniano
1244 2746 1383 2786 objicere
1398 2770 1407 2785 ,
1439 2745 1588 2786 exemplo
1615 2753 1712 2785 grave
1737 2742 1795 2775 est.

928 2787 1085 2829 Georgius
1105 2787 1268 2820 Conradus
1284 2786 1409 2819 Crufius
1427 2786 1564 2819 Dromo.
1586 2785 1624 2816 ad
1639 2786 1668 2816 h.
1690 2785 1711 2816 1.
1734 2794 1792 2823 40.

927 2830 972 2861 ita
989 2829 1153 2861 emendat:
1188 2831 1233 2860 ita
1254 2836 1288 2860 ut
1315 2829 1393 2860 alter
1416 2827 1510 2868 (sit)
1533 2826 1609 2858 Sem.
1639 2836 1675 2858 as
1709 2828 1793 2858 inter

927 2881 1014 2909 eum,
1035 2873 1087 2913 qui
1096 2873 1232 2903 dominus
1245 2869 1382 2911 instituti
1396 2869 1518 2901 heredis
1526 2868 1630 2908 fuerit
1642 2891 1650 2902 .
1673 2866 1792 2908 &sub-

921 2912 1068 2954 stitutum
1092 2914 1183 2954 aequis
1204 2912 1390 2952 portionibus
1413 2910 1593 2946 divitiatum
1618 2908 1649 2940 id
1666 2907 1732 2948 est,
1754 2916 1795 2940 ut:

927 2954 1007 2986 alter
1030 2953 1120 2986 semis
1142 2952 1319 2994 Sempronii
1340 2951 1378 2983 iit
1394 2975 1404 2990 ,
1429 2960 1462 2982 as
1478 2960 1556 2982 vero
1571 2950 1654 2983 inter
1671 2958 1793 2982 utrum-

928 3005 989 3037 que
1014 2995 1182 3027 dividatur.
1228 2993 1287 3025 Sed
1304 3016 1313 3031 ,
1343 3002 1398 3034 per
1421 2991 1583 3029 111611661,
1608 2990 1733 3023 Crufius
1757 3001 1796 3023 ea

928 3036 1164 3074 emendatione,
1188 3035 1261 3076 quin
1284 3034 1336 3065 vel
1361 3041 1433 3064 toto
1452 3041 1491 3063 eo
1511 3032 1639 3064 Libello
1657 3030 1793 3068 scriben-

927 3078 969 3109 do
987 3076 1187 3109 abstinuisset.
1233 3074 1421 3107 Emendatio
1435 3081 1522 3105 certe
1538 3073 1583 3105 est
1620 3073 1742 3113 effima,
1759 3074 1792 3106 δι

927 3128 1018 3170 quam
1044 3118 1096 3149 vel
1120 3117 1279 3156 indicare,
1311 3114 1383 3148 satis
1406 3114 1544 3148 refutare
1566 3124 1583 3145 6
1613 3139 1621 3147 .
1665 3114 1793 3156 Viglius

928 3159 1091 3192 Luichem.
1111 3159 1149 3190 ad
1171 3160 1200 3189 d.
1226 3157 1254 3199 ὃ.
1274 3158 1330 3188 ult.
1356 3155 1433 3198 inst.
1456 3157 1489 3188 de
1504 3154 1708 3198 Vulg.fubft.
1728 3155 1795 3187 fine

928 3200 1146 3238 emendatione
1162 3209 1229 3237 rem
1246 3198 1414 3242 transegit,
1445 3197 1489 3234 ita
1505 3207 1649 3246 quoque,
1673 3206 1711 3238 ut
1725 3206 1792 3268 pitir-

1761 3245 1795 3269 es
