2008 3436
192 152 700 197 OBSERVATIONUM
749 149 912 199 JURls
967 147 1216 186 ROMANI
1266 149 1368 185 LIB.
1397 150 1425 186 1.

655 258 683 294 C
732 256 763 293 A
811 257 839 293 P
889 257 925 292 U
974 255 1010 291 T

1478 149 1519 186 C.
1549 148 1652 188 VIII.
1679 147 1743 186 IX.
1819 159 1862 195 27

1108 255 1256 291 V111.

204 354 276 388 Non
301 351 358 398 qffit
383 350 561 386 contrarias
590 347 630 382 L.
653 357 687 391 5.
713 344 753 382 ff.
780 345 824 382 ad
851 345 892 380 L.
919 345 985 392 Jul.
1012 342 1126 391 pecul.
1153 341 1194 383 E?
1219 343 1261 378 L.
1287 345 1342 378 16.
1368 342 1400 391 ᾗ.
1419 353 1452 389 4.
1481 341 1520 379 ff.
1548 343 1593 379 de
1619 345 1743 380 Poenis.

172 458 242 480 uum
254 472 262 487 ‚
288 456 322 480 ut
339 448 432 480 hodie
447 454 688 486 nonnunquam,
720 445 764 478 ita
780 442 858 475 olim
869 466 878 482 ,
904 440 946 473 se-

192 490 334 521 curitatis
353 499 428 530 ergo
443 513 453 529 ‚
486 497 534 519 res
558 487 754 528 privatorum
775 486 805 517 in
822 484 948 532 templis

187 532 418 571 deponerentur
436 554 445 569 ,
476 529 603 570 antiqua
624 527 687 559 fuit
704 527 918 559 controversia
937 549 946 565 ‚

82 573 268 606 Graecorum
287 572 532 612 Latinorumque
549 570 644 601 etiam
668 566 948 612 declamationibus

82 613 219 657 agitata,
241 612 303 645 illis
319 623 360 645 ex
385 613 504 653 templo
528 610 680 651 subreptis
695 609 890 654 sacrilegium
905 609 949 654 ei-

81 655 145 695 set,
170 665 207 687 an
222 654 374 687 duntaxat
388 654 517 695 simplex
531 651 663 684 furtum.
710 651 761 683 De
777 650 899 696 Graecrs
915 651 949 681 11-

80 697 151 729 dem
168 695 246 728 facit
263 696 394 738 Sopater
412 696 442 727 in
459 695 702 732 Declamatione,
725 703 794 734 quae
815 691 949 736 dic-itur,

81 743 95 769 ὁ
112 738 300 776 ἀντονομάζων,
325 739 355 770 &
382 738 421 769 de
442 737 563 770 Latinis
591 735 705 767 Fabius
735 732 952 779 Quintilianus

80 779 183 822 Instit.
218 779 258 812 L.
282 779 336 812 lv.
362 779 409 811 bis
434 779 467 810 C.
496 788 524 810 2.
554 777 658 809 rursus
683 777 713 807 C.
734 786 763 814 4.
795 775 825 806 &
852 774 891 805 L.
909 773 948 805 V.

83 823 114 854 C.
141 831 189 854 10.
214 822 261 853 bis
277 821 391 852 iterum
415 820 453 852 L.
471 820 541 852 VII.
569 820 600 849 C.
623 829 655 860 3.
680 818 722 850 Et
740 816 863 862 quidem
881 813 952 856 post

82 864 159 898 DD.
184 863 294 896 Severi
313 863 341 894 δ’(
358 861 512 894 Antonini
531 859 716 900 rescriptum
733 867 796 890 non
813 856 868 888 mfi
884 855 950 887 fur-

85 915 152 937 tum
166 904 325 937 committi
343 902 463 935 constat
480 912 520 934 cx
545 903 565 932 l.
581 907 613 942 5.
630 901 671 941 ff.
696 901 734 931 ad
758 899 797 929 L.
814 897 885 943 Jul.
901 903 948 937 pe-

83 948 144 979 cul.
190 944 340 978 Constare
365 945 426 976 hoc
450 941 738 984 quoquepotuiss'et
756 950 795 971 ex
813 937 876 979 ipsa
891 938 949 969 Lc-

85 998 123 1029 ge
139 989 237 1030 Julia,
263 987 378 1027 quippe
390 994 450 1025 qua
468 984 620 1015 duntaxat
636 981 752 1013 sancita
769 980 814 1012 est
828 979 949 1025 sacrile-

84 1022 128 1071 {gii
150 1038 240 1071 poena
262 1027 293 1057 in
315 1035 387 1057 eum
404 1049 413 1064 ‚
445 1028 600 1065 quisacra
621 1023 731 1055 tulerit
745 1046 754 1062 ,
788 1031 822 1053 ut
850 1020 895 1052 est
918 1030 951 1052 m

83 1063 105 1103 ἶ.
128 1079 154 1102 1.
169 1070 210 1142 ff.
233 1067 307 1099 an.
332 1076 394 1098 non
411 1074 515 1097 autem
532 1066 713 1104 dubitatur,
738 1063 909 1105 depositam
918 1062 949 1093 in

86 1121 170 1153 temp
185 1112 209 1142 is
223 1109 418 1151 privatorum
441 1108 604 1149 pecuniam
625 1115 748 1138 manere
764 1104 948 1147 profanam3

85 1162 120 1186 ut
139 1153 190 1184 vel
214 1152 270 1183 hac
296 1150 418 1181 ratione
443 1149 496 1191 qui
518 1149 672 1190 privatam
698 1157 762 1179 rem
793 1156 833 1178 ex
862 1144 951 1177 sacro

83 1193 252 1235 surripuit,
298 1190 402 1223 rorsus
418 1190 454 1223 fit
471 1198 561 1222 extra
586 1189 702 1231 Legem
723 1188 835 1229 Juliam
853 1187 892 1218 de
907 1184 950 1217 sa-

84 1235 225 1275 crilegio.
272 1201 420 1274 fdemque
439 1232 627 1264 confirmant
653 1231 713 1262 alia
734 1230 887 1271 JCtorum
904 1227 950 1274 lo-

82 1287 136 1317 ca,
161 1269 230 1319 quae
246 1275 374 1316 utique,
399 1281 435 1306 ut
452 1272 648 1315 sacrilegium
662 1272 716 1312 sit,
742 1270 862 1304 sacrum
876 1268 952 1311 quid

81 1319 221 1351 ablatum
237 1316 418 1357 requirunt,
443 1324 479 1347 ut
509 1316 530 1347 t.
556 1326 589 1354 4.
620 1320 667 1355 pr.
698 1315 728 1345 &
764 1314 784 1345 l.
808 1323 837 1350 9.
869 1313 899 1352 §.
921 1320 950 1343 1.

83 1362 154 1393 δη.
168 1360 243 1391 Eud.
268 1357 360 1390 Unde
374 1357 448 1389 &in
463 1360 592 1393 Βαο-ιλιιῷ
605 1356 642 1388 L.
654 1355 725 1388 LX.
741 1355 774 1387 T.
791 1365 842 1395 45.
855 1355 887 1387 C.
902 1362 951 1385 11.

83 1404 115 1435 &
132 1401 371 1440 Harmcnopulo
400 1400 438 1432 L.
463 1399 517 1431 VI.
547 1398 580 1430 T.
597 1409 627 1439 5.
652 1397 682 1429 &
706 1397 737 1429 in
761 1396 825 1438 ipsa
850 1397 871 1428 l.
900 1404 951 1428 11.

83 1445 195 1486 §.1.b.
217 1441 251 1474 Τ.
275 1439 403 1482 praecise
421 1440 561 1473 additum
585 1445 632 1471 „7-
653 1440 680 1467 ὡ
701 1438 866 1475 snmcw'qa
881 1437 898 1470 a?
917 1439 952 1467 ὠκ

82 1490 120 1518 τε
145 1485 218 1515 εἶλλε
239 1487 286 1515 m}
311 1483 377 1519 ἱιρῦ,
396 1483 421 1512 τὶ
443 1483 602 1516 ἀφαλόμενος
617 1505 627 1521 ,
657 1482 711 1522 qui
725 1480 813 1522 sacri
828 1480 900 1522 quid
914 1489 952 1511 ex

73 1527 214 1570 sacrario
245 1523 296 1557 vel
313 1525 426 1566 reliquo
441 1524 545 1565 templo
562 1523 713 1565 surripit,
734 1531 773 1554 ne
796 1522 865 1564 quis
887 1520 951 1553 sur-

83 1569 165 1612 repti
184 1577 223 1600 ex
239 1566 360 1608 templo
375 1567 503 1599 nornine
520 1566 550 1598 ὅτ,
565 1566 688 1608 privata
704 1573 744 1595 eo
763 1564 838 1595 loco
852 1562 952 1605 pofita

83 1610 283 1652 intelligeret.
341 1608 438 1650 quue
476 1606 684 1649 supplendum
725 1604 770 1637 est
795 1605 827 1637 in
865 1606 886 1638 Ι.
917 1608 949 1637 6.

81 1660 130 1696 pr.
156 1653 186 1684 h.
209 1651 243 1683 T.
276 1650 329 1682 ubi
345 1649 542 1691 firnpliciter:
560 1648 590 1688 fi
614 1649 683 1689 quis
697 1648 814 1689 aliquid
828 1648 863 1680 de
879 1653 950 1679 tem-

80 1696 130 1737 plo
147 1694 236 1732 tulit,
260 1692 313 1725 seu
336 1691 414 1724 illud
435 1692 552 1732 aliquid
569 1690 768 1724 referendum
783 1688 828 1722 est
840 1689 878 1721 ad
895 1699 950 1729 ea,

107 1747 153 1769 uae
177 1735 228 1768 hic
253 1735 398 1773 dixerat,
429 1735 505 1765 dona
527 1733 588 1766 Dez'
610 1757 621 1772 ,
657 1732 720 1763 hoc
740 1730 784 1762 est
799 1755 809 1771 ,
839 1734 951 1764 donata

116 1789 147 1810 eo
165 1801 175 1815 ,
205 1786 240 1809 ut
254 1775 434 1809 Marcianus
450 1775 480 1807 id
494 1774 586 1807 effert
609 1776 642 1807 in
666 1774 687 1806 l.
705 1784 734 1814 4.
765 1773 795 1814 §.
815 1783 840 1805 1.
870 1773 945 1806 Eod.

83 1821 120 1854 In
136 1819 264 1852 eandem
275 1816 458 1850 sententiam
472 1819 548 1848 dona
561 1817 694 1849 Deorum
709 1823 863 1847 memorat
871 1815 948 1847 Pau-

82 1862 132 1895 lus
156 1861 197 1893 L.
214 1860 270 1892 IV.
297 1860 434 1892 Sentent.
460 1858 494 1890 T.
518 1870 538 1902 3
580 1860 599 1901 §
624 1870 654 1901 3.
696 1858 726 1890 ὃς
753 1859 829 1889 dona
848 1857 950 1890 Deum

83 1903 194 1937 Livius
218 1901 256 1933 L.
275 1901 313 1933 V.
341 1901 373 1932 C.
392 1911 443 1933 22.
486 1901 592 1942 Atque
609 1901 676 1933 haec
691 1899 729 1931 de
742 1899 830 1939 Jure,
855 1900 951 1931 etiarn

83 1945 164 1976 citra
176 1943 362 1984 rescriptum
385 1942 416 1974 in
440 1944 469 1974 d.
493 1944 512 1974 l.
529 1954 561 1983 5.
584 1952 655 1974 nam
678 1941 873 1982 explicandae
888 1951 949 1972 ma-

106 1986 148 2025 is,
173 1994 264 2027 quam
285 1984 440 2016 mutanda?
463 1985 539 2025 Legi
564 1984 652 2025 Juliae
681 1981 951 2015 Constitutionem

83 1996 169 2059 {llam
186 2025 338 2058 acceffiss'e
354 2027 484 2057 omnino
498 2025 542 2057 cst
555 2025 732 2057 dicendum.

128 2067 224 2100 Nunc
246 2067 283 2098 de
307 2068 327 2098 l.
353 2071 401 2098 16.
432 2067 459 2108 §.
478 2078 507 2106 4.
530 2067 571 2109 ff.
603 2070 637 2099 de
671 2067 755 2100 Paen.
781 2065 951 2098 videndum

89 2109 153 2148 cst3
174 2110 217 2142 ait
232 2109 274 2141 ibi
292 2109 498 2141 Saturninus:
533 2110 634 2141 Locus
662 2111 775 2149 facit,
816 2113 851 2140 ut
876 2111 952 2141 idem

89 2151 269 2192 velfurtum
287 2151 589 2193 vebsacrilegiumfit
601 2175 610 2190 ,
632 2151 772 2192 &capite
788 2152 950 2190 luendum,

87 2193 139 2225 vel
155 2195 265 2224 minore
272 2193 428 2232 supplicio.
472 2193 570 2233 Cujus
584 2193 651 2225 haec
662 2193 706 2226 est
720 2193 890 2233 sententia,
908 2194 950 2226 ob

89 2236 196 2266 locum
213 2233 419 2274 subreptionis
439 2233 500 2266 ess'e
523 2234 644 2267 furtum
665 2243 718 2267 aut
734 2234 928 2277 sacrilegium
940 2260 950 2275 ‚

90 2285 126 2308 ut
151 2276 204 2317 qui
225 2284 290 2307 rem
312 2273 424 2306 sacram
440 2299 449 2315 ,
481 2275 604 2309 furtum
616 2276 773 2317 facturus,
799 2286 839 2309 ex
855 2277 952 2310 domo

671 2385 1053 2426 .CAPUT

991 442 1110 474 locove
1127 440 1254 482 privato
1272 440 1419 482 abstulit,
1443 441 1475 473 in
1493 450 1557 483 quo
1574 441 1664 474 forte
1685 439 1865 472 invenieba-

993 491 1061 522 tur,
1086 482 1138 513 fur
1153 482 1190 514 sit
1208 482 1361 514 duntaxat
1378 508 1389 524 ,
1422 483 1495 525 quia
1509 493 1573 516 non
1588 482 1790 524 simpliciter,
1814 482 1869 522 qui

1015 524 1067 555 uid
1084 523 1161 556 sacri
1178 523 1321 564 abstulit,
1346 524 1432 567 Lege
1447 524 1528 565 Julia
1545 532 1687 563 tenetur,
1713 532 1825 555 verum
1843 523 1869 554 is

991 575 1135 605 nemum,
1161 566 1214 607 qui
1231 566 1307 598 dolo
1327 568 1411 598 malo
1435 568 1456 598 l.
1479 575 1506 599 1.
1522 567 1563 608 ff.
1587 569 1625 598 ad
1638 566 1677 598 L.
1695 565 1767 606 Jul.
1785 566 1814 595 h.
1832 564 1867 595 Τ.

994 607 1057 638 hoe
1072 605 1134 647 est,
1161 616 1273 648 gnarus
1293 617 1375 647 rem,
1402 617 1494 650 quam
1519 608 1724 650 surripiebat,
1750 605 1811 637 esse
1827 604 1868 637 sa-

994 656 1094 680 cram:
1121 648 1206 690 quod
1221 650 1251 681 in
1276 659 1332 689 co,
1358 651 1411 691 qui
1433 660 1474 682 ex
1489 650 1564 682 loeo
1582 659 1646 682 non
1664 649 1751 681 sacro
1768 646 1868 679 abstu—

995 690 1051 728 lit,
1083 689 1228 732 praesumi
1252 691 1362 732 nequit
1377 716 1386 731 ‚
1420 702 1517 734 quum
1539 701 1578 723 eo
1601 691 1725 723 furandi
1743 689 1868 728 animo,

994 741 1057 763 non
1075 732 1196 773 legendi
1224 731 1306 764 sacra
1326 734 1480 766 veniatur.
1528 734 1629 777 Igitur
1650 732 1729 764 furti
1751 730 1869 763 tenebi-

996 781 1046 803 tur
1063 773 1216 804 duntaxat
1239 776 1268 806 d.
1294 775 1322 814 §.
1339 785 1371 816 4.
1394 774 1465 807 Nec
1480 776 1572 807 aliter
1586 776 1624 806 de
1641 773 1791 817 peculatu
1805 773 1868 803 Au-

994 814 1062 845 &tor
1086 814 1255 847 Librorum
1278 816 1315 847 ad
1340 816 1539 849 Herennium
1570 817 1610 849 L.
1631 818 1653 849 l.
1689 817 1721 847 C.
1742 825 1792 846 22.
1836 813 1870 844 St

993 858 1061 896 quis
1089 857 1246 896 peculatus
1267 858 1447 899 accusatur,
1470 861 1546 900 quod
1564 859 1639 899 vasa
1653 864 1798 899 argentea
1810 862 1870 897 pu·

993 897 1071 928 blica
1088 900 1122 928 de
1137 899 1195 929 loco
1207 901 1333 939 privato
1347 902 1470 932 dicatur
1487 901 1638 943 sustuliffe
1649 924 1659 940 ,
1685 899 1774 942 poffet
1790 900 1870 931 dice-

994 949 1044 976 re,
1073 949 1140 970 cum
1163 941 1335 980 definitione
1350 941 1394 981 fit
1421 942 1510 983 usus,
1545 945 1618 985 quid
1645 941 1688 982 stt
1707 944 1838 983 furtum
1857 963 1868 980 ‚

994 982 1067 1022 quid
1083 982 1245 1028 peculatus
1265 1007 1275 1020 ,
1302 986 1400 1021 lacum
1416 986 1507 1024 furti
1529 987 1599 1027 agi.
1637 994 1695 1016 ‘non
1709 984 1870 1025 peculatus

994 1029 1137 1069 oportere.
1183 1024 1236 1056 Sin
1259 1034 1337 1057 vero
1363 1027 1493 1058 eandem
1516 1037 1581 1058 rem
1606 1026 1720 1058 sacram
1736 1035 1776 1057 ex
1794 1025 1870 1057 loco

995 1066 1080 1096 sacro
1096 1063 1306 1106 surripuiss'et,
1333 1067 1405 1108 quia
1422 1067 1451 1100 &
1469 1067 1554 1099 sacra
1576 1076 1660 1107 erat,
1687 1069 1717 1100 ἃ
1733 1067 1803 1099 sciri
1818 1067 1869 1098 de-

994 1106 1081 1145 buit,
1108 1106 1139 1137 in
1161 1106 1235 1138 loco
1259 1106 1346 1139 sacro
1366 1107 1428 1139 esse
1454 1108 1556 1140 solere
1570 1108 1670 1147 sacra,
1696 1111 1807 1151 utique
1824 1107 1870 1140 sa-

994 1147 1130 1188 crilegus
1147 1147 1192 1194 est
1216 1150 1244 1179 d.
1270 1150 1290 1180 l.
1314 1153 1362 1181 16.
1388 1151 1417 1190 §.
1438 1160 1470 1190 4.
1495 1150 1602 1192 Atque
1618 1151 1660 1182 ita
1674 1159 1869 1192 componen-

993 1189 1031 1220 da
1046 1187 1245 1221 Constitutio
1262 1191 1374 1231 &JCti
1394 1190 1566 1231 sententia,
1622 1201 1675 1224 uas
1698 1192 1871 1223 contrarias

995 1230 1075 1270 css'e,
1102 1231 1198 1262 etiam
1217 1231 1351 1273 Cujacio
1365 1232 1469 1265 visum
1483 1232 1528 1266 est
1553 1202 1708 1265 L.qXIII.
1738 1233 1869 1274 observ.

996 1272 1029 1319 C.
1052 1281 1100 1309 19.
1144 1272 1278 1306 sednon
1295 1273 1356 1315 est,
1383 1283 1419 1307 ut
1434 1285 1504 1317 quae
1519 1275 1585 1317 ipse
1600 1275 1718 1317 aliique
1736 1285 1770 1307 ea
1784 1275 1822 1307 de
1837 1285 1871 1306 re

995 1313 1164 1353 dixerunt,
1197 1313 1380 1356 sequamur;
1412 1317 1487 1358 quin
1503 1317 1629 1358 potius,
1655 1325 1691 1349 ut
1708 1316 1793 1357 dixi,
1828 1316 1871 1349 sic

996 1356 1190 1387 habendum:
1224 1358 1277 1398 qui
1295 1368 1362 1390 rem
1378 1359 1534 1400 privatam
1555 1366 1703 1399 amovet,
1729 1368 1870 1401 quocun-

996 1407 1058 1438 que
1078 1407 1119 1429 ex
1141 1397 1216 1430 loco
1230 1422 1240 1438 ,
1272 1400 1367 1432 etiam
1394 1400 1481 1432 sacro
1496 1425 1505 1440 ‚
1539 1409 1642 1433 tamen
1657 1425 1667 1440 ,
1699 1402 1772 1442 quia
1788 1400 1872 1433 sacra

995 1448 1060 1470 non
1075 1439 1170 1481 legit,
1197 1440 1364 1484 sacrilegus
1379 1452 1443 1475 non
1462 1442 1507 1474 est
1529 1445 1561 1477 d.
1583 1443 1604 1474 l.
1620 1454 1651 1483 5.
1674 1443 1727 1484 qui
1744 1452 1810 1474 rem
1828 1441 1870 1473 sa-

995 1490 1081 1512 cram
1099 1490 1139 1513 ex
1154 1482 1232 1513 loco
1245 1483 1372 1525 privato
1384 1508 1393 1524 ,
1419 1485 1491 1526 quia
1509 1485 1580 1517 inde
1594 1494 1658 1517 non
1683 1493 1870 1522 amovetur,

996 1530 1032 1554 ut
1047 1521 1148 1563 sacra,
1174 1523 1227 1556 fur
1242 1524 1303 1566 est,
1329 1536 1432 1568 neque
1447 1527 1580 1568 amplius
1603 1529 1634 1559 d.
1659 1527 1679 1558 l.
1701 1530 1750 1559 16.
1784 1526 1814 1567 ᾗ.
1836 1535 1872 1566 4.

995 1563 1104 1606 thue
1126 1566 1170 1597 ita
1189 1565 1348 1608 dieamus,
1373 1568 1457 1600 ratio
1480 1569 1594 1610 reliqui
1608 1569 1684 1610 juris
1708 1569 1872 1610 imperat,

995 1614 1055 1637 nec
1072 1607 1241 1649 quicquam
1260 1609 1431 1650 prohibent
1446 1610 1544 1642 verba
1560 1611 1724 1652 uti-iusque
1741 1610 1846 1652 Legis.

1038 1647 1217 1690 Caeterum,
1242 1650 1309 1682 haec
1324 1661 1396 1683 cum
1413 1651 1458 1683 ita
1471 1651 1547 1692 sint,
1573 1661 1736 1694 perperam
1745 1650 1871 1683 Gratia-

995 1698 1053 1721 nus
1076 1692 1105 1722 d.
1137 1690 1166 1732 §.
1187 1701 1218 1731 4.
1250 1693 1361 1725 retulit
1377 1693 1410 1725 in
1435 1694 1468 1726 C.
1501 1704 1548 1731 19·
1581 1693 1678 1734 Cauff.
1705 1692 1868 1727 XXXIII.

993 1730 1036 1774 Q,
1055 1731 1111 1779 III2
1135 1736 1169 1780 gie
1190 1734 1302 1766 Punic.
1330 1734 1411 1775 Dzst.
1438 1735 1461 1768 Ι.
1487 1745 1559 1768 nam
1573 1746 1614 1768 ex
1631 1734 1872 1768 Constitutione

993 1774 1161 1807 Pontificis
1174 1774 1301 1816 Joannis
1319 1776 1406 1809 VIII.
1432 1778 1465 1810 in
1490 1779 1522 1810 C.
1548 1788 1598 1811 21.
1637 1777 1733 1819 Cauff.
1759 1776 1867 1809 XVII.

993 1815 1036 1862 Q:
1060 1814 1115 1847 IV.
1144 1816 1172 1858 §.
1197 1827 1223 1849 1.
1255 1818 1485 1860 displicuitilla
1509 1821 1529 1852 l.
1555 1830 1586 1862 5.
1615 1820 1652 1862 ff.
1675 1823 1712 1852 acl
1735 1819 1773 1850 L.
1796 1818 1870 1860 Jul.

989 1857 1088 1900 pecul.
1111 1858 1141 1890 &
1160 1858 1251 1891 locus
1264 1859 1415 1891 fui-tuma
1439 1860 1603 1905 sacrilegio
1618 1872 1682 1894 non
1705 1860 1871 1901 distinguit

994 1909 1047 1939 ea,
1072 1909 1133 1940 qua
1146 1910 1205 1933 nos
1219 1901 1468 1942 explicavimus,
1493 1905 1617 1936 ratione
1648 1906 1667 1936 l.
1691 1908 1738 1935 16.
1778 1902 1806 1944 §.
1837 1910 1868 1940 4.

989 1942 1030 1983 ff.
1051 1942 1086 1973 de
1109 1942 1196 1974 Poen.
1240 1944 1292 1975 Sic
1307 1943 1390 1974 enim
1404 1943 1558 1976 Pontifex
1574 1946 1604 1977 in
1629 1947 1657 1977 d.
1683 1947 1714 1978 C.
1734 1954 1782 1977 21.
1815 1945 1870 1975 Sa-

997 1984 1155 2025 attegiam
1178 1987 1379 2016 committitur
1401 1986 1699 2027 auferendo-sacrum
1720 1987 1870 2027 descivi-o,

994 2026 1044 2058 vel
1058 2026 1406 2066 nonsacrumdesacro‚
1428 2026 1629 2070 fivesucrum
1646 2032 1680 2061 de
1696 2029 1868 2069 nonsacro,

995 2069 1025 2101 δε
1049 2077 1091 2099 ex
1116 2068 1273 2100 Pontifice
1295 2067 1429 2100 Carolus
1451 2069 1489 2102 V.
1526 2071 1556 2103 in
1597 2071 1722 2113 Constit.
1746 2073 1867 2103 crimin.

995 2111 1024 2151 §.
1056 2119 1124 2151 ¹71·
1165 2110 1289 2157 Quare,
1316 2117 1351 2141 ut
1369 2110 1433 2150 Juri
1452 2111 1624 2146 Pontificio
1642 2114 1815 2147 conveniat
1836 2114 1867 2144 cl.

995 2153 1024 2194 §.
1039 2161 1070 2191 4.
1093 2162 1149 2191 co,
1175 2160 1210 2183 ut
1225 2161 1309 2184 nune
1323 2150 1385 2191 est,
1413 2154 1596 2195 translatus,
1623 2156 1755 2188 omnino
1765 2153 1869 2186 esta&

994 2194 1157 2236 cipiendus
1178 2193 1216 2225 de
1239 2193 1330 2225 rebus
1350 2193 1568 2236 privatorum,
1601 2207 1642 2229 ex
1659 2198 1734 2229 loeo
1752 2196 1805 2229 seu
1823 2196 1865 2228 sa-

994 2245 1071 2275 cro,
1097 2235 1149 2267 seu
1171 2234 1306 2277 profano
1329 2234 1458 2267 ablatis:
1485 2237 1601 2279 absque
1617 2249 1657 2271 eo
1671 2239 1757 2271 enim
1774 2238 1795 2270 fi
1811 2238 1867 2276 fit,

994 2278 1084 2310 locus
1098 2277 1308 2319 nequicquam
1325 2275 1487 2320 distinguit
1501 2278 1574 2320 Jure
1588 2280 1764 2313 Canonum.

1150 2386 1236 2422 IX.

163 2479 200 2516 In
225 2486 332 2515 mutuo
358 2479 456 2515 aliam
480 2489 537 2526 pro
562 2481 629 2516 alia
651 2483 821 2528 pecuniam
846 2482 932 2524 reddi
956 2482 1038 2530 pqffi’
1056 2510 1066 2526 ‚
1101 2491 1136 2519 ut
1162 2495 1275 2519 aarum
1299 2493 1355 2530 pro
1381 2490 1516 2530 argento
1534 2510 1544 2528 ‚
1579 2482 1620 2526 55⁹
1646 2493 1758 2522 contra
1776 2497 1794 2530 ,··
1842 2501 1844 2503 ·

398 2528 529 2575 defensa
555 2530 651 2566 Libri
676 2531 855 2567 Florentini
880 2531 1006 2568 lectione
1032 2535 1066 2568 in
1095 2533 1136 2568 L.
1155 2544 1214 2578 99.
1241 2532 1279 2568 ff.
1312 2532 1356 2569 de
1381 2533 1554 2569 Solution.

176 2634 228 2666 uid
243 2634 281 2667 fit
296 2642 441 2667 mntuum
457 2636 540 2668 reete
553 2636 636 2669 dixit
653 2637 801 2679 Cujacius
824 2638 864 2670 L.
890 2635 949 2672 XI.

198 2676 326 2715 Observ.
362 2677 394 2708 C.
418 2687 471 2719 37.
513 2677 556 2710 Et
572 2679 710 2719 constat,
736 2680 773 2712 ad
789 2690 861 2712 eum
877 2690 952 2713 con-

196 2718 327 2750 tractum
341 2718 492 2758 ejusmodi
516 2729 564 2751 res
589 2721 705 2762 requiri
724 2746 734 2761 ,
765 2731 834 2763 quae
857 2722 921 2753 dari
940 2746 951 2762 ,

87 2758 248 2798 consumi,
279 2759 311 2790 &
334 2769 460 2801 quoque
481 2759 600 2793 restitui
615 2762 761 2808 poffunt:
786 2772 855 2805 quae
879 2772 952 2796 cum

87 2809 153 2841 non
166 2800 276 2840 cadant
292 2800 324 2831 in
338 2810 390 2840 ca,
408 2810 476 2842 quae
491 2802 524 2834 in
545 2801 646 2844 specie
661 2803 826 2836 consistere
842 2804 950 2837 dicun-

89 2848 158 2880 tur,
182 2850 324 2882 apparet,
339 2838 406 2873 haec
420 2843 456 2874 ad
471 2852 615 2875 mutuum
625 2854 688 2877 non
704 2846 861 2887 pei-tinere
871 2869 880 2885 ,
896 2855 949 2877 ve-

88 2891 159 2912 rum
181 2891 217 2927 ea
234 2890 373 2922 tantum,
398 2892 466 2924 quae
491 2884 554 2916 fine
569 2884 709 2927 respettu
724 2887 815 2928 hujus
834 2887 950 2919 illusve

88 2931 234 2968 corporis
246 2923 402 2970 pondere,
432 2935 582 2966 numero,
614 2937 650 2958 ac
665 2927 807 2960 mensura
822 2928 948 2969 valent,

90 2972 206 3009 utpote
225 2972 258 2994 in
281 2964 391 3004 quibus
413 2975 477 2998 non
496 2967 603 2999 eadem
623 2967 642 3000 s
657 2969 757 3009 ecies,
783 2969 834 3001 sed
851 2978 949 3011 genus

89 3004 270 3036 attenditur.
315 3004 406 3037 Unde
434 3006 589 3041 Hesiodus
641 3019 659 3041 e
687 3020 800 3043 mutuo
814 3035 824 3051 ‚
863 3012 950 3054 quod

90 3044 230 3094 mensura
244 3044 384 3085 constat,
409 3047 439 3079 ἀ
456 3049 552 3091 magis
565 3051 742 3091 pertinebat
756 3053 794 3084 ad
810 3053 876 3094 ejus
885 3050 949 3094 ’Ἐς-

87 3099 122 3124 γε
136 3098 178 3132 ’‘2“
199 3088 303 3125 Hue'qys
320 3086 411 3127 Vers.
425 3099 498 3130 349.
519 3091 550 3123 &
569 3102 643 3133 350.

126 3133 166 3157 Εὐ
189 3127 234 3160 μὶν
251 3131 401 3174 ''ts-tamena
421 3132 495 3169 τιυὶ
518 3133 640 3173 adn-⁰⁵,
664 3135 692 3166 εδ
711 3138 746 3173 dl’
765 3136 891 3169 cimam

129 3171 209 3204 Αὐτῷ
229 3181 265 3205 τῳ
285 3170 380 3207 με’τξιι.
408 3188 494 3195 —·
512 3190 597 3197 ——
616 3193 702 3200 -—
721 3196 807 3202 —-
829 3197 915 3204 -—.

86 3210 167 3250 Juris
199 3209 270 3256 loca
308 3211 340 3243 in
366 3211 446 3244 hanc
483 3222 548 3245 rem
577 3217 711 3256 protrita
739 3218 820 3252 sunt.
882 3221 950 3254 Illis

87 3250 246 3285 consentit
262 3250 359 3294 Gaius
382 3253 422 3287 L.
441 3253 496 3290 III.
523 3254 693 3300 Fragment.
723 3259 759 3293 T.
797 3271 826 3295 2.
859 3262 889 3303 §.
921 3273 948 3296 1.

996 2649 1068 2671 curn
1082 2638 1142 2671 ait:
1168 2638 1214 2672 Re
1229 2639 1422 2671 contrahitur
1446 2637 1654 2682 (obligatio)
1678 2643 1792 2682 quoties
1808 2642 1865 2673 (ili-

995 2691 1055 2722 qua
1071 2683 1236 2723 cuicunque
1258 2688 1359 2713 mutuo
1376 2683 1492 2713 dantur
1508 2705 1516 2719 ‚
1547 2691 1611 2723 quae
1632 2685 1664 2713 in
1679 2686 1725 2714 his
1753 2684 1840 2715 rebus
1851 2707 1862 2722 ,

996 2724 1026 2755 ὃς
1043 2723 1281 2764 reliqua310cus
1295 2724 1379 2755 enim
1393 2722 1609 2765 longiusculus
1623 2723 1685 2763 est,
1696 2726 1725 2757 ὃς
1736 2749 1745 2764 ,
1761 2734 1800 2756 ne
1810 2735 1863 2757 ne-

995 2764 1233 2805 scias‚quantus
1241 2764 1443 2806 quantusest‚
1461 2765 1587 2806 peffime
1601 2765 1725 2797 habitus
1739 2767 1777 2798 ab
1797 2767 1860 2800 Sal-

994 2806 1090 2838 mafio
1106 2807 1136 2837 in
1156 2807 1290 2849 Disquz's.
1317 2809 1350 2838 de
1366 2807 1479 2839 Mutuo
1497 2814 1526 2846 p.
1546 2816 1583 2837 m.
1607 2814 1675 2844 ¹52·
1718 2807 1811 2841 Nihil
1826 2819 1860 2841 o-

993 2849 1102 2881 mnino
1116 2848 1161 2881 est
1175 2849 1378 2887 mutandum,
1403 2849 1459 2882 nifi
1472 2847 1558 2879 forte
1580 2847 1611 2878 in
1634 2849 1740 2882 verbis
1756 2875 1766 2891 ,
1791 2860 1863 2892 quae

993 2890 1090 2922 modo
1108 2891 1220 2929 retuli,
1244 2900 1303 2932 pro
1319 2893 1421 2933 aliqua
1436 2892 1601 2929 cuicunque
1619 2890 1759 2932 placeret
1777 2893 1858 2934 lege-

991 2942 1025 2963 re
1040 2932 1134 2964 alicui
1149 2941 1348 2973 quaecunque,
1370 2932 1454 2973 quod
1465 2955 1474 2970 ,
1507 2931 1584 2962 licet
1604 2942 1669 2963 non
1685 2941 1858 2975 usquequa-

993 2983 1053 3015 que
1069 2974 1270 3007 neeess'arium
1281 2997 1290 3012 ,
1316 2973 1413 3013 magis
1431 2981 1533 3003 tamen
1549 2973 1673 3014 placet,
1689 2984 1784 3016 quam
1794 2976 1858 3008 Sal-

992 3014 1075 3047 mafii
1092 3014 1289 3046 contractum
1303 3015 1535 3055 aliquacunque.
1573 3014 1697 3047 Cretera
1712 3017 1778 3056 ejus
1794 3017 1859 3049 loci

991 3055 1208 3094 defenderem,
1234 3055 1285 3087 sed
1302 3055 1396 3087 taedet
1412 3055 1560 3087 minutias
1574 3054 1727 3096 persequi.
1760 3059 1858 3090 Ouo-<I

991 3106 1096 3142 autem
1119 3096 1217 3136 Gajus
1240 3097 1284 3128 ait
1305 3097 1336 3129 in
1359 3099 1388 3128 d.
1413 3097 1442 3138 §.
1463 3106 1488 3128 1.
1512 3097 1542 3129 ἅ
1566 3107 1638 3129 cum
1656 3098 1738 3140 Gajo
1754 3088 1858 3139 oInnis

992 3137 1238 3178 Junsprudentia
1251 3138 1471 3171 Pandeftarum
1485 3162 1494 3178 ,
1519 3147 1632 3170 mutuo
1648 3140 1754 3174 datum
1772 3142 1859 3174 reddi

992 3178 1104 3210 debere
1114 3178 1203 3210 simili
1219 3180 1374 3220 pondere,
1399 3189 1531 3212 numero
1541 3205 1551 3220 ‚
1577 3189 1613 3212 ac
1626 3182 1799 3225 mensura,
1811 3193 1861 3215 zie-

994 3220 1172 3260 cipiendum
1187 3220 1232 3252 est
1245 3221 1275 3254 &
1289 3222 1558 3263 interpretandum
1583 3233 1623 3255 ex
1642 3224 1736 3266 ipsius
1751 3226 1794 3258 rei
1809 3235 1861 3257 na-

994 3270 1082 3300 tura,
1114 3271 1182 3304 quae
1205 3263 1236 3298 in
1261 3263 1417 3339 {editum
1438 3264 1515 3304 ivit,
1551 3274 1586 3297 ut
1600 3265 1621 3298 fi
1637 3268 1768 3307 pecunia
1790 3267 1861 3298 data

1323 3314 1340 3337 2
1795 3307 1862 3339 fue-
