2008 3436
405 123 812 162 CORNELII
886 131 996 157 VAN

167 137 236 172 2¹4

775 249 802 283 C
851 247 882 282 A
930 245 956 281 P
1007 246 1042 280 U
1091 243 1126 279 T

694 346 835 379 Cor-reela
864 342 901 376 L.
919 352 975 376 20.
1003 339 1039 375 ff.

249 449 314 490 ajus
339 450 378 483 L.
398 450 420 483 Ι.
447 453 485 482 ad
508 451 584 493 Leg.
602 449 675 482 XII.
702 448 803 480 Ἑῑῖηιί.
825 446 890 484 ait,
910 442 1028 490 pleros-

271 502 332 533 que
363 492 482 533 ptltasse
498 514 508 530 ‚
541 491 662 523 nullum
685 491 722 521 de
750 489 846 520 domo
865 485 917 532 sua
934 495 964 516 m
981 494 1029 524 Jus

162 533 273 564 vocari
290 533 394 565 licere.
441 533 488 565 Ita
504 543 543 564 ex
567 531 648 572 Gajo
667 532 798 575 relatum
817 527 861 559 est
880 537 910 558 m
935 526 954 557 l.
980 529 1027 558 18.

161 575 219 605 eod.
242 574 300 605 Tm.
327 574 447 606 &mox
465 574 588 605 additur
613 582 654 603 ei<
671 571 769 603 Paulo
785 579 816 615 in
840 570 859 615 Ζ..
884 578 929 605 19.
975 566 1025 611 JU‘.

160 615 279 646 lianum
311 615 497 647 existimasse
512 639 521 654 ‚
561 613 644 644 reete
667 620 769 643 tamen
794 620 823 642 m
846 619 894 649 jus
918 615 1027 652 vocari

161 665 252 695 eum,
284 657 336 696 qui
358 657 476 688 aditum
502 655 539 686 ad
556 654 588 686 se
602 652 745 694 praestet,
771 659 825 683 aut
839 660 879 681 ex
898 649 1028 690 publico

161 696 383 738 conspiciatur.
429 695 545 728 Rursus
560 694 604 726 est
622 693 722 734 Gaj0,
747 692 859 724 eodem
881 691 919 722 L.
942 688 1029 735 Luci

161 738 239 780 Leg.
269 737 342 769 XII.
382 737 483 768 Tuhzcl.
508 737 538 768 in
561 736 706 778 proxima
727 735 746 766 l.
770 743 819 765 ρο.
867 732 1031 778 Sed-emani

164 790 183 810 α
200 781 290 810 vinea
308 801 319 816 ,
350 778 385 813 δέ)
410 779 542 816 balineo,
573 777 609 812 ὣς)
638 777 749 808 theatro
768 785 848 806 nemo
864 774 978 817 dacbztfzt
998 779 1030 800 m

157 821 209 862 jus
226 821 325 851 vocari
341 820 437 850 licere.
485 820 640 851 Balineum
651 819 680 849 ἃ
693 812 1031 861 Balneumpromrscue

162 861 227 892 dici
246 870 339 892 nemo
357 860 418 899 est,
443 860 496 901 qui
518 859 628 892 nescit.
675 858 718 890 At
745 867 801 889 cur
820 865 881 895 ait,
907 866 925 885 a
942 862 1032 884 vinea

161 902 194 934 in
221 902 269 941 jus
298 902 407 933 vocari
425 901 532 942 posse,
565 901 594 933 ἃ
615 910 677 932 non
696 899 791 930 etiam
811 908 828 929 a
843 902 1032 938 quocunque

163 952 238 983 agro
250 942 266 974 ἱ)
290 942 356 982 ejus
375 943 417 974 rei
438 943 592 974 rationem
608 940 672 982 ipse
688 941 799 982 ignoro
814 961 824 977 9
857 939 887 969 <Sc
905 936 935 968 se
956 945 1032 975 quo·

164 993 224 1024 que
242 984 385 1024 ignorare
405 983 526 1015 fatetur
551 983 698 1023 Cujacius
724 981 763 1012 L.
785 978 879 1012 XXI.
908 979 1029 1021 Ohjeifv.

168 1026 199 1056 C.
229 1029 280 1065 38.
314 1025 343 1056 ὅ(
370 1024 441 1056 ideo
464 1027 583 1056 vineam
607 1031 708 1055 mutat
732 1022 763 1053 in
776 1022 902 1066 jamtum
917 1019 970 1051 vel
986 1027 1033 1058 ja.-

164 1075 271 1104 neam,
292 1073 328 1097 ut
348 1066 425 1098 olim
442 1066 669 1108 loquebantur,
694 1064 816 1103 adjutus
831 1069 925 1092 etiam
941 1069 957 1090 a
978 1060 1033 1091 Bu-

166 1106 278 1146 filicis,
304 1107 357 1147 qui
376 1107 406 1139 ἅ
422 1107 475 1149 ipsi
504 1109 623 1138 vineam
641 1105 693 1137 hic
710 1103 942 1148 exstirparunt,
968 1099 1034 1132 sub-

167 1147 333 1180 stituentes
350 1149 394 1177 xm*
412 1154 556 1186 manno,
576 1158 594 1178 a
611 1145 760 1188 vestibulo.
806 1144 866 1176 Sed
891 1152 948 1174 Vix
965 1140 1010 1187 est
1024 1163 1033 1179 ,

166 1198 203 1220 ut
227 1197 349 1220 tantum
375 1189 469 1222 aufim
495 1197 634 1228 mutare,
666 1188 762 1218 etiam
776 1186 866 1224 ide0‚
891 1183 975 1224 quod
987 1193 1034 1224 ya-

166 1240 227 1262 nua
251 1229 330 1261 nihil
352 1240 520 1263 commune
547 1230 656 1261 habeat
683 1238 756 1259 eum
771 1227 884 1258 balneo
900 1226 929 1255 (St
950 1224 1033 1254 thea-

168 1279 240 1309 tr0,
272 1281 343 1312 quae
371 1281 448 1303 mox
473 1271 652 1312 sequuntur.
704 1267 829 1312 Samuel
854 1266 980 1311 Petitus*
998 1264 1036 1294 acl

169 1312 243 1345 LL.
262 1311 362 1344 Amc.
383 1313 422 1344 L.
442 1313 496 1345 IV.
525 1312 558 1343 T.
582 1311 620 1343 ll.
639 1317 669 1350 p.
689 1312 760 1351 316.
785 1310 887 1352 iervat
905 1314 1036 1351 vmeam,

169 1354 198 1386 ἀ
218 1352 349 1394 Cujacio
365 1353 542 1386 emendanti
558 1351 620 1384 sese
634 1350 788 1392 opponit,
813 1359 832 1379 a.
849 1356 939 1378 vinea
953 1346 1036 1378 idem

170 1394 232 1426 esse
251 1402 337 1426 ratus
360 1406 396 1427 ac
418 1396 632 1426 vindemiarum
657 1397 789 1431 tempore.
835 1389 895 1421 Sed
913 1396 1009 1419 nemo
1026 1409 1036 1425 ,

170 1436 303 1477 opinor,
329 1443 444 1477 praeter
465 1436 621 1473 Petitum,
653 1433 707 1465 has
722 1431 901 1464 locutiones
916 1428 1037 1474 easdem

171 1477 234 1508 effe
249 1477 342 1508 dicet.
389 1477 477 1517 Quin
493 1476 546 1508 vel
564 1476 609 1508 ita
625 1474 705 1507 nihil
720 1473 886 1519 quicquam
903 1477 1037 1516 extrica-

172 1526 240 1556 ret,
265 1527 336 1548 cum
362 1517 460 1558 Gajus
484 1518 566 1558 ajat,
590 1528 609 1548 a
625 1517 714 1547 vinea
735 1515 767 1546 in
782 1524 830 1554 Jus
844 1521 954 1544 vocari
968 1519 1039 1556 pos-

172 1558 224 1598 se,
248 1558 333 1599 quod
349 1566 451 1591 tamen
473 1559 701 1590 vindemiarum
720 1564 862 1596 tempore
876 1563 941 1585 non
962 1552 1039 1597 licet

172 1600 192 1631 l.
227 1609 252 1631 1.
280 1605 326 1640 pr.
351 1599 391 1641 ff.
425 1602 458 1631 de
491 1600 594 1631 Feriis.
640 1597 692 1630 De
717 1598 791 1629 loco
806 1593 920 1641 incest
937 1602 1040 1625 omnis

170 1640 295 1679 sermo,
328 1651 392 1673 non
415 1641 454 1672 de
475 1649 636 1682 tempore,
672 1639 702 1671 &
722 1639 819 1675 loco,
842 1636 898 1668 nifi
916 1634 1012 1666 fallor
1029 1656 1039 1672 ,

170 1683 224 1722 qui
239 1682 353 1714 balneo
369 1683 398 1715 ὃ(
417 1683 542 1714 theatro
558 1681 739 1714 conveniat.
765 1677 937 1720 Dionysius
946 1674 1040 1723 Glos-

171 1724 255 1757 sator
272 1724 424 1763 conjicit,
449 1723 564 1764 Gajum
579 1721 708 1755 for-taffe
735 1719 849 1767 sentire
873 1718 913 1749 de
933 1726 1042 1763 vinea,

173 1767 251 1797 domo
280 1765 372 1796 alicui
400 1765 571 1797 adhaerente.
616 1763 676 1796 Sed
696 1762 740 1794 ita
757 1770 851 1793 vmea
865 1757 1042 1791 censebitur

172 1808 241 1847 jure
257 1805 390 1845 domus,
411 1816 475 1838 non
490 1805 577 1837 secus
590 1813 685 1846 atque
701 1801 895 1848 hortusin'l.
906 1809 957 1837 91.
968 1798 995 1840 §.
1008 1807 1038 1844 5.

167 1848 207 1890 ff.
231 1848 263 1878 de
296 1847 372 1889 Leg.
394 1847 447 1879 III.
478 1856 578 1889 neque
601 1846 641 1878 ab
667 1844 821 1885 ejusmodi
837 1851 929 1873 vmea
945 1849 1043 1887 magis

171 1891 204 1921 in
219 1889 267 1929 jus
285 1888 394 1920 licebit
411 1898 548 1926 vocare,
570 1898 661 1929 quam
676 1887 712 1918 ab
731 1885 794 1926 ipsa
812 1884 927 1922 domo,
952 1891 1042 1927 cujus

175 1940 247 1972 pars
268 1928 323 1961 est.
366 1929 441 1971 Agit
466 1938 571 1961 autem
597 1927 696 1969 Gaj-us
721 1927 755 1958 in
775 1927 806 1958 h.
829 1926 849 1956 l.
868 1935 918 1957 20.
939 1923 979 1955 de
995 1932 1040 1968 vi-

173 1981 252 2008 nea,
277 1981 294 2002 a
310 1980 370 2011 qua
386 1972 461 2002 licet
482 1972 512 2002 in
532 1971 581 2010 J'us
600 1978 727 2001 vocare.
781 1968 833 2000 Sic
849 1974 883 1997 nt
901 1974 966 2011 non
983 1973 1040 2010 mi-

172 2022 240 2050 rer,
268 2011 456 2053 Dionysium
472 2011 562 2052 hujus
578 2010 768 2051 conjectura:
786 2017 866 2054 mox.
879 2013 1042 2052 poenituis-

175 2052 225 2092 se,
246 2054 335 2088 vinea
353 2054 385 2084 in
412 2063 455 2084 Cal
487 2063 571 2084 onam
589 2059 719 2084 mutata.
763 2049 840 2082 Non
858 2057 903 2080 ita
922 2046 1042 2093 scilicet

174 2101 300 2135 poterat
322 2095 436 2132 vineae,
468 2104 505 2125 eu
523 2093 713 2135 potius.vini
730 2089 898 2129 oblivisci,
923 2087 1042 2130 qumad

175 2144 352 2176 cauponam
374 2144 449 2166 mox
476 2135 648 2166 diverteret
667 2158 677 2174 ‚
710 2134 740 2166 ὃς
766 2132 932 2173 benignam
953 2129 1042 2162 fimul

173 2175 284 2209 leftori
304 2174 412 2206 sobrio
424 2176 543 2207 ridendi
558 2175 718 2207 materiem
737 2173 904 2216 praeberet.
984 2212 990 2217 ·

216 2216 308 2255 Fuit,
339 2226 411 2247 cum
438 2225 601 2257 putarem,
630 2218 768 2254 vineam,
792 2222 905 2255 utpote
924 2211 1041 2255 potissi·

174 2268 256 2290 mam
275 2258 304 2289 &
320 2258 511 2298 praecipuam
529 2259 592 2299 agri
611 2256 763 2298 speciem,
789 2265 847 2297 pro
863 2256 949 2287 omui
966 2262 1041 2294 agro

175 2300 227 2331 hie
252 2298 313 2330 esse
328 2298 459 2339 positam
477 2322 489 2338 ,‚
512 2308 583 2330 nam
599 2300 632 2330 de
655 2299 782 2329 omnibus·
798 2299 881 2339 agris
893 2298 982 2327 vinea
1001 2291 1040 2334 est

169 2342 288 2381 prima,
321 2347 367 2371 ut·
383 2339 466 2371 Cato
481 2340 564 2371 dixit
577 2341 610 2371 de
629 2340 669 2371 R.
689 2339 732 2371 R.
754 2341 784 2369 in
797 2341 894 2379 prbis.
916 2340 945 2370 o:
960 2335 1040 2377 apud

178 2382 349 2413 Varronem
374 2382 406 2412 de
433 2381 474 2412 R.
501 2381 541 2412 R.
576 2381 615 2412 L.
637 2380 660 2412 I.
696 2382 728 2412 C.
746 2390 775 2421 7.
800 2380 877 2411 alim
895 2389 966 2422 ager
981 2377 1039 2422 alis)

175 2424 284 2454 dicitur
301 2422 401 2453 melior
416 2424 448 2453 in
471 2432 574 2453 novem
592 2422 823 2463 discriminibus,
857 2420 892 2455 &⁴
920 2421 990 2461 quod
1000 2418 1041 2456 stt

169 2465 306 2505 primur,
334 2464 383 2494 ubi
407 2465 499 2494 vineae
523 2461 626 2504 poffim
641 2463 692 2504 effe
709 2465 781 2494 hono
792 2464 861 2493 vino
880 2461 915 2497 ὅ)
933 2461 1019 2492 imilco
1030 2481 1040 2497 ‚

165 2505 328 2547 jactandas,
348 2505 396 2534 uhi
416 2505 512 2535 hortm
529 2506 679 2545 irrignus,
696 2505 728 2536 ὃς
747 2504 787 2536 fic
805 2513 910 2544 porri).
936 2504 1041 2542 Atque

174 2547 218 2578 ita
237 2555 291 2586 per
312 2545 442 2583 figuram
462 2541 1039 2585 Rhethorices,fnesci0tua111,cxisti-

174 2587 296 2619 mabam
304 2609 313 2625 ,
324 2585 439 2626 Gajum
457 2594 576 2626 partem
587 2596 649 2626 pro
661 2594 733 2618 toto
742 2555 854 2617 diffide
863 2587 915 2625 ,de
930 2587 1020 2616 vinea
1029 2608 1039 2623 ,

174 2629 206 2661 id
217 2627 262 2659 est
271 2650 282 2666 ,
297 2628 330 2658 de
345 2637 425 2668 agro.
451 2627 510 2659 Sed
536 2636 572 2658 ea
586 2626 739 2658 sententia
754 2636 837 2657 nunc
864 2636 927 2658 non
947 2634 1035 2663 utor,

173 2670 245 2711 quia
255 2693 265 2708 ,
274 2675 389 2710 praeter
398 2668 505 2699 duram
514 2691 523 2706 ,
543 2667 778 2708 certeinJCto,
791 2668 948 2704 urulmmn
957 2691 966 2705 ‚
978 2668 1039 2698 ine-

172 2719 263 2752 ptum
279 2710 370 2750 plane
384 2708 461 2740 effet
476 2709 660 2748 admonere,
684 2719 720 2739 ex
745 2718 816 2750 agro
838 2718 930 2749 quem
946 2708 976 2738 in
991 2708 1039 2747 jus

172 2752 281 2783 vocari
300 2750 405 2791 poss'e,
430 2759 501 2781 nam
516 2759 572 2781 cur
595 2759 657 2781 non
677 2749 839 2781 addidisset
852 2772 861 2787 ,
886 2749 980 2779 etiam
1002 2758 1038 2778 cnr

177 2793 255 2824 Urbe
276 2792 395 2823 licitam
412 2790 474 2823 ess'e
491 2791 523 2823 in
540 2791 590 2832 jus
610 2790 846 2822 vocationem?
871 2790 900 2821 <Sc
916 2799 984 2830 quae
1003 2789 1034 2820 ii-

173 2833 322 2865 militudo
343 2833 424 2865 inter
446 2841 554 2872 agrum
575 2832 606 2863 &
631 2831 779 2863 balneum
799 2832 829 2862 ὅ(
847 2830 1000 2861 theatrum
1019 2830 1036 2861 ‘2

174 2876 205 2906 ὅ(
222 2882 325 2906 tamen
342 2874 373 2905 id
387 2873 456 2906 aliis
480 2873 647 2911 omnibrm,
669 2882 744 2914 quas
769 2871 857 2913 supra
875 2871 957 2917 dixi,
983 2881 1035 2901 ex-

174 2915 398 2956 plicationibus
421 2915 451 2946 &
478 2913 748 2946 emendationibus
775 2920 882 2954 putavi
906 2910 1036 2943 obstare.

174 2957 301 2986 Poterat
325 2956 475 2988 nonnulla
497 2955 656 2987 dubitatio
686 2954 824 2986 incidere
843 2976 857 2991 ,.
886 2962 922 2984 an
940 2953 1008 2994 quis
1024 2962 1040 2983 a

175 2994 249 3026 loco
264 2996 413 3036 publico,
437 2996 489 3027 ubi
510 2996 686 3037 voluptati-s
703 2995 754 3027 vel
773 2994 962 3026 valetudinis
974 3004 1038 3035 gra-

175 3036 216 3065 tia
236 3045 374 3068 moratur
386 3061 399 3077 ,
420 3038 450 3069 in
468 3037 517 3077 jus
532 3039 638 3069 vocari
656 3036 773 3078 poffit‘?
798 3037 877 3067 hanc
897 3043 1039 3066 removet

177 3074 292 3115 Gde-S,
318 3079 346 3109 ὅ(
365 3079 408 3109 ait
424 3078 529 3119 poffe,
559 3089 595 3109 ex
619 3079 709 3110 medio
719 3078 802 3118 forte
824 3081 897 3107 coetu
910 3076 1039 3116 plurium-r

178 3125 235 3145 mm
255 3117 417 3150 lavantium
435 3119 710 3159 vel-spetiantz'um,
736 3125 809 3159 puta
828 3128 841 3148 e
862 3118 973 3148 halama
986 3123 1038 3159 pu-

176 3157 248 3200 bisc-q
269 3157 315 3187 vel
331 3159 460 3198 theatro,
485 3161 577 3191 verba
596 3160 665 3193 sunt
683 3160 802 3200 Cujacii
826 3160 852 3189 α’.
883 3159 920 3190 L.
942 3158 1034 3190 XXI.

178 3196 300 3237 Oh'erv.
333 3198 363 3229 C.
385 3204 436 3239 353.
470 3210 538 3241 quae
557 3200 730 3244 Dionysius
746 3201 776 3234 in
798 3201 931 3238 Noram,
954 3199 1036 3240 quast

1070 102 1666 155 DYNKERSHOEK

1223 244 1238 278 Ι
1259 244 1270 278 Ι
1290 244 1314 277 1.

1069 340 1111 374 de
1139 339 1172 374 in
1196 338 1252 385 jus
1279 338 1427 373 vocand.

1074 440 1174 479 suam,
1206 441 1405 483 transcripsit,
1451 441 1600 483 Indignor
1622 448 1745 479 autem,
1770 440 1854 482 quod
1870 450 1936 476 eam

1072 484 1217 524 proxima
1239 483 1321 515 Nota
1339 505 1350 520 ,
1379 492 1452 513 vere
1474 481 1525 514 sua
1540 504 1550 521 ,
1585 480 1842 522 conspui-caverit
1859 506 1869 522 ,
1897 483 1935 516 de

1074 524 1196 554 theatro
1212 524 1353 564 quaedam
1369 525 1524 565 garriens,
1551 533 1621 565 quae
1640 524 1677 554 ab
1695 523 1756 554 hoc
1774 523 1848 554 loco
1863 524 1934 556 alic-

1068 574 1107 596 na
1131 564 1211 595 sunt.
1937 588 1940 591 .

1113 604 1219 650 Quare
1236 629 1246 645 ,
1279 614 1334 644 ut,
1367 602 1451 647 quod
1469 615 1552 638 nunc
1573 605 1694 645 sentio,
1718 606 1839 646 dicam,
1864 607 1943 639 leve-

1070 646 1217 678 mendum
1249 647 1363 688 opinor
1393 648 1556 687 occupasse
1583 646 1653 688 Gaji
1680 647 1882 688 scripturam,
1905 647 1941 681 ὃς

1070 697 1128 728 pro
1148 698 1166 717 a
1182 688 1271 718 vinea
1289 688 1387 718 videri
1409 687 1635 720 rescribendum
1657 699 1675 720 a
1694 690 1783 721 cinea.
1828 689 1935 720 Libra-

1071 729 1135 760 rius
1149 751 1158 767 ,
1189 727 1276 759 forte
1300 728 1441 769 ignarus,
1472 730 1546 770 quid
1566 730 1608 761 rei
1629 730 1680 761 hic
1694 731 1772 761 linea
1789 729 1865 761 esset
1888 731 1935 761 vi-

1072 780 1177 807 neam,
1201 769 1296 811 magis
1313 770 1365 801 libi
1384 779 1492 801 notam
1507 771 1537 802 &
1556 770 1697 802 dilectam
1709 794 1720 809 ,
1743 771 1849 812 elegit.
1861 770 1935 803 Lar-

1073 812 1142 852 gior
1158 833 1167 849 ,
1204 810 1316 842 lineam
1344 810 1488 842 fabrilem
1505 835 1514 850 ,
1548 811 1595 842 illi
1619 810 1747 843 fortasse
1761 811 1862 843 solum
1880 822 1936 843 no-

1074 861 1158 891 tam,
1184 851 1257 882 huic
1278 852 1352 882 loco
1370 861 1433 883 non
1462 853 1644 884 convenire.
1689 853 1759 884 Alia
1775 853 1939 893 quaerenda

1073 892 1138 931 est,
1164 893 1193 924 &
1210 892 1333 933 quidem
1350 902 1400 931 ea,
1426 903 1495 934 quae
1513 894 1642 934 publico
1664 892 1730 924 usui
1748 893 1879 932 serviat,
1903 901 1940 926 ut:

1076 933 1216 965 serviunt
1231 934 1339 965 balnea
1368 936 1396 965 ὅ(
1415 935 1546 966 theatra.
1589 933 1681 966 Hanc
1704 935 1809 966 inveni
1827 935 1859 966 in
1877 934 1938 966 Ro-

1075 984 1236 1006 manorum
1261 975 1358 1006 circo.
1405 976 1464 1007 Sed
1488 984 1591 1008 tamen
1613 976 1712 1007 nolim
1743 975 1877 1017 intelligi
1903 976 1939 1007 li-

1075 1026 1160 1047 neam
1178 1016 1293 1054 albam,

1077 1057 1117 1088 L.
1136 1055 1190 1088 III.
1218 1057 1293 1088 Var.
1309 1067 1360 1096 51.
1386 1067 1456 1089 nam
1471 1058 1557 1097 haec,
1587 1067 1620 1089 ut
1636 1059 1698 1097 ait,
1723 1068 1781 1089 non
1798 1059 1883 1100 longe
1903 1059 1940 1090 ab

1077 1099 1154 1138 ostiis
1169 1100 1200 1128 in
1215 1103 1363 1139 utrumque
1379 1100 1517 1139 podium,
1540 1098 1620 1140 quast
1633 1100 1737 1142 regida
1753 1099 1938 1140 diutia-pro-

1077 1141 1211 1177 ducitur,
1239 1141 1282 1170 uti
1308 1141 1461 1183 quadrigis
1486 1142 1737 1184 progredientibus
1758 1142 1824 1172 inde
1847 1147 1941 1172 certa-

1077 1189 1143 1211 men
1157 1181 1300 1223 oriretur,
1330 1189 1424 1222 atque
1450 1181 1527 1212 adeo
1549 1182 1586 1213 ad
1602 1182 1764 1222 quadrigas
1781 1183 1941 1223 pertinet,

1079 1230 1143 1252 non
1169 1221 1206 1251 ad
1224 1219 1411 1261 speetatores
1422 1244 1434 1259 ,
1463 1221 1526 1253 sive
1540 1223 1619 1254 alios
1635 1222 1792 1264 quoslibet
1807 1233 1826 1254 e
1841 1232 1941 1265 popu-

1079 1262 1132 1299 lo,
1156 1269 1191 1291 ut
1209 1263 1395 1301 oportebat,
1419 1262 1471 1293 ubi
1486 1262 1523 1293 de
1540 1263 1571 1294 in
1587 1264 1635 1303 jus
1653 1264 1823 1296 vocatione
1841 1263 1944 1296 sermo

1079 1301 1134 1333 est.
1181 1301 1328 1343 Intelligo
1355 1303 1462 1343 potius
1485 1303 1614 1342 lineam,
1646 1313 1717 1344 quae
1736 1303 1944 1345 spectantium

1080 1342 1186 1374 sedilia
1205 1343 1237 1373 in
1263 1344 1350 1374 circo
1371 1342 1588 1385 distinguebat.
1633 1345 1686 1376 Bis
1704 1344 1769 1385 ejus
1786 1344 1867 1376 lineae
1882 1355 1944 1377 me-

1079 1384 1172 1416 minit
1195 1384 1330 1417 Ovidius
1346 1407 1357 1424 ,
1388 1384 1481 1417 semel
1505 1385 1606 1417 Amor.
1633 1385 1672 1418 L.
1693 1385 1749 1417 III.
1786 1385 1873 1430 Eleg.
1899 1385 1943 1419 ΙΙ.

1081 1426 1153 1466 vei-ji
1177 1434 1223 1461 19.
1250 1424 1285 1460 ἔσθ
1308 1436 1357 1458 20.
1383 1436 1456 1458 cum
1474 1426 1536 1458 ait:

1078 1470 1083 1476 “
1126 1466 1209 1514 Qud
1220 1465 1338 1507 frustra
1353 1467 1493 1510 refugis?
1522 1468 1600 1512 cogit
1617 1478 1668 1501 nos
1683 1470 1763 1501 linea
1776 1467 1878 1512 jungi.

1168 1506 1260 1546 Haec,
1282 1510 1314 1539 in
1332 1508 1394 1551 lege
1413 1511 1489 1547 loci,
1520 1512 1663 1542 commoda
1677 1512 1771 1542 circus
1785 1511 1879 1542 habet.

1082 1550 1199 1582 Iterum
1228 1550 1261 1580 de
1283 1549 1359 1581 Arte
1378 1551 1496 1582 amand.
1522 1551 1563 1583 L.
1579 1550 1605 1584 Ι,
1628 1552 1703 1593 vers.
1725 1561 1793 1593 141.
1814 1550 1850 1587 ὅ)
1871 1560 1943 1592 142.

1083 1591 1131 1623 his
1149 1589 1271 1622 verbis:

1126 1631 1170 1663 Et
1195 1633 1264 1663 bene
1290 1633 1364 1675 quod
1383 1633 1481 1677 cogit,
1504 1632 1536 1674 fi
1557 1633 1653 1676 nolit,
1678 1635 1756 1667 linea
1769 1633 1861 1678 jungi
1870 1644 1883 1672 ς

1176 1673 1262 1721 Qcod
1277 1676 1331 1706 tibi·
1349 1677 1498 1718 tangenda
1508 1674 1549 1717 est
1564 1677 1627 1720 lege
1639 1677 1740 1718 puella
1757 1677 1825 1707 loci.
1941 1704 1944 1719 z

1086 1714 1183 1760 Quod
1211 1715 1292 1748 ffnea
1305 1715 1350 1748 est
1358 1717 1499 1756 Ovidio,
1521 1717 1725 1750 Tertulliano
1741 1716 1786 1749 est
1802 1718 1884 1748 limes
1893 1718 1949 1749 cir.-

1083 1768 1112 1789 cz
1132 1765 1171 1787 eo
1186 1756 1281 1797 loco,
1305 1767 1395 1799 quem
1412 1758 1574 1790 Salmasius
1593 1759 1746 1791 indicavit
1763 1760 1802 1790 ad
1817 1758 1950 1790 Setinum.

1079 1805 1111 1840 p.
1128 1801 1204 1837 645.
1246 1798 1320 1830 Scio
1346 1799 1384 1830 de
1414 1799 1472 1831 hac
1489 1800 1569 1832 linea
1584 1801 1670 1832 varie
1682 1799 1832 1841 disputari
1845 1821 1860 1838 ,
1879 1799 1951 1832 aliis

1084 1837 1351 1880 existimantibus,
1381 1840 1474 1873 fuisse
1495 1841 1504 1873 i
1530 1841 1593 1873 sum
1613 1840 1732 1880 sedile,
1755 1839 1837 1882 quasi
1856 1839 1892 1871 ad
1913 1839 1951 1871 li-

1084 1879 1340 1918 neamufabrilem
1366 1881 1492 1914 constru
1526 1892 1576 1914 um
1598 1906 1608 1922 ,
1639 1883 1729 1920 aliis,
1751 1880 1844 1913 fuisse
1862 1880 1947 1912 funi-

1085 1923 1190 1955 culum
1201 1945 1212 1961 ,
1237 1932 1301 1963 quo
1323 1921 1427 1955 sedilia
1443 1923 1503 1955 alia
1515 1924 1553 1955 ab
1568 1924 1636 1955 aliis
1654 1924 1685 1955 in
1701 1923 1789 1954 circo
1805 1921 1950 1954 distinfflt

1083 1964 1192 2001 fuere,
1221 1962 1328 1995 funem
1351 1965 1388 1996 ab
1411 1974 1474 1996 uno
1503 1974 1647 1997 extremo
1675 1964 1712 1996 ad
1727 1964 1860 1995 alterum
1875 1971 1950 2004 pro*

1086 2005 1224 2045 tensum,
1249 2006 1303 2047 qui
1318 2006 1392 2037 alias
1409 2005 1565 2047 transenna
1582 2006 1718 2044 dicitur„
1741 2004 1832 2043 aliis,
1855 2004 1948 2036 interss

1085 2047 1202 2078 vallum
1221 2046 1382 2088 angustum
1395 2070 1404 2086 ,
1429 2048 1513 2087 quod
1527 2048 1608 2079 inter
1623 2045 1731 2078 sedilia
1748 2054 1882 2077 vacuum
1900 2054 1950 2077 re·-

1084 2088 1283 2128 linquebatur
1300 2111 1310 2127 ,
1343 2097 1383 2119 ut
1399 2087 1628 2120 transeuntibus
1649 2087 1849 2119 commodior
1871 2085 1948 2118 ess'et

1084 2130 1174 2161 locus
1195 2152 1205 2168 ,
1235 2129 1303 2160 aliis
1320 2152 1331 2167 ,
1360 2129 1473 2160 lineam
1493 2130 1555 2161 dici
1576 2129 1693 2161 rectum
1716 2129 1747 2161 &
1762 2136 1947 2169 perpetuum

1085 2169 1226 2202 sedilium
1245 2170 1384 2201 ordinem
1399 2194 1410 2210 ,
1433 2170 1519 2212 ligno
1536 2171 1622 2202 forte
1646 2168 1716 2212 post
1737 2178 1822 2211 terga
1835 2167 1947 2201 distin-

1084 2211 1189 2251 ctum,
1213 2209 1264 2242 sed
1285 2212 1359 2252 quid
1381 2211 1495 2244 attinet
1514 2211 1593 2244 hanc
1610 2212 1696 2244 litem
1713 2210 1849 2243 nostram
1865 2209 1948 2242 face-

1084 2262 1138 2291 re,
1172 2254 1202 2284 &
1228 2252 1375 2294 Scaliger-i
1395 2277 1405 2292 ‚
1438 2252 1532 2294 Lipssi
1548 2275 1559 2291 ,
1597 2253 1732 2286 Salmafii
1749 2276 1760 2292 ,
1798 2251 1949 2294 Micylli‚

1084 2293 1227 2332 Douzae,
1253 2293 1370 2326 Heinsii
1391 2295 1422 2326 ἃ
1439 2294 1605 2326 Burmanni
1627 2303 1662 2326 ea
1676 2295 1714 2326 de
1732 2303 1764 2325 re
1781 2292 1949 2325 sententias

1085 2334 1202 2366 referre
1219 2357 1232 2372 ,
1262 2336 1292 2366 ἁ
1321 2334 1446 2377 lingulis
1476 2335 1608 2368 excuffis
1624 2335 1655 2368 in
1671 2334 1848 2375 suffragium
1867 2333 1912 2364 ire
1930 2332 1950 2365 ’.ἲ

1085 2375 1201 2408 sufficit
1225 2376 1333 2417 utiquc
1355 2377 1384 2407 in
1412 2386 1475 2407 rem
1503 2374 1636 2408 nostram
1657 2399 1667 2415 ‚
1698 2376 1719 2408 fi
1738 2375 1819 2407 sciam
1834 2383 1889 2421 us,
1910 2374 1951 2405 de

1109 2427 1149 2448 uo
1166 2418 1248 2448 inter
1264 2427 1373 2449 ornnes
1390 2419 1542 2449 convenit
1554 2441 1564 2456 ,
1597 2418 1704 2448 lineam
1720 2417 1751 2447 in
1768 2416 1855 2447 circo
1871 2415 1948 2447 fuis-

1085 2428 1135 2498 lqe,
1161 2468 1230 2500 quae
1251 2457 1438 2499 spectatores
1451 2458 1618 2531 jung-ebat,
1636 2467 1674 2488 nc
1690 2455 1864 2488 anti-orsum
1874 2455 1949 2494 ,vel

1084 2498 1252 2531 retrorsum
1279 2499 1435 2531 declinare
1458 2509 1500 2540 po

1084 2542 1115 2573 in
1138 2541 1186 2582 jus
1214 2550 1329 2572 vocare
1354 2541 1432 2571 idern
1460 2540 1540 2578 esse,
1570 2548 1663 2580 atque
1686 2550 1704 2570 a
1731 2540 1827 2578 circo,
1860 2537 1947 2571 ufita-

1084 2591 1114 2614 ta
1140 2583 1327 2622 loquutione
1345 2605 1357 2620 ,
1393 2580 1443 2613 sed
1468 2580 1595 2612 librario
1623 2581 1653 2612 in
1690 2582 1719 2611 h.
1757 2581 1778 2611 l.
1807 2590 1856 2612 20.
1885 2588 1948 2611 non

1084 2623 1250 2655 intellecta.
1312 2623 1397 2653 luter
1431 2622 1550 2653 circum
1586 2631 1689 2652 autern
1711 2646 1720 2660 ‚
1768 2620 1911 2653 balneum
1937 2642 1950 2659 ,

1084 2665 1113 2695 ὅ(
1141 2664 1295 2695 theatrum
1318 2685 1330 2701 ,
1356 2663 1413 2695 tria
1440 2664 1509 2695 loca
1530 2662 1606 2703 juris
1630 2662 1766 2703 pubIIci,
1801 2661 1842 2694 iic
1867 2661 1948 2704 opti-

1084 2714 1132 2736 me
1160 2705 1329 2736 conveniet
1354 2705 1382 2735 in
1413 2705 1440 2735 l).
1472 2704 1496 2735 l.
1609 2704 1614 2709 '

1081 2747 1193 2792 priuati
1217 2744 1286 2777 usus
1311 2744 1375 2785 est,
1393 2745 1422 2777 ὃ(
1440 2746 1576 2786 reliqua,
1594 2754 1662 2785 quae
1682 2745 1770 2784 dixi,
1792 2753 1856 2776 non
1875 2752 1951 2776 con-

1080 2795 1196 2819 veniet.

1122 2829 1201 2859 Sunt
1222 2828 1252 2859 &
1270 2827 1321 2868 qui
1350 2828 1459 2859 niteam
1484 2826 1609 2860 theatro
1625 2827 1788 2867 tribuunt,
1811 2835 1890 2868 quos
1905 2825 1950 2858 in-

1083 2865 1189 2900 terest
1216 2867 1360 2900 Heinsius
1388 2869 1424 2900 ad
1447 2868 1554 2907 Ovidii
1577 2871 1604 2900 d.
1630 2869 1669 2900 L.
1693 2868 1747 2901 111.
1771 2868 1872 2900 Amor.
1896 2866 1947 2899 Et.

1083 2909 1122 2941 II.
1146 2909 1218 2950 versi
1245 2919 1291 2946 19.
1338 2909 1433 2940 Forte
1449 2909 1609 2951 &Lipsius
1633 2909 1755 2951 Epistol.
1777 2911 1893 2941 Centur.
1906 2907 1947 2941 V.

1086 2948 1180 2991 Epist.
1208 2953 1258 2990 5⁶-
1316 2950 1413 2982 Erant
1430 2973 1440 2989 ,
1469 2951 1570 2992 inquit
1588 2975 1599 2990 ,
1629 2953 1734 2990 c-mwi,
1754 2953 1831 2982 inter
1850 2957 1949 2983 cuneos

1083 3002 1138 3022 viru
1161 2990 1196 3026 &P
1214 2991 1474 3032 mediastdffellia,
1502 3002 1616 3025 LiNEis
1634 2993 1699 3033 fiiis
1721 2993 1837 3033 clivzfiu
1856 2990 1947 3023 cunei

1083 3033 1165 3064 enim
1184 3033 1219 3063 ud
1236 3033 1389 3063 theatrum
1406 3033 1581 3074 pertinent,
1603 3043 1665 3066 non
1682 3033 1719 3064 ad
1739 3034 1877 3071 circum,
1898 3029 1950 3063 sed

1082 3073 1244 3105 &aravatius
1271 3075 1310 3104 cal
1338 3073 1469 3105 Sabinam
1516 3100 1523 3106 .
1541 3078 1613 3116 644.
1637 3074 1770 3146 4⁶9⁹(J3’qq.
1789 3082 1806 3105 a
1826 3073 1946 3105 theatro

1082 3116 1178 3147 lineas
1194 3114 1294 3146 abell't·
1311 3115 1417 3154 jubet,
1439 3116 1468 3147 ἃ
1501 3126 1606 3157 ongo,
1626 3123 1660 3146 ut
1691 3115 1777 3153 olet,
1807 3113 1948 3146 sermone

1079 3155 1224 3197 cxselit,
1246 3166 1316 3197 quae
1348 3156 1400 3187 fibi
1417 3156 1564 3188 videntur
1583 3155 1780 3188 adversarior.

1078 3200 1173 3230 etiam
1197 3198 1292 3236 licet,
1318 3206 1356 3230 ne
1372 3208 1389 3229 a
1404 3197 1483 3235 linea
1502 3198 1553 3230 hic
1577 3197 1613 3230 fit
1629 3207 1647 3228 α
1668 3198 1798 3235 theatro,
1819 3205 1887 3228 uam
1906 3196 1948 3228 iic

1901 3239 1949 3270 bis

1328 1025 1418 1056 quam
1446 1017 1537 1048 circo
1557 1016 1703 1048 adscribit
1721 1015 1939 1058 Calliodorus,
1960 1051 1964 1056 ,

1528 2507 1600 2538 ent,
1630 2508 1724 2540 atque
1744 2498 1821 2529 adeo
1837 2509 1853 2529 a
1870 2498 1953 2529 linea„
1993 2503 1995 2505 ’

1526 2714 1575 2735 20.
1608 2712 1689 2736 mter
1712 2704 1856 2742 vineam,
1880 2711 1948 2744 quae
1971 2703 1980 2708 '

1827 3155 1885 3187 Per
1898 3162 1962 3188 me'
