2008 3436
193 115 260 158 30ss
491 103 1044 145 CORNELIIVAN

187 197 393 228 concurrant,
419 189 449 221 δι
465 189 509 220 ait
534 190 562 220 d.
581 189 602 219 l.
620 197 671 219 urz.
715 183 869 224 Principis
895 181 1053 223 cognitio-

186 241 260 263 nem
285 230 346 261 esse
372 232 410 262 de
437 229 533 262 causis
557 228 748 270 pupillorum
767 248 777 263 ,
806 224 969 267 viduarum
994 222 1053 252 otc.

187 272 354 313 Prugfertim
376 282 440 303 ciam
476 272 602 312 alicujus
628 268 790 309 potentiam
812 265 1051 305 perhorrescunt,

188 314 219 344 <Sc
240 313 325 352 ajunt
347 313 375 354 §.
392 318 442 352 35.
467 311 573 343 Form.
592 310 664 342 Cur.
693 311 784 352 1462.
801 307 829 337 δε
842 305 869 347 §.
888 304 1051 350 mdsorm.

192 363 283 394 1531.
309 355 346 385 ad
373 354 515 385 officium
541 352 646 384 Curiae
667 356 841 390 pei-tinere,
871 356 909 378 ne
931 345 1053 381 vrduae‚

187 395 321 435 pupilli,
349 396 462 435 aliique
486 392 676 425 miserabiles
699 399 716 420 a
736 387 969 433 potentioribus
997 393 1052 425 op-

185 436 370 476 primantur.
405 436 484 473 Sed,
508 433 650 465 consulta
670 430 812 467 ratione,
829 428 901 460 satis
920 425 1052 472 animad-

185 477 302 516 vertis,
328 477 528 517 privilegium
553 473 635 515 quod
651 472 743 509 dixi,
768 470 830 501 effe
852 469 1052 513 privilegi-um

185 517 278 558 ipsius
295 519 456 550 viduitatis
472 516 641 547 minorisve
658 512 777 550 aetatis‚
802 519 944 551 quamvis
971 507 1051 553 nibil

183 560 267 591 aliul
283 559 408 590 accedat
421 582 430 596 ,
456 558 485 589 δε
502 556 523 588 fi
546 555 630 586 aliud
649 553 814 590 desideres,
839 559 947 596 parum
967 557 1028 580 crit
1039 570 1050 586 ,

185 599 207 631 si
222 610 285 631 non
301 599 449 637 miseriae,
474 597 628 638 potentiae
643 596 695 626 vel
715 593 917 637 oppreliionis
938 589 1049 636 proba-

185 642 232 672 tio
249 641 358 672 viduas
379 641 408 672 &
430 639 566 670 minores
584 637 717 677 majore,
742 643 832 675 quain
858 633 958 673 ipsum
974 630 1053 671 judi-

188 682 293 721 cium,
319 682 434 713 afficiat
459 677 609 711 molestia.
656 676 809 722 Quamvis
833 675 928 715 igitur
951 673 1052 718 Vidii3ae

190 723 220 754 s&
237 723 347 764 pupilli
367 723 476 753 vivant
494 722 524 752 ἀ
548 727 640 760 agant
665 727 753 750 more
771 716 935 747 beatorum
952 714 1052 744 homi-

188 774 281 801 num,
307 773 370 795 iion
386 762 533 794 amittent
557 759 775 801 privilegium,
799 756 883 798 quod
909 755 1051 786 conditio

187 804 303 843 status,
329 813 428 844 neque
453 803 537 834 aliud
561 801 744 842 quicquam,
778 797 931 834 extorsit,
960 797 1010 834 δε,
1030 795 1052 827 fi

189 846 280 877 aliter
296 845 398 882 dicas,
419 844 484 884 ejus
502 842 657 884 privilegii
678 840 764 872 usum
783 849 842 881 ego
857 838 978 869 nullum
996 846 1052 868 no-

191 887 233 918 vi.
257 886 378 918 Sufficit
396 894 521 927 quoque
538 893 575 916 ex
594 885 622 915 d.
643 882 670 924 §.
689 887 718 916 8.
742 881 848 912 Forin.
867 878 942 911 Cur.
960 887 1052 919 1531.

186 927 227 964 fi.
253 928 306 968 qui
322 937 436 967 agunt,
462 927 600 957 minores
622 924 680 956 sint
697 923 727 954 ἅ
742 922 866 959 viduae,
892 929 951 952 nec
971 920 1054 951 aliud

186 968 251 1007 est,
278 968 421 1009 quodibi
443 967 639 999 desideretur.
682 964 738 996 Ait
754 963 879 1004 quidem
904 963 932 993 cl.
956 962 976 992 l.
1002 971 1052 992 zm.

189 1009 355 1051 Praefirciiiz
375 1019 438 1040 cnm
456 1008 517 1043 &aa
542 1007 591 1039 sed
607 1007 639 1038 id
661 1015 725 1038 non
743 1003 883 1036 excludit
900 1002 1063 1044 speciem,

191 1061 262 1092 quae
278 1051 445 1091 praeceffit,
472 1050 501 1081 ὃς
518 1050 548 1080 in
566 1058 625 1089 qua
640 1047 720 1079 nihil
738 1045 782 1077 est
801 1045 839 1076 de
856 1043 1054 1085 potentiaad-

190 1091 329 1124 versarii.
375 1092 424 1123 llli
440 1100 543 1122 autem
560 1089 608 1131 §§.
630 1094 681 1128 85.
700 1087 735 1122 ἐπ’)
756 1097 804 1118 12.
828 1087 865 1117 ad
876 1084 982 1116 forum
999 1084 1054 1115 mi-

192 1143 323 1171 norum,
346 1132 509 1164 viduarum
525 1132 720 1170 aliorumque
736 1127 955 1160 miserabilium
975 1125 1055 1157 nihil

189 1175 354 1215 quicquam
379 1174 564 1214 pertinent,
595 1171 645 1203 sed
672 1169 859 1211 praecipiunt
882 1167 1053 1205 duntaxat,

191 1225 228 1246 ut
245 1215 339 1247 Curia
359 1224 397 1247 ex
421 1214 529 1246 officio
554 1211 742 1245 miserabiles
759 1210 828 1241 illas
845 1207 989 1249 personas
1002 1207 1054 1238 de-

188 1256 299 1288 fendat
315 1265 427 1287 contra
442 1255 659 1296 potentiorum
682 1253 747 1283 vim
771 1251 918 1291 iniquam.
967 1248 1056 1279 Unde

189 1298 223 1329 in
245 1297 359 1329 Forma
379 1306 468 1338 1531.
496 1295 608 1326 diversi
624 1293 694 1324 sunt
710 1291 758 1332 §§.
775 1291 813 1322 de
837 1288 984 1334 oppressis
1008 1290 1055 1319 vi-

188 1339 305 1370 duabus
326 1339 386 1370 &c.
412 1340 442 1369 (x.
459 1337 498 1367 de
517 1337 572 1374 iis,
597 1335 649 1376 qui
668 1336 787 1374 priores
803 1332 840 1362 ad
863 1331 991 1362 Curiam
1018 1339 1057 1362 ex

191 1380 361 1421 privilegio
377 1385 575 1419 provocant,
606 1373 866 1416 quemadmodum
893 1372 921 1403 ἂι
946 1370 1059 1403 diversi

191 1421 262 1454 sunt
277 1421 308 1451 in
318 1419 462 1481 Jorma,
474 1428 564 1459 quam
576 1416 629 1450 fibi
647 1416 742 1448 Curia
755 1413 935 1455 composuit
945 1435 955 1452 ,
969 1415 1057 1453 1670.

215 1487 221 1493 .
247 1467 276 1495 8.
304 1461 332 1495 ὅ
365 1470 413 1492 11.

188 1469 211 1503 P
232 1501 292 1534 Sed
310 1511 417 1542 parum
443 1501 506 1539 est,
531 1500 606 1542 quin
630 1498 829 1540 privilegium
848 1495 933 1534 fori,
958 1495 1058 1527 mino-

188 1543 273 1575 ribus
291 1543 398 1574 datum
418 1542 608 1574 subverterit
633 1540 797 1581 Philippus
815 1537 853 1569 H.
901 1537 1059 1569 petierant

192 1584 325 1616 Ordines
345 1583 528 1616 Hollandiae
537 1607 548 1623 ,
561 1592 600 1614 ne
618 1581 714 1614 Curia
730 1581 819 1612 bonis
835 1579 1038 1620 pupillaribus
1049 1600 1060 1617 ,

825 1668 1180 1706 CAPUT

1091 97 1685 136 BYNKERSHOEK

1991 111 1997 118 x

1995 144 1997 151 v

1984 23 1985 27 ¹
1999 0 2008 58 l.

1998 55 2008 121 l

2001 122 2008 169 l

1096 188 1266 220 eorumque
1286 179 1431 211 divisioni
1452 178 1515 211 sese
1538 178 1712 210 immiscere
1728 179 1847 217 vellet,
1869 181 1898 212 <St
1913 182 1953 215 fic
1988 168 2004 203 ⁵¹

1096 221 1355 261 interpretaretur
1371 220 1424 252 vel
1441 228 1576 251 mutaret
1595 218 1754 260 Philippus
1773 220 1802 260 §.
1827 220 1856 251 in
1880 220 1903 252 F
1905 231 1952 254 or·
2002 224 2004 229 '

1096 271 1146 292 nia
1165 261 1271 294 Curiae
1283 286 1290 297 .
1317 260 1422 294 nescio
1441 270 1551 302 quem,
1576 269 1646 292 nam
1660 260 1817 301 express’us
1832 270 1893 294 non
1910 263 1953 297 est
1992 258 2005 303 ,¹¹

1096 303 1152 349 ille
1167 302 1195 344 §.
1214 303 1378 345 Philippus
1404 301 1580 344 praefatur,
1606 302 1814 333 mutationem
1841 303 1904 342 eJus
1923 304 1949 346 §.

1095 343 1150 375 sibi
1165 353 1230 376 non
1247 344 1389 385 placere,
1414 343 1498 375 velle
1511 350 1632 381 tamen,
1655 352 1690 374 ut
1709 342 1801 374 Curia
1816 343 1951 377 modera-

1096 392 1128 415 te
1146 392 1251 416 utatur
1267 386 1471 423 austoritate‚
1492 393 1563 425 quae
1585 384 1614 414 ei
1637 384 1793 424 competit
1814 385 1896 426 quod
1915 387 1952 419 ad

1095 426 1250 466 pupillos,
1276 427 1399 458 tandem
1418 426 1456 457 ad
1473 424 1601 457 Cui-iam
1625 434 1658 464 5.
1672 424 1735 464 Jan.
1764 428 1852 465 1607.
1875 425 1952 469 (11)
1998 440 1999 446 ¹

1096 468 1128 497 in
1148 467 1215 497 baec
1231 468 1326 498 vei-ba
1344 467 1504 500 rescribit:
1529 466 1652 497 Hebben
1669 476 1688 496 u
1706 466 1764 496 wel
1779 467 1884 498 willen
1901 470 1950 500 ad-

1093 513 1244 538 verteeren
1253 530 1265 546 ,
1285 509 1337 539 dat
1351 518 1392 550 gy
1409 509 1442 539 de
1464 507 1605 549 voorsch.
1631 507 1802 538 authoriteit
1819 507 1879 538 zzzlt
1894 509 1949 550 use-

1093 558 1167 586 ren,
1189 548 1333 590 alleeniyk
1349 559 1491 580 wanneer
1508 559 1549 580 na
1565 549 1702 590 qziczli‘teit
1727 549 1778 579 der
1799 546 1948 589 twistende

1088 595 1238 630 partyen,
1267 591 1300 621 in
1328 591 1361 621 cle
1381 591 1461 621 ordre
1484 591 1530 621 die
1558 601 1623 621 men
1649 590 1723 620 houd
1751 590 1783 620 in
1810 590 1843 620 de
1863 588 1950 632 sterf—
2000 588 2003 605 ³

1095 631 1220 672 huysieiz,
1241 641 1282 673 gy
1299 631 1428 672 redelyke
1442 631 1625 673 conjeffturen
1641 631 1703 662 παῖε
1716 640 1818 672 mogen
1833 641 1948 672 nemen,
2001 627 2003 633 ’

1095 673 1146 702 dat
1171 672 1218 702 het
1242 678 1308 714 regt
1334 682 1396 703 van
1427 673 1482 703 den
1506 672 1624 713 lVeern
1649 674 1711 703 m'ec
1739 672 1798 703 wel
1824 673 1951 711 bewaatt

1095 712 1266 752 zoudesssz,
1290 714 1404 744 latende
1423 715 1455 744 in
1467 715 1610 745 contrarie
1625 713 1764 756 gevallen
1785 714 1818 744 de
1833 713 1966 756 kenmffi'

1094 755 1149 785 den
1172 754 1404 792 Wethozuleren,
1429 755 1515 785 onder
1529 755 1623 786 welke
1649 756 1682 786 de
1709 754 1850 795 voorschr.
1867 754 1954 797 st'erf·

1095 795 1201 837 hzcysen
1219 795 1330 841 pullen.
1376 795 1459 839 Quae
1474 795 1510 827 fit
1523 796 1589 835 ejus
1605 795 1760 836 Rescripti
1786 795 1952 838 sententia,

1096 846 1160 868 non
1179 836 1251 868 satis
1267 837 1344 869 mihi
1362 837 1483 877 liquet,
1507 836 1612 868 nescio
1624 860 1633 876 ‚
1655 847 1691 869 an
1705 838 1744 868 de
1759 837 1833 869 foro
1855 839 1954 880 pupil-

1096 879 1198 910 lorum
1218 878 1351 919 intelligi
1368 877 1477 918 possit,
1499 877 1521 909 fi
1539 877 1658 918 poss'et,
1679 888 1743 910 non
1760 879 1850 910 aliter
1865 880 1954 912 intel-

1097 920 1249 965 ligerem,
1286 928 1378 961 quam
1406 919 1544 960 pupillos
1577 929 1642 951 non
1667 919 1843 960 promiscue
1873 922 1903 953 &
1925 921 1956 954 in

1097 961 1243 992 omnibus
1267 960 1364 992 causis
1390 960 1471 999 apud
1482 959 1608 992 Curiam
1635 969 1747 992 contra
1769 961 1958 996 adversarios

1097 1002 1168 1034 suos
1188 1002 1325 1042 experiri
1344 1001 1448 1043 posse,
1480 1000 1531 1033 sed
1558 1001 1610 1033 ubi
1630 1002 1668 1033 de
1691 1002 1862 1035 hereditate
1882 1004 1959 1036 divi-

1096 1043 1195 1074 denda
1221 1043 1344 1084 agitur,
1368 1043 1554 1084 sequendam
1579 1042 1640 1074 effe
1663 1044 1682 1075 l.
1706 1054 1755 1075 un.
1783 1044 1814 1076 C.
1843 1044 1902 1076 Ubi
1923 1046 1957 1077 de

1096 1085 1218 1115 hei-edit.
1242 1091 1323 1126 agat.
1348 1085 1418 1122 vel,
1454 1084 1506 1114 ubi
1537 1084 1576 1115 de
1601 1084 1773 1116 rationibus
1797 1087 1959 1119 reddendis

1097 1126 1226 1171 agitur,
1240 1125 1427 1198 squuendam
1447 1124 1508 1156 effe
1524 1125 1544 1156 l.
1562 1134 1591 1156 1.
1616 1126 1646 1157 C.
1675 1126 1735 1157 Ubi
1753 1127 1786 1157 de
1805 1127 1959 1160 Ratiocin.

1097 1166 1158 1198 Sed
1175 1176 1246 1206 quia
1294 1167 1367 1197 uriae
1387 1166 1540 1197 duntaxat
1564 1166 1712 1199 tribuitur
1727 1167 1919 1208 Jurisdietio,
1938 1168 1961 1202 fi

1098 1207 1419 1252 idoneis-conjecturis
1443 1215 1531 1238 mota
1554 1208 1799 1247 existimaverit,
1824 1211 1962 1252 pupillos

1098 1257 1252 1288 opprimi,
1283 1257 1380 1287 magis
1408 1247 1471 1286 est,
1505 1256 1540 1279 ut
1568 1248 1755 1289 rescripserit
1774 1273 1783 1289 ,
1814 1260 1854 1282 ne
1875 1253 1963 1284 curia

1098 1296 1254 1333 praetextu
1272 1287 1372 1333 §.¹12
1391 1288 1484 1319 Form.
1514 1298 1605 1328 1531.
1629 1290 1774 1322 omnibus
1785 1291 1963 1331 quaestioni-

1101 1331 1157 1360 bus
1174 1328 1380 1370 pupillaribus
1398 1329 1428 1360 se
1447 1328 1640 1367 immisceat,
1664 1329 1716 1362 sed
1734 1331 1777 1362 ita
1795 1332 1964 1373 duntaxat,

1101 1370 1122 1403 fi
1148 1370 1187 1402 de
1214 1379 1287 1401 vera
1310 1369 1505 1410 oppreflione
1529 1369 1633 1401 Curiae
1671 1370 1858 1405 constiterit.
1909 1375 1961 1408 Sic

1102 1411 1265 1452 Philippus
1283 1410 1479 1452 restringeret
1496 1420 1560 1442 non
1583 1419 1647 1444 tam
1663 1411 1691 1453 §.
1717 1417 1745 1447 8.
1771 1414 1822 1453 qui
1839 1414 1877 1446 de
1889 1415 1964 1449 foro

1102 1453 1194 1494 ipsius
1209 1452 1318 1493 pupilli
1336 1453 1421 1493 agit,
1445 1462 1536 1493 quam
1555 1453 1582 1483 cl.
1609 1452 1637 1493 ᾗ.
1668 1463 1716 1485 12.
1739 1455 1791 1495 qui
1816 1454 1854 1486 de
1877 1458 1962 1490 omni

1101 1494 1313 1535 oppreffione,
1338 1503 1432 1534 atque
1450 1493 1528 1524 adeo
1545 1493 1584 1524 de
1602 1494 1689 1525 omni
1710 1495 1840 1536 injuria,
1861 1499 1962 1540 pupil-

1101 1536 1133 1568 lo
1150 1535 1252 1574 illata,
1275 1535 1438 1567 videbatur
1455 1534 1551 1566 verba
1568 1534 1684 1567 facere.

1279 1668 1327 1706 V.

350 1755 520 1802 Ecquando
545 1753 718 1790 viduitatis
744 1750 785 1793 ὃ)
811 1752 942 1787 minoris
970 1752 1080 1786 ceratis
1103 1750 1339 1797 privilegium,
1366 1750 1445 1796 quod
1467 1751 1510 1786 ad
1523 1750 1639 1799 forum
1661 1776 1673 1796 ‚
1698 1751 1802 1799 ceffit.

260 1867 315 1892 unt
332 1860 425 1892 multi
444 1860 530 1892 casus
553 1860 632 1891 certi
652 1858 682 1889 &
701 1857 769 1897 jure
794 1855 989 1888 Hollandico
1006 1855 1059 1887 de-

272 1902 379 1939 finiti,
402 1901 515 1941 quibus
535 1901 611 1932 illud
633 1899 803 1940 pupillare,
827 1898 1013 1935 viduarum,
1030 1906 1059 1928 a-

194 1947 369 1984 liorumque
382 1941 603 1974 miserabilium
616 1940 817 1982 privilegium
834 1939 935 1979 palam
953 1938 1062 1976 cessat,

195 1987 225 2018 δε
241 1987 312 2018 sunt
334 1984 446 2022 multi,
471 1983 509 2015 de
532 1983 643 2024 quibus
664 1983 758 2013 anxie
781 1980 961 2021 disputatur.
1007 1979 1062 2010 Pa-

196 2028 259 2059 lam
278 2025 390 2063 cessat3
415 2025 467 2056 ubi
483 2025 549 2064 illi,
562 2034 640 2066 quos
656 2023 741 2061 dixi,
766 2022 845 2062 apud
862 2021 989 2053 Curiam
1006 2030 1060 2052 ex-

206 2068 362 2099 ieriuntui·
378 2076 413 2097 ea
434 2067 575 2105 afflone,
600 2075 692 2106 quam
712 2074 752 2095 ex
777 2063 909 2094 ceffione
934 2063 1058 2093 habent.

194 2078 243 2141 ita
262 2108 397 2142 Ordines
414 2107 597 2139 Hollandiae
615 2106 789 2138 statuerunt
809 2105 840 2135 in
857 2104 885 2144 §.
916 2113 942 2135 1.
956 2103 1060 2145 Ampl.

194 2148 301 2182 Form.
327 2148 402 2180 Cur.
423 2148 512 2180 Holl.
542 2157 592 2179 21.
615 2146 695 2178 Dec.
724 2155 811 2186 1579.
837 2145 930 2185 idque
950 2145 1061 2176 eodem

195 2192 247 2222 die
261 2193 298 2221 ab
321 2189 430 2221 iisdem
449 2189 619 2230 repetitum
635 2187 680 2219 est
699 2187 730 2218 in
742 2189 800 2219 alia
817 2185 903 2227 Lege
919 2185 998 2226 (1),
1010 2185 1061 2217 sed

195 2242 264 2273 quae
282 2230 379 2263 fuerit
397 2230 479 2261 ratio
504 2229 721 2267 repetitionis,
744 2237 795 2258 me
818 2227 903 2258 latet.
948 2227 1061 2267 Neque

197 2274 293 2305 etiam*
310 2271 462 2303 Hollandi
473 2271 643 2312 privilegio
661 2269 714 2301 suo
732 2276 865 2300 utuntur
876 2276 987 2308 contra
1003 2268 1062 2301 Ze-

196 2314 326 2350 landos,
349 2312 369 2344 fi
387 2313 588 2353 experiantur
603 2311 726 2343 afflone
742 2310 821 2341 cess‘a
841 2319 881 2340 ex
900 2310 929 2351 §.
950 2321 981 2351 4.
1001 2319 1063 2341 van

195 2356 243 2387 het
265 2354 369 2386 Nader
392 2354 506 2395 Provisl
527 2353 658 2384 Accoord
677 2351 803 2392 tzcffchen
822 2350 905 2382 Holl.
927 2362 963 2382 en
980 2350 1059 2382 Zeel.

198 2406 248 2429 11.
269 2396 347 2437 sz.
376 2399 463 2436 ¹674·
503 2394 601 2441 Quod
618 2395 662 2426 ita
679 2393 862 2433 simpliciter
878 2400 1060 2434 acceptum,

196 2438 308 2478 utique
327 2437 439 2467 durum
466 2436 519 2468 est.
601 2444 672 2467 uare
700 2435 729 2466 &
752 2433 806 2466 usu
828 2432 892 2465 fori
916 2433 1062 2466 nonnihil

197 2477 242 2510 cst
260 2478 448 2519 mitigatum.
495 2477 654 2509 Antonius
674 2475 772 2507 Faber
790 2474 849 2516 (2)
868 2475 989 2514 refert,
1012 2476 1064 2507 Se-

198 2527 306 2551 natum
323 2519 484 2551 Sabaudiae
514 2528 562 2560 13.
585 2517 653 2550 Cal.
676 2516 755 2558 Aug.
780 2526 869 2558 1593.
893 2516 1062 2557 judicasse,

199 2568 275 2591 tunc
297 2560 422 2591 demum
447 2559 562 2592 ccffare
583 2559 803 2600 privilegium,
836 2559 858 2590 ii
883 2558 966 2590 actio
985 2557 1065 2589 celsa

199 2602 236 2634 sit
253 2610 292 2634 ex
308 2600 398 2632 causa
416 2601 568 2632 lucrativa
582 2623 591 2639 ,
617 2609 684 2631 non
711 2608 788 2630 vero
813 2599 834 2631 si
862 2609 901 2631 ex
924 2599 1063 2632 onerosa.

200 2642 297 2674 Forte
318 2641 435 2681 aequius
453 2643 483 2673 ἀ
497 2641 607 2672 melius
630 2640 696 2677 est,
719 2640 804 2681 quod
822 2640 918 2672 Curia
942 2650 1065 2681 genera-

199 2683 274 2715 liter
293 2682 438 2713 definivit
456 2691 504 2713 10.
523 2682 609 2722 Sept.
634 2685 725 2712 1602.
749 2680 808 2722 (3)
830 2681 998 2722 privilegio
1020 2682 1065 2713 lo-

199 2734 274 2756 cum
293 2723 372 2762 effe,
398 2723 450 2754 ubi
467 2723 571 2754 viduae
590 2722 619 2754 ὅ(
638 2721 750 2763 pupilli
769 2723 831 2754 line
845 2722 929 2753 omni
948 2722 1066 2754 fraudis

199 2765 376 2806 suspicione
398 2764 571 2803 astionem,
593 2771 684 2804 quam
704 2771 874 2801 exercent,
897 2763 1066 2803 acquisive-

201 2816 254 2845 re,
277 2805 364 2837 forte
381 2815 420 2838 ex
437 2805 638 2844 venditione,
662 2803 807 2835 Deci-eto
832 2803 949 2843 Judicis
974 2804 1065 2836 facta.

199 2849 280 2879 Sane
296 2857 390 2880 nemo
400 2846 612 2884 dubitaverit,
634 2845 708 2886 quin
725 2845 891 2886 privilegio
909 2845 999 2876 locus
1011 2845 1067 2885 sit,

198 2889 220 2920 fi
239 2889 282 2928 is,
306 2888 355 2920 cui
375 2887 585 2919 successerunt
605 2887 699 2918 vidua
714 2885 912 2927 pupsslusve,
933 2894 988 2926 per
1000 2895 1065 2918 ces-

197 2929 316 2962 fionein
341 2929 519 2970 acceperit,
543 2927 715 2961 dummodo
739 2935 831 2968 agant
848 2927 942 2959 vidua
964 2927 1065 2968 pupil-

240 3055 317 3091 (11)
336 3054 413 3084 Piae.
427 3055 463 3084 Π.
487 3062 512 3089 5.
536 3061 560 3088 7.
579 3062 603 3083 1.
621 3062 648 3090 3.
669 3053 695 3083 &
710 3053 814 3091 Repert.
836 3053 866 3083 C.
882 3054 922 3083 H.
939 3063 966 3092 p.
977 3053 1066 3088 90.B.

237 3094 299 3129 (1)
318 3093 341 3130 §-
368 3103 391 3122 1.
414 3095 473 3122 Vari
492 3093 521 3121 de
542 3092 659 3122 Ortionn.
688 3099 716 3129 op
733 3093 763 3121 de
781 3091 946 3131 Vorciermffe
965 3102 1019 3123 van
1037 3093 1068 3123 de

203 3130 320 3170 Justicz'e
335 3134 364 3159 in
384 3131 479 3160 Kleine
487 3130 577 3169 fizken.

238 3169 301 3204 (2)
321 3169 381 3197 coit.
402 3169 516 3198 Sabauct.
539 3170 575 3198 1..
592 3170 643 3199 111.
669 3169 724 3198 Tio.
747 3177 791 3198 12.
811 3168 903 3207 Defin.
926 3177 975 3202 22.

237 3206 251 3242 ζ
261 3209 297 3245 3)
316 3207 460 3238 rbi-mutar.
483 3207 554 3242 Tom.
572 3209 608 3238 11.
630 3208 693 3246 Cap.
714 3215 739 3239 1.
759 3216 788 3246 p.
809 3215 856 3244 34.

1103 1857 1209 1895 iusve,
1233 1855 1343 1896 quibus
1368 1856 1485 1890 cessum
1505 1866 1569 1889 non
1594 1856 1658 1895 est,
1682 1856 1711 1889 ἀ
1735 1858 1779 1889 ita
1797 1856 1874 1899 saepe
1898 1858 1960 1892 Cu-

1103 1901 1181 1932 riam
1215 1896 1396 1929 Hollandiae
1427 1898 1573 1939 judicass'e
1603 1899 1789 1940 Pragmatici
1823 1898 1964 1932 referunt

1104 1941 1172 1983 (4).
1219 1939 1266 1972 Ita
1287 1949 1413 1980 quoque
1437 1940 1533 1972 cessat
1552 1941 1653 1973 omnis
1675 1939 1794 1972 fraudis
1814 1939 1964 1988 suspicio,

1105 1982 1156 2015 sed
1182 1983 1213 2014 ὃς
1240 1979 1341 2027 Leges
1366 1981 1552 2013 nominatim
1580 1982 1749 2023 loquuntur
1771 1981 1809 2012 de
1832 1981 1889 2021 iis,
1912 1991 1965 2023 qui

1104 2025 1160 2066 ipsi
1178 2033 1218 2055 ex
1236 2022 1369 2053 cessione
1393 2022 1596 2063 acquisivere.
1640 2023 1738 2060 Sunt,
1762 2022 1815 2063 qui
1841 2032 1966 2064 genera-

1104 2068 1177 2100 liter
1195 2064 1309 2095 volunt
1334 2062 1412 2104 (5),
1437 2063 1648 2095 cessionarium
1673 2063 1859 2104 privilegio,
1883 2063 1987 2106 quod‘

1104 2109 1112 2140 i
1139 2107 1169 2139 se
1193 2105 1303 2143 habet,
1327 2113 1488 2145 nunquam
1510 2105 1556 2136 uti
1582 2104 1678 2145 posse.
1723 2104 1910 2145 Perperam,
1933 2105 1966 2137 ni

1103 2119 1219 2185 fiillor,
1243 2145 1455 2185 ceffionarius,
1479 2147 1531 2187 qui
1556 2146 1641 2187 agit,
1671 2154 1735 2177 non
1759 2145 1824 2187 agie
1846 2146 1901 2179 nisi
1926 2155 1968 2179 ex

1103 2192 1170 2232 jure
1187 2189 1270 2230 ejus,
1295 2186 1348 2228 qui
1363 2186 1469 2225 ceint,
1492 2187 1544 2219 sed
1560 2195 1710 2227 quatenus
1735 2196 1775 2218 ex
1798 2187 1967 2228 obligatio-

1104 2241 1144 2264 ne
1156 2231 1238 2273 agit‚
1261 2228 1326 2260 fori
1353 2237 1458 2260 autem
1479 2228 1680 2269 privilegium
1707 2237 1771 2260 non
1794 2237 1832 2262 ex
1854 2227 1971 2270 obliga-

1107 2274 1214 2311 tione,
1239 2270 1288 2304 sed
1303 2270 1369 2310 jure
1383 2268 1524 2310 personae
1545 2269 1633 2300 ducit
1648 2268 1812 2310 originem.

1148 2311 1374 2352 Privilegium,
1404 2310 1443 2342 de
1463 2320 1526 2351 quo
1555 2311 1692 2351 agimus,
1724 2310 1820 2342 cessht
1845 2319 1970 2352 quoque

1106 2356 1137 2387 in
1155 2354 1252 2387 causis
1275 2351 1405 2384 minoris
1430 2352 1606 2390 momenti,
1630 2361 1669 2383 ex
1691 2361 1766 2392 agro
1785 2351 1922 2389 scilicet,
1946 2348 1970 2384 fi

1107 2396 1223 2429 summa
1249 2404 1313 2426 non
1338 2393 1472 2425 excedat
1493 2402 1537 2433 50
1563 2392 1699 2424 florenos
1715 2415 1724 2431 ,
1756 2402 1797 2424 cx
1825 2391 1970 2428 urbibus,

1105 2438 1127 2470 si
1150 2448 1215 2470 non
1237 2434 1370 2468 excedat
1402 2444 1470 2467 100.
1494 2433 1639 2465 florenos.
1684 2434 1744 2465 Sed
1766 2432 1828 2464 hoc
1853 2433 1917 2470 ita,
1947 2431 1971 2464 si

1106 2488 1210 2522 partes
1230 2477 1340 2509 eodem
1363 2475 1438 2507 foro
1462 2482 1593 2507 utuntur
1612 2485 1650 2506 ex
1675 2473 1702 2515 §.
1722 2484 1750 2505 ρ.
1768 2483 1829 2504 van
1850 2473 1883 2504 de
1909 2473 1968 2504 Or-

1108 2521 1267 2553 doimantz'e
1298 2523 1339 2549 tot
1358 2516 1530 2558 vordermffi
1550 2525 1610 2547 van
1628 2516 1661 2546 de
1683 2512 1809 2555 Justitie
1828 2524 1896 2545 vom·
1913 2515 1969 2546 den
1989 2535 1993 2538 -

1108 2558 1196 2595 Hbve
1223 2563 1256 2592 in
1278 2559 1372 2592 kleine
1392 2558 1486 2599 fizken
1509 2566 1560 2589 21.
1587 2555 1660 2587 Dec.
1687 2564 1774 2595 1579.
1798 2555 1873 2596 quin
1897 2556 1926 2588 ὅ(
1948 2553 1971 2587 st

1107 2601 1233 2636 diverso
1255 2601 1284 2643 §.
1306 2610 1335 2642 7.
1352 2597 1496 2671 Ῐυηέἶ-.ίᾷ.
1514 2601 1544 2629 6.
1570 2596 1663 2642 Eorm.
1680 2595 1853 2653 A⁷1²l³l324
1871 2595 1969 2628 Mart.

1112 2649 1202 2685 1644.
1247 2643 1282 2675 In
1314 2640 1410 2673 causis
1436 2649 1453 2671 a
1479 2646 1697 2670 ecurationum
1728 2636 1823 2668 cessat
1848 2645 1972 2678 quoque

1108 2677 1623 2760 {iussus}{assessis
1636 2678 1802 2758 <¹¹⁷1²p²20532
1813 2678 1970 2751 ‘limaz

1109 2766 1244 2806 vzstoneel
1266 2763 1399 2796 Accoord
1425 2761 1550 2803 tuffchen
1573 2753 1707 2792 Hollcznd
1729 2770 1764 2791 en
1789 2758 1918 2792 Zeelcind
1960 2783 1968 2791 .

1110 2809 1208 2842 Mart.
1238 2809 1327 2845 1607.
1350 2803 1435 2843 quod
1456 2811 1559 2834 tamen
1586 2809 1742 2834 mutatum
1768 2799 1812 2832 est
1834 2800 1863 2842 §.
1882 2811 1913 2843 3.

1109 2861 1139 2892 4.
1164 2846 1346 2891 posterioris
1362 2843 1594 2889 Conventionis
1611 2843 1691 2874 inter
1701 2841 1825 2874 eosdem
1846 2841 1970 2882 11.Jun.

1113 2895 1202 2932 1674.
1226 2887 1281 2920 nisi
1308 2886 1398 2918 caula
1416 2894 1486 2925 250.
1514 2883 1643 2930 florenis
1664 2883 1766 2915 minor
1781 2882 1826 2914 est
1843 2883 1872 2914 d.
1892 2882 1920 2928 ᾖ.
1963 2905 1973 2914 .

1109 2932 1201 2964 Unde
1217 2930 1248 2962 δι
1273 2927 1368 2959 Curia
1391 2924 1573 2958 Hollandiae
1592 2929 1642 2957 26.
1664 2922 1752 2979 Nov.
1781 2928 1870 2958 1682.
1894 2923 1973 2996 juglai:

1149 3054 1208 3093 (4)
1231 3054 1445 3088 Groenewcgen
1466 3051 1500 3081 ad
1514 3053 1532 3080 1.
1549 3061 1593 3080 un.
1616 3051 1646 3080 C.
1666 3050 1778 3091 ,Quando
1790 3049 1911 3088 Imperat.
1932 3049 1970 3076 in-

1109 3101 1148 3125 ter
1160 3095 1252 3132 pupill.
1273 3093 1319 3120 vel
1335 3091 1429 3120 viduas
1442 3089 1502 3125 &aa
1524 3090 1549 3118 &
1570 3090 1681 3118 Formial.
1701 3090 1726 3118 d.
1747 3091 1793 3118 loc.

1149 3131 1208 3168 (5)
1231 3130 1325 3160 Sande
1342 3129 1371 3157 de
1387 3128 1492 3158 Aflion.
1513 3127 1579 3167 Ceff.
1601 3127 1630 3156 C.
1652 3127 1701 3156 lV.
1721 3137 1748 3156 n.
1771 3135 1815 3163 30.

1152 3171 1216 3208 (6)
1236 3169 1349 3200 Formul.
1373 3166 1445 3199 Tom.
1466 3168 1501 3198 11.
1521 3166 1551 3196 C.
1573 3174 1616 3203 25.
1638 3174 1666 3203 p.
1689 3172 1751 3200 313.
