2008 3436
184 109 254 149 356
453 107 481 143 C
507 106 540 142 O
566 108 599 142 R
624 107 662 144 N
688 107 717 143 E
741 108 771 142 L
795 107 811 142 I
836 105 853 141 1

182 190 277 231 igitur
304 192 444 225 divortio
465 194 553 227 locus
569 218 578 233 ‚
617 193 667 226 sed
691 194 875 234 separationi
900 194 984 235 quod
1010 193 1047 224 ad

183 239 308 264 tuorum
330 235 358 266 δε
376 235 510 268 mensam
528 237 751 273 duntaxat,co
765 234 785 267 ss
798 245 845 267 res
864 235 1044 276 perveniat,

182 281 216 303 tu
233 275 390 307 aanor-em
410 277 474 317 ejus
492 277 692 317 separationis
708 275 856 308 mactabis
876 276 1045 313 beneficio,

183 316 268 360 quod
285 326 370 348 amor
386 318 415 349 ἅ
433 317 499 359 spes
518 327 635 350 mutua:
652 317 855 357 benignitatis
876 316 1043 349 extorsere.

184 356 253 396 figo
279 367 354 389 vero
370 360 418 397 ei,
444 369 478 390 ut
499 360 645 399 indigno,
672 358 821 390 auferam.
866 359 921 391 Sin
940 367 1045 390 autem

183 397 272 429 causa
293 400 393 431 levior
410 399 593 441 separationi
611 398 731 431 causam
747 399 886 438 dederit,
907 400 1045 441 jurgium

181 439 210 469 ὃς
227 439 368 479 qudrela,
394 451 462 481 quae
484 441 651 482 spernenda
668 441 796 480 potius,
818 451 909 482 quam
931 442 967 471 ad
984 439 1046 470 ani-

181 489 266 511 mum
286 483 458 513 revocanda
474 490 558 519 erat,
584 481 723 520 Doario,
748 491 811 513 non
833 481 978 514 obstante
1004 479 1047 511 se-

180 522 361 561 paratione,
394 524 500 555 locum
525 522 585 554 cll‘e
609 523 715 554 velim.
761 523 791 554 Si
821 533 882 554 non
907 521 1048 559 constet,

178 562 229 607 vel
244 564 385 595 constare
402 575 464 596 non
482 564 573 604 pollit
594 573 661 595 utra
672 573 740 604 pars
756 565 871 596 noxior
888 564 943 603 sit,
955 563 1046 594 debe-

181 603 266 634 bitur
296 605 465 643 Domum,
505 605 526 636 sl
553 605 594 635 ob
622 606 775 636 leviorem
797 605 917 637 causam
949 605 1044 635 etiam

181 644 361 682 debeliitur„
387 647 405 677 li
421 647 461 677 ob
474 647 651 687 gravi-orem
664 669 673 684 ,
697 657 787 687 quam
807 645 958 688 superstes
968 656 1042 687 prae-

181 685 249 716 buit
263 710 272 724 ,
297 687 448 719 Doni-ium
464 698 522 729 pro
538 698 599 720 non
619 687 738 729 scripto
760 689 931 720 habuerim.
965 688 1045 734 Quae

184 736 288 760 autezn
315 729 470 769 gravior,
501 739 568 770 quse
594 729 696 760 levior
722 730 752 761 in
778 730 837 761 hoc
859 736 1045 771 argumento

183 768 272 800 causat
291 770 325 801 lit·
339 792 349 807 ,
372 770 489 809 judicis
504 771 636 802 arbitrio
655 771 809 812 relinquo.

223 810 400 851 Ezemplis,
425 821 464 842 ex
484 812 556 851 Jure
573 812 716 843 Romano
734 813 859 853 petitis,
886 813 965 844 hanc
981 821 1047 844 rem

180 851 380 884 illustremus.
416 853 447 884 Si
465 862 551 894 pater
573 853 680 884 liberis
701 862 840 885 tutorem
857 854 997 893 dederit,
1016 862 1047 884 a·

179 893 252 923 mici
270 893 375 925 officia
388 904 406 924 n
426 895 590 933 implorat,
616 904 678 934 quo
696 895 800 927 liberis
819 895 880 927 suis
897 898 976 926 bene
990 895 1046 933 lit,

182 933 234 964 sed
259 934 279 965 si
305 935 417 966 deinde
441 936 615 967 inimicitiae
642 937 791 977 capitales
821 936 903 968 inter
925 945 1045 977 patrem

181 976 378 1016 pupillumve
398 977 610 1014 intercedant,
636 987 694 1008 nee
713 978 935 1009 reconciliatio
955 978 1046 1009 inter-

183 1017 306 1055 x-enPat,
332 1025 420 1048 tutor
438 1017 467 1049 se
486 1018 651 1056 excusare,
676 1019 748 1059 quin
769 1019 816 1057 δε,
841 1028 876 1049 ut
890 1018 1046 1060 suspectus

181 1059 335 1089 resin-veri
356 1059 459 1099 potest
472 1059 499 1100 ᾗ.
521 1068 568 1091 11.
589 1058 662 1101 [Ust-
682 1062 715 1091 de
734 1059 874 1100 Exczfizt.
899 1069 947 1091 res
963 1060 1046 1090 enim

180 1100 292 1131 incidit
313 1101 345 1132 in
370 1110 440 1131 euin
460 1102 591 1134 statum.
625 1111 641 1132 a
659 1111 721 1141 quo
742 1101 879 1142 incipere
904 1111 966 1132 non
990 1110 1045 1141 po-

181 1149 275 1199 terat.¹
318 1141 366 1205 [ἐξ]
390 1142 520 1174 inimico
544 1143 612 1184 quis
637 1143 779 1174 officium
809 1142 957 1173 amicitiae
989 1151 1040 1172 ex-

180 1183 332 1214 neit-anit.

224 1224 297 1255 Plus
316 1224 408 1262 dico,
435 1225 525 1266 idque
545 1225 582 1256 ad
605 1235 669 1256 rem
695 1225 802 1265 magis.
848 1223 1046 1255 Donationes

183 1266 265 1296 inter
287 1265 326 1296 V.
345 1267 374 1297 ἃ
395 1266 435 1298 U.
459 1266 531 1305 jure
559 1266 703 1297 Romano
721 1266 814 1297 nullae
840 1263 927 1304 sunt,
953 1263 1045 1296 faetae

179 1315 283 1338 tamen
301 1315 406 1337 morte
421 1307 580 1338 donatoris
603 1307 845 1345 confirmantur,
870 1306 925 1337 nifi
943 1313 1046 1337 tamen

180 1356 309 1379 mutat-<e
329 1348 499 1379 voluntatis
516 1348 677 1379 luculenta
697 1347 820 1380 exstent
844 1347 1044 1379 documenta.

181 1389 274 1420 Unde
297 1388 448 1428 Ulpianus
465 1390 494 1420 in
512 1389 532 1420 l.
553 1399 604 1430 32.
630 1389 657 1431 §.
681 1398 727 1421 10.
756 1398 803 1420 11.
827 1398 873 1420 12.
895 1388 930 1423 ὅ)
950 1387 1042 1430 13.ff.

180 1432 212 1461 cie
232 1429 343 1461 Donat.
363 1431 442 1461 inter
457 1429 499 1462 V.
521 1430 557 1465 &¹
575 1431 615 1462 U.
643 1430 814 1462 constituta
830 1428 1045 1471 disputatione

179 1471 312 1511 qum-it,
336 1480 406 1512 quae
426 1471 477 1503 hic
494 1480 676 1513 argumenta
694 1472 845 1504 valeant?
877 1472 906 1503 ἀ
934 1471 998 1510 ait,
1023 1469 1046 1502 s1

176 1513 334 1553 Coniuges
359 1512 440 1544 bona
458 1515 558 1554 gratia
581 1513 762 1552 discedant,
801 1511 880 1544 stare
902 1512 1047 1544 donatio·

178 1564 267 1593 nem,
293 1553 343 1586 sed
360 1553 380 1585 fi
391 1564 455 1585 cum
476 1556 522 1586 ira
533 1554 585 1595 firi
601 1557 693 1586 animi
710 1555 746 1590 δέ’
762 1553 871 1596 offenfiz
882 1577 893 1593 ,
914 1555 1044 1593 eadere,

179 1599 207 1628 cl.
232 1596 260 1637 ξ.
290 1605 337 1627 10.
383 1595 489 1641 Quare
515 1596 536 1628 fi
559 1596 734 1628 divortium
758 1596 954 1635 intercedat,
988 1604 1046 1637 pro

180 1647 310 1670 mutatae
331 1637 505 1669 voluntatis
531 1646 716 1678 argumento
744 1637 774 1669 id
791 1637 852 1669 ess'e
870 1637 1045 1669 habendum

178 1679 333 1720 Ulpianus
351 1678 395 1709 ait
411 1680 438 1710 d.
459 1678 486 1720 §.
511 1688 558 1710 11.
579 1679 634 1711 nisi
648 1679 872 1711 reconciliatio
891 1679 921 1711 &
938 1677 1042 1711 matri-

179 1720 277 1753 monii
308 1718 491 1751 restauratio
519 1719 726 1752 intercess'erit
741 1745 751 1760 ,
785 1721 814 1752 &
847 1720 911 1752 hoc
943 1720 1043 1762 ipsum

181 1761 456 1802 Hermogenianus
481 1760 589 1793 scribit
614 1762 644 1794 in
676 1762 697 1793 l.
719 1766 772 1794 62.
796 1761 824 1803 §.
854 1772 879 1794 Ι.
900 1761 939 1803 ff.
966 1761 1042 1793 Eod.

179 1803 284 1844 Pergit
308 1812 385 1833 mox
404 1802 554 1844 Ulpianus
572 1803 607 1835 ad
627 1804 762 1835 leviores
779 1802 888 1836 causas,
905 1805 935 1835 in
959 1804 986 1834 d.
1013 1802 1041 1844 §.

183 1856 230 1877 12.
248 1844 282 1879 ὣ)
302 1853 348 1885 13.
370 1845 399 1876 δε
418 1844 465 1876 liis
481 1854 544 1876 non
561 1844 756 1879 obstantibus
770 1844 974 1876 donationem
986 1854 1042 1886 pu-

180 1893 225 1918 tat
241 1886 366 1924 valere3
391 1886 483 1926 plane
500 1895 535 1916 ut
551 1886 581 1917 in
604 1880 661 1917 nst
682 1886 785 1927 specie
803 1885 957 1927 respondi.

222 1926 356 1965 Rursus,
397 1927 418 1959 li
452 1927 586 1968 Cognati
613 1928 747 1968 primum
778 1928 944 1959 morientis
969 1927 1044 1959 defi-

179 1970 282 2005 ciant,
307 1969 358 1999 lex
378 1968 533 2009 superstiti
554 1969 758 2000 hereditatem
778 1968 902 2007 defert,
925 1969 981 2002 nisi
999 1969 1043 2000 di-

183 2010 321 2041 vortium
350 2010 575 2049 intercesserit,
618 2018 694 2042 tunc
721 2010 824 2048 enim,
849 2010 990 2042 amicitia
1011 2011 1044 2042 in

181 2052 290 2083 ollium
304 2050 390 2081 versa
402 2073 412 2088 ‚
435 2051 530 2082 cessat
549 2052 579 2082 id
590 2074 597 2088 ,
622 2050 708 2092 quod
722 2051 903 2083 succeffioni
920 2051 1042 2083 causam

180 2093 287 2129 dedit,
312 2098 347 2122 ut
364 2092 483 2131 plenius
506 2092 609 2124 dicam
635 2092 748 2124 L.111.
777 2094 809 2124 C.
831 2101 879 2124 12.
904 2092 988 2134 quod
1002 2092 1042 2124 fic

180 2133 441 2174 intelligendum,
477 2140 512 2164 ut
539 2142 610 2164 cum
642 2133 712 2171 liic,
738 2141 803 2165 tum
826 2133 900 2165 alibi
923 2133 1043 2175 semper

181 2177 292 2208 sartum
316 2174 495 2215 teetumque
515 2174 551 2206 fit
569 2174 617 2214 jus
633 2176 727 2215 partis
745 2173 835 2206 laesae.

196 2216 198 2220 “
225 2215 432 2251 (Ωιιῑώιῃοῑεε
450 2214 593 2253 servent,
616 2224 679 2248 non
705 2216 797 2247 aufiin
823 2216 937 2248 dicere.
982 2217 1042 2249 Me

182 2252 331 2289 SenTitore
361 2256 454 2287 semel
479 2266 515 2287 ea
531 2256 662 2297 quaestio
687 2257 836 2288 Senatum
858 2258 1040 2299 occupavit.

180 2298 273 2339 Caius
292 2299 320 2329 ὅ(
341 2297 416 2337 Caja
435 2298 561 2338 nuptias
577 2298 770 2330 contrahunt
787 2308 869 2331 anno
887 2298 1043 2339 1685.hae

181 2342 268 2381 lege,
294 2348 333 2370 ne
352 2339 431 2369 inter
449 2338 588 2370 eosesset
607 2339 762 2371 bonorum
779 2344 982 2379 communio,
995 2341 1047 2372 sed

180 2382 261 2413 lueri
289 2378 443 2412 §t'damni
470 2380 642 2418 duntaxat,
675 2381 718 2412 ita
751 2390 874 2420 tamen,
910 2391 946 2413 ut
970 2381 1046 2423 Caja

183 2425 203 2454 ’h
221 2433 256 2463 κς]
273 2423 308 2459 ὒν
327 2432 343 2451 [i
357 2419 477 2460 flerem
496 2422 529 2461 of
541 2422 680 2462 J'cheiclen
698 2423 746 2453 cles
765 2423 935 2464 hzcteelyks,
957 2432 1046 2462 opta-

182 2475 216 2495 re
237 2457 358 2504 pollet,
381 2463 460 2494 lucri
488 2465 517 2495 ez
538 2462 638 2494 damni
662 2465 818 2506 particeps
842 2465 903 2496 else
926 2465 1046 2503 vellet,

182 2514 240 2536 nce
265 2514 320 2541 ne,
345 2513 441 2544 porro
463 2504 538 2544 Caja
562 2503 712 2545 superstes
741 2504 897 2537 Doarium
918 2506 1047 2538 haberet

180 2556 294 2585 50:0¹3.
317 2544 525 2583 florenorum,
549 2546 578 2576 δεῖ
595 2547 755 2578 dimidiam
773 2555 892 2588 partem
919 2546 1048 2589 supelle·

183 2588 264 2618 ctilis
283 2586 405 2623 mariti,
433 2586 525 2624 Cajus
544 2595 621 2617 vcro
644 2586 793 2626 superstes
810 2588 936 2619 liaberet
960 2588 1045 2620 Doa-

183 2629 266 2660 rium
286 2636 397 2658 2:030.
416 2626 619 2658 florenorum.
665 2627 697 2658 ld
722 2629 956 2661 matrimonium
980 2639 1044 2661 non

183 2670 236 2700 diu
255 2667 317 2700 fuit
338 2676 489 2705 concors,
515 2677 583 2699 nam
602 2667 671 2708 post
695 2668 803 2700 decem
825 2669 945 2701 menses
968 2670 1044 2710 Caja

184 2710 284 2741 adivit
302 2708 425 2749 Judstes
443 2707 776 2748 Auistcrdammenses,
801 2710 908 2750 questa
922 2710 960 2741 de
980 2721 1043 2743 ma-

200 2762 222 2782 ‚3
247 2750 404 2787 moribus,
430 2750 504 2790 quin
524 2751 553 2782 dc
573 2751 611 2781 de
636 2749 758 2781 saevitia
783 2751 905 2790 mariti,
934 2753 964 2783 ἃ
989 2753 1044 2784 im-

195 2794 308 2823 ilo-:ans
337 2790 562 2831 separationem
587 2792 671 2833 quod
696 2792 733 2823 ad
761 2791 887 2823 thorum
908 2793 937 2824 &
962 2803 1047 2824 men—

183 2833 244 2866 srzi
259 2856 268 2870 ,
291 2835 321 2864 ὃς
338 2833 421 2872 quos-l
439 2833 475 2863 ad
496 2833 656 2874 utriusque
679 2833 769 2864 bona.
816 2832 909 2873 Cajus
928 2834 992 2872 ait,
1015 2834 1046 2865 se

181 2874 303 2906 idoneis
328 2873 502 2904 rationibus
530 2875 558 2906 eft
578 2873 657 2913 justa
684 2875 899 2915 indignatione
925 2884 1046 2906 metum

184 2916 215 2946 {tl
235 2914 330 2955 ipsum
354 2915 529 2954 implorare.
578 2913 685 2957 Quare
700 2916 824 2956 judiees
840 2915 1046 2947 Amstcrdam-

184 2958 302 2987 insoles
324 2965 370 2996 ¹3-
392 2959 421 2987 d:
442 2965 488 2995 14..
509 2956 588 2988 Dec.
616 2960 703 2990 1636.
720 2958 844 2998 strider,
869 2957 980 2997 ajunt,
1000 2968 1044 2988 re-

186 3000 278 3037 <stu-15
296 3005 321 3027 (e
341 3007 441 3027 litu-iren
463 3004 496 3037 op
511 2999 544 3028 (ie
570 2999 693 3029 reu'crren
713 3009 773 3030 πη
791 2999 886 3029 cl'eene
909 2999 942 3039 of
963 2999 1043 3030 d'cm-

182 3049 247 3068 «tre
265 3044 383 3079 [κῃ-[μ’.
411 3047 554 3079 utrosque
583 3039 721 3079 separant
739 3040 823 3080 quod
844 3040 880 3071 ad
899 3040 1046 3079 thorum,

309 3089 318 3108 -i
345 3082 371 3110 ε’(
390 3079 480 3110 bona.
527 3080 577 3111 De
598 3081 687 3111 lionis
715 3082 743 3112 C<
762 3081 921 3122 utriusque
941 3082 1044 3112 inven-

386 3121 642 3152 arbitrosdcintle
659 3122 701 3152 cll
728 3122 902 3163 litigatum,
926 3122 975 3154 sed
1001 3123 1045 3153 ni-

322 3170 426 3203 ἲ,.υ,;η,
452 3171 510 3192 nec
533 3171 749 3203 usquequaque
763 3173 828 3193 cam
848 3163 934 3194 litem
948 3163 1047 3204 perse-

182 3210 289 3243 quuta:
310 3205 379 3232 luit
395 3209 504 3239 partes.
531 3202 624 3242 Cujus
641 3204 727 3243 prior
744 3204 867 3236 decedit
892 3213 936 3235 10.
955 3205 1045 3237 bebr.

919 117 1026 143 vAN

183 2752 192 2833 *at-o

1089 104 1702 141 BYNKERSHOEK

1094 201 1184 233 1714.
1210 191 1380 230 institutis,
1405 192 1489 233 quod
1513 191 1550 223 ad
1575 191 1745 233 legitimam
1762 215 1773 231 ,
1800 194 1864 225 filia
1883 185 1950 229 unit

1090 243 1149 272 ca,
1177 244 1269 275 quam
1297 233 1429 265 habebat
1460 243 1498 264 ex
1527 234 1625 273 priori
1661 234 1861 266 matrimonio
1879 260 1888 276 ,
1919 239 1949 271 ἃς

1089 275 1175 315 quod
1191 276 1227 307 ad
1244 275 1360 315 reliqua
1386 275 1485 313 bona,
1519 274 1584 313 eju:
1604 274 1675 306 filiae
1695 274 1821 313 liberm,
1845 279 1874 308 ni
1893 276 1948 312 fal-

1088 316 1158 354 lor,
1188 325 1333 357 quatuor.
1381 315 1455 356 Caja
1483 314 1652 356 superstes,
1682 325 1753 356 quae
1782 322 1831 352 28.
1856 328 1950 356 annos

1090 356 1252 398 separatim
1269 358 1412 392 vixerat,
1439 367 1503 388 non
1518 365 1638 387 tentata
1661 357 1785 390 interim
1811 362 1950 400 reconci-,
1975 364 1980 368 '

1089 398 1240 436 liatione,
1263 408 1338 429 mox
1358 398 1497 430 defuneti
1518 397 1614 429 filiam
1633 397 1769 439 filiaeque
1785 400 1901 434 liberos
1918 403 1951 443 in

1090 439 1137 479 jus
1152 448 1248 470 vocat
1266 440 1345 479 apud
1362 439 1489 471 Curiam
1510 438 1691 470 Hollandiae
1702 462 1713 477 ,
1737 449 1846 481 petens
1865 441 1951 478 Doaw

1091 481 1171 512 rium
1185 489 1300 519 50000.
1318 479 1529 518 florenorum,
1553 482 1581 512 ὥς
1597 480 1762 513 dimidium
1777 481 1951 524 supellefti„

1092 523 1130 561 lis
1146 521 1270 560 mariti,
1296 522 1324 553 ἃ
1341 521 1428 553 simul
1451 522 1663 553 inventarium
1684 522 1860 564 bonorum,
1879 521 1952 567 quae'
1976 519 1981 528 ’

1091 562 1185 603 Cajus
1202 563 1239 594 ad
1258 563 1381 603 nuptias
1402 563 1569 601 attulerat,
1601 564 1630 594 δε
1655 573 1724 604 quae
1747 565 1882 598 moriens
1903 563 1969 600 re?

1092 605 1242 645 liquerat,
1274 612 1310 634 ut
1329 603 1500 635 deliberare
1524 603 1625 644 poss'ct
1649 605 1688 636 de
1714 607 1846 646 optione
1869 607 1957 643 lucri:-

1090 646 1120 677 &
1144 645 1257 677 damni.
1303 643 1444 676 Heredes
1474 645 1521 675 bis
1541 646 1686 678 omnibus
1709 647 1953 693 contradicunt,

1090 687 1120 718 &
1132 710 1143 726 ,
1166 697 1203 719 ex
1223 687 1437 718 conventione
1455 686 1610 726 partium,
1634 697 1650 718 a
1669 687 1784 728 Curia,
1809 691 1861 722 ubi
1877 701 1951 733 pen,

1088 729 1201 766 debat,
1225 726 1411 759 transfertur
1425 729 1462 759 ad
1480 729 1628 769 Senatum
1648 729 1843 770 Supremum.
1888 733 1950 766 Pri.

1089 780 1139 802 ma
1165 768 1294 811 quaestio
1320 769 1351 800 in
1378 778 1416 799 eo
1437 769 1634 808 vertebatur,
1660 780 1716 808 an,
1748 771 1769 803 fi
1793 773 1845 804 vel
1870 775 1953 808 reete

1092 819 1197 853 ageret
1217 810 1292 851 Caja
1309 810 1345 841 ad
1365 809 1518 842 Doariuin
1529 832 1540 848 ,
1564 820 1602 841 eo
1618 813 1746 844 nomine
1761 813 1844 845 recte
1860 825 1952 858 agere¹

1091 853 1183 895 pollit
1201 861 1314 883 contra
1332 852 1427 883 liliam
1448 851 1535 892 Caji,
1563 861 1677 893 utpote
1693 853 1950 890 institutamdun-

1092 903 1175 928 taxat
1199 904 1238 925 ex
1265 893 1413 934 legitima.
1459 892 1538 924 Filia
1567 895 1717 933 negabat,
1749 896 1952 936 hereditatem

1090 937 1186 977 patris
1209 935 1405 968 minuendam
1438 934 1499 965 esse
1527 934 1648 966 Doario
1666 960 1675 974 ‚
1711 938 1741 969 ἃ
1765 937 1806 970 fic
1827 939 1952 974 demum

1088 976 1331 1018 computandam
1347 975 1530 1016 legitimam.
1576 976 1650 1016 Caja
1666 978 1866 1016 adfirmabat,
1890 981 1954 1019 esse

1089 1019 1172 1050 enim
1201 1017 1370 1059 legitimam
1396 1017 1470 1048 loeo
1496 1018 1566 1049 aeris
1591 1019 1694 1050 alieni.
1740 1020 1790 1052 Ex
1814 1021 1955 1063 profess'o

1090 1061 1222 1093 Senatus
1236 1058 1363 1089 eandem
1384 1057 1586 1098 quaestionem
1609 1060 1770 1101 tractavit,
1794 1063 1824 1094 ὅ(
1840 1063 1950 1096 defini-

1088 1102 1138 1133 vit
1165 1111 1192 1132 2.
1215 1099 1303 1131 Nov.
1334 1107 1424 1139 1712.
1451 1108 1485 1130 ut
1511 1099 1598 1140 supra
1625 1101 1718 1132 retuli
1736 1103 1777 1134 L.
1797 1103 1834 1136 ΙΙ.
1863 1105 1896 1137 C.
1921 1116 1952 1147 7.

1090 1152 1167 1174 tunc
1180 1149 1282 1179 ratus,
1296 1139 1450 1172 Doarium
1467 1140 1530 1172 esse
1545 1142 1760 1174 deducendum
1781 1155 1854 1177 ante
1867 1156 1954 1180 com-

1087 1183 1285 1225 putationem
1301 1181 1452 1220 legitimae
1468 1203 1478 1219 ,
1500 1182 1551 1213 sed
1569 1182 1821 1223 discrepantibus
1832 1186 1952 1220 senten-

1089 1225 1163 1262 tiis,
1187 1221 1452 1266 quemadmodum·
1470 1224 1499 1253 oc
1525 1232 1608 1254 nunc
1620 1223 1867 1266 discrepantibus
1884 1228 1951 1261 sen-

1092 1264 1200 1297 tentiis
1227 1263 1308 1294 idem
1327 1261 1490 1301 definlvlt,
1515 1271 1548 1294 ut
1569 1266 1698 1299 memini
1715 1276 1766 1298 me
1788 1277 1899 1301 notare
1913 1270 1955 1304 ad

1090 1307 1186 1339 finem
1204 1306 1231 1336 d.
1253 1305 1283 1336 C.
1304 1314 1332 1346 7.
1445 1345 1451 1350 .
1949 1342 1958 1349 ἡ

1131 1347 1273 1380 Secunda
1293 1346 1321 1377 ὅ(
1343 1345 1469 1386 maioris
1487 1346 1638 1377 momenti
1656 1349 1789 1388 quaestio
1804 1360 1890 1390 erat,
1915 1362 1954 1388 au

1089 1388 1160 1432 post
1184 1388 1427 1428 separationem,
1457 1396 1549 1427 quam
1573 1387 1658 1427 dixi,
1683 1390 1784 1422 adhuc
1810 1390 1954 1432 praestan-⁷,

1087 1432 1162 1464 dum
1178 1429 1256 1462 esset
1273 1428 1426 1460 Doarium
1440 1451 1448 1465 ,
1474 1428 1867 1475 tabulis-antenuptialibus
1882 1444 1958 1476 pro··

1088 1472 1233 1508 missum,
1257 1480 1294 1502 an
1321 1479 1399 1500 vero
1419 1477 1516 1501 tacite
1541 1470 1569 1501 &
1590 1469 1658 1511 lpsO
1677 1471 1762 1505 fatto
1787 1475 1815 1506 ei
1841 1485 1954 1510 renum·

1089 1515 1207 1546 ciatum
1228 1512 1327 1543 videri
1350 1510 1462 1542 debeat
1479 1510 1496 1542 ‘3
1528 1510 1610 1543 Tres
1631 1512 1682 1544 hic
1706 1517 1866 1548 numeravi
1889 1516 1953 1550 sen-

1091 1556 1224 1594 tentias,
1249 1553 1386 1585 invicem
1402 1551 1625 1592 discrepantes.
1670 1554 1807 1602 Quidam
1821 1558 1955 1593 Senam-s

1089 1607 1139 1629 res
1157 1595 1339 1637 simpliciter
1356 1592 1600 1635 respondebant,
1621 1595 1782 1630 vinculum
1794 1600 1954 1632 matrimo-

1089 1639 1154 1676 nii,
1179 1647 1235 1679 per
1254 1635 1503 1678 separationem,
1527 1644 1590 1667 non
1614 1635 1707 1669 fuiffe
1732 1647 1874 1680 ruptum,
1900 1640 1961 1674 sed-

1090 1681 1156 1721 ejus
1183 1688 1255 1711 cum
1277 1676 1486 1719 potestatem,
1519 1683 1584 1708 tum
1606 1677 1756 1711 honorem
1775 1680 1951 1715 substitisse.

1087 1721 1203 1754 Omnia
1219 1720 1262 1751 ibi
1286 1719 1335 1761 agi
1359 1717 1545 1764 fiduciarie‚
1570 1718 1599 1750 ἃ
1619 1718 1673 1751 sub
1697 1719 1747 1762 spe
1769 1723 1962 1756 reconcilia-'

1088 1763 1195 1796 tionis.
1239 1760 1394 1793 Doarium
1410 1759 1462 1791 hic
1482 1769 1522 1791 ex
1539 1761 1704 1798 contrastu
1722 1763 1899 1804 proficisci,
1918 1765 1960 1798 δι’

1088 1804 1172 1847 quod
1191 1803 1233 1835 ibi
1259 1801 1441 1843 simpliciter
1462 1801 1491 1833 ὅ(
1509 1800 1571 1833 fine
1591 1802 1654 1834 ulla
1676 1804 1862 1838 conditione
1878 1815 1950 1848 pro·

1087 1845 1211 1879 missum
1226 1843 1271 1876 est
1281 1869 1290 1884 ,
1305 1842 1488 1884 simpliciter
1497 1852 1622 1884 quoque
1639 1844 1842 1885 praestandum
1851 1869 1862 1886 ‚
1872 1856 1950 1888 prae-

1088 1887 1197 1920 sertim
1218 1896 1289 1917 cum
1308 1894 1365 1917 nec
1385 1883 1480 1924 Cajus
1498 1884 1590 1916 vivus
1609 1887 1646 1916 ad
1664 1886 1731 1926 ejus
1743 1887 1954 1923 resciffionem

1089 1929 1200 1971 egerit.
1246 1927 1311 1959 Alii
1336 1927 1501 1959 Senatores
1526 1925 1764 1967 existimabant,
1787 1928 1950 1970 separatio-

1088 1980 1159 2003 nem
1175 1969 1260 2010 quod
1279 1969 1315 1999 acl
1341 1969 1468 1999 thorum
1496 1967 1524 1998 δε
1549 1967 1702 2008 mensam,
1726 1971 1820 2002 etiam
1837 1971 1868 2002 in
1884 1981 1952 2013 gra-

1088 2011 1229 2044 vioribus
1248 2009 1344 2041 causis
1365 2007 1538 2040 succeffiffe
1555 2009 1586 2040 in
1605 2009 1710 2041 locum
1719 2011 1953 2054 divortii‚post

1086 2051 1238 2094 ejusmodi
1264 2050 1487 2091 separationem
1509 2049 1587 2081 nihil
1606 2051 1773 2092 quicquam
1797 2052 1858 2084 esse
1881 2054 1952 2086 reli-

1087 2103 1203 2136 quum,
1228 2092 1283 2124 nisi
1303 2092 1393 2123 inane
1409 2100 1523 2123 nomen
1547 2092 1747 2125 matrimonii.
1794 2093 1953 2129 Doarium.

1087 2134 1234 2178 promitti
1254 2133 1296 2165 ob
1314 2141 1454 2164 mutuam
1475 2133 1506 2164 ὅ(
1524 2132 1714 2166 individuam
1726 2135 1802 2167 vitae
1821 2135 1952 2168 consue-

1086 2177 1228 2209 tudinem
1240 2199 1249 2214 ‚
1275 2175 1305 2207 &
1322 2174 1363 2206 ob
1376 2173 1565 2221 benevolum
1582 2183 1655 2216 erga
1671 2174 1700 2208 se
1713 2176 1849 2209 animum
1860 2201 1871 2216 ,
1882 2186 1959 2218 quae‘

1086 2218 1192 2251 omnia
1209 2217 1262 2248 ubi
1280 2215 1416 2254 cessant,
1442 2215 1558 2247 cessare
1576 2218 1702 2248 tacitam
1715 2218 1957 2258 conditionem,

1087 2269 1156 2301 quae
1180 2257 1325 2290 omnibus
1341 2257 1459 2297 nuptiis
1480 2256 1559 2288 inest
1572 2279 1584 2296 ,
1606 2257 1735 2298 perinde
1757 2267 1792 2290 ut
1811 2259 1843 2292 in
1857 2259 1952 2292 dona-

1090 2301 1176 2332 tione
1191 2307 1322 2340 propter
1339 2298 1464 2339 nuptias
1479 2298 1612 2330 donatio
1630 2298 1763 2338 deficit,
1786 2299 1806 2332 fi
1830 2301 1950 2342 nuptiae

1089 2352 1154 2374 non
1172 2340 1336 2382 sequantur
1358 2338 1385 2381 ὃ.
1407 2350 1436 2381 3.
1463 2337 1538 2380 Inst.
1557 2341 1590 2371 de
1608 2339 1768 2372 Domitian.
1813 2341 1952 2380 Saltem,

1090 2383 1111 2415 fi
1129 2393 1202 2415 cum
1223 2383 1347 2413 ratione
1363 2390 1468 2413 eamus
1486 2381 1518 2412 in
1535 2381 1698 2413 confilium
1721 2382 1785 2422 (ut
1801 2389 1948 2423 oportet,

1090 2424 1112 2457 fi
1130 2425 1198 2466 lege
1217 2431 1304 2454 certa
1321 2420 1549 2463 destituamur)
1571 2421 1817 2464 distinguendum
1832 2422 1951 2461 videri,

1090 2475 1159 2507 quae
1182 2474 1251 2506 pars
1276 2463 1374 2496 fuerit
1396 2472 1532 2503 nocens,
1566 2464 1595 2495 δι
1622 2463 1801 2504 separationi
1826 2462 1949 2495 causam

1089 2506 1261 2548 praebuerit
1275 2529 1284 2544 ,
1309 2513 1344 2536 ut
1360 2514 1394 2535 ca
1410 2504 1532 2537 scilicet
1548 2504 1647 2536 lueret
1672 2513 1777 2544 poenas
1796 2502 1859 2536 suae
1880 2505 1948 2537 cul-

1089 2558 1138 2590 pae
1156 2549 1186 2579 «St
1204 2544 1639 2586 temeritatis‚iniquiffimum
1659 2544 1741 2575 enim
1760 2544 1858 2577 videri
1873 2554 1952 2584 ‚ut,

1088 2589 1196 2631 quiqui
1225 2589 1411 2620 innocentes
1437 2585 1527 2624 sunt,
1559 2584 1749 2616 mulctentur
1773 2585 1894 2619 Doario
1916 2587 1961 2620 in‘

1086 2631 1218 2672 gratiam
1244 2629 1396 2661 nocentis.
1441 2626 1574 2667 Ajebant
1595 2626 1624 2657 &
1649 2625 1747 2658 simile
1763 2627 1837 2668 quid
1861 2627 1951 2660 statui

1086 2674 1158 2712 jure
1175 2671 1319 2702 Romano
1336 2670 1372 2700 iis
1389 2668 1486 2706 locis,
1507 2676 1575 2708 quae
1593 2667 1688 2698 modo
1705 2668 1877 2701 indicabam
1889 2691 1900 2708 ,
1918 2670 1951 2702 &

1086 2723 1156 2753 quae
1174 2720 1269 2753 porro
1286 2710 1401 2741 indicat
1418 2708 1594 2740 Berlichius
1611 2708 1741 2749 Conclus.
1757 2709 1860 2742 Praei.
1872 2711 1948 2742 Par-

1087 2760 1114 2785 te
1139 2753 1194 2786 ΠΙ.
1224 2751 1322 2783 Concl.
1347 2754 1400 2792 36.
1423 2759 1452 2780 n.
1479 2754 1529 2783 28.
1565 2749 1605 2780 ibi
1632 2749 1771 2781 versatus
1795 2751 1828 2783 in
1860 2751 1949 2784 simili

1090 2793 1280 2836 quaestione,
1302 2802 1339 2823 an
1354 2800 1485 2831 nempe.
1510 2789 1592 2821 safla
1611 2789 1802 2831 septu-atione
1819 2793 1949 2834 quodad

1090 2837 1218 2867 thorum
1235 2834 1266 2865 &
1288 2832 1421 2864 mensam
1435 2854 1443 2870 ‚
1469 2830 1622 2872 superstiti
1648 2832 1799 2864 debeatur
1820 2843 1856 2864 ea
1881 2843 1950 2874 por-

1090 2877 1157 2915 tio,
1179 2884 1270 2916 quam
1289 2883 1326 2906 ex
1343 2873 1433 2905 bonis
1450 2873 1585 2914 primum
1603 2874 1767 2905 morientis
1781 2873 1810 2905 ei
1837 2874 1950 2906 tribuit

1087 2918 1136 2957 jus
1157 2915 1368 2952 Saxonicum,
1397 2916 1427 2946 ἃ
1447 2924 1535 2953 quam
1561 2914 1671 2947 desiuit
1693 2914 1883 2954 Berlicliius,
1914 2924 1951 2947 ut
2004 2938 2008 2943 -

1088 2961 1167 2990 hanc
1189 2956 1394 2988 definiendam
1424 2955 1659 2996 respondebant.
1710 2955 1813 2997 Atque
1838 2957 1869 2988 hi
1896 2956 1957 2998 ipss
2006 2976 2008 2983 ι

1087 3001 1252 3031 Senatores
1268 2997 1514 3028 interlocutione
1529 2997 1679 3028 volebant
1695 2997 1820 3036 jubere,
1846 3005 1957 3039 partes

1088 3042 1255 3082 probarent
1276 3062 1284 3075 ,
1320 3047 1388 3069 uter
1412 3038 1590 3079 Conjugum
1620 3037 1800 3078 separationi
1828 3038 1958 3077 caustum

1088 3081 1237 3119 dedisset,
1263 3080 1291 3110 ἃ
1309 3079 1420 3111 deinde
1439 3080 1516 3110 bane
1537 3080 1574 3110 tle
1601 3075 1721 3110 Doario
1744 3079 1951 3119 qezrstionem-

1089 3122 1186 3154 linire.
1235 3120 1350 3153 Rursus
1382 3121 1432 3152 alii
1457 3122 1639 3152 Senatores:
1677 3120 1755 3151 nihil
1781 3122 1947 3161 quicquain

1091 3163 1141 3194 hic
1158 3163 1282 3203 allegari
1297 3185 1306 3200 ‚
1335 3172 1426 3202 quain
1443 3162 1627 3195 domesticas
1644 3161 1842 3193 distentiones
1860 3164 1890 3194 ὃς
1903 3163 1946 3197 ,νέω

1090 3214 1169 3243 xas,
1198 3214 1238 3235 ex
1262 3204 1442 3236 diversitate
1470 3203 1646 3236 animorum
1668 3202 1736 3234 sere
1757 3212 1863 3242 orsas,
1898 3203 1957 3233 lina-³

1887 3244 1944 3275 ι’..ἷ-
