2008 3436
154 97 598 149 ‘OBSERVATIONUM
644 96 782 152 Jmus
831 94 1043 137 ROMANI
1092 94 1179 135 tm.
1208 93 1307 136 vm.
1358 95 1397 138 c.
1431 97 1569 139 xx1v.
1597 96 1715 140 xxv.
1769 101 1837 142 ρει

59 205 119 238 que
147 193 234 227 testis
259 191 352 225 fidem
374 186 470 230 pleno
498 196 555 218 ore
585 182 780 217 refutaverit.
828 180 925 212 Rece-

58 248 117 282 pto
141 236 248 279 pallini
275 232 460 266 testamento
476 227 654 274 Praetorio‚
675 224 714 256 de
729 224 815 264 jure,
839 222 924 264 quod

59 284 90 315 in
119 289 158 310 eo
191 275 350 308 obtineret
369 296 379 312 ,
411 280 484 303 cum
516 277 651 302 maxime
676 264 828 312 agendum
845 266 921 295 erat.

60 320 159 356 Nulla
183 325 307 360 quoque
333 315 364 346 in
394 311 555 345 Pandet‘tis
573 309 642 343 aeris
659 306 813 354 &.l¹bsae.³
836 305 923 337 nulla

57 359 297 402 mancipationis
325 354 469 393 mentio,
501 352 555 386 ubi
581 352 620 383 de
633 348 811 382 01·d1nandls
834 346 923 379 testa-

59 404 173 438 mentis
200 399 281 442 apud
308 406 431 429 veteres
453 395 551 436 JCtos
574 392 674 438 sermo
698 390 767 429 est,
796 388 860 422 sive
878 398 923 435 ex

59 445 191 479 confilio
206 438 396 475 Triboniani
414 437 481 470 haec
490 436 690 472 emittentis,
704 438 851 473 tanquam
873 431 923 462 ab·

59 489 158 525 olita‚
180 484 244 517 five
266 490 307 513 ex
333 477 552 521 languescente
580 484 656 521 tunc
680 483 769 506 more
795 482 851 514 per
880 482 923 504 aes

59 531 90 563 δι’.
107 528 217 561 libram
237 521 375 557 testandi.
420 520 495 552 Scio
513 517 678 558 Cujacium
691 516 729 547 ad
752 515 771 546 l.
789 524 814 547 1.
841 514 871 546 ἀ
891 514 921 561 h.

55 572 78 602 Ι.
101 579 152 601 20.
180 567 220 609 ff.
254 564 317 611 Qui
347 559 459 603 testam.
484 560 554 600 fac.
585 557 653 600 poff.
688 557 771 589 hunc
792 555 921 602 testandi

56 619 174 644 morem
199 603 372 649 porrexisse
395 602 432 637 ad
457 612 492 634 us
515 610 554 632 ue
578 607 704 632 aetatem
722 597 921 631 Constant1m

57 653 104 685 M.
121 651 196 683 Scio
212 647 363 689 jacobum
381 643 494 676 Gotho
512 642 620 675 redum
635 641 666 673 ἀ
686 641 769 672 ultra
783 639 922 681 porrige-

55 703 91 727 re
115 693 220 724 Comm.
250 689 288 720 ad
320 688 340 719 l.
365 698 394 719 2.
427 686 460 718 C.
488 684 594 718 Theoti.
615 684 649 714 de
673 680 797 724 Testam.
821 680 857 716 &²
871 689 922 727 ¹co-

53 734 146 767 dicill.
167 740 227 765 nec
241 729 368 773 disputo
379 752 389 767 ,
413 737 474 769 qua
488 725 674 758 auctoritate
693 725 724 756 id
740 724 893 769 placuerit
909 743 920 761 ,

55 776 106 809 sed
129 784 207 806 vero
235 782 299 804 non
328 780 391 803 uno
412 770 477 802 ictu
497 765 615 799 cecidit
634 766 688 798 illa
705 764 835 811 testandi
853 762 920 795 for-

56 827 104 851 ma
121 839 131 855 ‚
163 823 200 847 ut
223 823 288 846 non
316 811 419 844 solent
442 810 552 842 cadere
560 831 570 847 ‚
597 817 666 849 quae
682 814 842 839 contrario
865 803 921 836 usu

52 857 251 891 exolescunt.
303 853 514 894 Frequentata
538 849 601 882 fuit
620 871 631 887 ,
655 848 760 882 fatcor
774 870 784 887 ,
819 846 920 878 adhuc

55 899 183 942 Ulpiani
203 906 295 934 αἶνος
317 894 368 927 sed
393 903 466 925 cum
491 893 521 925 ὅ(
538 900 613 924 tunc
632 889 828 931 frequentata
850 885 918 918 fue-

52 943 95 973 rit
115 940 220 972 forma
238 935 416 970 testamenti
435 932 597 971 Praetorii,
620 938 654 963 ut
671 931 772 977 palam
785 931 918 970 loquun-

54 993 104 1015 tur
121 981 300 1023 fragmenta
328 986 470 1009 veterum
494 974 647 1016 JCtorum
662 994 673 1011 ,
696 971 767 1017 satis
783 971 826 1002 est
845 979 916 1016 1³¹‘91

55 1024 179 1061 babile,
203 1030 338 1063 paucos,
366 1017 459 1058 fruge
481 1022 604 1056 reperta
612 1013 810 1060 „glandibus
831 1012 918 1057 yeler

54 1064 202 1097 maluiss'e.
248 1057 385 1094 Molesta
402 1065 491 1090 erant
507 1057 656 1091 solemma
683 1063 753 1086 aeris
769 1054 798 1084 ὃς
816 1052 915 1098 librae,

54 1107 135 1139 unde
159 1105 190 1137 &
214 1103 262 1135 his
286 1100 381 1138 facile
397 1098 526 1141 praelata
540 1096 722 1138 simplicitas
741 1093 917 1130 testamenti

54 1145 210 1180 Proetorii.
909 1177 914 1182 1

93 1188 137 1220 At
159 1184 228 1218 d'uae
255 1183 327 1217 sunt
353 1182 492 1215 rationes
508 1203 520 1221 ,
552 1190 620 1222 quae
656 1186 768 1212 contra
792 1186 916 1224 moveri

624 1264 980 1308 CAPUT

966 178 1099 211 'offent.
1147 179 1276 218 Altera,
1308 182 1399 220 quam
1425 183 1529 215 movit
1547 184 1728 216 Bacho'viu's
1747 182 1784 215 ad
1808 183 1837 215 d.-

965 190 994 264 ξ.
1021 230 1069 253 10.
1094 218 1168 267 Inst.
1194 221 1228 252 de
1255 221 1380 262 latium.
1404 226 1594 266 ordin.quod
1610 226 1758 257 nimirum
1779 225 1835 257 Ul—

965 263 1075 305 pianus
1101 270 1162 302 ajat
1185 263 1214 293 d.
1246 262 1281 294 T.
1296 262 1375 294 XX.
1400 264 1521 308 fragm.
1546 265 1574 306 §.
1597 277 1626 298 2.
1652 267 1838 308 hodiesblum

964 307 998 337 in
1014 303 1066 346 usia
1081 304 1131 345 effe
1150 302 1327 336 testamenti
1344 303 1515 338 factionem
1536 316 1591 347 per
1607 309 1690 340 aes&
1706 308 1836 346 libram3

965 353 1061 388 atque
1078 345 1148 378 inde
1168 345 1289 384 efficit,
1314 345 1350 377 ad
1375 346 1596 379 testamentum
1623 349 1700 388 juris
1716 349 1836 381 Praeio=

965 388 1005 420 rii
1023 387 1134 429 respici
1147 396 1211 419 non
1222 387 1309 428 poss'e
1327 387 1359 419 in
1381 389 1410 420 d.
1436 389 1455 420 l.
1471 400 1521 422 20.
1541 394 1591 429 pr.
1613 390 1721 421 Altera
1732 391 1835 430 ratio,

989 438 1060 461 uam
1085 427 1150 475 ipse
1166 437 1292 475 *moveo
1309 453 1318 468 ‚
1351 429 1412 469 est,
1437 431 1523 473 quod
1540 430 1731 472 Justinianus
1755 433 1785 464 in
1806 434 1835 464 dr

965 439 993 513 ξ.
1021 480 1068 503 10.
1091 472 1121 502 ie
1141 470 1285 502 Videatur
1302 471 1443 512 profiteri
1460 473 1621 504 auctorem
1640 473 1715 513 juris
1735 473 1773 503 de
1794 483 1836 504 re-

966 512 1113 554 pellendo
1132 511 1253 543 heredis
1273 513 1476 553 te1iirnoni03
1501 523 1597 556 quare
1613 514 1741 555 Ulpiani
1763 523 1835 546 atta-

968 564 999 586 te
1013 553 1170 595 repulsum
1187 563 1251 585 non
1270 554 1355 586 ess'et.
1408 555 1468 588 Sed
1484 556 1558 588 huic
1578 555 1721 587 secundae
1740 553 1835 587 iarios

965 596 997 627 ni
1012 595 1072 636 jam
1088 595 1215 637 obviam
1233 596 1294 627 ivit
1314 595 1464 637 CuJacius
1490 598 1597 630 Comm.
1622 597 1659 628 ad
1682 598 1708 628 h.
1737 598 1754 628 i,
1784 607 1833 629 20.

964 646 1045 677 nec,
1081 641 1151 682 quae
1182 635 1247 678 ipse
1273 637 1381 678 dixit,
1411 638 1464 671 hic
1479 638 1646 678 describo,
1672 645 1730 671 nec
1750 639 1836 680 quic-

964 687 1057 720 quam
1082 686 1177 709 etiarn
1201 678 1281 710 addo
1303 679 1342 711 de
1366 680 1535 721 jaCtatione
1555 680 1740 723 Justiniani,
1765 681 1836 722 plus

965 720 1059 752 semel
1078 719 1109 751 in
1125 719 1252 751 eandem
1274 719 1460 754 sententiam
1480 722 1641 761 adhibita,
1666 722 1696 754 δι
1712 723 1781 764 plus
1794 721 1836 753 se-

963 761 1026 794 mel
1052 759 1139 807 falsa.
1184 760 1287 793 Prima
1311 770 1416 796 autem
1439 765 1521 796 ratio
1543 764 1679 804 vellem,
1704 774 1743 795 ne
1758 763 1835 795 esset

964 803 1139 842 Bacliovii‚
1163 800 1213 834 sed
1232 804 1339 847 potius
1357 806 1490 846 alicujus
1500 805 1744 838 Wiss'enbachii.
1768 805 1833 837 Te-

964 843 1150 891 stamentum
1167 853 1221 885 per
1237 855 1278 876 :Es
1297 847 1325 878 ὃ(
1345 847 1455 880 libram
1469 847 1565 890 Jblzim
1585 848 1616 879 in
1634 846 1690 878 usu
1708 846 1769 878 cll'e
1788 848 1818 878 di
1825 866 1833 870 —

963 895 1012 918 xu
1034 886 1206 927 Ulpianus,
1233 885 1282 918 sed
1303 898 1343 919 cx
1365 889 1422 928 iis,
1446 898 1517 931 quae
1537 897 1626 920 erant
1646 888 1729 929 juris
1744 888 1832 920 Civi-

963 928 1024 966 lis,
1048 929 1078 960 &t
1098 937 1233 969 quorum
1263 929 1321 960 tria
1344 940 1456 970 genera
1477 931 1520 962 ibi
1537 936 1709 962 enumerat.
1755 929 1832 962 Duo

961 970 1067 1013 priora
1086 971 1129 1000 ait
1143 968 1207 1014 ell'e
1229 969 1348 1003 abolita
1363 995 1372 1010 ,
1399 973 1427 1004 &a
1446 971 1545 1004 solum
1565 972 1595 1003 in
1615 970 1671 1002 usu
1690 972 1830 1004 tertium.

960 1010 1038 1043 Non
1054 1018 1146 1052 negat
1165 1011 1284 1052 igitur,
1309 1012 1492 1045 testamenta
1517 1013 1668 1045 Praetoria
1689 1013 1781 1045 fuiss'c
1803 1014 1833 1045 in

960 1052 1039 1090 usu,
1063 1053 1138 1093 quin
1157 1061 1214 1084 nec
1236 1062 1349 1094 negare
1367 1055 1473 1096 potuit
1489 1062 1602 1086 contra
1629 1053 1716 1086 suum
1745 1055 1837 1096 ipsius

962 1093 1199 1132 testimonium,
1223 1096 1307 1132 qued
1327 1095 1417 1137 supra
1433 1096 1531 1127 adtuli
1558 1105 1598 1127 ex
1634 1096 1694 1128 Tit.
1714 1095 1892 1130 >wilha-
1923 1111 1925 1114 ·

961 1135 1083 1178 Fragm.
1106 1134 1135 1176 §.
1158 1138 1188 1166 6.
1234 1136 1399 1169 Sententia
1414 1137 1543 1179 Ulpiani
1561 1136 1654 1169 estin
1671 1145 1792 1180 aperto.

1077 1263 1241 1307 XXV.

712 1358 824 1412 Variae
849 1357 1161 1406 Observatiunculae.

49 1459 74 1499 ’1.
96 1460 111 1466 ”
158 1484 161 1486 -
184 1463 248 1497 ulla
265 1463 320 1499 lex
344 1464 480 1495 vexatur
503 1459 684 1498 absurdius,
709 1467 801 1500 quam
825 1458 846 1490 l.
864 1462 916 1493 28.

127 1527 153 1546 a.
205 1505 236 1547 §.
251 1514 282 1546 5.
297 1504 340 1548 ff.
362 1502 414 1537 Ex'
437 1503 516 1547 quib.
540 1501 618 1544 caus.
635 1501 736 1545 major.
755 1501 787 1531 in
805 1501 915 1542 integr.

47 1549 140 1593 restit.
161 1548 234 1591 quia
253 1547 304 1587 ei,
326 1545 378 1578 cui
395 1544 553 1587 competit
572 1542 675 1589 attio,
687 1542 802 1589 'multo
819 1541 916 1588 magis

49 1591 208 1633 competit
241 1586 401 1630 exceptio.
453 1585 574 1629 Majori
591 1609 602 1625 ,
641 1592 697 1630 qui
718 1581 914 1630 Reipublicae

47 1633 140 1666 'causa
163 1629 247 1665 abest
261 1649 272 1670 -,
303 1631 395 1663 datur
410 1627 603 1671 resciss'oria,
628 1626 753 1658 dabitur
768 1629 865 1666 lgltur
885 1623 916 1656 &

48 1684 129 1707 exce
168 1674 209 1706 io.
264 1672 349 1719 Quia
369 1678 475 1702 autem
494 1668 563 1701 haec
578 1677 645 1700 non
660 1666 836 1708 competit,
860 1664 916 1698 mfi

46 1715 125 1759 'poffi
147 1715 214 1748 enti
240 1722 294 1746 reo
310 1736 321 1753 ‚
351 1710 416 1744 five
439 1710 509 1750 illi,
531 1709 614 1742 unde
630 1709 772 1752 petitur,
795 1706 916 1740 necess'e

46 1757 112 1797 est,
143 1764 180 1789 ut
208 1754 273 1798 ipse
298 1752 388 1787 laesus
409 1762 459 1795 res
473 1751 623 1794 poffideat
639 1774 650 1791 ,
683 1749 706 1783 fi
726 1748 916 1791 exceptione

45 1798 80 1832 se
97 1799 179 1835 velit
194 1796 284 1834 tueri.
330 1793 406 1828 Ideo
424 1794 470 1825 ait
484 1793 600 1836 JCtus:
616 1793 700 1834 forte
713 1790 742 1830 fi
757 1801 802 1822 res
818 1792 853 1822 ab
874 1791 916 1834 eb,

42 1840 117 1884 poffe
186 1848 231 1872 em
250 1837 337 1877 ,ηαᾶο
351 1859 364 1876 ,
393 1835 596 1879 vindicentur.
640 1834 690 1867 Ab
720 1843 750 1865 eo
782 1837 916 1874 nempe,

41 1892 109 1966 3¹51}
109 1879 329 1966 ήὲξΐὶῖἒέο
342 1876 438 1952 0ῧέἔὲ
451 1876 562 1952 §Effili
569 1870 917 1962 ’pffffgfi-fflssssapffi

101 1934 115 1955 θ
505 1942 517 1958 )

46 1968 152 1998 τζεωιῐι
171 1964 279 1997 nactus
293 1943 393 1995 fuerit
402 1983 414 2001 ,
437 1971 513 2004 quas
538 1959 690 2005 alioquin·
701 1966 809 2000 petere
824 1956 915 1989 debe-

41 2007 102 2039 hat
165 2009 181 2038 r
204 2004 361 2043 actionem
384 2001 603 2035 rescissoriam.
646 1999 738 2033 N1hil
759 1998 918 2045 est-zaeque

46 2046 279 2081 manifestumq
304 2043 438 2085 Vitiosa
462 2043 507 2076 est
528 2043 623 2076 lectio
646 2040 820 2075 Haloandri
841 2063 852 2079 ,
885 2039 917 2072 &

44 2096 193 2124 veterum
215 2088 339 2130 aliquot
362 2084 552 2125 Editorum‚
577 2083 804 2117 >exhibentium
832 2082 869 2128 ab
885 2085 915 2113 eo

70 2129 267 2171 offeffwnemve
284 2128 379 2169 nasto,
389 2126 506 2160 vitiosa
521 2125 701 2160 emendatio
717 2122 861 2156 Raevardl
873 2122 914 2155 L.

68 2172 109 2203 V.
133 2171 254 2203 Varior.
279 2171 310 2202 C.
333 2179 364 2210 5.
389 2168 522 2210 legentis
536 2170 572 2200 ab
590 2179 619 2200 eo
632 2165 821 2209 poffiffionem
837 2169 916 2196 ‘vete‘

50 2223 112 2244 rem
128 2211 222 2244 natio.
266 2211 337 2247 Alia
353 2211 488 2251 aliorum
511 2209 644 2242 transeo.
882 2241 885 2245 ,

94 2253 136 2286 ΙΙ.
163 2254 234 2285 Cum
253 2253 302 2284 lex
321 2253 354 2283 in
367 2253 546 2298 preteritum
562 2251 631 2293 quid
649 2249 805 2292 indulget,
825 2249 859 2280 in
861 2248 917 2290 fu-

51 2301 148 2328 turum
174 2301 280 2333 vetat,
310 2294 354 2324 ait
373 2293 526 2339 Ulpianus
550 2292 582 2324 in
602 2293 624 2324 l.
649 2301 699 2323 22.
719 2292 760 2333 ff.
782 2292 816 2322 de
841 2290 914 2322 LL.

50 2335 128 2376 Est,
161 2337 212 2377 qui
244 2335 334 2376 hujus
361 2334 437 2376 legis
451 2333 546 2365 verba
562 2334 607 2366 ita
625 2331 816 2374 transponit:
843 2332 918 2363 Cum

48 2378 100 2411 lex
114 2380 146 2409 in
157 2379 298 2419 futurum
317 2377 385 2418 quid
403 2381 505 2414 vetat,
527 2376 560 2406 in
573 2375 753 2416 proeterz'tum
769 2373 914 2416 indulget.

43 2419 110 2451 Sed
124 2419 156 2451 id
171 2419 232 2460 jam
249 2416 415 2450 Accurfius
438 2416 670 2448 animadvertit.
723 2415 755 2447 Si
773 2415 817 2446 ita
836 2414 865 2446 le
887 2423 917 2445 e-

49 2465 156 2499 retur,
179 2470 241 2501 ego
257 2464 321 2491 non
339 2467 513 2498 mutarem,
538 2466 621 2490 nunc
641 2456 721 2488 nihil
740 2462 850 2495 muto,
880 2455 918 2487 ed

50 2502 241 2544 interpretor
259 2523 271 2540 ,
298 2509 335 2532 ut
363 2499 560 2540 interpretati
582 2497 653 2530 sunt
671 2496 870 2543 BasiliciQid
893 2497 918 2529 i-

51 2542 158 2584 psum,
182 2543 305 2575 scilicet
317 2565 327 2581 ,
344 2540 434 2581 cujus
445 2541 537 2572 venia
550 2541 642 2572 datur
657 2540 689 2571 in
708 2542 916 2581 praeteritum‚

50 2586 82 2617 in
96 2584 239 2617 futurum
258 2583 426 2625 prohiberi.
472 2581 607 2624 Exstant
631 2580 702 2614 sane
720 2581 825 2619 Ιεσεε,
850 2588 919 2620 quae

51 2627 84 2657 in
103 2634 175 2657 ante
192 2625 294 2657 aetum
308 2624 433 2656 veniam
445 2623 616 2662 dederunt,
640 2622 738 2654 tacite
764 2630 794 2653 ic
810 2628 918 2652 vetan-

51 2670 101 2698 tes
129 2667 159 2698 in
185 2666 339 2698 futurum.
382 2665 573 2707 Exemplum
594 2663 681 2696 dabit
709 2661 774 2704 ipse
789 2661 844 2693 ille
860 2661 917 2694 Ul-

74 2707 161 2739 ianus
190 2708 220 2738 in
244 2706 330 2739 SCto
351 2706 390 2745 de
414 2705 583 2748 fugitivis,
616 2705 705 2746 cujus
721 2703 818 2736 verba
832 2703 918 2735 exhi-

42 2717 107 2780 Ee:
127 2749 197 2780 inl.
224 2747 304 2788 1.‘§.
329 2755 355 2779 1.
379 2747 420 2789 ff.
451 2750 485 2780 de
510 2747 647 2790 Fugitiv.
692 2745 744 2783 De
758 2743 918 2777 Domitia-

53 2792 97 2822 n'o
116 2788 324 2830 Tranquillus
349 2790 380 2822 in
410 2791 471 2832 ejus
491 2789 569 2822 Vita
585 2789 618 2821 C.
636 2797 666 2826 9.
693 2788 812 2819 Scribas
830 2784 917 2832 Que-

48 2829 153 2872 fiorios
170 2831 352 2872 negotiantes
371 2840 408 2862 ex
422 2830 644 2873 consuetudine,
655 2829 709 2872 sed
733 2834 834 2860 contra
857 2829 919 2861 Clo-

54 2874 135 2903 diam
153 2873 244 2914 legem
256 2893 268 2908 ,
290 2873 379 2902 venia
397 2874 430 2904 in
442 2874 624 2913 praeteritum
639 2872 771 2903 donavit.
817 2869 919 2911 Igitur

53 2913 87 2945 in
104 2912 247 2944 futurum
264 2911 380 2949 vetasse
393 2913 562 2952 censendus
579 2911 634 2946 est.
678 2912 741 2946 His
757 2911 854 2943 velim
870 2912 920 2944 ad-

51 2954 106 2992 ·di,
130 2963 199 2994 quae
219 2952 300 2994 apud
319 2952 471 2986 Tacitum
487 2953 635 2996 leguntur
655 2954 695 2986 L.
715 2953 771 2985 VI.
801 2952 917 2985 Annal.

55 2996 88 3027 C.
116 2998 164 3026 16.
191 2995 220 3026 &
244 2993 285 3026 L.
305 2993 365 3027 XI.
392 2995 424 3027 C.
446 2998 477 3027 6.
502 2995 671 3038 utrobique
685 2996 719 3026 in
727 2993 801 3035 fine.
844 2995 920 3027 Mu·

55 3041 143 3069 retus
159 3045 201 3077 qu
246 3044 285 3066 ue
302 3035 457 3067 Comment.
478 3036 517 3068 ad
537 3037 566 3068 b.
583 3037 605 3068 1.
629 3046 682 3068 22.
703 3044 863 3077 receptam
879 3036 920 3068 le-

54 3077 193 3110 ctionem
235 3084 324 3109 ervat
345 3097 358 3115 ‚
387 3076 418 3109 ὅτ
441 3076 564 3123 aliquot
590 3086 680 3116 exem
705 3078 742 3109 lis
774 3076 919 3109 illustrat.

56 3119 125 3158 An,
146 3117 216 3159 q'uae
230 3116 295 3158 ipse
310 3117 423 3161 dedit,
452 3113 526 3155 saus
550 3126 678 3160 commo
699 3128 717 3150 a
739 3118 819 3158 sint,
842 3118 921 3160 iudi-

56 3159 195 3199 cabunt,
219 3158 331 3200 quibus
346 3159 396 3199 jus
411 3157 549 3200 suffragii
565 3157 620 3192 est.

100 3199 159 3273 313.
189 3199 384 3272 AIit‘',Paulus
411 3200 445 3234 in
473 3199 499 3231 l:
527 3209 557 3242 3.
574 3199 614 3243 5.
643 3211 673 3242 3.
698 3201 739 3246 ff.
770 3202 805 3250 de
833 3200 918 3244 Offic.

128 3252 182 3272 Omz
222 3259 230 3272 ¹.
832 3250 845 3260 '·
872 3248 875 3251 ⁴

959 1457 1096 1500 Praefet't.
1124 1459 1199 1504 Wg.
1224 1456 1414 1492 Praefectum
1433 1459 1569 1501 vigilum
1585 1462 1642 1501 p'er
1663 1459 1764 1494 ‘totam
1773 1462 1830 1495 '110⁴

959 1500 1041 1533 Ctem
1066 1501 1198 1542 vigilare
1228 1501 1362 1538 debere..
1385 1500 1421 1536 ἐξ
1435 1503 1565 1534 εοέννανε
1581 1501 1741 1534 calciatum
1762 1504 1828 1535 'cum

958 1542 1052 1574 hamis
1075 1543 1111 1578 δ’
1138 1543 1272 1575 dolabris.
1318 1542 1370 1575 Sic
1398 1542 1570 1576 Florentiae·
1589 1543 1724 1585 legitur,
1750 1544 1781 1577 &
1797 1554 1832 1576 o-·

958 1584 1069 1616 mnino
1087 1584 1253 1626 legendum
1268 1583 1323 1616 est.
1368 1584 1435 1631 Qui
1452 1594 1511 1627 pro
1530 1585 1688 1617 calciatum
1709 1587 1833 1619 malunt

958 1626 1145 1669 caligatzmz,
1179 1626 1233 1658 vel
1249 1626 1417 1666 fasciatum
1436 1649 1447 1666 ,
1483 1634 1581 1668 nugas
1599 1633 1707 1667 agunt.
1751 1628 1833 1661 Sunt

959 1675 1083 1708 tamen,
1109 1668 1163 1710 qui
1181 1667 1340 1699 calciatum
1367 1667 1449 1700 male
1470 1669 1741 1710 interpretantur}
1763 1669 1833 1710 illi,

957 1709 990 1741 ni
1017 1708 1114 1742 fallor
1132 1733 1143 1750 ,
1174 1709 1272 1749 bene,
1303 1709 1357 1750 qui
1376 1718 1436 1751 pro
1463 1708 1623 1753 instrutio,
1644 1711 1776 1751 expedito
1796 1711 1835 1747 &⁹

953 1756 1060 1823 {arato
1084 1751 1258 1793 explicant.
1304 1750 1366 1783 Sed
1389 1751 1452 1783 hoc
1471 1753 1534 1794 jam
1558 1758 1624 1784 non
1639 1761 1710 1793 ago.
1759 1753 1833 1786 Cum

978 1794 1052 1825 amis
1068 1793 1182 1835 vigilat
1204 1791 1377 1825 Praefeetus
1396 1809 1408 1831 -,
1431 1794 1525 1834 plane
1543 1802 1579 1825 ut
1593 1792 1711 1825 cohors
1726 1792 1832 1826 servo>-

958 1843 1029 1867 rum
1061 1835 1144 1876 apud
1169 1833 1353 1875 Juvenalem
1390 1835 1489 1878 Satyr.
1525 1834 1618 1868 XIV.
1648 1835 1721 1877 veffi
1756 1845 1830 1878 305.

959 1876 1025 1923 Qui
1048 1876 1101 1909 hic
1125 1875 1223 1908 edunt
1245 1886 1310 1907 cum
1334 1878 1443 1918 armis,
1476 1886 1565 1918 aeque
1588 1875 1744 1909 falluntur
1760 1900 1772 1916 ‚
1795 1882 1833 1909 ac

957 1919 1093 1961 joannes
1118 1918 1341 1958 Britannicus,
1376 1917 1428 1959 qui
1462 1918 1647 1951 Lectionem
1671 1918 1833 1959 =Iuvenalis

959 1960 1185 1993 eodemmodo
1211 1958 1416 1991 sollicitabat.
1460 1958 1513 1991 De
1539 1960 1588 1992 his
1602 1960 1721 1999 hamis,
1768 1961 1832 1994 uod

957 2001 1034 2043 ,satis
1055 2001 1129 2041 est,
1139 2000 1222 2032 dixit
1241 1999 1461 2043 Hieronymus
1476 2001 1595 2034 Elenus
1623 2002 1667 2035 L.
1688 2001 1728 2034 II.
1745 1970 1831 2034 qma-

959 2045 1029 2081 trib.
1063 2043 1097 2076 C.
1131 2049 1178 2076 10.
1223 2041 1331 2081 Vetus¹
1349 2051 1454 2074 autem
1469 2042 1629 2084 juvenalis
1643 2043 1836 2077 Scholiastes'

956 2085 1104 2125 adeum,
1130 2093 1223 2126 quem
1239 2083 1324 2124 dixi,
1351 2084 1458 2116 locum
1474 2084 1589 2124 docet,
1607 2084 1832 2119 Smnrssotos

958 2131 1024 2159 Cum
1036 2128 1133 2159 hamis
1149 2124 1292 2167 vigilass'e
1314 2124 1351 2157 ad
1365 2125 1584 2167 restinguenda
1602 2125 1833 2160 incendia-,Ne-

956 2178 1019 2211 que
1031 2176 1135 2200 tamen
1147 2168 1359 2208 Sparteolornm
1374 2173 1489 2199 nomen
1513 2165 1571 2199 soli
1581 2167 1764 2201 Scholiastae
1782 2169 1833 2201 de-

950 2205 1064 2249 jbetur,
1072 2217 1108 2241 ut
1122 2208 1266 2242 Pithoeus
1277 2209 1350 2241 Not.
1361 2209 1397 2240 ad
1410 2210 1439 2241 d.
1451 2207 1602 2251 Scholiaft.
1614 2208 1833 2250 existimabam

958 2257 1030 2284 n'am
1058 2249 1333 2283 &Tertullianus
1355 2260 1395 2282 co
1412 2250 1484 2283 usus
1503 2250 1554 2283 est
1570 2250 1697 2294 Apolog.
1724 2253 1755 2284 C.
1779 2256 1831 2295 3¹9:

959 2293 1037 2335 Agit
1056 2292 1154 2324 ibide
1173 2292 1252 2323 luxu
1267 2292 1473 2324 Sacerdotum
1487 2311 1498 2332 -,
1532 2293 1563 2325 &
1580 2294 1646 2332 ait,
1665 2295 1703 2325 ad
1711 2294 1833 2334 fumum

959 2345 1044 2367 caenae
1068 2335 1211 2375 Serapicae
1237 2333 1615 2375 Sparteoliexcita‘buntur
1631 2356 1644 2373 ‚
1683 2341 1832 2376 tanquam

959 2375 1083 2409 scilicet
1099 2376 1136 2407 ad
1151 2375 1331 2407 incendium
1351 2373 1628 2416 restinguendum,
1650 2385 1720 2407 nam
1738 2377 1834 2408 intera

960 2427 1031 2459 pres
1049 2417 1158 2458 junius
1177 2416 1220 2448 ibi
1237 2417 1329 2457 plane
1346 2415 1489 2448 caecutit.
1534 2416 1634 2462 Quod
1650 2416 1736 2449 addit
1753 2417 1832 2450 Ρειυ.ἐ
1880 2455 1886 2458 ᾗ

960 2461 1028 2498 lus,
1052 2458 1148 2490 etiam
1166 2457 1355 2498 Praefeemm
1379 2457 1513 2499 vigilare
1530 2467 1603 2490 curn
1619 2459 1765 2500 dolabris,
1788 2458 1831 2491 sa·-

961 2500 1003 2533 tis
1021 2500 1255 2541 intelligemus,
1277 2499 1303 2532 fi
1318 2498 1468 2539 sciamus,
1492 2499 1654 2533 dolabi-am
1672 2509 1736 2532 non
1757 2501 1833 2533 dunss

962 2549 1051 2573 taxat
1078 2541 1218 2572 adhiberi
1243 2540 1281 2573 ad
1306 2541 1517 2582 laevigandum
1545 2541 1639 2583 quid,
1672 2540 1722 2573 sed
1746 2543 1776 2575 ὅ(
1797 2542 1835 2574 ad

961 2582 1204 2616 concidendum.
1251 2582 1345 2615 Unde
1366 2583 1487 2615 dolabra
1512 2583 1544 2615 in
1562 2581 1772 2616 instrumento
1792 2583 1833 2615 la*

961 2624 1067 2656 nionis
1090 2624 1123 2656 in
1160 2624 1180 2656 l.
1217 2629 1264 2659 18.
1292 2631 1342 2666 pr.
1368 2623 1409 2665 ff.
1442 2626 1476 2656 de
1509 2622 1599 2665 Instr.
1624 2624 1672 2656 vel
1695 2623 1829 2665 instrum.

961 2667 1020 2713 leg.
1044 2665 1111 2739 egus
1126 2664 1310 2707 igiturusus
1328 2666 1469 2708 apprime
1483 2666 1579 2698 etiam
1594 2665 1781 2699 necessarius
1799 2665 1832 2697 in

959 2717 1052 2741 lucen
1076 2717 1119 2739 10.
1806 2721 1808 2723 ·

1003 2748 1060 2782 IV.
1082 2743 1181 2792 Quod
1198 2748 1236 2781 sae
1261 2750 1427 2791 elegimus
1444 2749 1475 2781 in
1501 2747 1645 2781 Historia
1670 2748 1830 2787 Romana,

960 2789 1208 2833 Imperatoribus
1255 2792 1372 2823 elatum
1398 2789 1494 2822 fuisse
1510 2789 1717 2830 Proconfhlare
1740 2788 1832 2830 Impe*

960 2833 1055 2871 rium,
1078 2841 1143 2864 non
1160 2832 1252 2864 aliter
1268 2832 1434 2873 intellig0‚
1459 2840 1551 2872 quam
1564 2831 1713 2862 Senatum
1730 2829 1832 2871 Popu-

961 2873 1091 2916 lumque
1121 2873 1217 2905 etiam
1250 2882 1356 2905 earum
1395 2872 1633 2903 Provinciaruin
1663 2871 1705 2902 im
1729 2871 1829 2905 erium

961 2914 1161 2956 Principibus
1184 2913 1347 2952 detulisse,
1381 2922 1452 2954 quae
1468 2921 1509 2943 ex
1524 2911 1678 2944 divifione
1728 2911 1829 2953 ugusti

962 2964 1052 2988 erant
1070 2955 1333 2992 proconsulares,
1357 2961 1452 3026 atqlule
1469 2953 1547 2985 adeo
1561 2952 1598 2985 ad
1616 2953 1763 2985 Senatum
1772 2954 1832 2985 Po·-

962 2998 1134 3039 pulumque
1150 2995 1358 3036 pertinebant.
1440 2994 1492 3026 inc
1506 2993 1572 3032 est3
1595 2994 1680 3035 quod
1700 2993 1831 3037 Impera-

964 3047 1016 3070 tor
1030 3047 1095 3070 non
1114 3036 1267 3068 duntaxat
1285 3036 1317 3067 in
1325 3034 1551 3067 Praefidialibus
1567 3034 1744 3068 Provinciis
1754 3035 1832 3068 sum-

962 3088 1049 3111 mum
1076 3077 1242 3117 imperium
1267 3076 1401 3114 habeat,
1432 3085 1468 3107 ut
1483 3076 1528 3108 ait
1546 3076 1700 3118 Ulpianus
1716 3077 1746 3109 in
1767 3078 1787 3109 l.
1803 3089 1832 3120 42

957 3120 997 3162 ff.
1023 3119 1056 3150 de
1084 3116 1172 3159 OffiC.
1204 3115 1322 3156 Proefid.
1355 3116 1406 3148 sed
1431 3118 1461 3149 ὅ(
1478 3118 1510 3149 in
1528 3117 1807 3152 Proconsularibus
1822 3143 1831 3160 ,

963 3169 1000 3192 ut
1018 3159 1063 3190 ait
1076 3158 1146 3222 ipse
1160 3159 1215 3191 ille
1234 3158 1387 3199 Ulpianus
1401 3158 1434 3190 in
1457 3158 1518 3194 l.8.
1537 3158 1578 3201 ff.
1601 3160 1634 3191 de
1659 3158 1743 3201 OffiC.
1759 3160 1831 3193 Pro-

962 3200 1039 3242 cons.
1062 3200 1089 3237 fi,
1120 3200 1199 3242 Leg.
1244 3197 1433 3233 Proconsuli
1447 3209 1560 3242 nempe
1583 3202 1615 3234 in
1630 3200 1683 3234 sua
1699 3202 1855 3234 Provinss·

1110 3240 1176 3274 Nn
1234 3252 1239 3254 ⁴
1783 3244 1829 3280 eja
