2008 3436
161 126 232 164 400
526 107 1035 152 enarra-Di

160 199 310 240 pliffimus
337 197 442 240 Opust.
468 208 493 230 c.
516 196 588 229 VII.
614 203 740 238 parcere
756 201 860 233 operae
878 188 1020 236 superva-

160 248 247 271 cuae:
271 241 385 281 judicia
401 240 527 279 civilia,
551 239 624 280 Jure
646 235 865 280 Pandetflaium
891 236 1021 267 usitata,

161 280 369 314 confundenti
393 291 466 313 cuin
489 279 702 312 criminalibus
719 301 729 316 ‚
762 276 820 321 illo
839 282 906 314 Jure
920 271 1021 303 adbuc

160 321 353 364 incognitis:
377 324 429 364 (τ)
460 323 536 354 item
561 322 677 354 liberos
692 319 752 358 jam
771 315 931 355 susceptos
949 321 1021 342 cuin

160 364 300 396 nondum
317 366 441 406 agnitis.
464 374 534 406 qua:
555 372 614 403 ego
629 361 713 402 Julio
734 357 826 401 Pauli)
850 365 875 400 εἶ
897 364 927 396 3.
940 352 975 387 {9⁹
989 362 1020 392 4.

157 412 195 434 ut
209 415 338 447 oportet
350 429 360 445 ,
371 405 478 438 sedulo
492 401 706 444 distinguenda
721 399 799 436 eise,
811 397 958 443 indicaVi.
969 394 1022 434 (a)

159 443 288 488 Insuper
308 448 439 487 dubito,
464 457 503 478 an
521 443 690 478 Suetonius
711 440 831 484 Claudio
846 447 872 467 e.
894 445 943 475 27.
968 444 1022 465 no-

159 493 225 527 tet,
256 489 346 520 velut
372 499 437 520 rem
457 486 616 528 singularis
640 481 797 526 exempli:
822 477 907 523 quod
925 476 1024 515 Impe-

157 536 245 560 rator
259 529 408 562 Claudius
433 534 619 568 conceptam
635 533 675 554 ex
693 522 809 553 liberto
835 520 890 551 iuo
907 517 1023 562 Botere

159 568 342 611 Claudiam,
365 570 506 611 quamvis
520 575 592 599 ante
606 565 751 606 quintum
767 559 902 607 mensem
918 558 1023 589 divor-

160 610 198 641 tii
215 620 317 643 natam
332 636 341 650 ,
366 613 469 652 alique
486 615 642 650 coeptam,
664 612 781 650 exponi
800 609 903 651 tamen
914 599 951 630 ad
961 606 1021 629 ma-

159 652 217 684 tris
235 653 358 693 januam
384 653 413 684 &
438 651 551 684 nudam
575 647 657 688 juffit
678 646 781 685 abiici.
826 642 886 688 Sed
907 640 974 671 liaec
990 647 1021 669 e-

157 703 201 735 go
216 703 298 726 nunc
323 693 446 734 attingo
463 692 566 724 obiter
595 687 703 720 saltem
727 686 757 717 &
773 683 856 729 quasi
873 692 905 713 in
926 688 1022 712 trans-

159 736 223 766 itu:
258 735 312 776 (³)
353 733 538 765 excusatura
565 738 615 762 me
632 728 690 760 hac
705 727 923 770 admonitione
938 731 955 753 a
968 730 1020 752 ne-

159 776 298 807 cessitate
324 773 529 816 respondendi
553 769 744 812 argumentis
770 775 811 799 ex
832 764 888 811 ista
908 760 1020 808 confu-

157 816 243 849 sione
272 817 420 848 arceffitis
440 840 449 855 ,
484 816 514 847 (St
542 813 580 844 ad
599 821 664 843 rem
686 809 765 843 nihil
780 803 1020 850 pertinentibus.

158 858 207 889 Sit
226 858 302 889 mihi
320 859 476 898 integi-um
493 855 534 888 fic
551 853 760 895 proclamare3
778 857 853 894 ,tum
868 847 1023 892 arbitrari,

158 899 311 940 quidquid
334 898 545 940 suspicionum
562 919 572 935 ‚
613 901 667 925 aut
705 891 996 937 consequentiarum
1012 908 1022 924 ,

158 940 372 981 Ampliffimus
388 940 521 971 Senator
547 938 584 968 ab
611 935 673 966 hoc
690 933 778 965 ducit
794 931 887 962 fonte
895 951 907 967 ,
931 936 1025 968 quan-

158 982 279 1013 tumvis
297 981 335 1012 de
352 981 399 1013 his
417 979 519 1021 speret
536 977 706 1020 plurimum
717 997 727 1014 ,
757 971 872 1018 frustra
888 970 1022 1015 sperare:

158 1032 230 1054 nam
253 1030 316 1054 tam
341 1021 437 1054 facile
458 1021 532 1053 hinc
552 1017 674 1060 negari,
699 1023 790 1060 quam
807 1012 877 1044 inde
893 1010 1023 1056 aliirma-

157 1065 201 1096 ri:
225 1063 358 1105 proinde
374 1062 521 1095 submissa
538 1061 703 1098 utriusque
715 1063 858 1100 ratione,
880 1051 1022 1096 niliilcs-

157 1105 192 1138 se
207 1105 337 1137 allatum
358 1113 430 1136 toto
445 1104 512 1144 ejus
534 1100 695 1145 Opusculo,
720 1106 775 1128 cui·
793 1104 899 1142 minus
918 1090 1023 1137 existi-

157 1155 264 1180 metur
279 1155 296 1177 a
311 1154 362 1177 me
379 1153 433 1177 aut
450 1145 514 1176 alio
525 1166 536 1181 ‚
559 1150 641 1184 patri
655 1149 691 1171 ac
709 1146 801 1170 matri
812 1159 824 1175 ,
846 1143 936 1181 more
951 1133 1022 1164 alia-

158 1197 230 1220 rum
248 1185 421 1225 Gentium,
441 1186 472 1217 in
492 1182 667 1225 Republica
686 1180 826 1212 Romana
840 1175 934 1207 fuisse
949 1183 1022 1205 con-

158 1228 276 1261 cessum
284 1251 296 1267 ,
317 1228 421 1260 donec
435 1237 452 1259 a
467 1225 709 1260 Valentiniano,
733 1219 889 1265 Valente,
905 1216 936 1247 &
946 1213 1024 1260 Gra-

157 1270 248 1303 tiano
279 1270 309 1301 d.
333 1270 354 1301 l.
379 1274 407 1303 8.
441 1267 477 1303 ὅ)
505 1269 533 1298 cl.
558 1266 577 1297 l.
604 1275 634 1297 2.
665 1260 928 1306 prohiberentur,
944 1255 1024 1301 'libe-

155 1321 213 1345 ros
232 1319 341 1342 recens
359 1318 451 1342 natos
468 1309 498 1340 ἀ
515 1306 654 1339 nondum
679 1303 857 1342 susceptos,
881 1304 1024 1339 agnitos,

158 1353 263 1395 alique
275 1351 373 1393 jussos
383 1373 395 1390 ,
426 1349 481 1382 suo
507 1347 640 1379 arbitrio
657 1351 710 1376 aut
725 1350 836 1374 necare
852 1346 907 1371 aut
925 1347 1024 1384 expo-

157 1403 251 1428 nere:
284 1393 347 1425 hoc
371 1391 501 1427 colore,
531 1387 616 1430 quod
645 1386 676 1416 hi
694 1382 831 1416 nondum
847 1389 907 1422 pro
926 1379 1024 1412 horni-

156 1433 395 1472 nibus,nedum
406 1440 465 1473 pro
482 1429 600 1467 liberis,
614 1426 810 1459 haberentur.
835 1422 890 1464 (4)
910 1421 954 1453 At
963 1422 1025 1453 hoc

156 1476 264 1513 credi,
294 1473 399 1514 inquit
422 1471 580 1504 Dominus
608 1478 669 1501 van
693 1464 936 1515 Bynkershoek,
960 1472 1026 1495 non

157 1516 222 1549 ess'e
237 1525 277 1547 ex
293 1515 448 1556 dignitate
461 1512 507 1545 Po
531 1511 575 1543 uli
592 1510 738 1542 Romani.
781 1507 806 1540 'l
817 1514 948 1551 anquam
960 1513 1026 1537 non

155 1558 240 1591 idem
256 1556 319 1588 dici
334 1554 425 1596 poffit
443 1554 482 1586 de
529 1552 619 1585 raecis
634 1551 766 1591 aliisque
786 1547 961 1586 Gentibus,
985 1555 1025 1577 eo

154 1599 225 1641 jure
248 1595 413 1630 manifeste
434 1594 543 1628 abusis.
586 1593 647 1625 Sed
667 1591 863 1632 Populorum
884 1588 968 1628 leges
985 1596 1024 1619 ac

155 1649 264 1674 mores
279 1648 344 1670 non
359 1637 494 1679 ubique,
514 1644 573 1668 nec
592 1634 711 1675 semper
728 1639 879 1678 reguntur
888 1638 928 1661 eo
939 1628 1024 1675 quod

154 1681 197 1716 sit
220 1678 387 1712 honestum
410 1688 446 1710 ac
468 1678 565 1719 pium.
604 1685 670 1708 non
697 1681 792 1720 etiam
817 1671 862 1718 est
881 1679 1023 1717 omnium

155 1723 306 1756 iocorum
323 1721 354 1753 ἃ
369 1720 511 1752 omnium
529 1724 707 1761 temporum
726 1714 809 1746 idem
824 1713 976 1754 judicium
986 1711 1024 1742 de

156 1763 231 1795 utili
249 1763 280 1794 &
295 1762 417 1801 noxio,
442 1761 481 1792 de
499 1769 589 1801 aequo
609 1759 639 1790 ἀ
661 1757 771 1802 iniquo
778 1777 790 1794 ,
813 1756 915 1799 deque
927 1752 1024 1784 hone-

156 1804 207 1838 sto
236 1803 266 1835 ἃ
292 1803 386 1844 turpi.
431 1801 530 1834 Extat
556 1797 733 1840 hujusmodi
758 1795 940 1828 observatio
964 1794 1025 1839 ele-

156 1855 233 1888 gans
258 1844 339 1885 apud
364 1843 568 1875 Herodotum
601 1841 651 1872 lili.
677 1849 707 1886 3.
738 1844 811 1880 pag.
835 1846 884 1883 ῃ.
910 1835 947 1870 &³
960 1839 1023 1877 seq.

158 1888 295 1919 editionis
314 1885 442 1916 Henrici
458 1883 599 1923 Stephani
615 1891 688 1913 anni
711 1889 800 1920 1570.
835 1886 973 1917 itemque
993 1886 1023 1907 a·

159 1929 202 1961 lia
218 1926 299 1970 apud
313 1925 500 1959 Cornelium
516 1922 678 1967 Nepotem
697 1922 730 1954 in
749 1919 935 1962 l'rafatione.
964 1916 1024 1952 Sed

159 2062 311 2097 tralatitia,
328 2068 395 2092 ‘cum
415 2068 512 2099 agatur
527 2061 562 2091 de
577 2069 665 2090 uxore
679 2065 856 2097 praegnante.
880 2059 915 2088 de
930 2062 1022 2096 partu,

160 2104 210 2139 qui
227 2103 254 2130 in
271 2109 351 2130 utero
366 2101 421 2135 est,
445 2101 471 2130 ἃ
486 2109 568 2138 quem
584 2100 689 2128 editum
706 2105 784 2136 pater
798 2099 920 2126 debebat
937 2104 1024 2132 agno·

161 2142 237 2170 scere
259 2139 283 2168 δε
308 2141 400 2172 alere,
428 2139 573 2176 cogendus
592 2139 718 2174 alioquin
741 2137 845 2165 mulfilae
860 2137 982 2164 dictione
998 2134 1024 2163 &

158 2180 311 2216 pignorum
330 2179 471 2215 captione.
493 2177 615 2214 Reliqua
631 2175 688 2205 dixi
715 2175 740 2203 d.
767 2175 796 2203 C.
821 2175 885 2203 Vll.
912 2182 965 2202 nec
979 2173 1024 2202 hic

158 2226 190 2246 Ie
213 2223 267 2245 Ε’ῘΟ.
748 2230 752 2233 -

191 2226 226 2284 px.
245 2255 306 2292 Jam
321 2263 365 2282 me
382 2253 466 2283 taedet
482 2253 541 2289 eJ'us
558 2252 699 2287 formulae,
725 2251 817 2281 decies
832 2250 975 2288 repetitae,
997 2255 1025 2279 at

151 2293 285 2330 ,nuspiam
302 2294 434 2329 probatae.

196 2339 224 2360 2.
244 2331 331 2359 Rcfte
348 2331 474 2362 dubitas.
496 2338 560 2358 nam
575 2330 645 2360 nihil
664 2329 703 2358 est
717 2328 851 2366 singulare
867 2329 894 2356 in
910 2327 965 2355 hoc
977 2334 1022 2354 ex-

161 2370 275 2405 emplo,
304 2377 375 2403 nee,
406 2375 436 2397 ut
459 2368 612 2404 singulare,
639 2370 788 2406 quicquain
806 2367 917 2395 notavit
931 2365 1021 2394 Tran-

159 2408 273 2444 quillus.
310 2408 386 2446 Quin
407 2406 426 2434 ss
449 2408 535 2443 magis
560 2407 743 2440 obtinuisset,
774 2412 805 2434 ut
827 2404 852 2433 ἃ
868 2402 924 2442 ipse
939 2402 1022 2430 facile

159 2445 326 2475 crediderim
344 2465 353 2478 ‚
390 2445 492 2473 liberos
518 2454 615 2473 recens
637 2453 719 2474 natos
740 2452 881 2481 exponere
896 2463 905 2477 ‚
938 2449 1021 2478 quarn

160 2493 226 2516 eos,
248 2484 297 2520 qui
312 2484 368 2517 iam
387 2483 511 2519 patribus
532 2483 688 2512 adblanditi
714 2484 790 2515 sunt,

159 2531 220 2551 rem
237 2521 334 2550 tuam?
357 2521 424 2557 quid
441 2522 565 2557 patribus
581 2523 708 2555 licuerit,
729 2523 789 2555 jure
806 2520 855 2548 suo
872 2520 1022 2549 utentibus,

150 2561 197 2589 'de
211 2568 247 2588 eo
261 2559 316 2592 est,
339 2559 417 2596 quod
433 2560 621 2596 disputamus,
640 2568 693 2589 nec
709 2560 743 2588 de
767 2567 803 2587 eo
818 2559 968 2595 quicquam
985 2555 1024 2584 est

149 2600 189 2628 'in
204 2598 351 2627 Suetonio.

202 2644 228 2671 3.
250 2637 279 2665 Si
294 2635 354 2664 solo
370 2634 478 2663 silentio
496 2641 524 2664 te
540 2634 680 2664 existimes
702 2636 777 2672 posse
794 2634 927 2670 defungi,
951 2642 966 2660 a
979 2642 1024 2662 me

160 2683 220 2704 non
238 2674 414 2711 impetrabis,
437 2679 466 2700 ut
481 2679 508 2701 te
523 2681 609 2710 porro
624 2682 736 2710 urgeam
750 2696 756 2706 ,
778 2673 804 2702 ἀ
820 2680 964 2700 occurram
980 2672 1022 2700 his

160 2713 310 2741 verberum
335 2711 496 2747 ambagibus
511 2731 520 2745 ‚
550 2719 611 2747 quae
634 2712 669 2739 ad
688 2712 786 2750 Verfic.
811 2711 851 2739 Ac
872 2711 915 2738 hoc
929 2709 1022 2743 credi,

160 2750 356 2780 controversiae
373 2750 471 2778 statum
488 2755 627 2785 repetunt.

152 2823 155 2825 Α
200 2798 227 2824 4.
249 2788 387 2817 Recenses
411 2789 456 2816 liic
476 2788 583 2816 Gentes
597 2808 604 2821 ,
636 2796 711 2823 quae.
732 2793 830 2823 praeter
847 2786 1020 2820 Romanam,

159 2828 222 2861 jure
237 2827 356 2856 necandi
370 2826 395 2855 ὅ(
415 2825 574 2863 exponendi
600 2825 660 2854 sunt
676 2826 727 2854 usae
743 2826 785 2854 vel
801 2825 905 2857 abusae,
928 2825 1022 2860 praefa-

163 2872 208 2894 tus
219 2887 226 2899 ,
247 2866 417 2903 populorum
433 2865 506 2900 leges
523 2872 555 2893 ac
580 2872 673 2892 mores
695 2872 753 2892 non
771 2863 875 2899 semper
890 2864 946 2898 regi
963 2872 999 2890 eo
1013 2884 1020 2895 ,

160 2903 239 2940 quod
262 2903 294 2932 sit
317 2902 463 2932 honestum
486 2910 519 2930 ac
533 2903 619 2939 pium.
655 2902 701 2930 De
721 2903 772 2930 liae
786 2901 948 2939 praefatione
965 2900 1020 2928 dixi

161 2942 197 2968 ad
216 2941 241 2977 §.
257 2943 292 2970 11.
312 2951 339 2969 n.
359 2949 383 2969 1.
405 2940 521 2970 &simul
541 2942 574 2969 de
595 2940 660 2969 loco
682 2939 839 2969 Aristotelis
861 2939 892 2967 Li
908 2939 969 2966 VII.
991 2939 1021 2966 cle

159 2979 270 3014 Repulit.
298 2980 329 3008 C.
354 2983 397 3009 16.
426 2987 509 3015 quem
531 2978 639 3008 constat
662 2985 689 3008 te
711 2986 768 3007 non
790 2979 853 3006 satis
870 2977 1019 3013 inspexiise.

162 3016 249 3053 Quod
265 3019 365 3046 attinet
381 3016 415 3045 ad
429 3018 556 3054 exempla
577 3018 729 3050 Gentium,
756 3016 774 3045 fi
788 3015 970 3045 Solorzanuni
988 3015 1018 3042 de

161 3053 311 3083 Parricidia
331 3055 436 3091 legisses
452 3077 459 3089 ,
487 3064 570 3092 quem
590 3056 676 3084 video
692 3062 720 3083 te
736 3063 791 3083 non
808 3053 917 3090 legisse,
938 3054 1020 3094 longe

163 3090 242 3126 plura
257 3101 290 3120 ex
307 3102 342 3121 eo
356 3094 438 3121 nobis
460 3093 630 3127 tradidisses,
658 3101 733 3122 nunc
748 3101 779 3121 ea
794 3092 880 3121 tradis
895 3098 1019 3124 tantum,

162 3135 225 3194 (ἐξ
251 3130 302 3159 tibi
323 3131 532 3170 suppedita‘um
551 3131 658 3170 Ι-ᾹΡΠΠΞ
679 3131 705 3161 &
725 3131 846 3170 Jacobus
870 3128 1020 3161 Gotlioste-

1057 1837 1126 1868 ⁴tem
1148 1836 1289 1868 Veterum

825 2481 893 2518 quid
911 2480 975 2508 inde
996 2480 1024 2507 in
1036 2499 1043 2507 Ι

1169 99 1551 140 NOODT

1064 195 1103 218 ne
1119 185 1262 218 recedam
1289 192 1306 214 a
1330 181 1488 224 proposita
1513 181 1661 222 materia,
1684 186 1739 210 ero
1758 174 1923 219 contentus'

1064 227 1235 260 Aristotele
1254 237 1262 257 t
1295 225 1347 265 qui
1371 224 1422 255 lib.
1441 234 1471 265 7.
1503 224 1545 257 D.
1568 225 1715 265 republica
1737 229 1772 266 c..
1784 224 1832 266 19.
1853 233 1919 264 quae

1064 269 1116 301 hic
1132 269 1224 302 nobis
1240 267 1405 304 videntur,
1431 274 1465 296 ut
1482 265 1572 305 sunt,
1597 267 1688 307 plena
1702 262 1855 307 flagitis&
1868 266 1924 299 im-

1063 311 1213 352 pietatis,
1243 310 1275 342 in
1295 307 1465 340 ordinanda
1488 307 1620 339 civitate
1635 308 1844 340 indifferentia
1859 308 1922 340 exi-

1064 351 1191 384 stimat:
1223 351 1392 390 eademque
1420 350 1452 380 in
1478 346 1600 380 Graecis
1626 343 1829 384 civitatibus,
1859 355 1923 385 non

1064 393 1165 425 minus
1184 393 1294 434 politis
1317 391 1347 423 δι
1371 391 1467 422 cultis
1481 412 1491 427 ,
1515 399 1606 430 quam
1622 389 1686 422 fuit
1703 385 1842 430 PopulUS
1859 390 1922 423 Ro-

1064 444 1192 472 manus,
1215 443 1272 475 pro
1291 431 1441 474 permistis
1460 431 1619 472 licitisque
1634 430 1726 465 fuisse
1739 427 1922 479 attestatur⁵

1065 483 1179 516 praeter
1193 474 1397 507 Plutarchum
1424 473 1454 505 ὅ(
1484 472 1661 513 AEiianum,
1687 474 1773 516 Julio
1790 474 1882 508 Paulo
1898 490 1925 514 c,

1069 526 1097 548 1.
1128 526 1144 547 a
1170 525 1219 547 me
1239 524 1312 547 ante
1342 515 1399 546 hac
1427 514 1588 554 allegatos.
1622 515 1675 556 (ς)
1699 516 1810 549 Rornae
1827 527 1924 560 porro

1087 567 1136 588 uae
1163 557 1193 589 δε
1218 563 1333 598 quanta
1347 555 1437 586 fuere
1457 557 1590 587 tolerata
1605 580 1615 596 ,
1640 567 1741 599 neque
1758 568 1776 590 a
1791 561 1925 601 turpitu-

1087 598 1154 638 ine,
1188 607 1287 639 neque
1311 596 1350 628 ab
1374 596 1562 629 absurditate
1583 606 1637 629 aut
1653 599 1840 632 crudelitate
1855 603 1926 635 alie-

1064 639 1119 671 na!
1145 640 1175 671 ὅς
1192 638 1379 680 praesentem
1398 637 1559 670 licentiam
1582 639 1709 680 impiam
1725 649 1820 682 atque
1835 643 1924 676 inhu-

1063 689 1184 712 manam
1208 678 1379 711 obtinuisse
1394 701 1404 717 ,
1438 689 1476 711 an
1503 680 1670 720 quaerimus
1683 682 1701 714 ἶ)
1724 683 1784 714 Sed
1801 683 1881 717 hanc
1896 695 1926 718 a·

1063 721 1124 753 deo
1141 728 1259 752 certam
1276 721 1308 753 in
1324 720 1410 752 Foro
1427 719 1571 752 Romano
1585 720 1824 761 fuiffe‚0stendi
1835 735 1859 757 c.
1878 735 1926 760 11.

1063 763 1091 793 ci.
1118 763 1242 803 Operis,
1265 770 1301 793 ut
1326 761 1514 793 contrariam
1534 762 1614 803 apud
1633 762 1775 804 Judaeos,
1801 765 1929 800 Germa-

1065 813 1142 842 nos,
1166 803 1277 841 Indos,
1302 802 1436 841 servari,
1460 802 1706 843 quidquiddicat
1719 805 1929 846 Ampiiffimus

1065 844 1365 886 Bynlaersboekius,
1396 843 1451 885 (ὁ)
1482 843 1622 882 TacitO,
1653 845 1849 888 Curtioque,
1880 859 1928 883 res

1066 896 1150 919 nova
1170 887 1200 918 &
1218 886 1368 918 Romanis
1392 886 1424 917 in
1448 884 1591 917 Historia
1607 895 1719 918 notatu
1733 887 1828 929 digna
1843 891 1926 923 vide-

1066 937 1162 960 retur.
1216 927 1347 967 Taceo,
1378 926 1464 967 quod
1480 927 1591 958 eodem
1609 928 1705 959 modo
1722 929 1815 961 etiam
1837 930 1928 966 Philo

1066 970 1189 1010 Judaeus
1209 969 1355 1000 observat
1382 970 1434 1000 liis.
1461 967 1509 999 De
1522 968 1701 1010 specialibus
1728 972 1860 1013 legibus,
1882 974 1926 1006 in.

1065 1011 1189 1043 fantum
1210 1010 1438 1051 expositionem
1455 1012 1536 1050 apud
1552 1011 1675 1050 Judaeos
1702 1011 1839 1054 Legibus
1854 1015 1928 1048 Mo-

1067 1052 1155 1084 saicis
1173 1052 1332 1093 prohibei-i
1350 1051 1514 1093 plinii-ique
1534 1050 1657 1084 solitam
1674 1076 1684 1092 ‚
1718 1055 1798 1095 apud
1816 1057 1928 1092 multas

1067 1092 1206 1133 Gentes,
1239 1100 1368 1134 propter
1395 1092 1533 1124 nativam
1556 1093 1836 1136 inhumanitatem,
1861 1099 1928 1131 vul-

1066 1143 1170 1176 garem
1186 1134 1247 1166 effe
1266 1134 1477 1175 impietatem:
1510 1133 1541 1164 id
1562 1134 1624 1173 est,
1649 1143 1684 1166 ut
1699 1145 1759 1178 ego
1777 1137 1929 1180 interpre-

1068 1184 1139 1215 tor,
1171 1175 1365 1221 impietatem
1395 1174 1536 1207 moribus
1557 1184 1611 1207 aut
1631 1176 1752 1218 legibus
1769 1188 1928 1222 receptam

1067 1224 1160 1256 atque
1179 1224 1374 1256 impunitam.

1110 1257 1138 1298 §.
1163 1256 1320 1302 XXVHI.
1351 1256 1408 1303 (τ)
1441 1255 1535 1302 Quo,
1559 1258 1680 1299 inquis,
1705 1263 1841 1302 pei-tinet
1859 1263 1934 1297 haec*

1067 1305 1256 1340 praeparatio
1277 1296 1294 1329 ⁴?
1327 1306 1494 1336 nimirum,
1525 1307 1561 1330 ut
1575 1308 1729 1341 occupem
1750 1302 1930 1346 soivarnque

1067 1339 1246 1380 sequentem
1266 1338 1525 1380 protestationem
1548 1339 1679 1373 Domini
1699 1352 1760 1375 van
1776 1345 1931 1386 Bynkem-
1960 1342 1967 1348 '

1067 1381 1166 1413 hoek:
1191 1380 1222 1412 in
1241 1380 1420 1420 Prafati0ne
1439 1381 1579 1423 Opustuli
1603 1383 1642 1413 ad
1661 1382 1811 1417 Letiorem
1826 1386 1930 1422 dicen·
1983 1399 1985 1401 ’

1069 1421 1110 1454 tis
1131 1422 1213 1454 inter
1237 1421 1318 1460 alia,
1349 1423 1442 1454 Solem
1465 1432 1612 1465 nimquam
1625 1423 1779 1467 adspexlffi’
1813 1429 1864 1459 uid
1878 1429 1930 1462 hu,-

1068 1465 1184 1496 manius
1206 1464 1413 1506 benigniusque
1439 1464 1597 1497 Veteribus
1619 1464 1792 1508 Jurisconsu
1806 1471 1863 1502 tis:
1885 1470 1929 1503 Et

1067 1506 1259 1537 amoliendam
1285 1506 1321 1536 cib
1344 1505 1406 1536 illis
1431 1505 1482 1546 effe
1500 1504 1686 1548 foedzffiinam
1710 1509 1855 1542 maculam
1872 1521 1928 1554 qua

1067 1545 1255 1588 afficiantur:
1277 1546 1480 1587 opinantibus
1496 1570 1507 1586 ,
1529 1546 1672 1588 damnaffe
1693 1551 1808 1591 quidem
1825 1563 1859 1584 ea
1872 1553 1927 1594 fa·

1068 1591 1188 1626 cinora,
1212 1592 1307 1627 utpote
1337 1589 1487 1619 contraria
1516 1586 1615 1630 offitiis
1631 1590 1697 1622 honi
1715 1593 1799 1631 viri,
1821 1599 1854 1625 at
1870 1604 1927 1627 non

1065 1631 1216 1661 contraria
1233 1629 1355 1671 legibus.
1399 1629 1574 1669 Praererea,
1608 1629 1694 1676 ,Quod
1711 1635 1788 1674 apud
1804 1634 1876 1676 ipfiis
1889 1636 1927 1668 le-

1066 1673 1133 1714 git,
1156 1670 1207 1712 effe
1233 1671 1271 1702 ad
1295 1669 1568 1711 Jarisprudentiam
1589 1675 1794 1715 referendum:
1815 1686 1872 1708 non
1889 1678 1928 1710 ad

1067 1711 1226 1744 docuinam
1241 1712 1274 1743 de
1292 1713 1415 1743 moribus
1434 1711 1470 1747 δ’
1494 1714 1662 1748 virtutibus.
1714 1715 1758 1749 Et
1773 1716 1878 1750 rursus
1900 1728 1928 1752 c.

1067 1754 1111 1787 X.
1130 1759 1204 1796 pag.
1221 1756 1294 1796 366.
1347 1752 1434 1791 Ahstt
1461 1755 1558 1792 enim,
1589 1757 1670 1789 utin
1689 1759 1819 1789 animum
1835 1758 1927 1792 meum

1067 1796 1228 1833 inducam,
1259 1795 1314 1825 haet
1332 1794 1439 1833 scelera
1459 1793 1524 1833 fine
1537 1793 1623 1836 peina
1641 1797 1926 1839 dimififfeseverita-

1315 1829 1483 1876 JCtorum:
1511 1838 1581 1878 quin
1591 1839 1690 1881 satis,
1722 1841 1838 1879 opinor,
1862 1851 1927 1873 con-

1068 1884 1116 1909 tra
1141 1879 1292 1918 probatum
1319 1874 1368 1917 eft.
1413 1876 1495 1909 Haec
1521 1877 1589 1909 fere
1613 1889 1671 1921 pro
1689 1879 1858 1913 Veteribus
1873 1882 1925 1923 Ju-

1065 1918 1263 1955 risconsultis
1287 1917 1500 1960 Amplissimtis
1526 1919 1657 1954 Senator
1695 1919 1758 1962 (ὃ).
1789 1922 1849 1954 Sed
1872 1932 1925 1964 pa-

1856 1974 1927 1999 rum.
1972 1999 1973 2003 ,

1105 2065 1129 2093 5.
1151 2057 1216 2087 Post
1231 2057 1420 2095 Principatum
1433 2056 1549 2092 Trajani
1565 2057 1670 2087 fuerint
1693 2056 1818 2094 quaedam
1833 2056 1924 2094 licita,

1066 2102 1158 2125 atrion
1167 2104 1366 2133 usquequaque
1382 2096 1513 2128 honesta,
1526 2095 1662 2125 sedetiam
1679 2096 1802 2125 crudelia
1821 2096 1846 2125 δι
1858 2097 1925 2127 saeva

1066 2134 1161 2168 fuisse,
1183 2134 1258 2163 unde
1274 2134 1384 2170 liquet?
1409 2135 1471 2162 Nec
1488 2134 1578 2168 major
1600 2133 1750 2163 crudelitas
1766 2134 1848 2164 facile
1861 2136 1926 2173 fingi

1066 2173 1156 2210 potest
1165 2181 1248 2209 quam
1255 2179 1375 2208 patrum,
1386 2172 1441 2200 sine
1450 2172 1528 2200 causa
1538 2175 1566 2201 in
1576 2173 1680 2201 viscera
1693 2172 1738 2201 sua
1748 2173 1926 2203 saevientium.
1955 2182 1959 2186 ’

1066 2215 1136 2278 X&
1154 2212 1199 2240 De
1221 2211 1316 2239 Taciti
1335 2210 1361 2239 ἃ
1382 2211 1473 2240 Curtii
1495 2211 1564 2240 locis
1578 2211 1717 2249 occupavi
1739 2211 1832 2240 dicere
1846 2211 1882 2241 ad
1899 2211 1926 2250 ς.
1958 2223 1964 2227 ·

1140 2271 1146 2277 .
1168 2259 1195 2277 n.
1218 2257 1244 2283 9.

1103 2287 1127 2324 §-
1142 2288 1278 2316 XXVIII.
1291 2287 1410 2322 7.Nunc
1418 2286 1527 2321 audies,
1539 2297 1587 2317 cur
1594 2287 1719 2325 exempla
1729 2288 1843 2317 aliarum
1854 2287 1930 2318 Geni

1068 2327 1136 2355 tium
1145 2326 1227 2354 allata
1237 2325 1302 2359 sint,
1312 2334 1347 2353 ne
1358 2326 1459 2354 scilicet
1469 2326 1495 2354 in
1507 2327 1568 2355 solis
1576 2327 1713 2354 Romanis
1721 2327 1792 2355 hanc
1802 2327 1930 2362 impieta·

1065 2371 1120 2393 tein
1131 2363 1303 2392 damnemus.
1327 2364 1382 2393 Sed
1392 2371 1420 2392 ut
1435 2371 1465 2392 ut
1481 2366 1541 2393 aliae
1551 2366 1654 2393 Gentes
1665 2386 1672 2398 .
1687 2373 1744 2392 non
1760 2363 1833 2393 secus
1843 2372 1927 2400 quain

1064 2403 1198 2436 Romani,
1209 2404 1295 2431 caedes
1305 2402 1331 2430 ἃ
1340 2401 1525 2439 expositiones
1535 2403 1683 2431 liberorum
1692 2403 1758 2430 oliiii
1767 2404 1927 2438 frequenta-

1064 2442 1166 2473 verint.
1176 2449 1227 2477 pro
1238 2443 1329 2477 rigore
1339 2441 1442 2468 veteris
1451 2443 1511 2475 aevi,
1521 2441 1547 2470 ἃ.
1558 2449 1590 2469 ex
1599 2439 1750 2477 plenissima
1760 2440 1876 2469 dominii
1888 2441 1929 2469 in-

1066 2480 1269 2516 terpretatione
1280 2501 1287 2512 ,
1297 2479 1361 2507 inde
1370 2487 1427 2506 non
1437 2479 1563 2507 effecer1s
1571 2499 1578 2511 ‚
1589 2479 1661 2506 hanc
1670 2477 1826 2506 libertatem
1842 2480 1927 2508 etiam

1067 2518 1224 2555 perdurasse
1247 2526 1282 2546 eo
1305 2524 1446 2554 tempore,
1474 2525 1533 2553 quo
1549 2538 1557 2549 ,
1589 2515 1710 2551 depofiia
1733 2515 1845 2545 feritate
1860 2537 1870 2552 ,
1891 2516 1926 2546 ad

1066 2554 1438 2593 pietatis&mansuetudinis
1453 2554 1540 2583 studia
1551 2553 1576 2581 &
1588 2553 1681 2582 officia
1696 2561 1862 2590 perventum
1877 2555 1925 2585 est.

1065 2594 1150 2632 Apud
1163 2595 1230 2623 alias
1245 2601 1357 2630 quoque
1371 2593 1476 2622 Gentes
1494 2592 1538 2620 illa
1556 2592 1686 2621 severitas
1697 2593 1809 2624 remisit,
1823 2591 1926 2623 remitit

1067 2632 1093 2660 dt
1114 2632 1188 2668 apud
1215 2632 1378 2663 Romanos,
1408 2639 1441 2659 ex
1465 2639 1516 2663 eo,
1538 2630 1567 2658 ni
1583 2629 1681 2664 fallor,
1705 2637 1849 2669 tempore,
1868 2639 1925 2668 quo

1066 2671 1187 2699 hominis
1201 2671 1320 2705 dignitas
1342 2670 1429 2704 magis
1444 2668 1482 2697 est
1497 2669 1592 2697 habita
1609 2668 1657 2697 suo
1670 2670 1763 2705 pretio
1791 2669 1926 2699 &aPri'n-

1066 2709 1187 2745 cipibus,
1223 2707 1249 2736 &
1271 2716 1286 2735 n
1307 2707 1392 2743 JCtis.
1429 2706 1494 2735 1³0st
1517 2707 1671 2741 Traianum
1687 2706 1713 2736 id
1730 2707 1850 2744 pellucet
1862 2715 1926 2737 cum

1064 2748 1094 2775 in
1118 2746 1210 2774 liberis
1234 2746 1396 2774 hominibus
1412 2765 1420 2779 ,
1450 2751 1508 2773 tuni
1531 2745 1669 2773 inservis.
1709 2745 1836 2775 Patribus
1857 2746 1924 2775 olim

1065 2785 1144 2812 licuit
1159 2784 1261 2811 liberos
1277 2784 1416 2816 vendere,
1437 2791 1471 2811 ex
1488 2784 1566 2818 Lege
1585 2783 1674 2820 Regia
1693 2782 1719 2811 &
1735 2783 1925 2813 Decemviraii

1063 2823 1123 2851 Has
1141 2822 1235 2858 ap'crte
1251 2823 1399 2856 abrogatas
1422 2821 1476 2849 effe
1498 2821 1623 2858 nuspiam
1639 2821 1760 2853 constat.
1783 2821 1808 2850 ἀ
1830 2828 1923 2851 tamen

1065 2869 1124 2888 aevo
1142 2860 1257 2896 Juliani,
1281 2860 1439 2894 Antonini,
1456 2859 1549 2892 Pauli,
1565 2858 1736 2888 Diocletiani
1751 2859 1853 2888 liberos
1865 2868 1923 2889 non

1064 2898 1168 2926 licuisse
1189 2897 1312 2925 vendere
1329 2919 1336 2931 ,
1366 2905 1418 2926 nec
1440 2899 1550 2934 pignori
1581 2897 1661 2930 dare.
1685 2898 1819 2926 evincunt
1835 2898 1896 2927 loca
1912 2919 1922 2932 .

1064 2945 1124 2972 quae
1140 2937 1219 2964 attuli
1240 2935 1335 2973 Opust.
1357 2935 1386 2963 C.
1407 2936 1457 2964 VI.
1484 2935 1510 2964 ἃ.
1534 2944 1625 2964 tamen
1641 2937 1731 2964 miuus
1748 2936 1786 2964 est
1801 2936 1921 2965 vendere

1063 2983 1146 3010 quam
1173 2982 1281 3002 necare.
1323 2975 1412 3002 litiani
1435 2974 1575 3002 servorum
1597 2973 1683 3002 caedes
1711 2974 1871 3010 prohibitae.
1894 2973 1920 3002 &

1064 3018 1156 3040 tamen
1177 3012 1267 3040 servus
1289 3012 1345 3040 lilio
1366 3013 1457 3041 minor
1471 3011 1520 3040 cst.
1560 3013 1641 3041 Hanc
1656 3013 1802 3040 cultiorem
1818 3012 1919 3040 Roma-

1063 3052 1091 3079 ni
1113 3051 1185 3087 Juris
1200 3051 1375 3086 prudtiitiam
1393 3051 1521 3082 laudavi.
1542 3049 1568 3078 δι
1591 3049 1674 3078 extuli
1691 3057 1799 3078 vetares
1818 3050 1919 3087 JCtos.

1063 3089 1111 3124 qui
1130 3097 1189 3115 eain
1207 3088 1316 3123 professi
1335 3089 1404 3117 sunt.
1446 3088 1554 3122 Verba,
1582 3089 1684 3124 quibus
1701 3088 1763 3117 usus
1777 3087 1848 3120 suni.
1872 3087 1920 3116 ad-

1064 3127 1156 3156 scribit
1174 3127 1222 3154 Vir
1236 3126 1413 3155 Clarisiimus.

1099 3167 1124 3195 8.
1147 3164 1220 3194 Vide
1237 3187 1244 3200 ,
1274 3173 1356 3201 quain
1376 3164 1536 3202 indignetur
1555 3164 1625 3200 Vir,
1646 3169 1744 3195 caetera
1762 3161 1918 3195 humaniffi-

1839 3207 1914 3236 mus,
