2008 3436
37 895 40 899 .
64 871 175 913 pianus
193 870 224 900 in
244 869 264 900 l.
283 873 311 903 8.
331 868 360 910 ff

227 118 422 159 opusc,
473 117 548 159 DE
600 115 746 171 JURE'
797 116 1132 159 occmENDt
1184 117 1437 162 Ltsse'uos
1498 123 1536 162 e.
1569 121 1654 164 vii
1778 136 1845 172 557

57 204 127 238 ‘non
148 202 268 235 licuisse
287 203 434 244 Cujacius
454 199 494 235 L.
522 203 617 237 XIX.
644 202 767 250 Observ.
795 202 827 233 C.
847 212 877 239 9.
904 203 935 235 &

66 244 237 278 Raevardus
260 245 301 278 L.
324 245 379 277 lll.
405 244 532 287 Conjeci.
556 246 588 277 C.
612 255 636 278 1.
661 243 714 277 dis
731 251 842 283 utant,
867 253 932 276 non

65 286 146 318 male
173 296 212 317 ex
238 295 277 318 eo
303 286 473 319 Raevardus
499 287 664 318 videbatur
688 295 706 317 e
728 285 814 316 'cere
830 308 840 324 ,
864 294 931 326 par-

65 337 133 360 tum
155 328 274 360 editum
293 351 303 367 ,
330 338 369 359 eo
383 328 452 368 jure
466 351 477 367 ,
502 329 604 360 minus
619 326 740 360 licuiss'e
758 325 905 358 occidere
921 349 931 366 ,

65 371 138 413 quia
158 370 256 402 homo
272 370 341 411 plus
358 368 420 408 cst,
443 379 535 410 quam
551 368 617 410 spes
638 367 787 400 hominis.
831 368 891 400 Sed
910 368 933 401 fi

87 412 140 443 uid
158 413 259 444 valeat
279 421 315 442 ea
336 411 437 448 ratio,
458 409 698 451 restringendam
719 408 780 441 esse
802 418 874 441 reor
895 410 932 441 ad

78 454 166 485 olum
184 462 302 494 patrem
315 475 326 491 ,
350 452 379 483 δι
394 452 612 492 quaerendum,
637 461 674 483 an
692 451 767 490 ille,
789 451 858 492 jure
877 461 932 491 po-

64 494 184 527 testatis
206 494 286 534 suae,
317 493 457 534 potuerit
478 501 646 533 procurare
661 491 827 532 abortum,
854 501 889 523 ut
904 502 933 524 a-

63 538 133 579 junt
148 535 300 577 potuill'e,
330 535 398 574 jure
421 533 495 572 suo,
519 534 639 565 euadere
655 533 821 566 infantem.
866 533 933 580 Qui

65 587 194 611 matrem
214 601 224 616 ,
259 576 310 618 qui
341 575 418 607 alios
447 575 607 608 abactores
625 575 676 607 hic
697 575 901 608 confundunt
920 598 931 614 ,

63 629 176 652 vereor
191 643 200 658 ‚
233 626 267 649 ut
295 616 380 648 aliud
398 618 519 658 agendo
534 617 625 658 plane
642 619 797 650 aberrent.
843 616 934 649 Alios

63 669 150 694 certe
173 670 235 692 non
266 659 349 690 reete
375 659 542 700 propinare
569 659 746 691 abortionis
782 659 934 700 poculum

63 702 177 736 Paulus
194 700 302 733 aut'tor
319 699 365 732 est
382 700 414 733 in
436 700 458 732 l.
476 705 528 742 38.
551 699 579 742 §.
598 710 630 741 4.
647 700 688 742 ff.
713 702 747 733 de
766 701 848 734 Poen.
884 700 934 732 An

64 753 142 776 vero
158 742 221 784 ipsa
247 742 359 774 mulier
380 741 435 774 sibi
454 742 547 783 poffit
564 742 702 781 sumere,
725 743 785 774 alia
802 741 934 783 qutessio

62 786 109 821 est
120 809 132 826 ‚
166 786 195 818 &
219 784 258 816 de
274 793 334 825 qua
348 783 370 816 fi
389 792 513 816 veteres
535 783 634 825 JCtos
653 794 799 825 rogemus
817 783 936 815 senteu-

64 829 138 862 tiam
153 852 162 867 ‚
186 827 254 859 fere
271 836 383 868 negare
400 826 526 858 dixeris.
571 825 765 867 Simpliciter
789 824 858 858 sane
878 824 934 856 Ul-

360 868 372 899 ’.
396 868 434 898 ad
456 867 496 899 L.
524 868 635 899 Coi-nel.
660 869 694 899 cle
708 866 798 906 ficar.
825 867 857 897 Si
872 876 932 897 mu-

66 914 167 946 lierem
183 910 342 952 visceribus
358 909 424 950 fiais
445 911 507 941 vim
525 908 650 949 intuliffe
662 933 671 947 ,
696 919 748 950 quo
764 915 883 949 partum
903 917 934 938 a·

67 956 178 997 bigeret
193 977 203 992 ,
232 949 392 992 constiterit
408 973 419 989 ,
449 961 512 982 eam
537 952 570 982 in
590 951 711 981 exilium
730 950 838 991 Praefis
861 949 934 981 Pro-

66 997 174 1028 vinciae
192 996 302 1037 exiget.
334 992 457 1033 Negare
477 991 572 1022 etiarn
589 991 706 1023 dixeris
719 991 932 1029 Marcianum,

56 1047 107 1070 'ex
127 1036 291 1077 Rescripto
311 1033 417 1066 severi
443 1033 473 1065 &
491 1033 666 1072 Antonini,
690 1033 720 1064 in
745 1032 764 1064 l.
785 1042 815 1073 4.
832 1032 872 1074 ff.
898 1034 932 1063 de

69 1078 229 1112 Extraord.
246 1077 362 1107 critrzin.
375 1074 404 1106 ὅ(
415 1073 710 1115 Tryplioninumex
719 1074 817 1106 allato
826 1098 835 1113 ,
847 1074 934 1117 quotl

62 1119 147 1168 apud
163 1117 349 1150 Ciceronem
366 1114 429 1155 est,
452 1115 601 1156 exemplo
613 1139 624 1155 ,
646 1116 675 1148 δι
693 1126 733 1148 ex
746 1116 876 1155 eodem,
897 1123 932 1146 ut

66 1161 209 1197 videtur,
242 1157 409 1199 Rescripto
431 1157 462 1189 in
493 1157 513 1189 l.
539 1168 589 1199 39.
607 1158 649 1199 ff.
672 1159 706 1190 de
727 1158 810 1190 Paen.
856 1158 931 1189 Scio

64 1201 146 1241 ess'e,
163 1201 217 1242 qui
234 1210 274 1232 ex
289 1197 492 1240 Philosophia
508 1199 618 1231 Stoica
633 1202 788 1240 probant,
804 1198 933 1237 foetum,

63 1243 139 1276 dum
168 1243 199 1274 in
226 1249 318 1274 utero
343 1239 409 1279 est,
444 1240 606 1272 hominem
633 1250 698 1273 non
723 1240 849 1279 haberi,
882 1239 934 1272 sed

65 1293 186 1327 partem
206 1283 334 1322 matris,
359 1283 389 1314 ἃ
407 1281 495 1323 posse
521 1280 551 1312 se
568 1282 731 1314 mulierem
747 1290 836 1323 teque
851 1280 935 1315 foetu

65 1328 208 1369 privare,
231 1334 268 1357 ac
285 1324 408 1365 digito,
430 1323 546 1362 ocum,
580 1324 686 1355 aliove
706 1324 848 1356 membro
864 1332 932 1355 cor-

62 1367 172 1410 poris,
201 1367 228 1399 &
277 1366 306 1397 ui
331 1375 426 1407 porro
445 1363 643 1405 existimant,
665 1365 763 1406 JCtos
781 1364 904 1397 nostros
922 1389 932 1405 ,

68 1409 143 1442 huic
161 1408 254 1440 Philo
269 1407 375 1447 ophiae
400 1406 557 1444 addictos,
595 1416 658 1439 non
678 1407 737 1438 alia
757 1405 829 1439 usos
843 1405 934 1439 fuisse

68 1451 221 1485 sententia
238 1474 248 1489 ,
273 1450 303 1482 δε
321 1451 386 1490 ejus
402 1448 445 1480 rei
473 1447 604 1489 vestigia
627 1448 688 1480 ess'e
707 1449 738 1480 in
762 1449 783 1480 l.
805 1458 831 1481 1.
855 1448 883 1490 §.
907 1457 933 1480 1.

62 1494 102 1536 ff.
127 1495 160 1526 de
183 1491 291 1534 [aspie.
314 1497 412 1523 ventr.
434 1490 464 1522 δί
489 1490 508 1522 l.
531 1501 561 1527 9.
587 1489 614 1530 §.
643 1500 669 1522 1.
688 1490 729 1531 ff.
753 1490 791 1521 acl
810 1490 851 1523 L.
868 1489 934 1522 Fal-

66 1537 124 1568 cid.
170 1534 230 1568 Sed
246 1542 340 1576 quum
361 1532 403 1564 ibi
421 1540 526 1573 partus
545 1531 689 1573 abigendi
715 1530 851 1573 potestas
871 1541 934 1565 non

65 1578 159 1609 detur
179 1577 292 1614 matri,
314 1575 343 1606 ὁ(
361 1574 463 1616 palam
479 1582 610 1615 negetur
639 1574 727 1612 aliis,
751 1583 830 1614 quos
845 1574 932 1614 dixi,

67 1620 166 1659 locis,
202 1618 296 1650 habet
320 1625 357 1648 ea
381 1625 428 1647 res
455 1615 699 1653 difficultatem,
720 1615 758 1647 ab
772 1615 841 1647 aliis
857 1625 933 1656 quo-

65 1671 126 1703 que
145 1657 408 1697 animadversam,
429 1656 480 1688 sed
495 1656 630 1696 dubito,
652 1666 690 1689 an
707 1656 780 1689 satis
796 1656 935 1690 feliciter

64 1712 230 1737 remotam.

108 1745 179 1787 Ego
195 1753 325 1785 putem,
347 1740 369 1776 fi
386 1741 510 1774 mulieri
523 1749 631 1782 partus
647 1741 678 1774 in
694 1747 806 1773 ventre
821 1747 932 1775 necan-

60 1787 94 1820 di
115 1785 303 1828 potestatem
322 1784 464 1817 dederint
480 1783 580 1825 Leges
598 1783 748 1816 Romanae
766 1807 776 1822 ,
798 1792 862 1815 non
881 1783 935 1815 ali-

56 1836 113 1862 -ter
129 1827 262 1866 dediss'e,
286 1837 379 1869 quam
395 1826 434 1857 de
451 1834 559 1867 partu,
585 1834 679 1867 quem
695 1825 808 1857 mulier
817 1833 857 1856 ex
866 1825 933 1857 vul-

55 1870 175 1913 -givaga
195 1869 336 1909 Venere,
362 1878 428 1901 non
456 1876 497 1899 ex
514 1867 628 1899 marito
656 1867 832 1908 concepit:
862 1876 935 1898 nam

59 1921 139 1946 ecce
159 1919 266 1944 uterus
285 1911 321 1943 ad
342 1910 489 1942 maritum
507 1909 645 1951 pertinet
657 1932 667 1948 ,
698 1909 767 1949 jure
783 1908 932 1950 propri0,

65 1954 96 1986 ἀ
111 1953 184 1986 hinc
202 1952 272 1994 post
286 1952 480 1991 divortium,
502 1951 554 1982 vel
570 1958 700 1982 mortuo
717 1951 933 1989 marito,ven-

64 2004 114 2028 ter
139 1994 323 2035 inspicitur,
358 1995 405 2032 &‚
438 1992 460 2025 si
480 1992 594 2025 mulier
613 1991 815 2024 renuncietur
831 1991 932 2033 gravi-

64 2037 124 2075 da,
145 2035 250 2069 custos
266 2034 436 2078 apponitur
466 2035 488 2066 I.
517 2044 543 2066 1.
592 2043 617 2065 r.
646 2032 683 2068 ὅ
711 2033 740 2075 §.
766 2043 815 2066 10.
833 2033 874 2075 ff.
899 2034 933 2079 cle

66 2078 174 2119 Inspic.
195 2085 294 2111 ventr.
339 2077 373 2110 N
375 2087 411 2109 ec
424 2077 484 2108 alia
500 2086 560 2108 cau
574 2085 591 2106 a
605 2075 739 2107 Severus
755 2075 784 2107 ὅ(
798 2074 932 2106 Antoni-

65 2129 125 2152 nus
141 2119 171 2151 in
190 2121 218 2151 d.
241 2121 261 2152 l.
283 2131 314 2161 4.
347 2119 511 2151 mulierem
524 2140 535 2156 ,
563 2126 633 2158 quae
657 2115 728 2148 data
748 2125 844 2157 opera
864 2116 933 2148 abe.-

65 2168 173 2203 gerat,
204 2158 247 2193 in''
263 2160 435 2202 temporale
459 2159 592 2191 exilium
612 2158 816 2197 damnarunt,
841 2166 934 2199 quam

67 2202 154 2243 quod
173 2204 328 2244 indignum
346 2203 442 2233 videri
484 2205 596 2238 oterat,
619 2201 733 2241 impune
748 2209 812 2230 eam
829 2208 933 2231 MARI-

68 2253 146 2276 TUM
166 2245 263 2276 liberis
271 2242 433 2283 fraudaffe.
472 2243 492 2274 d
505 2250 610 2274 autem
628 2250 692 2274 non
709 2241 845 2273 dixerim
855 2239 933 2272 fuis-

65 2284 98 2317 se
125 2295 166 2317 ex
188 2285 260 2326 Jure
285 2294 392 2323 novo,
415 2283 488 2325 quia
504 2284 561 2315 hac
585 2281 649 2323 ipsa
668 2283 793 2315 ratione
809 2281 934 2315 Milefia

65 2327 200 2364 mulier,
220 2336 254 2358 ut
271 2325 386 2358 Cicero
400 2331 453 2366 pro
472 2325 603 2356 Cluentio
615 2323 710 2356 Avito
733 2324 772 2356 de
790 2323 843 2356 sua
863 2331 935 2355 aeta-

63 2377 98 2400 te
127 2368 269 2410 scripsit,
293 2367 337 2399 rei
357 2373 392 2398 ca
416 2366 499 2398 italis
520 2366 585 2398 fuit
601 2365 764 2404 damnata3
782 2374 851 2397 eam
860 2374 933 2405 pro-

65 2408 170 2448 fecto,
195 2420 257 2441 non
277 2409 368 2440 aliam
407 2407 549 2440 amnandi
571 2407 726 2439 rationem
745 2416 786 2438 ex
804 2406 933 2439 Cicero-

65 2462 106 2484 ne
119 2452 228 2483 attulit
253 2450 485 2492 Tryphoninus
506 2450 539 2481 in
565 2450 592 2480 di
619 2449 638 2480 l.
659 2458 710 2491 39.
731 2450 804 2490 quod
822 2457 934 2488 nempe

67 2495 103 2525 ab
126 2494 281 2525 heredibus
297 2492 436 2533 secundis
460 2496 580 2532 accepta
602 2491 727 2531 pecunia
738 2495 859 2530 partum
874 2489 933 2529 fibi

65 2535 127 2576 ipsa
144 2535 359 2566 medicamentis
373 2532 528 2575 abegiffi3t3
560 2532 590 2564 δε
609 2531 780 2573 superdicit
798 2531 931 2564 Cicero:

65 2586 119 2607 nec
138 2576 249 2617 injuria
271 2598 281 2613 ‚
312 2574 462 2617 qzcaespetn
481 2575 637 2615 parentis,
659 2574 824 2605 memoriam
841 2575 933 2605 nomi-

69 2619 135 2655 nis,
149 2616 307 2657 ,liclffulium
323 2617 457 2659 generis,
478 2617 615 2647 baeredem
624 2615 776 2656 familiae,
798 2613 930 2658 defigna-

69 2664 130 2689 tum
147 2659 325 2698 Reipublicae
345 2659 438 2689 civem
453 2656 623 2699 sustuliffet.
668 2656 903 2688 Animadvertis
919 2680 930 2696 ,

65 2700 173 2731 omnia
191 2699 379 2739 potissimum
397 2699 434 2731 ad
454 2708 575 2740 patrem
595 2698 724 2738 referri,
750 2698 780 2730 &
796 2707 835 2729 eo
853 2707 930 2739 quo-

66 2750 128 2777 que
149 2740 257 2772 retulit
283 2736 512 2781 Tryphoninus
540 2739 740 2781 Rescriptum
766 2740 875 2772 Severi
899 2739 930 2771 ὅ(

69 2782 221 2813 Antonini
234 2804 245 2820 ,
277 2781 361 2821 qtiod
383 2791 458 2813 mox
481 2790 711 2813 commemorat
725 2781 758 2814 in
780 2782 809 2813 d.
834 2781 855 2813 l.
880 2790 931 2823 39.

67 2823 202 2861 addens,
228 2822 312 2864 quod
335 2832 398 2854 non
423 2822 580 2855 addiderat
597 2823 797 2862 Marcianus,
822 2824 932 2854 mulie-

66 2874 133 2895 rem
145 2887 156 2902 ‚
177 2874 246 2904 quae
277 2862 346 2903 post
373 2864 546 2895 divortium
567 2864 711 2905 abegerat
727 2873 872 2906 partum,
896 2873 932 2895 ne

64 2906 131 2947 jam
147 2914 290 2936 immeo
306 2913 444 2936 martiro
456 2903 555 2944 filium
590 2912 754 2945 roci-earet,
778 2914 932 2947 tempora·

69 2947 92 2979 li
109 2946 209 2977 exilio
228 2944 321 2977 fuisse
340 2946 522 2978 coercitam.
600 2946 672 2979 abes
691 2946 814 2980 causam
829 2956 931 2988 poenae

69 2989 101 3019 in
129 2996 260 3027 utraque
284 2994 372 3027 parte
400 2985 524 3027 Legis?
557 2995 659 3028 neque
685 2989 762 3020 adeo
801 2992 932 3030 oportet

68 3027 336 3070 Tryphoninum,
368 3026 399 3058 in
427 3028 526 3068 prima
539 3037 646 3069 parte,
666 3030 704 3061 de
720 3030 846 3062 Milesia
864 3040 930 3062 mu-

67 3070 146 3103 liere
162 3075 322 3110 agentern,
343 3069 388 3100 ita
405 3067 601 3110 intelligere,
625 3080 664 3102 ac
686 3071 707 3103 si
723 3081 788 3103 non
806 3071 845 3103 de
859 3071 932 3120 Jure

66 3111 213 3143 Romano
224 3132 235 3148 ‚
258 3109 309 3141 sed
323 3110 363 3141 de
377 3109 505 3141 Statuto
526 3110 676 3143 Civitatis
693 3112 825 3152 alicujus
840 3112 931 3145 (zrae-

68 3162 114 3183 eae
133 3151 230 3183 verba
243 3150 384 3189 faceret,
409 3150 502 3191 quia,
523 3160 558 3183 ut
578 3151 666 3192 dixi,
695 3154 848 3186 convenit
865 3153 931 3194 Juri

67 3193 214 3226 Romano
230 3191 396 3224 damnandi
412 3190 521 3230 causa,
542 3191 655 3225 diserte
671 3194 792 3233 addita,
815 3195 932 3226 &mox

69 3234 100 3267 in
131 3234 260 3267 eandem
281 3232 469 3268 sententiam
490 3233 648 3274 repetita,
668 3234 699 3267 ὃ(
716 3244 808 3275 quam
836 3235 934 3277 ipsam

979 211 1108 244 quoque
1123 203 1336 244 expresserat,
1355 206 1383 236 d.
1406 206 1426 237 l.
1451 217 1480 247 4.
1501 207 1541 247 ff.
1563 209 1596 239 de
1621 206 1850 240 Extraorciaeri-

977 245 1049 276 mz'n.
1092 244 1182 277 Unus
1206 244 1359 286 Ulpianus
1382 246 1414 278 in
1443 249 1472 279 cl.
1497 248 1518 279 l·.
1543 254 1571 282 8.
1596 249 1629 289 ff.
1653 251 1690 281 ud
1715 249 1756 280 La
1784 249 1850 279 Cvr-

976 286 1036 332 rgel.
1059 286 1093 331 de
1110 284 1200 324 ficar.
1220 286 1362 318 abactum
1379 296 1487 328 partus
1501 284 1645 329 damnat,
1671 299 1706 322 ut
1718 290 1852 326 diceres,

977 327 1161 367 simpliciter
1176 328 1423 369 &gener-aliter,
1446 338 1542 371 atque
1555 330 1621 368 ita,
1643 331 1760 362 etiamsi
1773 340 1850 371 prze-

974 368 1126 409 judicium
1147 369 1251 401 mariti
1270 379 1333 401 non
1353 378 1507 403 vertatur.
1552 371 1611 403 Sed
1634 382 1700 404 non
1718 372 1780 403 levi
1802 371 1849 403 su-

975 409 1116 456 spicione
1137 420 1292 450 moveor,
1318 411 1488 452 Ulpianum
1504 412 1625 454 respexi
1633 413 1673 444 li'e
1690 413 1726 443 ad
1744 413 1805 444 hoe
1826 413 1849 443 i-

975 454 1064 492 psum
1090 451 1290 493 Rescriptum
1315 454 1421 485 Severi
1451 453 1690 493 &⁴Antoiii1ii,
1724 454 1762 485 cle
1784 463 1849 494 quo

975 493 1160 526 Marcianus
1182 495 1211 526 ὣς
1230 494 1463 536 Tryplioninus
1484 497 1585 528 locuti
1609 495 1727 528 suntin
1750 496 1847 534 diti.

977 536 1007 568 δι
1030 537 1058 567 cl.
1081 536 1101 567 l.
1124 545 1174 578 39.
1217 536 1246 567 δε
1265 536 1396 577 proinde
1413 537 1655 578 intelligendum
1673 546 1799 577 quoque
1814 538 1853 566 dc

977 577 1109 608 muliere
1127 585 1244 618 nupta,
1269 588 1340 618 quae
1371 578 1401 610 in
1426 578 1569 611 fraudem
1590 579 1715 617 mariti,
1738 587 1852 619 procu-

977 626 1048 650 rato
1067 618 1198 658 abortu,
1226 618 1310 660 spem
1333 619 1470 652 bominis
1487 630 1675 660 necaverat,
1699 629 1770 652 nam
1789 629 1855 650 non

977 662 1084 691 eadem
1106 668 1227 691 tantum
1247 661 1329 701 apud
1354 661 1525 703 Ulpianum
1549 663 1579 694 &
1601 662 1854 704 Tryphoninum

978 702 1104 733 locutio
1127 701 1173 733 est
1199 702 1238 733 de
1264 703 1419 742 muliere,
1450 714 1510 746 quae
1537 704 1696 744 visceribus
1707 704 1773 746 ficis
1791 704 1854 733 vim

978 743 1103 781 intulit,
1127 742 1177 774 sed
1194 743 1347 784 Ulpianus
1362 754 1428 777 cam
1447 757 1465 776 a
1485 745 1609 785 Proeside
1629 747 1661 777 in
1683 746 1805 777 atilium
1825 754 1852 774 e·

978 787 1138 827 migentiani
1154 785 1253 824 dicit,
1279 796 1371 826 quam
1389 787 1592 826 Marcianus,
1612 798 1651 819 ex
1671 787 1853 827 Rescripta,

978 838 996 858 α
1023 826 1144 865 l’rtrsta'e
1171 828 1204 857 in
1230 828 1384 867 temporale
1408 829 1530 860 exilium
1546 831 1673 861 (littidum
1694 829 1744 870 effe
1764 830 1852 859 dixe-

977 877 1046 907 rat,
1082 870 1112 900 ἂ.
1139 868 1371 910 Tryphoninus
1397 894 1406 909 ,
1439 872 1590 911 temporali
1618 872 1707 902 exilio
1726 871 1855 901 coercen-

976 912 1053 942 dam.
1100 909 1208 941 Patior
1225 911 1331 951 itaque
1345 910 1418 951 jure
1437 911 1581 945 Romano
1595 937 1603 951 ‚
1629 914 1660 944 in
1673 911 1853 954 promiscua

977 952 1122 990 Venere,
1146 952 1327 990 mulierem,
1353 953 1438 993 quod
1454 956 1624 996 concepit,
1650 954 1735 995 polle
1751 954 1852 994 abige-

976 1003 1028 1033 re,
1052 1002 1166 1035 utpote
1182 993 1225 1025 sui
1249 993 1342 1033 ipsius
1360 1004 1502 1035 purtem,
1534 997 1629 1027 nullo*
1647 996 1776 1027 alterius
1797 1005 1850 1026 cu-

975 1035 1116 1076 jusquam
1139 1035 1325 1076 praejudrcio
1344 1060 1354 1074 ,
1383 1035 1434 1067 sed
1461 1045 1523 1068 uon
1551 1038 1655 1078 patior
1672 1038 1702 1069 id
1721 1045 1851 1078 nuptam

974 1077 1081 1109 facere
1103 1077 1135 1108 in
1159 1077 1378 1117 ptaejtldiciuiu
1404 1078 1518 1109 nizuiti.
1565 1079 1654 1110 'l'ota
1680 1089 1758 1110 vero
1784 1079 1852 1110 luet:

974 1117 1146 1159 disputatio
1158 1142 1167 1156 ,
1191 1128 1262 1158 quae
1279 1117 1316 1148 ad
1332 1118 1495 1150 mulierem
1513 1121 1670 1160 pertinet,
1695 1120 1793 1152 aliena
1807 1120 1853 1151 esi:

975 1170 992 1192 a
1009 1168 1098 1201 patre
1118 1160 1230 1200 &jure
1249 1159 1360 1200 patriae
1382 1160 1566 1200 potestatis,
1601 1162 1651 1200 ὃς,
1674 1161 1696 1194 fi
1712 1161 1776 1202 ipse
1793 1171 1851 1201 pro

976 1201 1197 1240 infanticidio,
1219 1201 1287 1241 jure
1306 1200 1528 1235 pandectarum
1544 1203 1638 1235 licito
1647 1212 1851 1245 ,pugnat-em,

975 1253 1015 1275 eo
1032 1242 1101 1275 solo
1121 1243 1246 1275 mallem
1263 1241 1412 1283 defungi,
1446 1254 1538 1285 quam
1551 1268 1562 1283 ,
1582 1245 1613 1276 in
1632 1245 1723 1277 causa
1743 1245 1849 1283 necis,

976 1294 1089 1326 negare
1113 1283 1354 1326 consequentias
1375 1285 1414 1316 de
1441 1286 1494 1328 spe
1520 1286 1658 1318 hominis
1681 1286 1718 1318 ad
1749 1285 1851 1328 ipsum

976 1326 1150 1358 hominem.
1202 1326 1332 1358 Poterat
1359 1326 1459 1359 simile
1478 1328 1554 1369 quid
1575 1328 1724 1360 excidere
1742 1351 1752 1366 ,
1775 1327 1797 1360 si
1818 1337 1852 1359 u-

977 1367 1072 1410 spiam
1087 1367 1239 1409 seriptum
1255 1367 1354 1406 esset,
1376 1370 1458 1410 patri
1471 1377 1536 1402 non
1568 1369 1691 1403 licuisse
1706 1369 1854 1402 abortum

977 1419 1168 1452 procurare,
1201 1409 1232 1441 id
1258 1416 1364 1441 autem
1385 1420 1481 1452 quum
1500 1419 1625 1444 veteres
1641 1410 1714 1452 JCti
1739 1421 1798 1444 nec
1823 1422 1853 1444 a-

977 1453 1063 1493 iant,
1087 1461 1147 1483 nec
1169 1460 1303 1493 negent,
1328 1450 1380 1483 sed
1399 1452 1438 1483 de
1455 1461 1554 1484 matre
1576 1461 1719 1494 quaerant
1738 1453 1852 1492 unice,

978 1493 1098 1535 oppido
1118 1493 1254 1525 alienum
1272 1491 1318 1524 est
1334 1493 1371 1525 ab
1385 1503 1444 1534 eo,
1468 1494 1554 1536 quod
1571 1504 1629 1527 nos
1650 1494 1854 1536 agimus‚ne-

1001 1545 1040 1566 ue
1064 1535 1143 1566 adeo
1159 1534 1308 1574 necesse,
1344 1542 1446 1568 tantas
1469 1545 1504 1568 ea
1521 1537 1560 1568 de
1577 1546 1611 1568 re
1630 1536 1737 1568 turbas
1756 1537 1852 1568 ciere.

978 1545 1064 1624 Quia
1079 1585 1183 1609 tamen
1199 1586 1293 1609 nemo
1319 1576 1384 1616 est,
1418 1578 1472 1619 qui
1491 1578 1522 1609 in
1537 1578 1595 1610 hac
1613 1576 1703 1609 causa
1723 1587 1854 1619 praeter-

978 1617 1099 1651 miserit
1113 1618 1145 1650 id
1160 1625 1398 1660 argumentum,
1420 1619 1516 1651 etiam
1532 1620 1610 1652 mihi
1627 1618 1791 1652 sententiae
1807 1620 1855 1657 di-,

976 1661 1083 1693 cendae
1112 1660 1293 1692 libertatem
1312 1659 1377 1692 dari
1400 1661 1510 1700 volui,
1534 1669 1570 1693 ut
1587 1671 1625 1694 an
1649 1661 1738 1700 haec,
1764 1671 1803 1694 an
1823 1671 1852 1693 a·

975 1702 1027 1778 ii?
1041 1702 1177 1735 aliorum
1199 1702 1297 1743 magis
1322 1703 1486 1744 placeant,
1518 1704 1651 1745 quisque
1664 1702 1758 1745 poffit
1776 1713 1851 1736 con-

1004 1752 1114 1777 ituere.

1018 1785 1116 1819 Nune
1135 1783 1262 1827 preffius
1287 1783 1380 1819 nobis
1400 1796 1450 1818 res
1464 1787 1525 1819 erit
1542 1797 1614 1819 eum
1629 1787 1695 1827 his,
1721 1788 1774 1829 qui
1793 1787 1850 1820 lar-

999 1828 1127 1867 iuntur‚
1147 1828 1264 1860 liberos
1283 1838 1346 1860 non
1366 1829 1494 1870 quidem
1523 1839 1729 1871 quoscunque
1745 1830 1851 1862 licuis-

992 1880 1009 1902 e
1024 1869 1124 1912 patri,
1147 1870 1216 1910 jure
1231 1869 1474 1909 pandectarum,
1493 1880 1566 1902 cum
1586 1872 1734 1902 occidere
1746 1895 1756 1910 ,
1783 1880 1850 1903 tum

978 1920 1158 1953 exponere,
1174 1911 1225 1942 sed
1240 1911 1361 1943 licuisse
1377 1910 1534 1951 infantes,
1555 1922 1664 1944 recens
1675 1922 1787 1951 natos,
1805 1921 1849 1944 er-v

975 1954 1038 1986 iam
1045 1953 1082 1984 ad
1090 1962 1188 1994 usque
1197 1953 1409 1993 principatum
1417 1952 1644 1992 Valentiniani,
1654 1954 1808 1994 Valentis,
1820 1955 1851 1987 ὃς

977 1994 1133 2027 Gratiani,
1185 1993 1278 2026 Hanc
1304 1993 1489 2026 sententiam
1515 1995 1651 2035 primum
1665 1996 1783 2028 extulit
1799 1997 1850 2037 Ju-

977 2036 1041 2069 stus
1063 2035 1186 2077 Lipsius
1222 2036 1339 2068 Centur.
1364 2034 1387 2067 Ι.
1420 2037 1459 2067 ad
1489 2036 1599 2077 Belgas
1620 2035 1715 2078 Epist.
1741 2042 1793 2077 85.
1820 2039 1851 2070 &

975 2078 1123 2119 singulari
1141 2077 1260 2117 Libro,
1284 2087 1376 2118 quem
1396 2076 1518 2117 Julium
1537 2077 1664 2110 Paulum
1682 2078 1851 2120 inscripsit,

976 2119 1060 2152 haud
1082 2120 1126 2151 ita
1150 2118 1270 2160 pridem
1290 2117 1433 2150 defendit
1457 2119 1514 2151 Vir
1541 2119 1734 2153 Clarissimus
1759 2122 1851 2153 mihi-

976 2170 1038 2203 que
1053 2160 1253 2192 amiciffimus
1273 2159 1430 2192 Ger-ardus
1444 2158 1579 2200 Noodt‚
1600 2162 1792 2204 dignissimus
1801 2163 1852 2204 Ju-

977 2203 1020 2235 ris
1041 2200 1228 2235 Antecessor
1242 2202 1274 2234 in
1293 2201 1462 2234 Academia
1489 2202 1605 2235 vicina.
1651 2203 1723 2245 Ego
1740 2213 1852 2236 necem

977 2243 1155 2284 infantum,
1181 2244 1211 2276 δε
1230 2253 1299 2285 quae
1318 2244 1384 2285 pari
1400 2243 1469 2275 fere
1488 2244 1575 2285 passu
1594 2245 1733 2278 ambulat
1750 2255 1850 2288 expo-

977 2285 1141 2324 sitionem,
1164 2294 1228 2317 non
1249 2284 1315 2317 sola
1334 2284 1570 2319 existimatione
1586 2286 1751 2319 hominum
1763 2310 1772 2327 ,
1798 2286 1852 2319 sed

977 2327 1050 2368 Jure
1064 2327 1095 2359 &
1110 2326 1156 2359 Le
1180 2326 1266 2366 ibus,
1289 2326 1407 2359 dudum
1424 2334 1497 2358 ante
1515 2327 1793 2368 Valentinianum,
1819 2329 1851 2362 &

978 2368 1105 2410 quidem
1122 2368 1155 2414 ip
1170 2379 1188 2399 a
1214 2376 1308 2400 aetate
1331 2376 1478 2399 veterum
1493 2367 1667 2409 JCtorum,
1692 2370 1851 2411 improba..

978 2417 1042 2441 tam
1060 2409 1271 2450 illicitamque
1286 2408 1382 2441 fuiss'e
1398 2409 1555 2449 arbitror,
1584 2420 1665 2449 nec,
1686 2410 1733 2443 sat
1753 2411 1820 2444 scio
1837 2437 1848 2452 ‚

977 2461 1060 2493 aegre
1073 2449 1158 2483 feret
1172 2452 1291 2482 amicus
1307 2460 1395 2486 meus
1408 2475 1417 2490 ,
1442 2460 1511 2492 quae
1531 2451 1599 2491 eJ'us
1614 2450 1661 2484 est
1675 2453 1771 2485 animi
1785 2454 1848 2486 mass

974 2492 1129 2534 gnitudo,
1156 2491 1179 2524 si
1201 2492 1239 2524 ab
1261 2491 1329 2534 ipso
1356 2493 1457 2524 amice
1482 2491 1669 2526 difl'entiam.
1715 2494 1766 2527 Ex
1783 2496 1850 2531 his,

975 2544 1047 2576 quae
1066 2533 1187 2573 dicam,
1212 2533 1346 2575 plurima
1365 2533 1568 2574 pertinebunt
1589 2535 1619 2567 δε
1634 2535 1672 2568 ad
1690 2544 1800 2568 necem
1820 2537 1850 2569 ὃς

975 2576 1014 2607 ad
1031 2575 1261 2616 expositionem
1280 2574 1454 2614 infantum,
1468 2575 1525 2608 fibi
1536 2576 1621 2608 enim
1632 2577 1701 2610 haec
1719 2578 1764 2610 ita
1775 2588 1851 2610 con-

977 2616 1080 2648 'unfika
1095 2615 1184 2656 sunt,
1210 2625 1245 2648 ut
1260 2615 1342 2658 saepe
1358 2617 1389 2648 in
1409 2617 1537 2649 eandem
1558 2617 1681 2651 causam
1695 2619 1845 2652 incidant.

1011 2657 1118 2690 istinxi
1143 2666 1246 2690 tamen
1275 2657 1363 2697 haec,
1384 2667 1536 2699 quantum
1560 2661 1674 2701 potui,
1698 2661 1728 2693 δε
1746 2661 1784 2692 ab
1801 2661 1850 2692 his

975 2699 1080 2732 rursus
1101 2700 1319 2732 venditionem
1336 2724 1346 2739 ‚
1373 2699 1413 2731 de
1436 2709 1513 2731 nece
1534 2700 1564 2733 &
1587 2702 1773 2734 venditione
1786 2703 1849 2743 pri-

974 2751 1062 2773 mum
1096 2741 1220 2780 dicam,
1255 2741 1286 2774 ἃ
1318 2740 1479 2773 historiam
1501 2741 1584 2782 Juris
1601 2744 1781 2782 enarrabo,
1809 2743 1849 2775 de

973 2782 1173 2823 expositione
1184 2792 1253 2824 quae
1264 2782 1428 2825 supersunt
1436 2807 1446 2822 ,
1455 2782 1599 2824 fingulari
1611 2783 1685 2819 loco
1695 2784 1844 2817 dicturus.»

1016 2824 1068 2857 De
1090 2823 1265 2857 infantibus
1284 2834 1357 2856 cum
1369 2825 1499 2865 loquor,
1517 2821 1655 2855 monstra
1670 2822 1744 2857 hinc
1761 2826 1846 2858 abes-

975 2866 1006 2899 se
1021 2866 1116 2907 jubeo
1134 2888 1145 2904 ,
1181 2866 1210 2898 &
1226 2865 1376 2906 qurcquid
1395 2865 1473 2896 olim
1494 2864 1532 2896 de
1554 2864 1700 2897 monstris
1717 2875 1847 2905 cautum

973 2907 1048 2940 fuit.
1074 2907 1186 2939 Partus
1201 2904 1365 2939 monstrosi
1384 2914 1495 2937 necem
1507 2905 1770 2946 quemadmodum
1779 2909 1844 2941 Ro-

974 2959 1075 2981 manae
1093 2947 1194 2989 Leges
1210 2949 1263 2979 vel
1282 2945 1480 2988 permiserint
1499 2946 1551 2978 vel
1569 2947 1794 2988 imperaverint
1816 2961 1847 2982 a-

973 2991 1008 3023 lii
1027 2989 1152 3031 prolixe
1175 2989 1344 3026 dixerunt,
1373 2986 1424 3018 sed
1439 2997 1506 3019 eam
1531 2996 1616 3027 rem,
1636 2989 1752 3031 quippe
1775 3001 1846 3033 quae

973 3032 1035 3063 huc
1060 3040 1124 3062 non
1152 3030 1310 3071 pertineat
1327 3052 1337 3067 ,
1367 3028 1502 3069 prudens
1530 3036 1704 3070 praetereo,
1728 3033 1848 3074 aliquid

974 3081 1078 3103 tamen
1101 3071 1139 3102 de
1166 3080 1220 3110 ea,
1252 3070 1312 3101 alia
1336 3068 1520 3108 occasione,
1542 3070 1602 3102 erit
1618 3072 1786 3105 dicendum
1813 3075 1845 3106 C.

973 3114 1028 3145 ult.⁴
1073 3111 1185 3144 Partus
1207 3120 1287 3142 vero
1313 3120 1377 3142 non
1399 3110 1592 3143 monstrosos
1625 3122 1689 3146 non
1724 3115 1847 3148 licuisse

973 3154 1056 3196 patri
1092 3154 1161 3194 jure
1191 3152 1302 3193 patriae
1330 3151 1494 3193 potestatis
1517 3153 1681 3195 occidere,
1706 3163 1771 3189 non
1789 3157 1845 3188 ob-

975 3195 1064 3228 scure
1082 3194 1154 3226 inde
1173 3193 1361 3234 collegeris,
1391 3193 1476 3234 quod
1497 3194 1569 3235 JCti
1586 3204 1712 3229 veteres
1735 3198 1766 3229 id
1790 3206 1845 3229 nu·-

975 3236 1071 3278 spiam
1093 3234 1299 3308 ρτοόὶᾱᾷήῐιῖ.
1344 3235 1502 3283 Quinimo
1520 3261 1529 3276 ,
1563 3245 1637 3269 cum
1674 3239 1845 3271 liberorum

1243 3286 1265 3317 Y
1287 3287 1306 3318 3
1788 3289 1845 3311 ⁶32⁴&
