2008 3436
165 102 626 157 onstavfiir'ioNuM
676 103 810 158 JURIS
859 105 1071 146 RoMANt

22 195 121 237 sedeo.
165 202 249 234 Esne
268 198 362 240 igitur
389 193 420 226 se'
455 191 547 223 habet
572 191 742 234 Ulpianus,
766 198 830 222 non
855 189 899 222 in-

22 245 206 286 terpolatus.
391 279 396 284 .

64 288 115 320 De
137 281 334 317 curatoribus
357 279 418 311 alia
450 285 573 318 quoque
597 275 679 307 bella
698 273 899 320 movet-Rae-

24 329 135 361 vai-dus
169 326 206 358 J..
237 324 276 355 ll.
309 322 432 353 Vni-ior.
470 319 501 349 C.
529 327 572 349 10.
598 315 755 348 existimat
777 314 900 347 scilieet

21 370 94 408 illc,
120 368 297 406 ubieunque
315 364 344 394 iu
365 359 446 393 l'uud
465 359 536 390 :ctis
553 364 696 389 curatores
714 357 897 388 tribuuntur

21 409 205 444 mulieribus
223 405 354 441 adultis,
378 412 433 433 cos¹
447 413 452 430 ι
466 400 520 431 :ire
539 410 555 431 a
572 399 762 431 'l‘riboniani
784 407 895 436 manu,

21 461 96 484 cum
111 450 237 482 feminee
253 446 330 478 olim
347 443 477 476 fuerint
496 441 526 472 in
546 449 697 482 pei-petua
716 440 814 472 tutela
825 462 835 478 ,
852 448 896 470 at-

22 502 83 536 quc
101 492 179 524 adeo
200 488 328 522 tutelam
344 485 448 518 astutis
472 482 630 523 execpill'e
647 482 778 514 tutelam
797 480 897 512 sexus.

22 535 112 569 Loca
130 531 191 574 ipl'n
208 555 217 570 ,
244 529 264 562 li
279 525 461 560 commodm
474 534 492 555 u
507 523 552 555 cst
568 548 577 562 ‚
610 524 692 565 apud
711 523 899 555 Raevarclum

21 577 114 609 lewes.
160 572 246 619 Quin
273 572 303 602 ἅ
327 567 484 608 Cujacius
507 573 668 607 perpetua:
688 564 774 596 illius
792 564 900 595 tutclae

22 600 152 657 vgstigia
171 614 240 655 plus
258 611 350 642 iunci
369 611 400 641 in
421 608 592 639 lanaeum
609 606 662 638 sibi
681 605 899 647 deprehendis-

23 657 54 692 se
77 655 161 689 visus
188 653 242 686 est.
289 651 414 684 'Ouliito
438 658 483 680 ati
510 658 606 687 vere,
636 647 750 679 dubito
775 647 869 678 etiarn
887 670 898 686 ‚

23 709 60 732 an
77 708 139 730 non
159 703 252 728 aetute
269 693 440 734 ⁵ictorum,
454 699 470 721 e
483 690 502 722 r
519 690 633 731 quibus
651 687 810 720 Pandettae
823 697 898 720 con-

22 740 121 779 stant,
147 737 247 770 tutela
265 734 444 768 muliebris,
467 741 565 773 (luam
581 731 672 773 fixus
691 729 899 776 x*ocant‚pla-

24 792 64 815 ne
80 779 264 816 ecilin-erit,
290 776 399 816 utique
419 779 598 816 pcq‘ietuaitz
612 772 697 804 illam
709 793 718 809 ‚
735 780 803 811 quae
819 771 898 802 olim

25 822 188 856 obtinebat
211 843 220 859 ‚
253 816 378 849 cessiiil‘c
400 816 505 847 lube.)
529 812 794 855 persuasissiiuum.
838 811 898 844 Sed

26 865 79 897 vel
103 873 140 895 ea
164 861 248 893 salva
270 883 279 897 ‚
314 858 389 890 liilx'.
409 855 620 888 nihilomiuus
647 853 716 885 sunt
737 860 897 899 curatores

25 906 191 938 mulierum
210 926 219 940 ,
253 908 289 932 ut
309 899 358 931 Cl.
377 897 527 930 Seliultin
538 897 600 927 *ins
617 896 687 942 jam·
706 893 896 939 animadver-

28 949 68 979 tit
85 945 123 978 ad
146 943 272 977 Paulum
295 941 333 973 L.
361 940 397 972 ll.
427 939 512 970 Sent.
560 937 573 968 '.
600 946 646 983 19.
676 943 707 966 m
723 935 781 981 .²‘¹⁷.²·
810 935 840 966 &
858 935 895 966 ad

34 989 196 1029 Ulpianum
220 984 278 1016 Tit.
303 982 361 1016 XI.
385 980 412 1022 §.
442 989 466 1011 1.
519 979 602 1024 Qua:
620 975 683 1018 ipsc
699 976 805 1015 dixit,
829 985 895 1008 non

649 1066 1010 1102 CAPUT

1136 110 1223 145 Lis.
1254 106 1337 148 vii.
1389 105 1427 149 c‘.
1455 108 1556 152 XIV.
1584 107 1666 151 XV'.

941 195 1080 231 repetam
1098 205 1108 228 ,>
1138 189 1245 221 addam
1265 192 1398 231 potius,⁴
1431 194 1526 226 etiam
1547 195 1686 227 curatori
1705 195 1814 226 locum

941 231 1020 271 effe,
1045 231 1066 263 fi
1086 231 1138 263 vel
1157 238 1246 263 tutor
1272 231 1363 264 sexus
1384 233 1580 274 Reipublicae
1598 235 1689 268 causa
1706 234 1813 267 abfue-

941 274 1001 311 rit,
1026 272 1078 304 vel
1094 273 1131 304 ad
1147 280 1268 314 tempus
1288 273 1484 314 excusetur,
1509 286 1579 308 nam
1604 278 1644 309 iic
1669 278 1701 309 in
1724 275 1811 308 omni

942 323 1050 347 tutore
1072 314 1181 346 definit
1207 315 1319 347 Paulus
1349 316 1380 347 in
1414 316 1434 347 l.
1466 326 1513 357 14.
1539 318 1568 349 &
1593 319 1613 349 l.
1644 329 1689 358 15.
1709 318 1750 359 ff.
1774 319 1810 349 cle

943 356 1042 388 Tutor.
1066 355 1103 391 ὅ)
1122 362 1214 387 curat.
1239 357 1298 387 dat.
1346 356 1389 388 Et
1410 357 1431 389 fi
1456 358 1579 389 mulieri
1605 359 1719 391 adulta:
1743 361 1810 391 inu<

939 398 1005 430 tilis
1019 404 1147 429 curator
1165 419 1176 436 ,
1199 407 1254 429 cur
1270 398 1318 430 bis
1336 399 1402 439 ejus
1423 400 1567 431 meminit
1583 399 1696 431 Paulus
1719 402 1747 432 d.
1769 399 1810 431 L.

939 438 979 471 Π.
1008 440 1089 471 Sent.
1117 439 1151 470 T.
1178 448 1225 477 19.
1249 441 1281 471 itt
1297 439 1353 480 fin.
1373 440 1390 471 ἶ)
1413 440 1442 471 δε
1462 435 1556 472 semel
1577 441 1703 481 quidem
1725 442 1755 472 in
1774 451 1810 472 ea

943 479 1007 522 ipsa
1032 480 1133 522 specie
1150 503 1160 518 ‚
1192 482 1231 512 <le
1257 491 1317 523 qua
1333 481 1398 523 egit
1423 481 1504 513 idem
1522 482 1635 514 Paulus
1657 483 1687 513 in
1712 483 1733 513 l.
1758 486 1810 523 36.

936 522 978 564 ff.
999 524 1032 554 de
1054 522 1094 554 R.
1116 522 1161 554 N.
1183 533 1274 563 quum
1292 523 1463 555 Raevardus
1489 532 1615 565 quoque
1642 524 1812 564 interpola-

943 574 1007 596 tam
1033 563 1124 605 fingit
1139 564 1156 595 ἰ)
1180 565 1227 595 An
1250 565 1344 606 igitur
1361 563 1492 596 Paulum
1509 566 1540 596 in
1567 566 1730 597 Sententiis
1747 574 1811 596 non

942 606 1045 638 minus
1062 605 1286 646 interpolatum
1305 605 1472 637 dicemus?
1498 607 1599 638 nolim
1614 607 1708 638 etiam
1721 631 1731 646 ,
1757 606 1811 636 ubi

941 647 973 679 in
994 646 1155 678 pandectis
1181 655 1342 678 curatores
1369 647 1551 680 mulieribus
1573 649 1756 680 tribuuntur
1780 647 1811 678 iu

942 687 1031 720 eausa
1047 688 1149 727 dotis,
1174 688 1272 719 nolim
1290 713 1299 727 ‚
1324 689 1448 730 inquam
1463 712 1472 728 ‚
1497 690 1591 722 etiam
1610 690 1668 721 lios
1684 696 1810 720 curato-

942 739 991 762 res
1006 728 1208 761 Triboniano
1224 728 1406 762 adscribere.
1451 731 1482 762 Si
1504 732 1536 763 in
1553 730 1643 763 causa
1659 731 1745 762 dotis
1762 738 1810 761 tu-

943 780 1045 802 torem
1063 771 1213 803 desideret
1232 771 1386 810 Ulpianus
1411 771 1530 815 fragm.
1559 771 1688 804 Tit.Xl.
1715 771 1807 813 §.QQ

940 820 1122 849 memento,
1147 822 1218 844 enm
1236 812 1405 844 tlelitlerare
1429 822 1469 845 ex
1488 815 1571 856 Lege
1589 813 1671 855 Julia
1691 813 1729 844 de
1749 822 1810 844 ma-

939 853 1071 885 ritandis
1086 853 1247 885 ordinibus
1260 877 1268 891 ‚
1296 855 1325 885 δε
1341 855 1372 885 in
1389 864 1425 886 ca
1441 854 1544 896 specie
1554 880 1563 896 ,
1580 864 1672 896 quam
1692 855 1732 886 ibi
1753 863 1811 886 tra-

939 895 1013 926 ctat.
1057 895 1117 927 Sed
1132 895 1171 926 de
1189 895 1288 926 tutela
1305 896 1335 926 ῥ’(
1352 905 1426 928 cura
1442 896 1630 928 feminarum
1653 896 1810 937 prolixius

937 935 983 967 est
1003 943 1220 977 argumentum
1238 960 1247 974 ,
1273 946 1364 976 quam
1382 946 1417 968 ut
1434 939 1541 978 paucis
1555 937 1678 969 absolvi
1696 938 1807 978 polilt,-

938 978 967 1008 &
982 977 1043 1017 jam
1061 985 1244 1008 curatorum
1262 976 1386 1010 satietas
1404 984 1454 1010 nie
1470 979 1587 1011 dudum
1606 979 1703 1018 cepit.

1741 114 1807 160 effi

1108 1068 1204 1103 XV.

358 1158 592 1194 Triihom'anum
618 1165 677 1191 non
704 1153 805 1190 latere
831 1155 864 1189 in
889 1155 930 1190 L.
960 1159 1018 1202 38.
1044 1167 1096 1202 pr.
1123 1154 1164 1191 ff.
1197 1156 1240 1192 de
1269 1156 1356 1196 Ritu
1382 1167 1480 1205 nupt.

112 1260 279 1294 riboniano
316 1257 367 1288 hic
415 1256 505 1288 litem
542 1260 652 1285 movet
691 1251 893 1284 Hotomanus

133 1302 270 1344 Refftllj-
293 1299 435 1330 Aruerat.
461 1297 501 1328 L.
524 1295 564 1327 II.
589 1296 622 1326 C.
650 1303 697 1326 11.
728 1294 758 1325 ἃ
787 1302 827 1340 ex
848 1303 892 1340 ‘eo

29 1343 284 1378 Wislenlxchius
311 1341 341 1371 in
372 1338 516 1370 linzblem.
542 1338 572 1368 δε
603 1335 654 1368 Cl.
678 1334 893 1377 Schultingius

21 1387 67 1419 >ad
91 1386 181 1419 Pauli
205 1385 336 1416 sentent.
361 1380 403 1413 L.
426 1380 464 1412 ll.
491 1379 550 1412 Tit.
573 1387 619 1415 19.
638 1376 709 1425 post
729 1376 757 1417 §.
779 1387 809 1414 9.
834 1376 893 1425 lic-

29 1439 68 1460 ce
85 1427 180 1459 verba
206 1425 295 1458 Pauli
319 1423 352 1455 in
376 1424 403 1454 d.
425 1422 445 1453 l.
466 1425 518 1463 38.
539 1425 583 1460 pr.
630 1420 663 1450 St
685 1417 895 1466 qzttssffcmm

29 1472 62 1502 in
81 1470 182 1510 aliqua
202 1466 366 1499 Pro-vincia
384 1460 571 1503 administrat
587 1483 599 1500 ,
627 1462 693 1492 inde
723 1462 893 1499 mundam,

28 1511 77 1542 vel
106 1512 148 1542 ibt
176 1507 355 1541 domicilium
382 1507 533 1538 habentem
560 1511 677 1535 uxorem
708 1503 807 1534 ducere
834 1511 891 1534 non

24 1550 139 1594 potest,
159 1551 292 1594 quamvis
307 1548 446 1590 sponsare
468 1555 525 1578 non
540 1545 747 1586 prohibeatur:
774 1545 819 1576 ita
831 1544 890 1586 sci-

30 1595 100 1626 licet
117 1617 128 1633 ‚
154 1600 186 1625 ut
200 1591 228 1632 fi
241 1589 306 1632 post
325 1591 448 1633 officiwn
468 1586 623 1629 depositum
641 1587 746 1618 mulier
767 1586 891 1618 noluerit

27 1638 148 1677 nuptias
178 1635 345 1666 contrahere
361 1657 370 1673 ‚
407 1634 496 1664 liceat
516 1640 542 1660 et·
564 1629 614 1659 hoc
638 1628 763 1668 facere,
797 1628 892 1675 arrhis

29 1677 223 1708 tantummodo
242 1675 386 1713 redditis,
405 1684 475 1717 quas
498 1676 659 1716 acceperat.
705 1669 749 1702 Et
773 1669 891 1701 Princi-

19 1718 75 1760 pis
95 1718 243 1757 Romani,
263 1716 293 1748 ἃ
310 1715 448 1758 ipsorum
466 1711 714 1747 Provinciahum
733 1712 894 1749 intererat,

21 1769 66 1792 ne
84 1757 218 1797 Praeses‚
241 1757 384 1798 aliusve,
396 1758 449 1799 qui
467 1756 500 1788 in
517 1753 687 1786 Provincia
701 1753 810 1784 officio
823 1751 893 1785 fun-

22 1801 110 1843 gitur
125 1821 137 1839 ,
169 1799 399 1842 provincialem
427 1799 556 1831 duceret
589 1803 733 1826 uxorem.
777 1793 893 1841 Potens

21 1841 166 1874 adfinitas
184 1840 344 1882 Principi‚
368 1840 539 1873 auctoritas
554 1837 585 1869 &
618 1836 746 1883 *otestas
758 1835 890 1868 Provin-

26 1883 157 1915 cialibus
177 1890 305 1924 poterat
328 1882 391 1916 ess'e
418 1881 533 1924 gravis.
615 1885 772 1925 metatio
786 1901 798 1918 ,
821 1885 891 1919 quae

25 1923 80 1956 has
95 1925 218 1966 nuptias
229 1923 402 1997 prohibet,
429 1921 600 1964 Papiniano
619 1920 736 1952 dicitur
753 1920 827 1966 ratiq
841 1924 893 1966 pp-

28 1971 155 1998 centanas
175 1966 208 1997 in
243 1991 249 1998 .
267 1969 321 2009 63.
335 1966 376 2008 ff.
395 1967 429 1998 de
450 1965 529 1997 Ritu
547 1968 631 2003 nupt.-
652 1971 751 2003 eaque
765 1967 847 2007 ratio
859 1969 892 1993 m

27 2011 148 2039 tantum
165 2008 309 2047 valebat,
336 2016 373 2040 ut
388 2007 441 2049 qui
461 2006 492 2038 in
508 2003 677 2037 Provincia
701 2003 892 2049 officmmfl-

29 2048 137 2089 liquod
159 2049 310 2090 gerebat,
348 2048 569 2091 prohiberetur
594 2045 689 2076 etiam
714 2042 893 2076 consentire

27 2089 98 2122 filio
113 2111 123 2127 ,
151 2095 285 2123 uxorem
310 2090 439 2122 ducenti
462 2090 480 2120 l.
506 2098 556 2129 57.
585 2093 634 2128 pr.
649 2086 691 2128 ff.
714 2085 787 2117 Eod.
832 2085 892 2117 Sed

26 2129 205 2173 quaestionis
222 2131 266 2163 est
282 2155 292 2173 ,
317 2143 354 2164 an
372 2131 576 2173 prohibeatur
598 2137 724 2175 quoque
747 2125 892 2168 sponsare

27 2172 282 2214 provincialem?
312 2173 445 2206 Diceres
463 2171 645 2214 prohiberi,
675 2172 702 2200 ai
724 2172 779 2207 γὰρ
799 2172 892 2203 ὁμολο-

27 2215 89 2247 γίαι
109 2216 206 2247 mium
227 2214 403 2248 ἕοοὲωαμὲωι
421 2237 431 2252 ,
465 2213 566 2254 ianit
592 2211 685 2243 Philo
713 2209 836 2252 JUdaeUS
858 2211 891 2242 de

28 2254 102 2287 LL.
130 2255 255 2295 ὁῬεσὶαΖ.
281 2261 316 2297 p.
335 2266 375 2288 m.
407 2261 479 2297 788.
509 2264 548 2286 ex
570 2262 630 2294 qua
651 2253 803 2290 ἰσοδννκμῖᾳ
826 2250 891 2289 est,

46 2295 111 2327 uod
133 2297 261 2329 Servius
283 2297 410 2329 dicebat
433 2295 513 2337 apud
533 2294 741 2335 Pomponium
760 2293 793 2324 in
816 2294 836 2325 l.
861 2297 890 2327 8.

20 2307 61 2414 ἰ.
81 2338 116 2368 de
141 2338 236 2369 Grad.
259 2337 295 2373 ἐπ”
312 2337 403 2379 adfin.
427 2336 527 2369 soceri
544 2335 712 2372 nimirum,
731 2333 891 2373 &socrus‚

71 2379 196 2420 generi,
222 2380 253 2411 &
268 2388 366 2411 nurus
384 2377 627 2420 appellationem
645 2376 740 2407 etiarn
748 2385 788 2407 ex
799 2374 891 2417 spon-

24 2420 140 2455 salibus
158 2421 276 2461 acquiri
293 2431 302 2460 ;
328 2422 359 2453 δε
377 2420 462 2462 quod
481 2419 555 2451 alibi
579 2419 610 2450 in
630 2417 798 2458 prohibitis
819 2416 892 2457 Jure

27 2461 154 2501 Civili,
188 2461 342 2504 sponsalia
365 2461 485 2503 nuptiis
507 2468 731 2501 comparentur
754 2459 774 2490 l.
802 2467 829 2490 1.
860 2458 893 2490 in

22 2504 78 2548 fin.
102 2501 143 2545 ff.
173 2504 208 2535 cle
236 2503 298 2535 His
323 2505 374 2545 qui
399 2509 458 2534 not.
482 2501 589 2542 insum.
619 2501 639 2532 l.
661 2510 712 2540 44.
731 2506 779 2541 pr.
797 2500 838 2541 ff.
859 2501 893 2531 de

26 2547 69 2581 R.
92 2544 136 2577 N.
161 2545 181 2577 Ι.
207 2554 254 2585 15.
279 2544 314 2580 δέ)
333 2546 352 2576 l.
382 2549 428 2577 16.
447 2544 489 2585 ff.
511 2545 544 2575 de
568 2542 699 2588 Sponsas.
722 2544 752 2574 ot
767 2550 892 2583 genera-

26 2589 102 2622 nter
116 2586 230 2618 Paulus
250 2586 359 2619 definit
377 2587 409 2619 in
432 2586 452 2617 l.
477 2589 530 2618 60.
550 2583 580 2625 §.
603 2593 635 2623 5.
654 2583 694 2624 ff.
716 2584 750 2614 de
781 2583 822 2614 R.
847 2582 891 2614 N.

28 2640 94 2662 cum
113 2638 169 2670 qua
189 2629 296 2668 nuptie
315 2628 448 2660 contrahi
463 2637 520 2658 non
549 2624 671 2665 mffunt,
693 2625 749 2655 hoec
766 2625 892 2665 plerum-

27 2681 80 2714 que
99 2680 134 2701 ne
154 2671 266 2711 quidem
285 2671 450 2711 dey‘ponderi
467 2674 532 2709 pote
569 2691 578 2706 ‚
601 2676 671 2697 nam
687 2676 748 2707 quae
763 2667 829 2697 duci
843 2672 892 2706 po-

28 2711 102 2754 test,
119 2713 186 2755 jure
205 2712 400 2753 despondetur.
425 2710 491 2742 Cur
507 2710 599 2741 addat
616 2708 802 2749 plerumque,
815 2715 892 2739 mox

27 2755 142 2787 audies.

72 2794 241 2827 Valebitne
255 2795 353 2837 igitur
367 2805 403 2828 ea
420 2793 526 2835 regula
544 2793 575 2825 &
588 2793 621 2824 fn
639 2789 750 2832 sponsa
764 2790 893 2832 provin-

28 2836 128 2869 ciali?
151 2835 269 2868 diceres
287 2838 392 2869 valere
406 2858 417 2874 ,
441 2836 514 2877 quia
532 2833 725 2875 sponsalibus
748 2841 837 2873 aeque
857 2841 894 2863 ac

29 2877 150 2950 Ἢ
167 2876 209 2908 im
251 2877 392 2909 climento
418 2877 480 2909 esse
499 2876 666 2907 videbatur
691 2873 799 2905 eadem
817 2882 892 2905 con-

31 2929 50 2950 c
131 2917 179 2950 ‘ris
211 2927 263 2950 we
283 2924 450 2959 potentatus
471 2917 564 2950 ratio.
610 2916 678 2948 Imo
696 2924 762 2948 non
778 2915 864 2946 valet
881 2937 894 2953 ‚

31 2960 103 3002 quia
117 2958 198 2991 nihil
218 2957 271 2990 hie
286 2957 332 2990 est
349 2981 360 2997 ,
389 2959 475 3000 quod
491 2965 658 2990 metuatur.
702 2957 894 2997 Ubicunque

32 3000 129 3032 ceffat
153 2999 238 3031 ratio
253 2997 404 3041 potestatis
419 3023 432 3038 ,
461 3007 498 3032 ut
516 2999 656 3032 molliori
674 2999 776 3030 verbo
796 3003 894 3037 utar,

33 3041 132 3074 cess'at
148 3049 273 3082 quoque
296 3039 472 3083 prohibitio
488 3064 500 3079 ,
530 3041 670 3081 adeoque
692 3038 896 3072 matrimonio

35 3082 314 3116 contramandata
341 3081 505 3113 contrafito
527 3082 560 3114 in
579 3081 766 3120 Provincia,
792 3088 897 3112 tamen

36 3123 106 3166 post
129 3122 305 3164 depositum
332 3121 473 3154 officium
489 3145 498 3161 ‚
516 3121 545 3161 fi
573 3125 606 3154 in
627 3123 726 3154 eadem
745 3120 896 3153 voluntate

31 3165 197 3208 perflaverat
213 3163 343 3202 mulier,
366 3162 453 3203 Justae
467 3163 605 3204 nuptiae,
629 3164 660 3195 &
682 3163 772 3194 liberi
790 3161 899 3204 postea

35 3207 102 3241 nati
121 3205 254 3247 legitimi
270 3203 449 3239 efficiuntur
469 3204 490 3236 l.
512 3207 564 3243 65.
588 3204 618 3246 §.
634 3213 662 3236 1.
678 3203 719 3245 ff.
739 3205 772 3234 de
796 3202 837 3235 R.
853 3200 897 3234 N.

935 1254 992 1300 8ἰρ
1023 1253 1144 1300 inquit.
1170 1256 1202 1286 in
1220 1256 1318 1287 eadem
1338 1255 1489 1287 voluntate
1508 1255 1676 1297 perseverat
1689 1275 1701 1296 9
1730 1258 1807 1290 alio·-

935 1304 1089 1341 quinnec
1111 1305 1162 1327 vir
1178 1320 1187 1335 ‚
1229 1306 1288 1329 nec
1306 1307 1389 1329 uxor
1405 1320 1418 1337 ,
1448 1307 1507 1329 nec
1525 1298 1585 1329 alia
1601 1320 1610 1337 ‚
1635 1307 1676 1331 ex
1692 1300 1808 1340 quibus

933 1345 1055 1378 nuptiae
1081 1336 1224 1370 constare
1247 1337 1376 1377 solent,
1410 1339 1644 1380 intelliguntur.
1689 1340 1810 1373 Pendet

937 1379 1036 1420 igitur
1051 1388 1068 1409 a
1082 1379 1250 1412 voluntate
1268 1381 1335 1421 cius
1351 1380 1498 1420 feminae,
1514 1390 1585 1422 quae
1605 1389 1810 1414 contraman-

937 1421 1009 1452 data
1030 1420 1134 1462 nupsit
1152 1444 1162 1461 ,
1196 1430 1233 1454 an
1250 1422 1370 1464 nuptiis
1385 1422 1556 1461 inhaerere,
1579 1432 1618 1455 an
1642 1422 1681 1455 iis
1695 1433 1808 1456 renum

936 1462 1021 1494 ciare
1045 1462 1145 1502 velit3
1170 1464 1261 1504 plane
1282 1471 1318 1495 ut
1342 1467 1375 1496 in
1401 1462 1595 1506 sponsalibus
1619 1474 1637 1496 a
1663 1463 1731 1497 sola
1751 1475 1810 1497 vo-

933 1503 1057 1536 luntate
1071 1503 1192 1545 sponsae
1210 1505 1344 1546 pendet,
1366 1514 1404 1538 an
1423 1504 1494 1547 post
1510 1504 1686 1546 depofitum
1707 1506 1811 1548 sponsi

932 1545 1096 1585 officium,
1121 1546 1159 1578 iis
1177 1545 1254 1578 stare
1267 1547 1367 1588 velit,
1392 1556 1452 1579 nec
1471 1556 1531 1586 ne,
1551 1548 1648 1578 arrhis
1663 1571 1674 1586 ‚
1702 1548 1810 1589 inquit

934 1586 1068 1627 Paulus,
1093 1590 1289 1620 tantummodo
1312 1590 1435 1620 redditis
1453 1611 1465 1628 ‚
1484 1597 1556 1630 quas
1576 1595 1739 1630 acceperat.

977 1628 1150 1661 Accusatio
1165 1630 1364 1662 emblematis
1378 1639 1452 1662 cum
1467 1631 1500 1662 in
1514 1630 1621 1663 verbis
1647 1630 1693 1663 est
1705 1653 1717 1670 ,
1740 1638 1808 1663 turn

936 1672 969 1704 in
986 1680 1020 1702 re
1038 1669 1112 1712 ipsa.
1159 1670 1195 1703 In
1216 1672 1324 1704 verbis
1339 1694 1349 1711 9
1373 1672 1458 1713 quod
1482 1672 1677 1704 vocabulum
1688 1672 1810 1714 sponsa-

936 1724 966 1745 re
979 1734 990 1751 ,
1010 1721 1075 1744 non
1096 1714 1269 1745 conveniat
1288 1713 1387 1745 Paulo
1404 1737 1414 1753 ‚
1439 1712 1491 1746 sed
1509 1714 1665 1756 Scriptori
1686 1714 1808 1755 sequio-

935 1756 978 1787 ris
996 1754 1058 1787 aevi
1069 1778 1079 1794 ,
1091 1755 1121 1786 δε
1138 1754 1225 1796 quod
1242 1755 1439 1787 vocabulum
1456 1755 1549 1787 arrhae
1562 1755 1643 1797 apud
1664 1756 1812 1797 antiquos

934 1796 1032 1828 etiam
1056 1796 1160 1827 minus
1183 1795 1283 1827 fuerit
1300 1795 1548 1838 frequentatum.
1592 1796 1628 1829 In
1658 1806 1692 1829 re
1717 1796 1781 1838 ipsa
1796 1818 1808 1836 ‚

935 1838 1022 1880 quod
1038 1839 1106 1879 iure
1122 1838 1223 1870 veteri
1233 1860 1244 1877 ‚
1265 1836 1429 1870 recusante
1447 1839 1573 1879 nuptias
1590 1837 1699 1880 sponsa
1717 1859 1727 1878 ‚
1759 1848 1806 1870 ar-

933 1880 1062 1913 rharum
1077 1878 1286 1921 quadruplum
1306 1878 1405 1911 fuerit
1431 1879 1678 1920 restituendum,
1708 1888 1744 1911 ut
1763 1881 1808 1912 di-

935 1921 1051 1954 scimus
1068 1928 1109 1952 ex
1129 1921 1150 1952 l.
1171 1930 1203 1961 5.
1230 1922 1263 1952 C.
1287 1922 1321 1952 de
1344 1920 1476 1962 Sponsal.
1502 1922 1532 1954 &
1557 1931 1598 1953 ex
1622 1922 1723 1954 tribus
1746 1921 1809 1953 Co-

934 1963 1016 1995 dicis
1033 1960 1246 1995 Theodoiiani
1265 1962 1364 2002 locis,
1387 1971 1467 2003 quos
1487 1963 1641 1995 indicavit
1660 1963 1810 2004 Cujacius

936 2005 977 2037 L.
1003 2003 1058 2036 IV.
1084 2004 1208 2045 Observ.
1234 2004 1265 2035 C.
1290 2013 1341 2036 22.
1371 2003 1448 2050 Quo
1464 2011 1625 2046 ternpore,
1646 2012 1748 2046 quave
1768 2005 1809 2036 le-

935 2056 976 2089 ge
993 2047 1063 2078 haec
1081 2054 1176 2087 poena
1191 2046 1357 2087 quadrupli
1371 2045 1471 2077 fuerit
1488 2046 1683 2086 introdufta‚
1699 2055 1750 2077 me
1766 2046 1808 2078 la-

937 2097 985 2120 tet
1002 2112 1012 2128 ‚
1051 2086 1101 2119 sed
1122 2088 1309 2129 generaliter
1333 2085 1505 2119 obtinuiffe
1527 2087 1560 2119 in
1587 2097 1682 2119 omne
1711 2097 1811 2130 genus

936 2129 1074 2171 sponfis,
1098 2137 1169 2171 quae
1185 2129 1288 2161 licitas
1306 2129 1432 2170 nuptias
1448 2129 1682 2169 detrectabant,
1716 2124 1807 2161 dubi-

936 2179 1003 2203 tare
1029 2181 1094 2203 non
1117 2171 1219 2203 sinunt
1243 2168 1522 2209 constitutiones,
1549 2179 1618 2212 quae
1642 2171 1809 2213 quadrupli

934 2222 1061 2254 poenam
1082 2213 1234 2253 abrogant
1257 2211 1310 2243 vel
1338 2217 1472 2245 mutant.
1516 2212 1569 2245 Sic
1595 2220 1630 2244 ut
1652 2211 1806 2252 nesciam,

935 2263 997 2295 qua
1021 2253 1208 2286 auctoritate
1231 2253 1341 2285 innuat
1363 2252 1512 2293 Cujacius
1540 2255 1570 2286 d.
1592 2254 1634 2286 L.
1658 2253 1714 2285 IV.
1743 2254 1805 2285 Oh-

931 2297 1009 2338 serv.
1039 2296 1072 2327 C.
1102 2304 1152 2326 22.
1181 2296 1279 2336 princ.
1311 2295 1343 2327 id
1368 2295 1578 2336 quadruplum
1603 2295 1641 2327 ad
1664 2293 1809 2336 sponsam

934 2336 1169 2370 Provincialem
1191 2336 1349 2378 pertinere
1367 2358 1378 2375 ,
1408 2336 1448 2367 de
1471 2338 1661 2369 emblemate
1686 2336 1809 2368 interea

935 2378 1071 2410 securus.-
1114 2377 1205 2410 Illam
1228 2384 1334 2409 autem
1350 2378 1527 2419 generalem
1553 2377 1717 2421 quadrupli
1742 2386 1817 2418 poe-s‘

935 2427 1008 2451 nam
1023 2419 1056 2451 in
1073 2419 1204 2460 duplum
1219 2426 1382 2451 mutarunt
1398 2418 1608 2460 Imperatores
1622 2418 1691 2451 Leo
1707 2418 1809 2451 &An-

917 2460 1073 2492 ·tnemius
1090 2461 1123 2492 in
1145 2462 1173 2492 d.
1200 2461 1219 2492 l.
1242 2469 1274 2501 5.
1300 2461 1331 2492 C.
1356 2461 1390 2492 de
1413 2457 1545 2503 Spmfizl.
1568 2460 1673 2493 addita
1689 2460 1809 2492 hacex-

937 2502 1087 2544 ceptione
1100 2514 1117 2541 ‚·
1129 2501 1157 2541 fi
1179 2512 1236 2533 non
1255 2508 1374 2543 propter
1391 2502 1546 2544 persbnam
1561 2525 1573 2542 ‚
1595 2501 1644 2534 vel
1667 2503 1809 2533 conditio-

936 2552 1003 2574 nem
1018 2565 1030 2581 ,
1057 2544 1106 2575 vel
1129 2544 1223 2575 aliam
1244 2545 1359 2585 causam
1378 2567 1389 2583 ,
1414 2543 1528 2587 legibus
1550 2544 1599 2576 vel
1621 2543 1807 2587 generalibus

939 2582 1198 2626 constitutionibus
1225 2584 1414 2617 interdibtaan
1434 2607 1445 2624 ,
1460 2585 1601 2626 futurum
1623 2584 1807 2616 matrimoni-

936 2635 987 2656 um
1005 2623 1133 2667 constare
1152 2627 1322 2667 prohibetur
1337 2650 1348 2666 ,
1374 2632 1443 2658 tunc
1462 2628 1541 2658 enim
1563 2625 1644 2669 quasi
1662 2625 1741 2665 nullo
1752 2624 1808 2664 fa-

937 2666 1102 2708 &osttpote
1119 2666 1184 2706 fine
1205 2668 1310 2710 cazffa,
1332 2669 1445 2699 easdem
1468 2668 1572 2699 arrhas
1584 2665 1730 2708 praestitas
1739 2671 1806 2696 tan-

937 2709 1076 2740 tummodo
1106 2710 1188 2740 reddi
1216 2710 1387 2751 consequens
1414 2708 1464 2750 effi
1483 2710 1675 2750 pra-cipimus.
1722 2706 1806 2753 Cum

936 2758 1016 2781 vero
1038 2749 1182 2782 constare
1227 2752 1432 2783 rohibeantur
1461 2751 1581 2791 nuptiae
1606 2749 1690 2780 inter
1713 2746 1805 2793 femi-

936 2798 1008 2823 nam
1027 2790 1196 2824 Provincia
1211 2801 1260 2824 em
1278 2812 1290 2831 ,s
1313 2800 1447 2832 eumque
1461 2813 1474 2829 ,
1496 2791 1549 2831 qui
1571 2790 1603 2821 in
1618 2798 1654 2820 ea
1672 2788 1812 2833 Provm:

937 2833 987 2864 cia
1007 2840 1127 2872 meret,
1152 2841 1244 2875 urget
1259 2832 1504 2871 Hotomannus,
1528 2837 1642 2871 urgent
1658 2829 1729 2868 ahi,
1747 2838 1804 2860 no-

937 2874 1031 2906 stram
1053 2875 1074 2906 l.
1099 2879 1150 2915 38.
1171 2881 1219 2915 pr.
1244 2873 1306 2904 esse
1329 2871 1475 2904 inflexam
1501 2871 1539 2903 ad
1559 2871 1607 2911 Jus
1633 2879 1754 2902 novum
1774 2871 1804 2901 d.

936 2915 956 2947 l.
980 2924 1011 2956 5.
1047 2914 1077 2947 &
1102 2915 1177 2946 lude
1194 2910 1429 2946 Tribom'anum
1445 2911 1623 2953 simplicium
1650 2911 1806 2943 arrharum

936 2955 1129 2994 meminisse,
1150 2964 1250 2996 quum
1265 2955 1305 2985 de
1341 2954 1553 2994 uadruplicatz‘s
1595 2959 1636 2984 ex
1651 2952 1806 2994 Jurispru⁴

937 2997 1043 3029 dentia
1061 2996 1106 3028 sui
1123 2995 1293 3036 temporis,
1325 2993 1471 3035 cripserit
1489 2993 1555 3026 Pau·
1566 3003 1613 3026 us.

981 3037 1043 3070 Sed
1062 3045 1122 3077 ego
1145 3044 1181 3067 ea
1203 3035 1358 3067 sententia
1376 3042 1444 3066 non
1461 3043 1543 3067 utor.
1589 3034 1677 3083 Quid
1693 3035 1805 3067 enim?

940 3078 1102 3120 quadrupli
1143 3085 1213 3109 oena
1229 3083 1295 3107 erat
1313 3077 1382 3117 jure
1400 3077 1535 3118 antiquo
1546 3100 1556 3117 ‚
1581 3075 1635 3109 fed*
1656 3084 1723 3108 erat
1739 3101 1748 3116 ,
1774 3086 1807 3108 u-

939 3119 971 3150 bi
1001 3086 1235 3150 interceii‘eimt
1258 3115 1410 3158 sponsalia
1459 3127 1500 3150 ex
1541 3117 1632 3151 uibus
1648 3127 1720 3150 nata
1740 3125 1808 3150 erat

941 3157 1097 3200 obligatio
1109 3182 1119 3198 ‚
1145 3159 1175 3190 ἀ
1193 3167 1234 3190 ex
1249 3158 1362 3199 quibus
1376 3158 1408 3199 ju
1438 3170 1463 3192 ae
1480 3169 1520 3192 ex
1537 3159 1738 3200 peetabantur
1752 3168 1814 3191 nu-·

941 3200 1028 3241 ptiae.
1075 3200 1171 3233 Secus
1187 3198 1219 3232 se
1233 3208 1283 3232 res
1299 3200 1434 3235 habebat
1453 3202 1484 3235 in
1502 3199 1612 3243 sponsa
1626 3200 1824 3272 Provincia-'⁰

1780 3251 1813 3280 η
