<?xml version="1.0" encoding="UTF-8"?>
<!DOCTYPE html PUBLIC "-//W3C//DTD XHTML 1.0 Transitional//EN"
    "http://www.w3.org/TR/xhtml1/DTD/xhtml1-transitional.dtd">
<html xmlns="http://www.w3.org/1999/xhtml" xml:lang="en" lang="en">
 <head>
  <title>
</title>
<meta http-equiv="Content-Type" content="text/html;charset=utf-8" />
  <meta name='ocr-system' content='tesseract 3.04.00' />
  <meta name='ocr-capabilities' content='ocr_page ocr_carea ocr_par ocr_line ocrx_word'/>
</head>
<body>
  <div class='ocr_page' id='page_1' title='image "./corneliivanbynke00bijn_0921.png"; bbox 0 0 2008 3436; ppageno 0'>
   <div class='ocr_carea' id='block_1_1' title="bbox 232 95 1642 153">
    <p class='ocr_par' dir='ltr' id='par_1_1' title="bbox 232 95 1642 153">
     <span class='ocr_line' id='line_1_1' title="bbox 232 95 1642 153; baseline 0.004 -14"><span class='ocrx_word' id='word_1_1' title='bbox 232 101 519 153; x_wconf 85' lang='lat' dir='ltr'>QUAEST.</span> <span class='ocrx_word' id='word_1_2' title='bbox 572 97 713 151; x_wconf 77' lang='lat' dir='ltr'>J‘UR</span> <span class='ocrx_word' id='word_1_3' title='bbox 742 97 804 136; x_wconf 89' lang='lat' dir='ltr'>IS</span> <span class='ocrx_word' id='word_1_4' title='bbox 857 95 1220 141; x_wconf 81' lang='lat' dir='ltr'>PRIVAT1,</span> <span class='ocrx_word' id='word_1_5' title='bbox 1250 99 1443 140; x_wconf 66' lang='lat' dir='ltr'>.LIB.1V.</span> <span class='ocrx_word' id='word_1_6' title='bbox 1470 106 1642 146; x_wconf 70' lang='lat' dir='ltr'>cxvii.</span> 
     </span>
    </p>
   </div>
   <div class='ocr_carea' id='block_1_2' title="bbox 41 189 915 3185">
    <p class='ocr_par' dir='ltr' id='par_1_2' title="bbox 41 189 915 3185">
     <span class='ocr_line' id='line_1_2' title="bbox 44 189 914 235; baseline -0.006 -9"><span class='ocrx_word' id='word_1_7' title='bbox 44 193 208 235; x_wconf 77' lang='lat' dir='ltr'>excipiunt</span> <span class='ocrx_word' id='word_1_8' title='bbox 226 217 236 233; x_wconf 91' lang='lat'>,</span> <span class='ocrx_word' id='word_1_9' title='bbox 260 201 364 234; x_wconf 84' lang='lat' dir='ltr'>neque</span> <span class='ocrx_word' id='word_1_10' title='bbox 386 192 425 224; x_wconf 89' lang='lat' dir='ltr'>de</span> <span class='ocrx_word' id='word_1_11' title='bbox 453 191 524 234; x_wconf 84' lang='lat' dir='ltr'>ipsis</span> <span class='ocrx_word' id='word_1_12' title='bbox 546 189 724 228; x_wconf 73' lang='lat' dir='ltr'>mercibus,</span> <span class='ocrx_word' id='word_1_13' title='bbox 747 198 787 221; x_wconf 89' lang='lat' dir='ltr'>ne</span> <span class='ocrx_word' id='word_1_14' title='bbox 809 199 847 222; x_wconf 88' lang='lat' dir='ltr'>ue</span> <span class='ocrx_word' id='word_1_15' title='bbox 874 191 914 222; x_wconf 84' lang='lat' dir='ltr'>de</span> 
     </span>
     <span class='ocr_line' id='line_1_3' title="bbox 43 197 914 276; baseline 0 -10"><span class='ocrx_word' id='word_1_16' title='bbox 43 244 149 267; x_wconf 86' lang='lat' dir='ltr'>earum</span> <span class='ocrx_word' id='word_1_17' title='bbox 168 234 273 275; x_wconf 88' lang='lat' dir='ltr'>pretio</span> <span class='ocrx_word' id='word_1_18' title='bbox 291 234 459 276; x_wconf 85' lang='lat' dir='ltr'>quicquam</span> <span class='ocrx_word' id='word_1_19' title='bbox 480 233 634 266; x_wconf 86' lang='lat' dir='ltr'>constare.</span> <span class='ocrx_word' id='word_1_20' title='bbox 674 230 768 264; x_wconf 88' lang='lat' dir='ltr'><strong>Unde</strong></span> <span class='ocrx_word' id='word_1_21' title='bbox 789 197 914 272; x_wconf 53' lang='lat' dir='ltr'>iudices</span> 
     </span>
     <span class='ocr_line' id='line_1_4' title="bbox 42 274 911 317; baseline -0.003 -7"><span class='ocrx_word' id='word_1_22' title='bbox 42 275 352 310; x_wconf 87' lang='lat' dir='ltr'>Rotterdammenses</span> <span class='ocrx_word' id='word_1_23' title='bbox 369 277 406 308; x_wconf 91' lang='lat' dir='ltr'>ad</span> <span class='ocrx_word' id='word_1_24' title='bbox 421 286 469 308; x_wconf 89' lang='lat' dir='ltr'>res</span> <span class='ocrx_word' id='word_1_25' title='bbox 479 275 650 308; x_wconf 84' lang='lat' dir='ltr'>maritimas</span> <span class='ocrx_word' id='word_1_26' title='bbox 662 284 692 312; x_wconf 88' lang='lat'>9.</span> <span class='ocrx_word' id='word_1_27' title='bbox 705 274 804 306; x_wconf 87' lang='lat' dir='ltr'>Mart.</span> <span class='ocrx_word' id='word_1_28' title='bbox 823 284 911 317; x_wconf 78' lang='lat'>1737.</span> 
     </span>
     <span class='ocr_line' id='line_1_5' title="bbox 44 316 913 358; baseline -0.002 -7"><span class='ocrx_word' id='word_1_29' title='bbox 44 318 287 351; x_wconf 84' lang='lat' dir='ltr'>interlocutoria</span> <span class='ocrx_word' id='word_1_30' title='bbox 320 317 474 350; x_wconf 86' lang='lat' dir='ltr'>sententia</span> <span class='ocrx_word' id='word_1_31' title='bbox 495 317 634 358; x_wconf 88' lang='lat' dir='ltr'>jubent,</span> <span class='ocrx_word' id='word_1_32' title='bbox 667 324 701 348; x_wconf 78' lang='lat' dir='ltr'>ut</span> <span class='ocrx_word' id='word_1_33' title='bbox 726 316 913 349; x_wconf 78' lang='lat' dir='ltr'>ass&#39;ecuratus</span> 
     </span>
     <span class='ocr_line' id='line_1_6' title="bbox 43 357 909 401; baseline -0.002 -8"><span class='ocrx_word' id='word_1_34' title='bbox 43 369 105 393; x_wconf 86' lang='lat' dir='ltr'>tam</span> <span class='ocrx_word' id='word_1_35' title='bbox 131 359 170 390; x_wconf 88' lang='lat' dir='ltr'>de</span> <span class='ocrx_word' id='word_1_36' title='bbox 197 359 267 401; x_wconf 84' lang='lat' dir='ltr'>ipsis</span> <span class='ocrx_word' id='word_1_37' title='bbox 290 359 446 392; x_wconf 85' lang='lat' dir='ltr'>mercibus</span> <span class='ocrx_word' id='word_1_38' title='bbox 460 381 470 397; x_wconf 89' lang='lat'>,</span> <span class='ocrx_word' id='word_1_39' title='bbox 494 366 565 399; x_wconf 77' lang='lat' dir='ltr'>quae</span> <span class='ocrx_word' id='word_1_40' title='bbox 586 358 648 390; x_wconf 89' lang='lat' dir='ltr'>illis</span> <span class='ocrx_word' id='word_1_41' title='bbox 667 357 793 390; x_wconf 82' lang='lat' dir='ltr'>sarcinis</span> <span class='ocrx_word' id='word_1_42' title='bbox 810 359 909 391; x_wconf 89' lang='lat' dir='ltr'>inclu-</span> 
     </span>
     <span class='ocr_line' id='line_1_7' title="bbox 42 400 908 443; baseline -0.001 -10"><span class='ocrx_word' id='word_1_43' title='bbox 42 401 82 435; x_wconf 78' lang='lat' dir='ltr'>sae</span> <span class='ocrx_word' id='word_1_44' title='bbox 97 400 246 440; x_wconf 71' lang='lat' dir='ltr'>fuissent,</span> <span class='ocrx_word' id='word_1_45' title='bbox 272 410 365 443; x_wconf 86' lang='lat' dir='ltr'>quam</span> <span class='ocrx_word' id='word_1_46' title='bbox 381 402 420 432; x_wconf 88' lang='lat' dir='ltr'>de</span> <span class='ocrx_word' id='word_1_47' title='bbox 439 409 544 431; x_wconf 89' lang='lat' dir='ltr'>earum</span> <span class='ocrx_word' id='word_1_48' title='bbox 562 400 666 441; x_wconf 85' lang='lat' dir='ltr'>pretio</span> <span class='ocrx_word' id='word_1_49' title='bbox 693 400 816 440; x_wconf 77' lang='lat' dir='ltr'><strong>plenius</strong></span> <span class='ocrx_word' id='word_1_50' title='bbox 835 401 908 432; x_wconf 87' lang='lat' dir='ltr'>edo-</span> 
     </span>
     <span class='ocr_line' id='line_1_8' title="bbox 44 441 910 480; baseline 0 -6"><span class='ocrx_word' id='word_1_51' title='bbox 44 452 144 475; x_wconf 87' lang='lat' dir='ltr'>ceret.</span> <span class='ocrx_word' id='word_1_52' title='bbox 196 443 396 475; x_wconf 74' lang='lat' dir='ltr'>Assecuratus&#39;</span> <span class='ocrx_word' id='word_1_53' title='bbox 413 465 422 480; x_wconf 94' lang='lat'><strong>‚</strong></span> <span class='ocrx_word' id='word_1_54' title='bbox 455 449 491 473; x_wconf 92' lang='lat' dir='ltr'>ut</span> <span class='ocrx_word' id='word_1_55' title='bbox 517 441 709 474; x_wconf 71' lang='lat' dir='ltr'>satisfaceret</span> <span class='ocrx_word' id='word_1_56' title='bbox 742 442 910 475; x_wconf 86' lang='lat' dir='ltr'>interlocu-</span> 
     </span>
     <span class='ocr_line' id='line_1_9' title="bbox 45 483 911 526; baseline 0 -10"><span class='ocrx_word' id='word_1_57' title='bbox 45 484 145 524; x_wconf 78' lang='lat' dir='ltr'>tioni,</span> <span class='ocrx_word' id='word_1_58' title='bbox 168 486 336 526; x_wconf 85' lang='lat' dir='ltr'>componit</span> <span class='ocrx_word' id='word_1_59' title='bbox 360 483 497 515; x_wconf 90' lang='lat' dir='ltr'>indicem</span> <span class='ocrx_word' id='word_1_60' title='bbox 517 492 622 515; x_wconf 85' lang='lat' dir='ltr'>earum</span> <span class='ocrx_word' id='word_1_61' title='bbox 648 484 824 523; x_wconf 86' lang='lat' dir='ltr'>mercium,</span> <span class='ocrx_word' id='word_1_62' title='bbox 846 493 911 516; x_wconf 91' lang='lat' dir='ltr'>non</span> 
     </span>
     <span class='ocr_line' id='line_1_10' title="bbox 43 524 909 568; baseline -0.001 -11"><span class='ocrx_word' id='word_1_63' title='bbox 43 526 234 568; x_wconf 83' lang='lat' dir='ltr'>descriptum</span> <span class='ocrx_word' id='word_1_64' title='bbox 252 536 292 558; x_wconf 83' lang='lat' dir='ltr'>ex</span> <span class='ocrx_word' id='word_1_65' title='bbox 310 525 416 566; x_wconf 87' lang='lat' dir='ltr'>aliquo</span> <span class='ocrx_word' id='word_1_66' title='bbox 439 524 537 563; x_wconf 89' lang='lat' dir='ltr'>libro,</span> <span class='ocrx_word' id='word_1_67' title='bbox 564 526 617 556; x_wconf 88' lang='lat' dir='ltr'>vel</span> <span class='ocrx_word' id='word_1_68' title='bbox 642 526 702 557; x_wconf 87' lang='lat' dir='ltr'>alia</span> <span class='ocrx_word' id='word_1_69' title='bbox 726 526 792 566; x_wconf 86' lang='lat' dir='ltr'>ejus</span> <span class='ocrx_word' id='word_1_70' title='bbox 813 535 909 558; x_wconf 88' lang='lat' dir='ltr'>anno-</span> 
     </span>
     <span class='ocr_line' id='line_1_11' title="bbox 45 566 909 608; baseline -0.001 -9"><span class='ocrx_word' id='word_1_71' title='bbox 45 568 186 606; x_wconf 83' lang='lat' dir='ltr'>tatione,</span> <span class='ocrx_word' id='word_1_72' title='bbox 202 567 272 607; x_wconf 90' lang='lat' dir='ltr'>sed,</span> <span class='ocrx_word' id='word_1_73' title='bbox 287 574 321 600; x_wconf 91' lang='lat' dir='ltr'>ut</span> <span class='ocrx_word' id='word_1_74' title='bbox 338 567 461 607; x_wconf 85' lang='lat' dir='ltr'>ajebat,</span> <span class='ocrx_word' id='word_1_75' title='bbox 476 576 516 600; x_wconf 80' lang='lat' dir='ltr'>ex</span> <span class='ocrx_word' id='word_1_76' title='bbox 533 567 684 598; x_wconf 84' lang='lat' dir='ltr'>memoria</span> <span class='ocrx_word' id='word_1_77' title='bbox 700 566 774 605; x_wconf 83' lang='lat' dir='ltr'>sua,</span> <span class='ocrx_word' id='word_1_78' title='bbox 796 576 909 608; x_wconf 85' lang='lat' dir='ltr'>quam,</span> 
     </span>
     <span class='ocr_line' id='line_1_12' title="bbox 44 607 912 650; baseline -0.001 -10"><span class='ocrx_word' id='word_1_79' title='bbox 44 618 79 641; x_wconf 86' lang='lat' dir='ltr'>ut</span> <span class='ocrx_word' id='word_1_80' title='bbox 93 617 237 650; x_wconf 82' lang='lat' dir='ltr'>poterat,</span> <span class='ocrx_word' id='word_1_81' title='bbox 261 608 449 641; x_wconf 84' lang='lat' dir='ltr'>servaverat.</span> <span class='ocrx_word' id='word_1_82' title='bbox 494 607 613 648; x_wconf 80' lang='lat' dir='ltr'>Adjicit</span> <span class='ocrx_word' id='word_1_83' title='bbox 636 617 762 650; x_wconf 82' lang='lat' dir='ltr'>quoque</span> <span class='ocrx_word' id='word_1_84' title='bbox 786 608 912 650; x_wconf 83' lang='lat' dir='ltr'>singulis</span> 
     </span>
     <span class='ocr_line' id='line_1_13' title="bbox 41 649 912 691; baseline -0.002 -8"><span class='ocrx_word' id='word_1_85' title='bbox 41 651 196 683; x_wconf 79' lang='lat' dir='ltr'>mercibus</span> <span class='ocrx_word' id='word_1_86' title='bbox 212 651 346 691; x_wconf 87' lang='lat' dir='ltr'>pretium</span> <span class='ocrx_word' id='word_1_87' title='bbox 361 672 372 689; x_wconf 90' lang='lat'>,</span> <span class='ocrx_word' id='word_1_88' title='bbox 395 650 464 688; x_wconf 75' lang='lat' dir='ltr'>led,</span> <span class='ocrx_word' id='word_1_89' title='bbox 490 657 524 681; x_wconf 90' lang='lat' dir='ltr'>ut</span> <span class='ocrx_word' id='word_1_90' title='bbox 541 649 643 682; x_wconf 83' lang='lat' dir='ltr'>rursus</span> <span class='ocrx_word' id='word_1_91' title='bbox 663 650 784 690; x_wconf 87' lang='lat' dir='ltr'>ajebat,</span> <span class='ocrx_word' id='word_1_92' title='bbox 803 660 843 681; x_wconf 75' lang='lat' dir='ltr'>ex</span> <span class='ocrx_word' id='word_1_93' title='bbox 862 649 912 681; x_wconf 84' lang='lat' dir='ltr'>sua</span> 
     </span>
     <span class='ocr_line' id='line_1_14' title="bbox 41 691 912 733; baseline -0.001 -9"><span class='ocrx_word' id='word_1_94' title='bbox 41 692 136 733; x_wconf 70' lang='lat' dir='ltr'>ipsius</span> <span class='ocrx_word' id='word_1_95' title='bbox 155 691 384 729; x_wconf 62' lang='lat' dir='ltr'>aestimatione,</span> <span class='ocrx_word' id='word_1_96' title='bbox 408 692 522 733; x_wconf 78' lang='lat' dir='ltr'>absque</span> <span class='ocrx_word' id='word_1_97' title='bbox 545 692 606 724; x_wconf 86' lang='lat' dir='ltr'>ulla</span> <span class='ocrx_word' id='word_1_98' title='bbox 634 693 693 723; x_wconf 86' lang='lat' dir='ltr'>alia</span> <span class='ocrx_word' id='word_1_99' title='bbox 715 692 912 733; x_wconf 78' lang='lat' dir='ltr'>probatione.</span> 
     </span>
     <span class='ocr_line' id='line_1_15' title="bbox 44 731 912 772; baseline -0.001 -7"><span class='ocrx_word' id='word_1_100' title='bbox 44 732 141 765; x_wconf 87' lang='lat' dir='ltr'>Hunc</span> <span class='ocrx_word' id='word_1_101' title='bbox 167 734 304 766; x_wconf 88' lang='lat' dir='ltr'>indicem</span> <span class='ocrx_word' id='word_1_102' title='bbox 323 733 453 766; x_wconf 80' lang='lat' dir='ltr'>exhibet</span> <span class='ocrx_word' id='word_1_103' title='bbox 476 731 675 772; x_wconf 68' lang='lat' dir='ltr'>advcfsariis,</span> <span class='ocrx_word' id='word_1_104' title='bbox 699 735 730 767; x_wconf 87' lang='lat'>&amp;</span> <span class='ocrx_word' id='word_1_105' title='bbox 757 733 846 766; x_wconf 86' lang='lat' dir='ltr'>simul</span> <span class='ocrx_word' id='word_1_106' title='bbox 863 733 912 765; x_wconf 85' lang='lat' dir='ltr'>of-</span> 
     </span>
     <span class='ocr_line' id='line_1_16' title="bbox 44 774 912 817; baseline 0 -11"><span class='ocrx_word' id='word_1_107' title='bbox 44 774 109 807; x_wconf 84' lang='lat' dir='ltr'>fert</span> <span class='ocrx_word' id='word_1_108' title='bbox 128 775 362 816; x_wconf 79' lang='lat' dir='ltr'>jusjurandum,</span> <span class='ocrx_word' id='word_1_109' title='bbox 390 775 539 817; x_wconf 85' lang='lat' dir='ltr'>quicquid</span> <span class='ocrx_word' id='word_1_110' title='bbox 558 775 589 806; x_wconf 85' lang='lat' dir='ltr'>in</span> <span class='ocrx_word' id='word_1_111' title='bbox 606 784 645 806; x_wconf 91' lang='lat' dir='ltr'>eo</span> <span class='ocrx_word' id='word_1_112' title='bbox 666 784 854 814; x_wconf 85' lang='lat' dir='ltr'>notaverat,</span> <span class='ocrx_word' id='word_1_113' title='bbox 880 775 912 806; x_wconf 82' lang='lat' dir='ltr'>se</span> 
     </span>
     <span class='ocr_line' id='line_1_17' title="bbox 41 816 910 863; baseline -0.002 -13"><span class='ocrx_word' id='word_1_114' title='bbox 41 819 126 851; x_wconf 89' lang='lat' dir='ltr'>bona</span> <span class='ocrx_word' id='word_1_115' title='bbox 136 817 197 849; x_wconf 86' lang='lat' dir='ltr'>fide</span> <span class='ocrx_word' id='word_1_116' title='bbox 209 816 338 849; x_wconf 79' lang='lat' dir='ltr'>notasse.</span> <span class='ocrx_word' id='word_1_117' title='bbox 353 817 462 863; x_wconf 83' lang='lat' dir='ltr'>Quum</span> <span class='ocrx_word' id='word_1_118' title='bbox 478 817 632 856; x_wconf 84' lang='lat' dir='ltr'>pretium,</span> <span class='ocrx_word' id='word_1_119' title='bbox 646 817 687 848; x_wconf 91' lang='lat' dir='ltr'>ibi</span> <span class='ocrx_word' id='word_1_120' title='bbox 701 816 910 858; x_wconf 85' lang='lat' dir='ltr'>adscriptum,</span> 
     </span>
     <span class='ocr_line' id='line_1_18' title="bbox 44 857 911 898; baseline -0.001 -7"><span class='ocrx_word' id='word_1_121' title='bbox 44 859 213 892; x_wconf 81' lang='lat' dir='ltr'>excederet</span> <span class='ocrx_word' id='word_1_122' title='bbox 242 859 314 891; x_wconf 85' lang='lat' dir='ltr'>illos</span> <span class='ocrx_word' id='word_1_123' title='bbox 346 864 442 890; x_wconf 86' lang='grc'>6000.</span> <span class='ocrx_word' id='word_1_124' title='bbox 471 857 608 891; x_wconf 80' lang='lat' dir='ltr'>florenos</span> <span class='ocrx_word' id='word_1_125' title='bbox 626 881 637 897; x_wconf 91' lang='lat'>,</span> <span class='ocrx_word' id='word_1_126' title='bbox 667 859 763 891; x_wconf 88' lang='lat' dir='ltr'>iidem</span> <span class='ocrx_word' id='word_1_127' title='bbox 785 858 911 898; x_wconf 82' lang='lat' dir='ltr'>Judices</span> 
     </span>
     <span class='ocr_line' id='line_1_19' title="bbox 42 899 910 940; baseline -0.002 -7"><span class='ocrx_word' id='word_1_128' title='bbox 42 901 214 940; x_wconf 79' lang='lat' dir='ltr'>maritimi,</span> <span class='ocrx_word' id='word_1_129' title='bbox 239 901 335 932; x_wconf 88' lang='lat' dir='ltr'>modo</span> <span class='ocrx_word' id='word_1_130' title='bbox 355 899 542 932; x_wconf 75' lang='lat' dir='ltr'>assecuratus</span> <span class='ocrx_word' id='word_1_131' title='bbox 558 900 672 940; x_wconf 84' lang='lat' dir='ltr'>juraret</span> <span class='ocrx_word' id='word_1_132' title='bbox 686 900 910 940; x_wconf 85' lang='lat' dir='ltr'>jusjurandum,</span> 
     </span>
     <span class='ocr_line' id='line_1_20' title="bbox 44 940 911 985; baseline -0.003 -10"><span class='ocrx_word' id='word_1_133' title='bbox 44 942 129 985; x_wconf 87' lang='lat' dir='ltr'>quod</span> <span class='ocrx_word' id='word_1_134' title='bbox 147 942 309 974; x_wconf 86' lang='lat' dir='ltr'>obtulerat</span> <span class='ocrx_word' id='word_1_135' title='bbox 321 964 332 980; x_wconf 96' lang='lat'>,</span> <span class='ocrx_word' id='word_1_136' title='bbox 356 940 523 973; x_wconf 89' lang='lat' dir='ltr'>secundum</span> <span class='ocrx_word' id='word_1_137' title='bbox 539 951 611 974; x_wconf 92' lang='lat' dir='ltr'>eum</span> <span class='ocrx_word' id='word_1_138' title='bbox 630 942 679 982; x_wconf 87' lang='lat' dir='ltr'>jus</span> <span class='ocrx_word' id='word_1_139' title='bbox 695 942 863 980; x_wconf 79' lang='lat' dir='ltr'>dixerunt,</span> <span class='ocrx_word' id='word_1_140' title='bbox 880 942 911 972; x_wconf 72' lang='grc' dir='ltr'>δε</span> 
     </span>
     <span class='ocr_line' id='line_1_21' title="bbox 45 982 911 1024; baseline -0.003 -8"><span class='ocrx_word' id='word_1_141' title='bbox 45 994 113 1017; x_wconf 87' lang='lat' dir='ltr'>eam</span> <span class='ocrx_word' id='word_1_142' title='bbox 137 983 324 1016; x_wconf 85' lang='lat' dir='ltr'>sententiam</span> <span class='ocrx_word' id='word_1_143' title='bbox 341 983 488 1024; x_wconf 84' lang='lat' dir='ltr'>probavit</span> <span class='ocrx_word' id='word_1_144' title='bbox 508 982 606 1014; x_wconf 82' lang='lat' dir='ltr'>Curia</span> <span class='ocrx_word' id='word_1_145' title='bbox 632 993 679 1024; x_wconf 76' lang='lat'>13.</span> <span class='ocrx_word' id='word_1_146' title='bbox 705 982 794 1015; x_wconf 84' lang='lat' dir='ltr'>Nov.</span> <span class='ocrx_word' id='word_1_147' title='bbox 821 987 911 1023; x_wconf 77' lang='lat'>1738.</span> 
     </span>
     <span class='ocr_line' id='line_1_22' title="bbox 44 1023 909 1065; baseline -0.003 -7"><span class='ocrx_word' id='word_1_148' title='bbox 44 1028 124 1059; x_wconf 76' lang='lat' dir='ltr'>Sane</span> <span class='ocrx_word' id='word_1_149' title='bbox 150 1026 227 1057; x_wconf 88' lang='lat' dir='ltr'>certi</span> <span class='ocrx_word' id='word_1_150' title='bbox 253 1025 330 1065; x_wconf 87' lang='lat' dir='ltr'>juris</span> <span class='ocrx_word' id='word_1_151' title='bbox 351 1023 396 1056; x_wconf 89' lang='lat' dir='ltr'>est</span> <span class='ocrx_word' id='word_1_152' title='bbox 420 1034 460 1056; x_wconf 80' lang='lat' dir='ltr'>cx</span> <span class='ocrx_word' id='word_1_153' title='bbox 486 1023 513 1064; x_wconf 84' lang='lat'>§.</span> <span class='ocrx_word' id='word_1_154' title='bbox 550 1033 598 1056; x_wconf 90' lang='lat'>10.</span> <span class='ocrx_word' id='word_1_155' title='bbox 633 1033 679 1055; x_wconf 80' lang='lat'>12.</span> <span class='ocrx_word' id='word_1_156' title='bbox 712 1024 748 1059; x_wconf 47' lang='grc' dir='ltr'>ΕΓΒ</span> <span class='ocrx_word' id='word_1_157' title='bbox 774 1028 822 1058; x_wconf 84' lang='lat'>18.</span> <span class='ocrx_word' id='word_1_158' title='bbox 850 1025 909 1055; x_wconf 74' lang='lat' dir='ltr'>Tit.</span> 
     </span>
     <span class='ocr_line' id='line_1_23' title="bbox 44 1065 909 1107; baseline -0.005 -6"><span class='ocrx_word' id='word_1_159' title='bbox 44 1067 118 1100; x_wconf 82' lang='lat' dir='ltr'>VH.</span> <span class='ocrx_word' id='word_1_160' title='bbox 145 1067 218 1099; x_wconf 92' lang='lat' dir='ltr'>LL.</span> <span class='ocrx_word' id='word_1_161' title='bbox 244 1065 342 1098; x_wconf 69' lang='lat' dir='ltr'>Naar.</span> <span class='ocrx_word' id='word_1_162' title='bbox 372 1069 462 1107; x_wconf 84' lang='lat'>1563.</span> <span class='ocrx_word' id='word_1_163' title='bbox 487 1065 562 1106; x_wconf 86' lang='lat' dir='ltr'>quin</span> <span class='ocrx_word' id='word_1_164' title='bbox 581 1066 611 1097; x_wconf 54' lang='grc' dir='ltr'>ἐξ</span> <span class='ocrx_word' id='word_1_165' title='bbox 628 1075 668 1097; x_wconf 75' lang='lat' dir='ltr'>ex</span> <span class='ocrx_word' id='word_1_166' title='bbox 685 1065 713 1107; x_wconf 55' lang='grc' dir='ltr'>ᾗ.</span> <span class='ocrx_word' id='word_1_167' title='bbox 734 1076 779 1103; x_wconf 88' lang='grc'>19.</span> <span class='ocrx_word' id='word_1_168' title='bbox 806 1065 848 1097; x_wconf 83' lang='lat' dir='ltr'>R..</span> <span class='ocrx_word' id='word_1_169' title='bbox 867 1066 909 1097; x_wconf 91' lang='lat' dir='ltr'>V.</span> 
     </span>
     <span class='ocr_line' id='line_1_24' title="bbox 46 1106 910 1150; baseline -0.003 -9"><span class='ocrx_word' id='word_1_170' title='bbox 46 1110 77 1142; x_wconf 67' lang='grc' dir='ltr'>ὅ(</span> <span class='ocrx_word' id='word_1_171' title='bbox 93 1118 132 1140; x_wconf 88' lang='lat' dir='ltr'>cx</span> <span class='ocrx_word' id='word_1_172' title='bbox 146 1107 175 1150; x_wconf 86' lang='lat'>§.</span> <span class='ocrx_word' id='word_1_173' title='bbox 199 1118 250 1149; x_wconf 85' lang='lat'>70.</span> <span class='ocrx_word' id='word_1_174' title='bbox 274 1107 316 1138; x_wconf 90' lang='lat' dir='ltr'>R.</span> <span class='ocrx_word' id='word_1_175' title='bbox 342 1106 388 1139; x_wconf 89' lang='lat' dir='ltr'>N.</span> <span class='ocrx_word' id='word_1_176' title='bbox 413 1108 450 1138; x_wconf 89' lang='lat' dir='ltr'>ad</span> <span class='ocrx_word' id='word_1_177' title='bbox 469 1107 615 1139; x_wconf 83' lang='lat' dir='ltr'>damnum</span> <span class='ocrx_word' id='word_1_178' title='bbox 643 1109 691 1148; x_wconf 71' lang='lat' dir='ltr'>agi</span> <span class='ocrx_word' id='word_1_179' title='bbox 715 1117 779 1139; x_wconf 86' lang='lat' dir='ltr'>non</span> <span class='ocrx_word' id='word_1_180' title='bbox 801 1107 910 1148; x_wconf 83' lang='lat' dir='ltr'>posse,</span> 
     </span>
     <span class='ocr_line' id='line_1_25' title="bbox 43 1148 910 1189; baseline -0.003 -6"><span class='ocrx_word' id='word_1_181' title='bbox 43 1150 100 1183; x_wconf 81' lang='lat' dir='ltr'>nifi</span> <span class='ocrx_word' id='word_1_182' title='bbox 118 1149 243 1181; x_wconf 85' lang='lat' dir='ltr'>constet</span> <span class='ocrx_word' id='word_1_183' title='bbox 258 1149 297 1180; x_wconf 90' lang='lat' dir='ltr'>de</span> <span class='ocrx_word' id='word_1_184' title='bbox 319 1158 397 1179; x_wconf 86' lang='lat' dir='ltr'>vero</span> <span class='ocrx_word' id='word_1_185' title='bbox 415 1149 518 1189; x_wconf 88' lang='lat' dir='ltr'>pretio</span> <span class='ocrx_word' id='word_1_186' title='bbox 536 1159 640 1180; x_wconf 82' lang='lat' dir='ltr'>rerum</span> <span class='ocrx_word' id='word_1_187' title='bbox 656 1148 890 1180; x_wconf 76' lang='lat' dir='ltr'>assecuratarum</span> <span class='ocrx_word' id='word_1_188' title='bbox 900 1171 910 1187; x_wconf 95' lang='lat'>,</span> 
     </span>
     <span class='ocr_line' id='line_1_26' title="bbox 43 1190 910 1234; baseline -0.003 -10"><span class='ocrx_word' id='word_1_189' title='bbox 43 1192 137 1234; x_wconf 82' lang='lat' dir='ltr'>idque</span> <span class='ocrx_word' id='word_1_190' title='bbox 158 1191 221 1232; x_wconf 87' lang='lat' dir='ltr'>ipse</span> <span class='ocrx_word' id='word_1_191' title='bbox 236 1190 424 1222; x_wconf 77' lang='lat' dir='ltr'>assecuratus</span> <span class='ocrx_word' id='word_1_192' title='bbox 446 1192 598 1231; x_wconf 75' lang='lat' dir='ltr'>agnovit,</span> <span class='ocrx_word' id='word_1_193' title='bbox 620 1200 716 1232; x_wconf 89' lang='lat' dir='ltr'>quum</span> <span class='ocrx_word' id='word_1_194' title='bbox 739 1190 910 1222; x_wconf 80' lang='lat' dir='ltr'>interlocu-</span> 
     </span>
     <span class='ocr_line' id='line_1_27' title="bbox 42 1231 912 1273; baseline -0.005 -6"><span class='ocrx_word' id='word_1_195' title='bbox 42 1234 162 1267; x_wconf 74' lang='lat' dir='ltr'>tionem</span> <span class='ocrx_word' id='word_1_196' title='bbox 190 1232 334 1273; x_wconf 77' lang='lat' dir='ltr'>judicum</span> <span class='ocrx_word' id='word_1_197' title='bbox 365 1231 593 1264; x_wconf 76' lang='lat' dir='ltr'>maritimorum</span> <span class='ocrx_word' id='word_1_198' title='bbox 619 1231 777 1273; x_wconf 79' lang='lat' dir='ltr'>probasset</span> <span class='ocrx_word' id='word_1_199' title='bbox 796 1255 806 1270; x_wconf 89' lang='lat'>‚</span> <span class='ocrx_word' id='word_1_200' title='bbox 827 1232 859 1264; x_wconf 64' lang='grc' dir='ltr'>ὅ(</span> <span class='ocrx_word' id='word_1_201' title='bbox 883 1231 912 1263; x_wconf 87' lang='grc'>01</span> 
     </span>
     <span class='ocr_line' id='line_1_28' title="bbox 44 1273 908 1315; baseline -0.005 -6"><span class='ocrx_word' id='word_1_202' title='bbox 44 1274 224 1309; x_wconf 72' lang='lat' dir='ltr'>satisfacere</span> <span class='ocrx_word' id='word_1_203' title='bbox 250 1273 324 1306; x_wconf 81' lang='lat' dir='ltr'>esset</span> <span class='ocrx_word' id='word_1_204' title='bbox 348 1282 470 1315; x_wconf 84' lang='lat' dir='ltr'>paratus</span> <span class='ocrx_word' id='word_1_205' title='bbox 494 1296 504 1311; x_wconf 94' lang='lat'>‚</span> <span class='ocrx_word' id='word_1_206' title='bbox 529 1274 580 1305; x_wconf 75' lang='lat' dir='ltr'>sed</span> <span class='ocrx_word' id='word_1_207' title='bbox 607 1275 737 1308; x_wconf 81' lang='lat' dir='ltr'>Senatus</span> <span class='ocrx_word' id='word_1_208' title='bbox 762 1274 908 1314; x_wconf 86' lang='lat' dir='ltr'>putavit,</span> 
     </span>
     <span class='ocr_line' id='line_1_29' title="bbox 45 1314 907 1356; baseline -0.003 -7"><span class='ocrx_word' id='word_1_209' title='bbox 45 1327 118 1349; x_wconf 87' lang='lat' dir='ltr'>eum</span> <span class='ocrx_word' id='word_1_210' title='bbox 153 1325 216 1348; x_wconf 91' lang='lat' dir='ltr'>non</span> <span class='ocrx_word' id='word_1_211' title='bbox 251 1314 434 1347; x_wconf 71' lang='lat' dir='ltr'>satisfecisse</span> <span class='ocrx_word' id='word_1_212' title='bbox 462 1315 518 1347; x_wconf 91' lang='lat' dir='ltr'>illo</span> <span class='ocrx_word' id='word_1_213' title='bbox 553 1316 707 1347; x_wconf 86' lang='lat' dir='ltr'>mercium</span> <span class='ocrx_word' id='word_1_214' title='bbox 737 1315 907 1356; x_wconf 78' lang='lat' dir='ltr'>catalogo,</span> 
     </span>
     <span class='ocr_line' id='line_1_30' title="bbox 46 1356 911 1401; baseline -0.002 -11"><span class='ocrx_word' id='word_1_215' title='bbox 46 1368 140 1401; x_wconf 85' lang='lat' dir='ltr'>quem</span> <span class='ocrx_word' id='word_1_216' title='bbox 162 1356 350 1388; x_wconf 80' lang='lat' dir='ltr'>exhibuerat</span> <span class='ocrx_word' id='word_1_217' title='bbox 367 1381 377 1396; x_wconf 92' lang='lat'>,</span> <span class='ocrx_word' id='word_1_218' title='bbox 403 1358 433 1388; x_wconf 81' lang='lat'>&amp;</span> <span class='ocrx_word' id='word_1_219' title='bbox 459 1367 499 1388; x_wconf 83' lang='lat' dir='ltr'>ex</span> <span class='ocrx_word' id='word_1_220' title='bbox 523 1356 656 1389; x_wconf 89' lang='lat' dir='ltr'>cerebro</span> <span class='ocrx_word' id='word_1_221' title='bbox 681 1357 732 1390; x_wconf 86' lang='lat' dir='ltr'>seu</span> <span class='ocrx_word' id='word_1_222' title='bbox 757 1358 911 1388; x_wconf 86' lang='lat' dir='ltr'>memoria</span> 
     </span>
     <span class='ocr_line' id='line_1_31' title="bbox 46 1398 908 1440; baseline -0.005 -7"><span class='ocrx_word' id='word_1_223' title='bbox 46 1401 132 1434; x_wconf 84' lang='lat' dir='ltr'>labili</span> <span class='ocrx_word' id='word_1_224' title='bbox 161 1399 387 1437; x_wconf 78' lang='lat' dir='ltr'>fabricaverat,</span> <span class='ocrx_word' id='word_1_225' title='bbox 409 1408 468 1430; x_wconf 87' lang='lat' dir='ltr'>nee</span> <span class='ocrx_word' id='word_1_226' title='bbox 492 1399 587 1430; x_wconf 87' lang='lat' dir='ltr'>etiam</span> <span class='ocrx_word' id='word_1_227' title='bbox 611 1398 650 1430; x_wconf 88' lang='lat' dir='ltr'>ad</span> <span class='ocrx_word' id='word_1_228' title='bbox 673 1398 808 1440; x_wconf 86' lang='lat' dir='ltr'>pretium</span> <span class='ocrx_word' id='word_1_229' title='bbox 838 1408 908 1439; x_wconf 86' lang='lat' dir='ltr'>pro-</span> 
     </span>
     <span class='ocr_line' id='line_1_32' title="bbox 44 1439 910 1482; baseline -0.002 -8"><span class='ocrx_word' id='word_1_230' title='bbox 44 1441 179 1475; x_wconf 86' lang='lat' dir='ltr'>bandum</span> <span class='ocrx_word' id='word_1_231' title='bbox 200 1439 341 1472; x_wconf 86' lang='lat' dir='ltr'>sufficere</span> <span class='ocrx_word' id='word_1_232' title='bbox 366 1439 448 1472; x_wconf 88' lang='lat' dir='ltr'>suam</span> <span class='ocrx_word' id='word_1_233' title='bbox 470 1439 562 1482; x_wconf 85' lang='lat' dir='ltr'>ipsius</span> <span class='ocrx_word' id='word_1_234' title='bbox 585 1439 843 1473; x_wconf 64' lang='lat' dir='ltr'>aestimationem:</span> <span class='ocrx_word' id='word_1_235' title='bbox 866 1440 910 1473; x_wconf 85' lang='lat' dir='ltr'>fic</span> 
     </span>
     <span class='ocr_line' id='line_1_33' title="bbox 45 1480 911 1524; baseline -0.002 -8"><span class='ocrx_word' id='word_1_236' title='bbox 45 1485 131 1516; x_wconf 85' lang='lat' dir='ltr'>enirn</span> <span class='ocrx_word' id='word_1_237' title='bbox 152 1492 308 1524; x_wconf 85' lang='lat' dir='ltr'>nunquam</span> <span class='ocrx_word' id='word_1_238' title='bbox 327 1481 506 1514; x_wconf 83' lang='lat' dir='ltr'>defuturam</span> <span class='ocrx_word' id='word_1_239' title='bbox 534 1482 776 1524; x_wconf 77' lang='lat' dir='ltr'>probationem,</span> <span class='ocrx_word' id='word_1_240' title='bbox 800 1481 822 1514; x_wconf 86' lang='lat' dir='ltr'><strong>fi</strong></span> <span class='ocrx_word' id='word_1_241' title='bbox 845 1480 911 1514; x_wconf 83' lang='lat' dir='ltr'>sola</span> 
     </span>
     <span class='ocr_line' id='line_1_34' title="bbox 45 1523 912 1566; baseline -0.002 -8"><span class='ocrx_word' id='word_1_242' title='bbox 45 1525 222 1558; x_wconf 85' lang='lat' dir='ltr'>adsertione</span> <span class='ocrx_word' id='word_1_243' title='bbox 234 1525 264 1556; x_wconf 65' lang='grc' dir='ltr'>ὃς</span> <span class='ocrx_word' id='word_1_244' title='bbox 278 1523 477 1564; x_wconf 84' lang='lat' dir='ltr'>jurejurando</span> <span class='ocrx_word' id='word_1_245' title='bbox 494 1523 532 1555; x_wconf 86' lang='lat' dir='ltr'>de</span> <span class='ocrx_word' id='word_1_246' title='bbox 549 1524 632 1556; x_wconf 88' lang='lat' dir='ltr'>bona</span> <span class='ocrx_word' id='word_1_247' title='bbox 649 1524 710 1555; x_wconf 80' lang='lat' dir='ltr'>fide</span> <span class='ocrx_word' id='word_1_248' title='bbox 724 1533 771 1556; x_wconf 85' lang='lat' dir='ltr'>res</span> <span class='ocrx_word' id='word_1_249' title='bbox 788 1524 912 1566; x_wconf 78' lang='lat' dir='ltr'>transigi</span> 
     </span>
     <span class='ocr_line' id='line_1_35' title="bbox 45 1564 913 1610; baseline -0.002 -11"><span class='ocrx_word' id='word_1_250' title='bbox 45 1567 150 1610; x_wconf 81' lang='lat' dir='ltr'>possit.</span> <span class='ocrx_word' id='word_1_251' title='bbox 196 1564 325 1606; x_wconf 58' lang='lat' dir='ltr'>Reieeta</span> <span class='ocrx_word' id='word_1_252' title='bbox 341 1565 438 1606; x_wconf 87' lang='lat' dir='ltr'>igitur</span> <span class='ocrx_word' id='word_1_253' title='bbox 459 1565 505 1598; x_wconf 91' lang='lat' dir='ltr'>est</span> <span class='ocrx_word' id='word_1_254' title='bbox 524 1576 560 1598; x_wconf 83' lang='lat' dir='ltr'>ea</span> <span class='ocrx_word' id='word_1_255' title='bbox 579 1566 744 1607; x_wconf 84' lang='lat' dir='ltr'>probatio,</span> <span class='ocrx_word' id='word_1_256' title='bbox 768 1564 819 1598; x_wconf 87' lang='lat' dir='ltr'>sed</span> <span class='ocrx_word' id='word_1_257' title='bbox 839 1567 913 1608; x_wconf 80' lang='lat' dir='ltr'>quia</span> 
     </span>
     <span class='ocr_line' id='line_1_36' title="bbox 47 1606 914 1645; baseline -0.002 -3"><span class='ocrx_word' id='word_1_258' title='bbox 47 1608 231 1645; x_wconf 82' lang='lat' dir='ltr'>constabat,</span> <span class='ocrx_word' id='word_1_259' title='bbox 253 1607 322 1640; x_wconf 83' lang='lat' dir='ltr'>illas</span> <span class='ocrx_word' id='word_1_260' title='bbox 340 1606 480 1640; x_wconf 82' lang='lat' dir='ltr'>Sarcinas</span> <span class='ocrx_word' id='word_1_261' title='bbox 499 1609 530 1640; x_wconf 92' lang='lat' dir='ltr'>in</span> <span class='ocrx_word' id='word_1_262' title='bbox 549 1607 647 1639; x_wconf 83' lang='lat' dir='ltr'>Freto</span> <span class='ocrx_word' id='word_1_263' title='bbox 673 1607 832 1645; x_wconf 87' lang='lat' dir='ltr'>Sundico,</span> <span class='ocrx_word' id='word_1_264' title='bbox 857 1607 914 1640; x_wconf 88' lang='lat' dir='ltr'>ubi</span> 
     </span>
     <span class='ocr_line' id='line_1_37' title="bbox 46 1647 912 1691; baseline -0.005 -7"><span class='ocrx_word' id='word_1_265' title='bbox 46 1650 183 1691; x_wconf 62' lang='lat' dir='ltr'>vestigas</span> <span class='ocrx_word' id='word_1_266' title='bbox 203 1647 338 1681; x_wconf 89' lang='lat' dir='ltr'>solvitur</span> <span class='ocrx_word' id='word_1_267' title='bbox 356 1647 519 1682; x_wconf 88' lang='lat' dir='ltr'>Danorum</span> <span class='ocrx_word' id='word_1_268' title='bbox 538 1649 638 1690; x_wconf 79' lang='lat' dir='ltr'>Regi,</span> <span class='ocrx_word' id='word_1_269' title='bbox 659 1649 753 1681; x_wconf 84' lang='lat' dir='ltr'>fuiffe</span> <span class='ocrx_word' id='word_1_270' title='bbox 779 1648 912 1682; x_wconf 68' lang='lat' dir='ltr'>aestima-</span> 
     </span>
     <span class='ocr_line' id='line_1_38' title="bbox 47 1689 912 1732; baseline -0.005 -6"><span class='ocrx_word' id='word_1_271' title='bbox 47 1700 94 1726; x_wconf 86' lang='lat' dir='ltr'>tas</span> <span class='ocrx_word' id='word_1_272' title='bbox 121 1701 211 1724; x_wconf 84' lang='lat'>1200.</span> <span class='ocrx_word' id='word_1_273' title='bbox 242 1689 460 1732; x_wconf 85' lang='lat' dir='ltr'>Imperialibus</span> <span class='ocrx_word' id='word_1_274' title='bbox 487 1691 646 1731; x_wconf 86' lang='lat' dir='ltr'>Danicis,</span> <span class='ocrx_word' id='word_1_275' title='bbox 681 1692 712 1723; x_wconf 65' lang='grc' dir='ltr'>ὅ(</span> <span class='ocrx_word' id='word_1_276' title='bbox 734 1692 806 1732; x_wconf 88' lang='lat' dir='ltr'>quia</span> <span class='ocrx_word' id='word_1_277' title='bbox 831 1691 912 1723; x_wconf 88' lang='lat' dir='ltr'>nihil</span> 
     </span>
     <span class='ocr_line' id='line_1_39' title="bbox 46 1733 915 1774; baseline -0.003 -7"><span class='ocrx_word' id='word_1_278' title='bbox 46 1734 132 1767; x_wconf 84' lang='lat' dir='ltr'>aliud</span> <span class='ocrx_word' id='word_1_279' title='bbox 152 1733 190 1764; x_wconf 90' lang='lat' dir='ltr'>ad</span> <span class='ocrx_word' id='word_1_280' title='bbox 212 1742 339 1765; x_wconf 89' lang='lat' dir='ltr'>manum</span> <span class='ocrx_word' id='word_1_281' title='bbox 362 1740 449 1771; x_wconf 88' lang='lat' dir='ltr'>erat,</span> <span class='ocrx_word' id='word_1_282' title='bbox 473 1743 514 1765; x_wconf 83' lang='lat' dir='ltr'>ex</span> <span class='ocrx_word' id='word_1_283' title='bbox 540 1743 603 1774; x_wconf 86' lang='lat' dir='ltr'>quo</span> <span class='ocrx_word' id='word_1_284' title='bbox 629 1733 765 1773; x_wconf 88' lang='lat' dir='ltr'>pretium</span> <span class='ocrx_word' id='word_1_285' title='bbox 792 1733 915 1765; x_wconf 88' lang='lat' dir='ltr'>definiri</span> 
     </span>
     <span class='ocr_line' id='line_1_40' title="bbox 46 1774 914 1818; baseline -0.002 -10"><span class='ocrx_word' id='word_1_286' title='bbox 46 1775 141 1818; x_wconf 88' lang='lat' dir='ltr'>poffit</span> <span class='ocrx_word' id='word_1_287' title='bbox 157 1798 167 1814; x_wconf 91' lang='lat'>,</span> <span class='ocrx_word' id='word_1_288' title='bbox 200 1775 331 1808; x_wconf 88' lang='lat' dir='ltr'>Senatus</span> <span class='ocrx_word' id='word_1_289' title='bbox 348 1796 360 1811; x_wconf 84' lang='lat'>,</span> <span class='ocrx_word' id='word_1_290' title='bbox 388 1774 517 1808; x_wconf 77' lang='lat' dir='ltr'>rescistis</span> <span class='ocrx_word' id='word_1_291' title='bbox 541 1775 697 1817; x_wconf 83' lang='lat' dir='ltr'>prioribus</span> <span class='ocrx_word' id='word_1_292' title='bbox 722 1774 884 1807; x_wconf 83' lang='lat' dir='ltr'>sententiis</span> <span class='ocrx_word' id='word_1_293' title='bbox 903 1797 914 1813; x_wconf 96' lang='lat'>,</span> 
     </span>
     <span class='ocr_line' id='line_1_41' title="bbox 47 1815 913 1856; baseline -0.001 -7"><span class='ocrx_word' id='word_1_294' title='bbox 47 1819 193 1849; x_wconf 86' lang='lat' dir='ltr'>damnum</span> <span class='ocrx_word' id='word_1_295' title='bbox 208 1841 218 1856; x_wconf 94' lang='lat'>,</span> <span class='ocrx_word' id='word_1_296' title='bbox 243 1815 371 1849; x_wconf 82' lang='lat' dir='ltr'>sarcinis</span> <span class='ocrx_word' id='word_1_297' title='bbox 393 1816 501 1849; x_wconf 85' lang='lat' dir='ltr'>datum</span> <span class='ocrx_word' id='word_1_298' title='bbox 517 1841 526 1856; x_wconf 93' lang='lat'>,</span> <span class='ocrx_word' id='word_1_299' title='bbox 556 1817 663 1848; x_wconf 89' lang='lat' dir='ltr'>eadem</span> <span class='ocrx_word' id='word_1_300' title='bbox 689 1815 805 1848; x_wconf 88' lang='lat' dir='ltr'>summa</span> <span class='ocrx_word' id='word_1_301' title='bbox 833 1816 913 1848; x_wconf 84' lang='lat' dir='ltr'>aesti-</span> 
     </span>
     <span class='ocr_line' id='line_1_42' title="bbox 47 1857 912 1900; baseline 0 -10"><span class='ocrx_word' id='word_1_302' title='bbox 47 1859 147 1893; x_wconf 88' lang='lat' dir='ltr'>mavit</span> <span class='ocrx_word' id='word_1_303' title='bbox 158 1881 168 1897; x_wconf 94' lang='lat'>,</span> <span class='ocrx_word' id='word_1_304' title='bbox 191 1859 221 1891; x_wconf 83' lang='lat'>&amp;</span> <span class='ocrx_word' id='word_1_305' title='bbox 235 1857 454 1890; x_wconf 87' lang='lat' dir='ltr'>assecuratores</span> <span class='ocrx_word' id='word_1_306' title='bbox 465 1881 474 1896; x_wconf 95' lang='lat'>,</span> <span class='ocrx_word' id='word_1_307' title='bbox 493 1868 549 1900; x_wconf 84' lang='lat' dir='ltr'>pro</span> <span class='ocrx_word' id='word_1_308' title='bbox 572 1867 637 1890; x_wconf 88' lang='lat' dir='ltr'>rata</span> <span class='ocrx_word' id='word_1_309' title='bbox 654 1857 890 1900; x_wconf 78' lang='lat' dir='ltr'>subscriptionis</span> <span class='ocrx_word' id='word_1_310' title='bbox 901 1882 912 1898; x_wconf 88' lang='lat'>,</span> 
     </span>
     <span class='ocr_line' id='line_1_43' title="bbox 47 1899 736 1942; baseline -0.001 -9"><span class='ocrx_word' id='word_1_311' title='bbox 47 1902 80 1933; x_wconf 90' lang='lat' dir='ltr'>in</span> <span class='ocrx_word' id='word_1_312' title='bbox 98 1910 166 1932; x_wconf 80' lang='lat' dir='ltr'>earn</span> <span class='ocrx_word' id='word_1_313' title='bbox 181 1900 363 1938; x_wconf 88' lang='lat' dir='ltr'>damnavit,</span> <span class='ocrx_word' id='word_1_314' title='bbox 385 1908 435 1940; x_wconf 75' lang='lat'>31.</span> <span class='ocrx_word' id='word_1_315' title='bbox 458 1900 519 1940; x_wconf 84' lang='lat' dir='ltr'>Jus.</span> <span class='ocrx_word' id='word_1_316' title='bbox 545 1910 635 1942; x_wconf 78' lang='lat'>1739.</span> <span class='ocrx_word' id='word_1_317' title='bbox 659 1899 736 1942; x_wconf 80' lang='lat'>(2)</span> 
     </span>
     <span class='ocr_line' id='line_1_44' title="bbox 92 1941 912 1988; baseline 0.001 -14"><span class='ocrx_word' id='word_1_318' title='bbox 92 1942 254 1980; x_wconf 61' lang='lat' dir='ltr'>Mmms,</span> <span class='ocrx_word' id='word_1_319' title='bbox 285 1942 337 1982; x_wconf 89' lang='lat' dir='ltr'>qui</span> <span class='ocrx_word' id='word_1_320' title='bbox 365 1941 508 1988; x_wconf 85' lang='lat' dir='ltr'>Quebcci</span> <span class='ocrx_word' id='word_1_321' title='bbox 538 1943 568 1973; x_wconf 91' lang='lat' dir='ltr'>in</span> <span class='ocrx_word' id='word_1_322' title='bbox 598 1943 745 1974; x_wconf 86' lang='lat' dir='ltr'>America</span> <span class='ocrx_word' id='word_1_323' title='bbox 769 1943 912 1982; x_wconf 87' lang='lat' dir='ltr'>Septem-</span> 
     </span>
     <span class='ocr_line' id='line_1_45' title="bbox 48 1983 913 2025; baseline 0 -9"><span class='ocrx_word' id='word_1_324' title='bbox 48 1984 174 2016; x_wconf 87' lang='lat' dir='ltr'>trionali</span> <span class='ocrx_word' id='word_1_325' title='bbox 206 1983 392 2022; x_wconf 79' lang='lat' dir='ltr'>habitabat,</span> <span class='ocrx_word' id='word_1_326' title='bbox 423 1987 474 2017; x_wconf 71' lang='lat'>28.</span> <span class='ocrx_word' id='word_1_327' title='bbox 506 1983 577 2015; x_wconf 59' lang='lat' dir='ltr'>Oct.</span> <span class='ocrx_word' id='word_1_328' title='bbox 607 1986 698 2025; x_wconf 75' lang='lat'>1736.</span> <span class='ocrx_word' id='word_1_329' title='bbox 721 1983 759 2014; x_wconf 88' lang='lat' dir='ltr'>ad</span> <span class='ocrx_word' id='word_1_330' title='bbox 784 1984 913 2016; x_wconf 80' lang='lat' dir='ltr'>Titium</span> 
     </span>
     <span class='ocr_line' id='line_1_46' title="bbox 48 2024 914 2067; baseline -0.001 -9"><span class='ocrx_word' id='word_1_331' title='bbox 48 2024 268 2067; x_wconf 84' lang='lat' dir='ltr'>Rupellensem</span> <span class='ocrx_word' id='word_1_332' title='bbox 292 2025 400 2056; x_wconf 75' lang='lat' dir='ltr'>literas</span> <span class='ocrx_word' id='word_1_333' title='bbox 421 2025 508 2056; x_wconf 86' lang='lat' dir='ltr'>dedit</span> <span class='ocrx_word' id='word_1_334' title='bbox 523 2049 533 2064; x_wconf 90' lang='lat'>,</span> <span class='ocrx_word' id='word_1_335' title='bbox 564 2025 674 2067; x_wconf 88' lang='lat' dir='ltr'>quibus</span> <span class='ocrx_word' id='word_1_336' title='bbox 694 2026 818 2057; x_wconf 83' lang='lat' dir='ltr'>mandat</span> <span class='ocrx_word' id='word_1_337' title='bbox 837 2049 847 2064; x_wconf 87' lang='lat'>,</span> <span class='ocrx_word' id='word_1_338' title='bbox 878 2035 914 2057; x_wconf 91' lang='lat' dir='ltr'>ut</span> 
     </span>
     <span class='ocr_line' id='line_1_47' title="bbox 48 2066 915 2113; baseline 0 -14"><span class='ocrx_word' id='word_1_339' title='bbox 48 2076 169 2099; x_wconf 87' lang='lat' dir='ltr'>merces</span> <span class='ocrx_word' id='word_1_340' title='bbox 188 2066 333 2108; x_wconf 83' lang='lat' dir='ltr'>quasdem</span> <span class='ocrx_word' id='word_1_341' title='bbox 350 2066 432 2106; x_wconf 90' lang='lat' dir='ltr'>suas,</span> <span class='ocrx_word' id='word_1_342' title='bbox 457 2076 532 2108; x_wconf 87' lang='lat' dir='ltr'>quas</span> <span class='ocrx_word' id='word_1_343' title='bbox 552 2067 735 2108; x_wconf 82' lang='lat' dir='ltr'>propediem</span> <span class='ocrx_word' id='word_1_344' title='bbox 759 2067 915 2113; x_wconf 84' lang='lat' dir='ltr'>Quebeco</span> 
     </span>
     <span class='ocr_line' id='line_1_48' title="bbox 48 2107 912 2150; baseline 0 -9"><span class='ocrx_word' id='word_1_345' title='bbox 48 2108 218 2150; x_wconf 86' lang='lat' dir='ltr'>Rupellam</span> <span class='ocrx_word' id='word_1_346' title='bbox 231 2117 296 2140; x_wconf 87' lang='lat' dir='ltr'>erat</span> <span class='ocrx_word' id='word_1_347' title='bbox 311 2107 455 2140; x_wconf 77' lang='lat' dir='ltr'>missurus</span> <span class='ocrx_word' id='word_1_348' title='bbox 465 2131 476 2147; x_wconf 88' lang='lat'>,</span> <span class='ocrx_word' id='word_1_349' title='bbox 492 2108 655 2139; x_wconf 78' lang='lat' dir='ltr'>affecurari</span> <span class='ocrx_word' id='word_1_350' title='bbox 671 2108 791 2140; x_wconf 88' lang='lat' dir='ltr'>faceret</span> <span class='ocrx_word' id='word_1_351' title='bbox 807 2109 845 2141; x_wconf 82' lang='lat' dir='ltr'>ad</span> <span class='ocrx_word' id='word_1_352' title='bbox 865 2120 912 2142; x_wconf 83' lang='lat' dir='ltr'>us-</span> 
     </span>
     <span class='ocr_line' id='line_1_49' title="bbox 48 2148 912 2192; baseline 0.002 -11"><span class='ocrx_word' id='word_1_353' title='bbox 48 2160 110 2192; x_wconf 89' lang='lat' dir='ltr'>que</span> <span class='ocrx_word' id='word_1_354' title='bbox 130 2148 427 2182; x_wconf 85' lang='lat' dir='ltr'>certamsummam.</span> <span class='ocrx_word' id='word_1_355' title='bbox 472 2149 604 2188; x_wconf 85' lang='lat' dir='ltr'>Titius,</span> <span class='ocrx_word' id='word_1_356' title='bbox 628 2150 768 2189; x_wconf 83' lang='lat' dir='ltr'>acceptis</span> <span class='ocrx_word' id='word_1_357' title='bbox 791 2151 853 2183; x_wconf 71' lang='lat' dir='ltr'>iliis</span> <span class='ocrx_word' id='word_1_358' title='bbox 876 2151 912 2183; x_wconf 90' lang='lat' dir='ltr'>li-</span> 
     </span>
     <span class='ocr_line' id='line_1_50' title="bbox 50 2190 914 2232; baseline 0 -8"><span class='ocrx_word' id='word_1_359' title='bbox 50 2191 149 2230; x_wconf 86' lang='lat' dir='ltr'>teris,</span> <span class='ocrx_word' id='word_1_360' title='bbox 171 2200 267 2232; x_wconf 88' lang='lat' dir='ltr'>quum</span> <span class='ocrx_word' id='word_1_361' title='bbox 280 2190 422 2231; x_wconf 84' lang='lat' dir='ltr'>Rupellae</span> <span class='ocrx_word' id='word_1_362' title='bbox 444 2191 528 2223; x_wconf 86' lang='lat' dir='ltr'>nulla</span> <span class='ocrx_word' id='word_1_363' title='bbox 555 2191 632 2222; x_wconf 78' lang='lat' dir='ltr'>esset</span> <span class='ocrx_word' id='word_1_364' title='bbox 650 2190 837 2224; x_wconf 81' lang='lat' dir='ltr'>affecurandi</span> <span class='ocrx_word' id='word_1_365' title='bbox 860 2202 914 2224; x_wconf 90' lang='lat' dir='ltr'>oc-</span> 
     </span>
     <span class='ocr_line' id='line_1_51' title="bbox 47 2231 912 2274; baseline 0 -9"><span class='ocrx_word' id='word_1_366' title='bbox 47 2232 131 2266; x_wconf 81' lang='lat' dir='ltr'>casio</span> <span class='ocrx_word' id='word_1_367' title='bbox 149 2257 158 2271; x_wconf 92' lang='lat'>‚</span> <span class='ocrx_word' id='word_1_368' title='bbox 192 2242 242 2264; x_wconf 59' lang='grc'>07.</span> <span class='ocrx_word' id='word_1_369' title='bbox 267 2231 349 2264; x_wconf 85' lang='lat' dir='ltr'>Dec.</span> <span class='ocrx_word' id='word_1_370' title='bbox 377 2236 466 2274; x_wconf 80' lang='lat'>1736.</span> <span class='ocrx_word' id='word_1_371' title='bbox 489 2232 599 2264; x_wconf 88' lang='lat' dir='ltr'>scribit</span> <span class='ocrx_word' id='word_1_372' title='bbox 627 2233 664 2263; x_wconf 86' lang='lat' dir='ltr'>ad</span> <span class='ocrx_word' id='word_1_373' title='bbox 691 2234 912 2274; x_wconf 87' lang='lat' dir='ltr'>Sempronium</span> 
     </span>
     <span class='ocr_line' id='line_1_52' title="bbox 47 2273 912 2312; baseline 0 -5"><span class='ocrx_word' id='word_1_374' title='bbox 47 2273 402 2312; x_wconf 70' lang='lat' dir='ltr'>Amsteiuammensem,</span> <span class='ocrx_word' id='word_1_375' title='bbox 427 2281 462 2305; x_wconf 89' lang='lat' dir='ltr'>ut</span> <span class='ocrx_word' id='word_1_376' title='bbox 481 2274 511 2305; x_wconf 93' lang='lat' dir='ltr'>in</span> <span class='ocrx_word' id='word_1_377' title='bbox 534 2273 705 2306; x_wconf 84' lang='lat' dir='ltr'>Hollandia</span> <span class='ocrx_word' id='word_1_378' title='bbox 729 2275 814 2307; x_wconf 87' lang='lat' dir='ltr'>illam</span> <span class='ocrx_word' id='word_1_379' title='bbox 836 2275 912 2307; x_wconf 78' lang='lat' dir='ltr'>asse-</span> 
     </span>
     <span class='ocr_line' id='line_1_53' title="bbox 47 2315 913 2356; baseline 0.002 -10"><span class='ocrx_word' id='word_1_380' title='bbox 47 2317 244 2347; x_wconf 84' lang='lat' dir='ltr'>curationem</span> <span class='ocrx_word' id='word_1_381' title='bbox 260 2324 389 2354; x_wconf 88' lang='lat' dir='ltr'>curare,</span> <span class='ocrx_word' id='word_1_382' title='bbox 414 2315 443 2347; x_wconf 89' lang='lat'>&amp;</span> <span class='ocrx_word' id='word_1_383' title='bbox 461 2315 720 2348; x_wconf 78' lang='lat' dir='ltr'>assecuratoribus</span> <span class='ocrx_word' id='word_1_384' title='bbox 742 2316 913 2356; x_wconf 76' lang='lat' dir='ltr'>significare</span> 
     </span>
     <span class='ocr_line' id='line_1_54' title="bbox 46 2357 912 2400; baseline 0.001 -12"><span class='ocrx_word' id='word_1_385' title='bbox 46 2357 146 2389; x_wconf 82' lang='lat' dir='ltr'>vellet</span> <span class='ocrx_word' id='word_1_386' title='bbox 160 2379 171 2395; x_wconf 91' lang='lat'>,</span> <span class='ocrx_word' id='word_1_387' title='bbox 193 2366 321 2396; x_wconf 86' lang='lat' dir='ltr'>navem,</span> <span class='ocrx_word' id='word_1_388' title='bbox 345 2365 415 2397; x_wconf 82' lang='lat' dir='ltr'>quae</span> <span class='ocrx_word' id='word_1_389' title='bbox 431 2365 549 2389; x_wconf 82' lang='lat' dir='ltr'>merces</span> <span class='ocrx_word' id='word_1_390' title='bbox 568 2358 733 2398; x_wconf 87' lang='lat' dir='ltr'>portabat,</span> <span class='ocrx_word' id='word_1_391' title='bbox 755 2357 912 2400; x_wconf 86' lang='lat' dir='ltr'>Quebeco</span> 
     </span>
     <span class='ocr_line' id='line_1_55' title="bbox 47 2396 910 2440; baseline 0.001 -11"><span class='ocrx_word' id='word_1_392' title='bbox 47 2399 107 2431; x_wconf 76' lang='lat' dir='ltr'>ess&#39;e</span> <span class='ocrx_word' id='word_1_393' title='bbox 122 2397 297 2439; x_wconf 65' lang='lat' dir='ltr'>profectam</span> <span class='ocrx_word' id='word_1_394' title='bbox 312 2407 342 2439; x_wconf 79' lang='lat'>3.</span> <span class='ocrx_word' id='word_1_395' title='bbox 366 2396 454 2429; x_wconf 90' lang='lat' dir='ltr'>Nov.</span> <span class='ocrx_word' id='word_1_396' title='bbox 484 2401 574 2440; x_wconf 77' lang='lat'>1736.</span> <span class='ocrx_word' id='word_1_397' title='bbox 598 2407 769 2437; x_wconf 75' lang='lat' dir='ltr'>eaetcrum,</span> <span class='ocrx_word' id='word_1_398' title='bbox 794 2399 824 2430; x_wconf 89' lang='lat' dir='ltr'>se</span> <span class='ocrx_word' id='word_1_399' title='bbox 845 2400 910 2430; x_wconf 87' lang='lat' dir='ltr'>nul-</span> 
     </span>
     <span class='ocr_line' id='line_1_56' title="bbox 49 2438 913 2480; baseline 0 -8"><span class='ocrx_word' id='word_1_400' title='bbox 49 2440 80 2472; x_wconf 87' lang='lat' dir='ltr'>la</span> <span class='ocrx_word' id='word_1_401' title='bbox 105 2440 165 2471; x_wconf 86' lang='lat' dir='ltr'>alia</span> <span class='ocrx_word' id='word_1_402' title='bbox 192 2438 396 2471; x_wconf 86' lang='lat' dir='ltr'>instrumenta</span> <span class='ocrx_word' id='word_1_403' title='bbox 417 2438 548 2478; x_wconf 87' lang='lat' dir='ltr'>habere,</span> <span class='ocrx_word' id='word_1_404' title='bbox 573 2448 665 2480; x_wconf 85' lang='lat' dir='ltr'>quam</span> <span class='ocrx_word' id='word_1_405' title='bbox 692 2440 779 2471; x_wconf 84' lang='lat' dir='ltr'>illam</span> <span class='ocrx_word' id='word_1_406' title='bbox 797 2440 913 2472; x_wconf 83' lang='lat' dir='ltr'>Maevii</span> 
     </span>
     <span class='ocr_line' id='line_1_57' title="bbox 49 2480 913 2523; baseline 0 -11"><span class='ocrx_word' id='word_1_407' title='bbox 49 2480 227 2523; x_wconf 77' lang='lat' dir='ltr'>epistulam.</span> <span class='ocrx_word' id='word_1_408' title='bbox 271 2480 474 2521; x_wconf 85' lang='lat' dir='ltr'>Sempronius</span> <span class='ocrx_word' id='word_1_409' title='bbox 496 2489 586 2512; x_wconf 87' lang='lat' dir='ltr'>curat</span> <span class='ocrx_word' id='word_1_410' title='bbox 607 2481 694 2512; x_wconf 84' lang='lat' dir='ltr'>illam</span> <span class='ocrx_word' id='word_1_411' title='bbox 717 2481 913 2513; x_wconf 83' lang='lat' dir='ltr'>assecuratio-</span> 
     </span>
     <span class='ocr_line' id='line_1_58' title="bbox 48 2521 914 2564; baseline 0 -10"><span class='ocrx_word' id='word_1_412' title='bbox 48 2531 123 2554; x_wconf 78' lang='lat' dir='ltr'>nem</span> <span class='ocrx_word' id='word_1_413' title='bbox 149 2522 347 2554; x_wconf 74' lang='lat' dir='ltr'>Rozterdami</span> <span class='ocrx_word' id='word_1_414' title='bbox 379 2531 427 2554; x_wconf 88' lang='lat'>10.</span> <span class='ocrx_word' id='word_1_415' title='bbox 457 2522 488 2553; x_wconf 83' lang='lat'>&amp;</span> <span class='ocrx_word' id='word_1_416' title='bbox 520 2531 567 2554; x_wconf 85' lang='lat'>12.</span> <span class='ocrx_word' id='word_1_417' title='bbox 599 2521 664 2562; x_wconf 84' lang='lat' dir='ltr'>Jan.</span> <span class='ocrx_word' id='word_1_418' title='bbox 697 2531 787 2564; x_wconf 76' lang='grc'>1737.</span> <span class='ocrx_word' id='word_1_419' title='bbox 826 2523 914 2561; x_wconf 86' lang='lat' dir='ltr'>Sed,</span> 
     </span>
     <span class='ocr_line' id='line_1_59' title="bbox 49 2562 913 2605; baseline -0.002 -9"><span class='ocrx_word' id='word_1_420' title='bbox 49 2563 122 2605; x_wconf 88' lang='lat' dir='ltr'>quia</span> <span class='ocrx_word' id='word_1_421' title='bbox 139 2563 250 2595; x_wconf 84' lang='lat' dir='ltr'>Titius</span> <span class='ocrx_word' id='word_1_422' title='bbox 268 2562 450 2604; x_wconf 85' lang='lat' dir='ltr'>scripserat,</span> <span class='ocrx_word' id='word_1_423' title='bbox 475 2563 530 2595; x_wconf 85' lang='lat' dir='ltr'>sibi</span> <span class='ocrx_word' id='word_1_424' title='bbox 546 2563 623 2594; x_wconf 88' lang='lat' dir='ltr'>nihil</span> <span class='ocrx_word' id='word_1_425' title='bbox 641 2563 679 2594; x_wconf 87' lang='lat' dir='ltr'>ad</span> <span class='ocrx_word' id='word_1_426' title='bbox 698 2570 823 2595; x_wconf 81' lang='lat' dir='ltr'>manum</span> <span class='ocrx_word' id='word_1_427' title='bbox 838 2564 913 2601; x_wconf 73' lang='lat' dir='ltr'>effe,</span> 
     </span>
     <span class='ocr_line' id='line_1_60' title="bbox 49 2603 912 2646; baseline 0.001 -10"><span class='ocrx_word' id='word_1_428' title='bbox 49 2614 143 2645; x_wconf 84' lang='lat' dir='ltr'>quarn</span> <span class='ocrx_word' id='word_1_429' title='bbox 167 2605 252 2636; x_wconf 87' lang='lat' dir='ltr'>illam</span> <span class='ocrx_word' id='word_1_430' title='bbox 277 2605 392 2637; x_wconf 81' lang='lat' dir='ltr'>Maevii</span> <span class='ocrx_word' id='word_1_431' title='bbox 414 2603 576 2646; x_wconf 82' lang='lat' dir='ltr'>epistulam</span> <span class='ocrx_word' id='word_1_432' title='bbox 592 2629 600 2643; x_wconf 94' lang='lat'>,</span> <span class='ocrx_word' id='word_1_433' title='bbox 633 2605 736 2636; x_wconf 82' lang='lat' dir='ltr'>datam</span> <span class='ocrx_word' id='word_1_434' title='bbox 763 2610 812 2640; x_wconf 73' lang='lat'>28.</span> <span class='ocrx_word' id='word_1_435' title='bbox 839 2605 912 2637; x_wconf 68' lang='lat' dir='ltr'>Ost.</span> 
     </span>
     <span class='ocr_line' id='line_1_61' title="bbox 52 2645 912 2688; baseline 0.001 -11"><span class='ocrx_word' id='word_1_436' title='bbox 52 2649 144 2688; x_wconf 83' lang='lat'>1736.</span> <span class='ocrx_word' id='word_1_437' title='bbox 188 2645 390 2687; x_wconf 88' lang='lat' dir='ltr'>Sempronius</span> <span class='ocrx_word' id='word_1_438' title='bbox 429 2647 539 2678; x_wconf 78' lang='lat' dir='ltr'>anxius</span> <span class='ocrx_word' id='word_1_439' title='bbox 573 2647 710 2678; x_wconf 82' lang='lat' dir='ltr'>haerebat</span> <span class='ocrx_word' id='word_1_440' title='bbox 728 2668 739 2684; x_wconf 94' lang='lat'>,</span> <span class='ocrx_word' id='word_1_441' title='bbox 769 2647 912 2687; x_wconf 74' lang='lat' dir='ltr'>quemad-</span> 
     </span>
     <span class='ocr_line' id='line_1_62' title="bbox 47 2686 912 2730; baseline 0 -12"><span class='ocrx_word' id='word_1_442' title='bbox 47 2689 179 2721; x_wconf 82' lang='lat' dir='ltr'>modum</span> <span class='ocrx_word' id='word_1_443' title='bbox 210 2697 249 2720; x_wconf 79' lang='lat' dir='ltr'>ex</span> <span class='ocrx_word' id='word_1_444' title='bbox 271 2686 402 2728; x_wconf 88' lang='lat' dir='ltr'>epistula</span> <span class='ocrx_word' id='word_1_445' title='bbox 416 2711 425 2726; x_wconf 86' lang='lat'>,</span> <span class='ocrx_word' id='word_1_446' title='bbox 448 2688 560 2730; x_wconf 83' lang='lat' dir='ltr'>scripta</span> <span class='ocrx_word' id='word_1_447' title='bbox 585 2692 634 2722; x_wconf 74' lang='lat'>28.</span> <span class='ocrx_word' id='word_1_448' title='bbox 660 2688 733 2719; x_wconf 67' lang='lat' dir='ltr'>Oct.</span> <span class='ocrx_word' id='word_1_449' title='bbox 755 2687 835 2719; x_wconf 82' lang='lat' dir='ltr'>scire</span> <span class='ocrx_word' id='word_1_450' title='bbox 855 2698 912 2729; x_wconf 86' lang='lat' dir='ltr'>po-</span> 
     </span>
     <span class='ocr_line' id='line_1_63' title="bbox 49 2727 912 2774; baseline 0 -13"><span class='ocrx_word' id='word_1_451' title='bbox 49 2729 158 2761; x_wconf 83' lang='lat' dir='ltr'>tuisset</span> <span class='ocrx_word' id='word_1_452' title='bbox 174 2727 305 2766; x_wconf 86' lang='lat' dir='ltr'>Titius,</span> <span class='ocrx_word' id='word_1_453' title='bbox 325 2738 440 2760; x_wconf 86' lang='lat' dir='ltr'>navem</span> <span class='ocrx_word' id='word_1_454' title='bbox 458 2729 613 2774; x_wconf 85' lang='lat' dir='ltr'>Quebeco</span> <span class='ocrx_word' id='word_1_455' title='bbox 630 2728 743 2761; x_wconf 88' lang='lat' dir='ltr'>deinde</span> <span class='ocrx_word' id='word_1_456' title='bbox 759 2729 821 2760; x_wconf 73' lang='lat' dir='ltr'>esse</span> <span class='ocrx_word' id='word_1_457' title='bbox 840 2739 912 2770; x_wconf 86' lang='lat' dir='ltr'>pro-</span> 
     </span>
     <span class='ocr_line' id='line_1_64' title="bbox 47 2768 912 2811; baseline -0.001 -8"><span class='ocrx_word' id='word_1_458' title='bbox 47 2770 163 2803; x_wconf 67' lang='lat' dir='ltr'>festam</span> <span class='ocrx_word' id='word_1_459' title='bbox 183 2792 193 2808; x_wconf 84' lang='grc'>,</span> <span class='ocrx_word' id='word_1_460' title='bbox 213 2779 326 2811; x_wconf 81' lang='lat' dir='ltr'>nempe</span> <span class='ocrx_word' id='word_1_461' title='bbox 350 2780 380 2811; x_wconf 82' lang='grc'>3.</span> <span class='ocrx_word' id='word_1_462' title='bbox 411 2768 499 2802; x_wconf 81' lang='lat' dir='ltr'>Nov.</span> <span class='ocrx_word' id='word_1_463' title='bbox 526 2772 556 2803; x_wconf 86' lang='lat'>&amp;</span> <span class='ocrx_word' id='word_1_464' title='bbox 580 2779 722 2803; x_wconf 79' lang='lat' dir='ltr'>metuens</span> <span class='ocrx_word' id='word_1_465' title='bbox 750 2780 785 2802; x_wconf 82' lang='lat' dir='ltr'>ea</span> <span class='ocrx_word' id='word_1_466' title='bbox 811 2771 850 2802; x_wconf 88' lang='lat' dir='ltr'>de</span> <span class='ocrx_word' id='word_1_467' title='bbox 878 2780 912 2802; x_wconf 90' lang='lat' dir='ltr'>re</span> 
     </span>
     <span class='ocr_line' id='line_1_65' title="bbox 47 2810 911 2853; baseline -0.001 -8"><span class='ocrx_word' id='word_1_468' title='bbox 47 2813 140 2845; x_wconf 89' lang='lat' dir='ltr'>litem</span> <span class='ocrx_word' id='word_1_469' title='bbox 155 2835 166 2851; x_wconf 95' lang='lat'>,</span> <span class='ocrx_word' id='word_1_470' title='bbox 189 2812 356 2853; x_wconf 81' lang='lat' dir='ltr'>prudenter</span> <span class='ocrx_word' id='word_1_471' title='bbox 376 2810 582 2845; x_wconf 81' lang='lat' dir='ltr'>instrumento</span> <span class='ocrx_word' id='word_1_472' title='bbox 606 2811 840 2844; x_wconf 67' lang='lat' dir='ltr'>astetur-ationis</span> <span class='ocrx_word' id='word_1_473' title='bbox 867 2813 911 2844; x_wconf 91' lang='lat' dir='ltr'>in-</span> 
     </span>
     <span class='ocr_line' id='line_1_66' title="bbox 47 2851 909 2896; baseline 0 -11"><span class='ocrx_word' id='word_1_474' title='bbox 47 2853 140 2892; x_wconf 86' lang='lat' dir='ltr'>serit,</span> <span class='ocrx_word' id='word_1_475' title='bbox 162 2855 213 2885; x_wconf 71' lang='lat' dir='ltr'>dat</span> <span class='ocrx_word' id='word_1_476' title='bbox 237 2856 270 2885; x_wconf 66' lang='lat' dir='ltr'>[Ie</span> <span class='ocrx_word' id='word_1_477' title='bbox 292 2851 373 2892; x_wconf 77' lang='lat' dir='ltr'>rifico</span> <span class='ocrx_word' id='word_1_478' title='bbox 401 2862 454 2883; x_wconf 70' lang='lat'>2011.</span> <span class='ocrx_word' id='word_1_479' title='bbox 473 2855 587 2896; x_wconf 70' lang='lat' dir='ltr'>ingaczn</span> <span class='ocrx_word' id='word_1_480' title='bbox 617 2859 650 2894; x_wconf 84' lang='lat' dir='ltr'>op</span> <span class='ocrx_word' id='word_1_481' title='bbox 676 2855 732 2885; x_wconf 78' lang='lat' dir='ltr'>den</span> <span class='ocrx_word' id='word_1_482' title='bbox 761 2864 791 2896; x_wconf 82' lang='lat'>3.</span> <span class='ocrx_word' id='word_1_483' title='bbox 827 2854 909 2886; x_wconf 75' lang='lat' dir='ltr'>Nov.</span> 
     </span>
     <span class='ocr_line' id='line_1_67' title="bbox 52 2896 910 2937; baseline -0.002 -9"><span class='ocrx_word' id='word_1_484' title='bbox 52 2898 144 2937; x_wconf 82' lang='lat'>1736.</span> <span class='ocrx_word' id='word_1_485' title='bbox 166 2897 212 2928; x_wconf 80' lang='lat' dir='ltr'>als</span> <span class='ocrx_word' id='word_1_486' title='bbox 233 2904 376 2926; x_wconf 69' lang='lat' dir='ltr'>twamzeer</span> <span class='ocrx_word' id='word_1_487' title='bbox 394 2902 527 2936; x_wconf 69' lang='lat' dir='ltr'>gemtem</span> <span class='ocrx_word' id='word_1_488' title='bbox 551 2897 666 2933; x_wconf 69' lang='lat' dir='ltr'>wierrl,</span> <span class='ocrx_word' id='word_1_489' title='bbox 690 2897 742 2927; x_wconf 76' lang='lat' dir='ltr'>dat</span> <span class='ocrx_word' id='word_1_490' title='bbox 760 2899 809 2928; x_wconf 77' lang='lat' dir='ltr'>het</span> <span class='ocrx_word' id='word_1_491' title='bbox 822 2896 910 2936; x_wconf 74' lang='lat' dir='ltr'>schip</span> 
     </span>
     <span class='ocr_line' id='line_1_68' title="bbox 49 2936 910 2978; baseline -0.001 -10"><span class='ocrx_word' id='word_1_492' title='bbox 49 2947 102 2969; x_wconf 83' lang='lat' dir='ltr'>zou</span> <span class='ocrx_word' id='word_1_493' title='bbox 119 2939 213 2970; x_wconf 61' lang='lat' dir='ltr'>milen</span> <span class='ocrx_word' id='word_1_494' title='bbox 225 2960 236 2976; x_wconf 88' lang='lat'>,</span> <span class='ocrx_word' id='word_1_495' title='bbox 255 2937 339 2969; x_wconf 71' lang='lat' dir='ltr'>znlks</span> <span class='ocrx_word' id='word_1_496' title='bbox 356 2936 483 2978; x_wconf 78' lang='lat' dir='ltr'>geschiet</span> <span class='ocrx_word' id='word_1_497' title='bbox 499 2936 629 2977; x_wconf 67' lang='lat' dir='ltr'>westenda</span> <span class='ocrx_word' id='word_1_498' title='bbox 647 2936 681 2977; x_wconf 73' lang='lat' dir='ltr'>cf</span> <span class='ocrx_word' id='word_1_499' title='bbox 697 2938 760 2968; x_wconf 70' lang='lat' dir='ltr'>niet</span> <span class='ocrx_word' id='word_1_500' title='bbox 773 2961 782 2974; x_wconf 76' lang='grc'><strong>,</strong></span> <span class='ocrx_word' id='word_1_501' title='bbox 804 2937 838 2978; x_wconf 86' lang='lat' dir='ltr'>os</span> <span class='ocrx_word' id='word_1_502' title='bbox 850 2937 910 2968; x_wconf 69' lang='lat' dir='ltr'>wel</span> 
     </span>
     <span class='ocr_line' id='line_1_69' title="bbox 49 2977 909 3022; baseline -0.002 -11"><span class='ocrx_word' id='word_1_503' title='bbox 49 2982 150 3021; x_wconf 70' lang='lat' dir='ltr'>eenige</span> <span class='ocrx_word' id='word_1_504' title='bbox 170 2981 267 3022; x_wconf 80' lang='lat' dir='ltr'>dagen</span> <span class='ocrx_word' id='word_1_505' title='bbox 279 2987 402 3020; x_wconf 75' lang='lat' dir='ltr'>vroeger</span> <span class='ocrx_word' id='word_1_506' title='bbox 424 2977 458 3016; x_wconf 88' lang='lat' dir='ltr'>of</span> <span class='ocrx_word' id='word_1_507' title='bbox 476 2977 572 3016; x_wconf 78' lang='lat' dir='ltr'>later,</span> <span class='ocrx_word' id='word_1_508' title='bbox 595 2979 646 3008; x_wconf 73' lang='grc' dir='ltr'>ίὶαῑ</span> <span class='ocrx_word' id='word_1_509' title='bbox 669 2978 704 3008; x_wconf 76' lang='lat' dir='ltr'>de</span> <span class='ocrx_word' id='word_1_510' title='bbox 729 2978 909 3019; x_wconf 65' lang='lat' dir='ltr'>qfflzradcurs</span> 
     </span>
     <span class='ocr_line' id='line_1_70' title="bbox 50 3019 909 3062; baseline -0.001 -10"><span class='ocrx_word' id='word_1_511' title='bbox 50 3027 78 3052; x_wconf 76' lang='lat' dir='ltr'>te</span> <span class='ocrx_word' id='word_1_512' title='bbox 102 3022 210 3053; x_wconf 71' lang='lat' dir='ltr'>vreden</span> <span class='ocrx_word' id='word_1_513' title='bbox 237 3029 372 3058; x_wconf 80' lang='lat' dir='ltr'>waren3</span> <span class='ocrx_word' id='word_1_514' title='bbox 407 3019 482 3050; x_wconf 80' lang='lat' dir='ltr'>alles</span> <span class='ocrx_word' id='word_1_515' title='bbox 503 3025 546 3050; x_wconf 68' lang='lat' dir='ltr'>ter·</span> <span class='ocrx_word' id='word_1_516' title='bbox 572 3020 677 3062; x_wconf 74' lang='lat' dir='ltr'>goeder</span> <span class='ocrx_word' id='word_1_517' title='bbox 704 3026 816 3051; x_wconf 73' lang='lat' dir='ltr'>trouwe</span> <span class='ocrx_word' id='word_1_518' title='bbox 835 3043 846 3058; x_wconf 85' lang='lat'>,</span> <span class='ocrx_word' id='word_1_519' title='bbox 873 3030 909 3051; x_wconf 81' lang='lat' dir='ltr'>en</span> 
     </span>
     <span class='ocr_line' id='line_1_71' title="bbox 48 3061 908 3105; baseline -0.003 -12"><span class='ocrx_word' id='word_1_520' title='bbox 48 3070 146 3095; x_wconf 77' lang='lat' dir='ltr'>voorts</span> <span class='ocrx_word' id='word_1_521' title='bbox 173 3069 205 3103; x_wconf 85' lang='lat' dir='ltr'>op</span> <span class='ocrx_word' id='word_1_522' title='bbox 231 3063 289 3095; x_wconf 86' lang='lat' dir='ltr'>alle</span> <span class='ocrx_word' id='word_1_523' title='bbox 313 3062 401 3105; x_wconf 75' lang='lat' dir='ltr'>goede</span> <span class='ocrx_word' id='word_1_524' title='bbox 417 3070 453 3091; x_wconf 82' lang='lat' dir='ltr'>en</span> <span class='ocrx_word' id='word_1_525' title='bbox 478 3062 569 3102; x_wconf 69' lang='lat' dir='ltr'>quaele</span> <span class='ocrx_word' id='word_1_526' title='bbox 600 3061 715 3102; x_wconf 59' lang='lat' dir='ltr'>tyding.</span> <span class='ocrx_word' id='word_1_527' title='bbox 761 3061 908 3094; x_wconf 76' lang='lat' dir='ltr'>Habebat</span> 
     </span>
     <span class='ocr_line' id='line_1_72' title="bbox 48 3102 907 3146; baseline -0.001 -11"><span class='ocrx_word' id='word_1_528' title='bbox 48 3105 162 3146; x_wconf 90' lang='lat' dir='ltr'>utique</span> <span class='ocrx_word' id='word_1_529' title='bbox 179 3104 382 3146; x_wconf 87' lang='lat' dir='ltr'>Sempronius</span> <span class='ocrx_word' id='word_1_530' title='bbox 394 3125 404 3141; x_wconf 91' lang='lat'>,</span> <span class='ocrx_word' id='word_1_531' title='bbox 427 3111 484 3133; x_wconf 86' lang='lat' dir='ltr'>cui·</span> <span class='ocrx_word' id='word_1_532' title='bbox 502 3102 681 3136; x_wconf 78' lang='lat' dir='ltr'>dubitaret,</span> <span class='ocrx_word' id='word_1_533' title='bbox 704 3111 741 3132; x_wconf 82' lang='lat' dir='ltr'>an</span> <span class='ocrx_word' id='word_1_534' title='bbox 760 3112 825 3134; x_wconf 85' lang='lat' dir='ltr'>non</span> <span class='ocrx_word' id='word_1_535' title='bbox 848 3102 907 3134; x_wconf 88' lang='lat' dir='ltr'>Ti-</span> 
     </span>
     <span class='ocr_line' id='line_1_73' title="bbox 49 3141 909 3185; baseline -0.002 -8"><span class='ocrx_word' id='word_1_536' title='bbox 49 3146 113 3178; x_wconf 89' lang='lat' dir='ltr'>tius</span> <span class='ocrx_word' id='word_1_537' title='bbox 129 3145 252 3177; x_wconf 82' lang='lat' dir='ltr'>errasset</span> <span class='ocrx_word' id='word_1_538' title='bbox 277 3148 310 3177; x_wconf 88' lang='lat' dir='ltr'>in</span> <span class='ocrx_word' id='word_1_539' title='bbox 337 3142 512 3185; x_wconf 84' lang='lat' dir='ltr'>affignando</span> <span class='ocrx_word' id='word_1_540' title='bbox 529 3143 580 3175; x_wconf 84' lang='lat' dir='ltr'>die</span> <span class='ocrx_word' id='word_1_541' title='bbox 607 3141 832 3184; x_wconf 65' lang='lat' dir='ltr'>profectionis,</span> <span class='ocrx_word' id='word_1_542' title='bbox 857 3153 909 3176; x_wconf 89' lang='lat' dir='ltr'>nc-</span> 
     </span>
    </p>
   </div>
   <div class='ocr_carea' id='block_1_3' title="bbox 87 3227 736 3270">
    <p class='ocr_par' dir='ltr' id='par_1_3' title="bbox 87 3227 736 3270">
     <span class='ocr_line' id='line_1_74' title="bbox 87 3227 736 3270; baseline -0.006 -10"><span class='ocrx_word' id='word_1_543' title='bbox 87 3229 150 3268; x_wconf 86' lang='lat'>(2)</span> <span class='ocrx_word' id='word_1_544' title='bbox 171 3228 281 3270; x_wconf 73' lang='lat' dir='ltr'>Observ-</span> <span class='ocrx_word' id='word_1_545' title='bbox 305 3228 422 3261; x_wconf 74' lang='lat' dir='ltr'>Tumuzc.</span> <span class='ocrx_word' id='word_1_546' title='bbox 453 3227 485 3258; x_wconf 88' lang='lat' dir='ltr'>T.</span> <span class='ocrx_word' id='word_1_547' title='bbox 506 3227 584 3261; x_wconf 83' lang='lat' dir='ltr'>XIV.</span> <span class='ocrx_word' id='word_1_548' title='bbox 605 3235 631 3256; x_wconf 83' lang='lat' dir='ltr'>n.</span> <span class='ocrx_word' id='word_1_549' title='bbox 655 3228 736 3262; x_wconf 80' lang='lat'>3148.</span> 
     </span>
    </p>
   </div>
   <div class='ocr_carea' id='block_1_4' title="bbox 1745 119 1818 154">
    <p class='ocr_par' dir='ltr' id='par_1_4' title="bbox 1745 119 1818 154">
     <span class='ocr_line' id='line_1_75' title="bbox 1745 119 1818 154; baseline 0 0"><span class='ocrx_word' id='word_1_550' title='bbox 1745 119 1818 154; x_wconf 81' lang='lat'>459</span> 
     </span>
    </p>
   </div>
   <div class='ocr_carea' id='block_1_5' title="bbox 951 186 1867 3214">
    <p class='ocr_par' dir='ltr' id='par_1_5' title="bbox 953 186 1823 650">
     <span class='ocr_line' id='line_1_76' title="bbox 958 186 1820 239; baseline 0.007 -18"><span class='ocrx_word' id='word_1_551' title='bbox 958 187 1076 222; x_wconf 85' lang='lat' dir='ltr'>sciebat</span> <span class='ocrx_word' id='word_1_552' title='bbox 1092 188 1196 230; x_wconf 84' lang='lat' dir='ltr'>enim,</span> <span class='ocrx_word' id='word_1_553' title='bbox 1220 186 1311 223; x_wconf 78' lang='lat' dir='ltr'>aliam</span> <span class='ocrx_word' id='word_1_554' title='bbox 1328 199 1443 224; x_wconf 81' lang='lat' dir='ltr'>navem</span> <span class='ocrx_word' id='word_1_555' title='bbox 1471 194 1625 239; x_wconf 83' lang='lat' dir='ltr'>Quebeco</span> <span class='ocrx_word' id='word_1_556' title='bbox 1653 196 1820 237; x_wconf 87' lang='lat' dir='ltr'>Rupcllam</span> 
     </span>
     <span class='ocr_line' id='line_1_77' title="bbox 957 232 1822 274; baseline 0.006 -10"><span class='ocrx_word' id='word_1_557' title='bbox 957 232 1116 265; x_wconf 87' lang='lat' dir='ltr'>advenisse</span> <span class='ocrx_word' id='word_1_558' title='bbox 1134 255 1145 272; x_wconf 92' lang='lat'>,</span> <span class='ocrx_word' id='word_1_559' title='bbox 1166 233 1197 266; x_wconf 69' lang='grc' dir='ltr'>ὅσ</span> <span class='ocrx_word' id='word_1_560' title='bbox 1219 241 1258 266; x_wconf 83' lang='lat' dir='ltr'>ex</span> <span class='ocrx_word' id='word_1_561' title='bbox 1285 233 1351 274; x_wconf 84' lang='lat' dir='ltr'>ejus</span> <span class='ocrx_word' id='word_1_562' title='bbox 1375 233 1546 266; x_wconf 82' lang='lat' dir='ltr'>Navarcho</span> <span class='ocrx_word' id='word_1_563' title='bbox 1572 237 1699 269; x_wconf 74' lang='lat' dir='ltr'>Titium</span> <span class='ocrx_word' id='word_1_564' title='bbox 1727 237 1822 269; x_wconf 85' lang='lat' dir='ltr'>intel-</span> 
     </span>
     <span class='ocr_line' id='line_1_78' title="bbox 957 275 1818 315; baseline 0.003 -8"><span class='ocrx_word' id='word_1_565' title='bbox 957 275 1086 314; x_wconf 75' lang='lat' dir='ltr'>lexisse,</span> <span class='ocrx_word' id='word_1_566' title='bbox 1109 285 1242 313; x_wconf 89' lang='lat' dir='ltr'>navem,</span> <span class='ocrx_word' id='word_1_567' title='bbox 1265 284 1334 315; x_wconf 83' lang='lat' dir='ltr'>quae</span> <span class='ocrx_word' id='word_1_568' title='bbox 1352 275 1405 307; x_wconf 85' lang='lat' dir='ltr'>has</span> <span class='ocrx_word' id='word_1_569' title='bbox 1419 285 1542 308; x_wconf 87' lang='lat' dir='ltr'>merces</span> <span class='ocrx_word' id='word_1_570' title='bbox 1558 280 1691 310; x_wconf 77' lang='lat' dir='ltr'>vehebat</span> <span class='ocrx_word' id='word_1_571' title='bbox 1708 287 1818 310; x_wconf 85' lang='lat' dir='ltr'>revera</span> 
     </span>
     <span class='ocr_line' id='line_1_79' title="bbox 957 315 1822 364; baseline 0.002 -15"><span class='ocrx_word' id='word_1_572' title='bbox 957 317 1114 364; x_wconf 86' lang='lat' dir='ltr'>Qucbcco</span> <span class='ocrx_word' id='word_1_573' title='bbox 1140 316 1202 348; x_wconf 87' lang='lat' dir='ltr'>esse</span> <span class='ocrx_word' id='word_1_574' title='bbox 1224 315 1400 357; x_wconf 60' lang='lat' dir='ltr'>profetiam</span> <span class='ocrx_word' id='word_1_575' title='bbox 1424 328 1454 359; x_wconf 81' lang='lat'>3.</span> <span class='ocrx_word' id='word_1_576' title='bbox 1477 317 1563 349; x_wconf 79' lang='lat' dir='ltr'>Nov,</span> <span class='ocrx_word' id='word_1_577' title='bbox 1603 325 1690 360; x_wconf 72' lang='lat'>1736.</span> <span class='ocrx_word' id='word_1_578' title='bbox 1713 320 1822 362; x_wconf 81' lang='lat' dir='ltr'>Quum</span> 
     </span>
     <span class='ocr_line' id='line_1_80' title="bbox 953 358 1820 402; baseline 0.002 -11"><span class='ocrx_word' id='word_1_579' title='bbox 953 366 1058 391; x_wconf 84' lang='lat' dir='ltr'>autem</span> <span class='ocrx_word' id='word_1_580' title='bbox 1071 359 1142 390; x_wconf 83' lang='lat' dir='ltr'>haec</span> <span class='ocrx_word' id='word_1_581' title='bbox 1153 359 1242 390; x_wconf 83' lang='lat' dir='ltr'>navis</span> <span class='ocrx_word' id='word_1_582' title='bbox 1257 358 1451 400; x_wconf 83' lang='lat' dir='ltr'>naufragium</span> <span class='ocrx_word' id='word_1_583' title='bbox 1471 359 1548 391; x_wconf 74' lang='lat' dir='ltr'>esset</span> <span class='ocrx_word' id='word_1_584' title='bbox 1564 359 1646 399; x_wconf 73' lang='lat' dir='ltr'>passa</span> <span class='ocrx_word' id='word_1_585' title='bbox 1666 370 1714 402; x_wconf 80' lang='lat'>13.</span> <span class='ocrx_word' id='word_1_586' title='bbox 1730 361 1820 393; x_wconf 75' lang='lat' dir='ltr'>Nov-</span> 
     </span>
     <span class='ocr_line' id='line_1_81' title="bbox 958 400 1819 443; baseline 0.001 -11"><span class='ocrx_word' id='word_1_587' title='bbox 958 404 1048 441; x_wconf 80' lang='lat'>173⁶·</span> <span class='ocrx_word' id='word_1_588' title='bbox 1074 400 1104 432; x_wconf 69' lang='grc' dir='ltr'>ὃ(</span> <span class='ocrx_word' id='word_1_589' title='bbox 1130 400 1359 440; x_wconf 79' lang='lat' dir='ltr'>reparationem</span> <span class='ocrx_word' id='word_1_590' title='bbox 1385 401 1489 432; x_wconf 85' lang='lat' dir='ltr'>damni</span> <span class='ocrx_word' id='word_1_591' title='bbox 1515 401 1721 441; x_wconf 84' lang='lat' dir='ltr'>Sempronius</span> <span class='ocrx_word' id='word_1_592' title='bbox 1748 411 1819 443; x_wconf 83' lang='lat' dir='ltr'>pos-</span> 
     </span>
     <span class='ocr_line' id='line_1_82' title="bbox 955 441 1821 483; baseline -0.001 -9"><span class='ocrx_word' id='word_1_593' title='bbox 955 452 1042 474; x_wconf 88' lang='lat' dir='ltr'>ceret</span> <span class='ocrx_word' id='word_1_594' title='bbox 1058 442 1138 482; x_wconf 89' lang='lat' dir='ltr'>apud</span> <span class='ocrx_word' id='word_1_595' title='bbox 1155 441 1279 481; x_wconf 83' lang='lat' dir='ltr'>Judiccs</span> <span class='ocrx_word' id='word_1_596' title='bbox 1291 465 1301 480; x_wconf 94' lang='lat'>,</span> <span class='ocrx_word' id='word_1_597' title='bbox 1318 442 1370 483; x_wconf 89' lang='lat' dir='ltr'>qui</span> <span class='ocrx_word' id='word_1_598' title='bbox 1389 442 1427 473; x_wconf 88' lang='lat' dir='ltr'>de</span> <span class='ocrx_word' id='word_1_599' title='bbox 1442 441 1724 474; x_wconf 82' lang='lat' dir='ltr'>ass&#39;ecurationibus</span> <span class='ocrx_word' id='word_1_600' title='bbox 1741 442 1821 474; x_wconf 84' lang='lat' dir='ltr'>Rot-</span> 
     </span>
     <span class='ocr_line' id='line_1_83' title="bbox 956 483 1823 526; baseline 0.001 -11"><span class='ocrx_word' id='word_1_601' title='bbox 956 483 1087 515; x_wconf 88' lang='lat' dir='ltr'>terdami</span> <span class='ocrx_word' id='word_1_602' title='bbox 1116 483 1339 524; x_wconf 78' lang='lat' dir='ltr'>cognoscunt,</span> <span class='ocrx_word' id='word_1_603' title='bbox 1369 483 1401 515; x_wconf 92' lang='lat' dir='ltr'>hi</span> <span class='ocrx_word' id='word_1_604' title='bbox 1433 493 1482 524; x_wconf 83' lang='lat'>14.</span> <span class='ocrx_word' id='word_1_605' title='bbox 1503 484 1568 526; x_wconf 69' lang='lat' dir='ltr'>Jzin.</span> <span class='ocrx_word' id='word_1_606' title='bbox 1596 493 1686 526; x_wconf 78' lang='lat'>1739.</span> <span class='ocrx_word' id='word_1_607' title='bbox 1709 484 1823 516; x_wconf 86' lang='lat' dir='ltr'>ass&#39;ecu-</span> 
     </span>
     <span class='ocr_line' id='line_1_84' title="bbox 955 524 1820 566; baseline -0.002 -9"><span class='ocrx_word' id='word_1_608' title='bbox 955 533 1075 557; x_wconf 80' lang='lat' dir='ltr'>ratores</span> <span class='ocrx_word' id='word_1_609' title='bbox 1096 524 1132 555; x_wconf 89' lang='lat' dir='ltr'>ad</span> <span class='ocrx_word' id='word_1_610' title='bbox 1162 525 1247 556; x_wconf 85' lang='lat' dir='ltr'>illam</span> <span class='ocrx_word' id='word_1_611' title='bbox 1275 525 1506 566; x_wconf 84' lang='lat' dir='ltr'>reparationem</span> <span class='ocrx_word' id='word_1_612' title='bbox 1535 526 1720 558; x_wconf 89' lang='lat' dir='ltr'>damnarunt</span> <span class='ocrx_word' id='word_1_613' title='bbox 1737 549 1746 565; x_wconf 88' lang='lat'>,</span> <span class='ocrx_word' id='word_1_614' title='bbox 1767 535 1820 556; x_wconf 88' lang='lat' dir='ltr'>co-</span> 
     </span>
     <span class='ocr_line' id='line_1_85' title="bbox 955 564 1821 608; baseline -0.001 -9"><span class='ocrx_word' id='word_1_615' title='bbox 955 575 1087 608; x_wconf 83' lang='lat' dir='ltr'>rumque</span> <span class='ocrx_word' id='word_1_616' title='bbox 1110 564 1297 599; x_wconf 86' lang='lat' dir='ltr'>sententiam</span> <span class='ocrx_word' id='word_1_617' title='bbox 1325 565 1421 599; x_wconf 87' lang='lat' dir='ltr'>Curia</span> <span class='ocrx_word' id='word_1_618' title='bbox 1441 567 1549 600; x_wconf 79' lang='lat' dir='ltr'>habuit</span> <span class='ocrx_word' id='word_1_619' title='bbox 1566 575 1664 600; x_wconf 89' lang='lat' dir='ltr'>ratam</span> <span class='ocrx_word' id='word_1_620' title='bbox 1686 577 1737 600; x_wconf 79' lang='lat'>20.</span> <span class='ocrx_word' id='word_1_621' title='bbox 1762 566 1821 606; x_wconf 82' lang='lat' dir='ltr'>Jul.</span> 
     </span>
     <span class='ocr_line' id='line_1_86' title="bbox 959 612 1048 650; baseline 0 -10"><span class='ocrx_word' id='word_1_622' title='bbox 959 612 1048 650; x_wconf 80' lang='lat'>1736.</span> 
     </span>
    </p>

    <p class='ocr_par' dir='ltr' id='par_1_6' title="bbox 951 649 1867 3183">
     <span class='ocr_line' id='line_1_87' title="bbox 997 649 1823 692; baseline -0.001 -9"><span class='ocrx_word' id='word_1_623' title='bbox 997 651 1214 683; x_wconf 81' lang='lat' dir='ltr'>Provocatum</span> <span class='ocrx_word' id='word_1_624' title='bbox 1240 649 1284 682; x_wconf 87' lang='lat' dir='ltr'>est</span> <span class='ocrx_word' id='word_1_625' title='bbox 1308 651 1346 682; x_wconf 88' lang='lat' dir='ltr'>ad</span> <span class='ocrx_word' id='word_1_626' title='bbox 1367 651 1536 692; x_wconf 87' lang='lat' dir='ltr'>Senatum,</span> <span class='ocrx_word' id='word_1_627' title='bbox 1559 652 1589 684; x_wconf 85' lang='lat'>&amp;</span> <span class='ocrx_word' id='word_1_628' title='bbox 1610 650 1650 683; x_wconf 87' lang='lat' dir='ltr'>ibi</span> <span class='ocrx_word' id='word_1_629' title='bbox 1675 651 1823 684; x_wconf 68' lang='lat' dir='ltr'>assecura-</span> 
     </span>
     <span class='ocr_line' id='line_1_88' title="bbox 955 692 1824 733; baseline 0 -10"><span class='ocrx_word' id='word_1_630' title='bbox 955 700 1039 724; x_wconf 86' lang='lat' dir='ltr'>tores</span> <span class='ocrx_word' id='word_1_631' title='bbox 1056 692 1191 733; x_wconf 88' lang='lat' dir='ltr'>primum</span> <span class='ocrx_word' id='word_1_632' title='bbox 1209 692 1378 732; x_wconf 79' lang='lat' dir='ltr'>arguebant</span> <span class='ocrx_word' id='word_1_633' title='bbox 1407 694 1517 725; x_wconf 87' lang='lat' dir='ltr'>malam</span> <span class='ocrx_word' id='word_1_634' title='bbox 1542 693 1634 725; x_wconf 84' lang='lat' dir='ltr'>fidem</span> <span class='ocrx_word' id='word_1_635' title='bbox 1653 692 1757 732; x_wconf 86' lang='lat' dir='ltr'>Titii,</span> <span class='ocrx_word' id='word_1_636' title='bbox 1779 700 1824 723; x_wconf 66' lang='lat' dir='ltr'>at&lt;</span> 
     </span>
     <span class='ocr_line' id='line_1_89' title="bbox 953 733 1826 775; baseline 0 -11"><span class='ocrx_word' id='word_1_637' title='bbox 953 743 1014 775; x_wconf 84' lang='lat' dir='ltr'>que</span> <span class='ocrx_word' id='word_1_638' title='bbox 1031 734 1051 766; x_wconf 85' lang='lat' dir='ltr'>si</span> <span class='ocrx_word' id='word_1_639' title='bbox 1075 743 1124 774; x_wconf 75' lang='lat'>27.</span> <span class='ocrx_word' id='word_1_640' title='bbox 1152 733 1232 764; x_wconf 87' lang='lat' dir='ltr'>Dec.</span> <span class='ocrx_word' id='word_1_641' title='bbox 1260 737 1352 775; x_wconf 80' lang='lat'>1736.</span> <span class='ocrx_word' id='word_1_642' title='bbox 1376 744 1449 766; x_wconf 88' lang='lat' dir='ltr'>cum</span> <span class='ocrx_word' id='word_1_643' title='bbox 1470 735 1730 767; x_wconf 78' lang='lat' dir='ltr'>afl&#39;ccurationem</span> <span class='ocrx_word' id='word_1_644' title='bbox 1755 734 1826 766; x_wconf 87' lang='lat' dir='ltr'>ficri</span> 
     </span>
     <span class='ocr_line' id='line_1_90' title="bbox 954 775 1825 818; baseline -0.001 -11"><span class='ocrx_word' id='word_1_645' title='bbox 954 776 1153 807; x_wconf 81' lang='lat' dir='ltr'>mandaverat</span> <span class='ocrx_word' id='word_1_646' title='bbox 1173 799 1182 814; x_wconf 91' lang='lat'>,</span> <span class='ocrx_word' id='word_1_647' title='bbox 1212 775 1272 815; x_wconf 84' lang='lat' dir='ltr'>jam</span> <span class='ocrx_word' id='word_1_648' title='bbox 1298 775 1453 815; x_wconf 72' lang='lat' dir='ltr'>scivisset,</span> <span class='ocrx_word' id='word_1_649' title='bbox 1478 786 1618 814; x_wconf 85' lang='lat' dir='ltr'>merces,</span> <span class='ocrx_word' id='word_1_650' title='bbox 1647 777 1687 808; x_wconf 87' lang='lat' dir='ltr'>de</span> <span class='ocrx_word' id='word_1_651' title='bbox 1712 776 1825 818; x_wconf 88' lang='lat' dir='ltr'>quibus</span> 
     </span>
     <span class='ocr_line' id='line_1_91' title="bbox 954 817 1828 858; baseline 0.001 -11"><span class='ocrx_word' id='word_1_652' title='bbox 954 817 1124 858; x_wconf 75' lang='lat' dir='ltr'>agebatur,</span> <span class='ocrx_word' id='word_1_653' title='bbox 1146 817 1289 858; x_wconf 75' lang='lat' dir='ltr'>periisse,</span> <span class='ocrx_word' id='word_1_654' title='bbox 1313 817 1365 849; x_wconf 83' lang='lat' dir='ltr'>scd</span> <span class='ocrx_word' id='word_1_655' title='bbox 1381 818 1586 857; x_wconf 81' lang='lat' dir='ltr'>probationes</span> <span class='ocrx_word' id='word_1_656' title='bbox 1608 820 1639 850; x_wconf 90' lang='lat' dir='ltr'>in</span> <span class='ocrx_word' id='word_1_657' title='bbox 1662 819 1742 850; x_wconf 84' lang='lat' dir='ltr'>lianc</span> <span class='ocrx_word' id='word_1_658' title='bbox 1758 826 1828 849; x_wconf 87' lang='lat' dir='ltr'>rem</span> 
     </span>
     <span class='ocr_line' id='line_1_92' title="bbox 954 858 1825 901; baseline 0 -12"><span class='ocrx_word' id='word_1_659' title='bbox 954 859 1057 889; x_wconf 89' lang='lat' dir='ltr'>minus</span> <span class='ocrx_word' id='word_1_660' title='bbox 1071 867 1159 890; x_wconf 87' lang='lat' dir='ltr'>erant</span> <span class='ocrx_word' id='word_1_661' title='bbox 1175 858 1316 897; x_wconf 79' lang='lat' dir='ltr'>idoneae,</span> <span class='ocrx_word' id='word_1_662' title='bbox 1334 858 1363 890; x_wconf 61' lang='grc' dir='ltr'><strong>ἃ</strong></span> <span class='ocrx_word' id='word_1_663' title='bbox 1379 859 1398 890; x_wconf 81' lang='lat' dir='ltr'>si</span> <span class='ocrx_word' id='word_1_664' title='bbox 1417 869 1486 901; x_wconf 79' lang='lat' dir='ltr'>qua:</span> <span class='ocrx_word' id='word_1_665' title='bbox 1504 860 1604 892; x_wconf 82' lang='lat' dir='ltr'>css&#39;cnt</span> <span class='ocrx_word' id='word_1_666' title='bbox 1619 859 1825 901; x_wconf 81' lang='lat' dir='ltr'>suspiciones,</span> 
     </span>
     <span class='ocr_line' id='line_1_93' title="bbox 954 899 1824 942; baseline 0 -11"><span class='ocrx_word' id='word_1_667' title='bbox 954 899 1007 931; x_wconf 86' lang='lat' dir='ltr'>has</span> <span class='ocrx_word' id='word_1_668' title='bbox 1032 899 1175 940; x_wconf 62' lang='lat' dir='ltr'>praestito</span> <span class='ocrx_word' id='word_1_669' title='bbox 1203 901 1235 931; x_wconf 91' lang='lat' dir='ltr'>in</span> <span class='ocrx_word' id='word_1_670' title='bbox 1263 900 1459 932; x_wconf 89' lang='lat' dir='ltr'>contrarium</span> <span class='ocrx_word' id='word_1_671' title='bbox 1487 901 1689 942; x_wconf 84' lang='lat' dir='ltr'>jurejurando</span> <span class='ocrx_word' id='word_1_672' title='bbox 1712 901 1824 934; x_wconf 88' lang='lat' dir='ltr'>Titius</span> 
     </span>
     <span class='ocr_line' id='line_1_94' title="bbox 954 941 1827 985; baseline 0.001 -14"><span class='ocrx_word' id='word_1_673' title='bbox 954 941 1015 981; x_wconf 82' lang='lat' dir='ltr'>jam</span> <span class='ocrx_word' id='word_1_674' title='bbox 1034 942 1179 974; x_wconf 84' lang='lat' dir='ltr'>diluerat.</span> <span class='ocrx_word' id='word_1_675' title='bbox 1225 942 1268 974; x_wconf 89' lang='lat' dir='ltr'>At</span> <span class='ocrx_word' id='word_1_676' title='bbox 1296 952 1375 974; x_wconf 88' lang='lat' dir='ltr'>vero</span> <span class='ocrx_word' id='word_1_677' title='bbox 1398 951 1490 982; x_wconf 81' lang='lat' dir='ltr'>quam</span> <span class='ocrx_word' id='word_1_678' title='bbox 1514 944 1648 975; x_wconf 80' lang='lat' dir='ltr'>maxime</span> <span class='ocrx_word' id='word_1_679' title='bbox 1673 943 1827 985; x_wconf 86' lang='lat' dir='ltr'>urgebant</span> 
     </span>
     <span class='ocr_line' id='line_1_95' title="bbox 955 982 1826 1025; baseline 0 -11"><span class='ocrx_word' id='word_1_680' title='bbox 955 982 1003 1024; x_wconf 76' lang='lat'>§§.</span> <span class='ocrx_word' id='word_1_681' title='bbox 1029 993 1080 1023; x_wconf 74' lang='lat'>32·</span> <span class='ocrx_word' id='word_1_682' title='bbox 1106 994 1156 1025; x_wconf 77' lang='lat'>33.</span> <span class='ocrx_word' id='word_1_683' title='bbox 1181 983 1218 1018; x_wconf 59' lang='grc' dir='ltr'>δέ’</span> <span class='ocrx_word' id='word_1_684' title='bbox 1236 994 1288 1025; x_wconf 75' lang='lat'>34.</span> <span class='ocrx_word' id='word_1_685' title='bbox 1319 984 1361 1015; x_wconf 87' lang='lat' dir='ltr'>R.</span> <span class='ocrx_word' id='word_1_686' title='bbox 1384 984 1430 1016; x_wconf 88' lang='lat' dir='ltr'>N.</span> <span class='ocrx_word' id='word_1_687' title='bbox 1456 983 1625 1017; x_wconf 84' lang='lat' dir='ltr'>secundum</span> <span class='ocrx_word' id='word_1_688' title='bbox 1657 994 1713 1018; x_wconf 89' lang='lat' dir='ltr'>eos</span> <span class='ocrx_word' id='word_1_689' title='bbox 1739 983 1826 1016; x_wconf 88' lang='lat' dir='ltr'>enim</span> 
     </span>
     <span class='ocr_line' id='line_1_96' title="bbox 954 1024 1827 1068; baseline 0.003 -12"><span class='ocrx_word' id='word_1_690' title='bbox 954 1033 1076 1056; x_wconf 77' lang='lat' dir='ltr'>merces</span> <span class='ocrx_word' id='word_1_691' title='bbox 1094 1046 1104 1062; x_wconf 94' lang='lat'>,</span> <span class='ocrx_word' id='word_1_692' title='bbox 1131 1027 1192 1064; x_wconf 85' lang='lat' dir='ltr'>jam</span> <span class='ocrx_word' id='word_1_693' title='bbox 1219 1024 1395 1065; x_wconf 60' lang='lat' dir='ltr'>profectae,</span> <span class='ocrx_word' id='word_1_694' title='bbox 1418 1025 1581 1058; x_wconf 71' lang='lat' dir='ltr'>assecurari</span> <span class='ocrx_word' id='word_1_695' title='bbox 1604 1026 1748 1068; x_wconf 78' lang='lat' dir='ltr'>possunt,</span> <span class='ocrx_word' id='word_1_696' title='bbox 1774 1024 1827 1058; x_wconf 79' lang='lat' dir='ltr'>sed</span> 
     </span>
     <span class='ocr_line' id='line_1_97' title="bbox 954 1065 1828 1108; baseline 0.001 -12"><span class='ocrx_word' id='word_1_697' title='bbox 954 1074 1018 1097; x_wconf 88' lang='lat' dir='ltr'>non</span> <span class='ocrx_word' id='word_1_698' title='bbox 1033 1065 1123 1097; x_wconf 84' lang='lat' dir='ltr'>aliter</span> <span class='ocrx_word' id='word_1_699' title='bbox 1134 1088 1144 1104; x_wconf 88' lang='lat'>,</span> <span class='ocrx_word' id='word_1_700' title='bbox 1159 1075 1254 1106; x_wconf 84' lang='lat' dir='ltr'>quam</span> <span class='ocrx_word' id='word_1_701' title='bbox 1270 1065 1291 1098; x_wconf 85' lang='lat' dir='ltr'>fi</span> <span class='ocrx_word' id='word_1_702' title='bbox 1305 1065 1496 1099; x_wconf 78' lang='lat' dir='ltr'>affectu-atus</span> <span class='ocrx_word' id='word_1_703' title='bbox 1517 1076 1640 1108; x_wconf 83' lang='lat' dir='ltr'>tempus</span> <span class='ocrx_word' id='word_1_704' title='bbox 1654 1068 1828 1108; x_wconf 67' lang='lat' dir='ltr'>profectio-</span> 
     </span>
     <span class='ocr_line' id='line_1_98' title="bbox 953 1106 1825 1149; baseline 0.001 -11"><span class='ocrx_word' id='word_1_705' title='bbox 953 1107 1019 1145; x_wconf 89' lang='lat' dir='ltr'>nis,</span> <span class='ocrx_word' id='word_1_706' title='bbox 1042 1106 1063 1138; x_wconf 84' lang='grc'>11</span> <span class='ocrx_word' id='word_1_707' title='bbox 1086 1108 1233 1146; x_wconf 83' lang='grc' dir='ltr'>11ον0111,</span> <span class='ocrx_word' id='word_1_708' title='bbox 1258 1108 1415 1149; x_wconf 84' lang='lat' dir='ltr'>exprimat</span> <span class='ocrx_word' id='word_1_709' title='bbox 1430 1129 1441 1146; x_wconf 90' lang='lat'>‚</span> <span class='ocrx_word' id='word_1_710' title='bbox 1466 1108 1487 1140; x_wconf 82' lang='lat' dir='ltr'>si</span> <span class='ocrx_word' id='word_1_711' title='bbox 1511 1118 1575 1140; x_wconf 86' lang='lat' dir='ltr'>non</span> <span class='ocrx_word' id='word_1_712' title='bbox 1603 1111 1730 1142; x_wconf 89' lang='lat' dir='ltr'>noverit</span> <span class='ocrx_word' id='word_1_713' title='bbox 1745 1132 1756 1148; x_wconf 93' lang='lat'>,</span> <span class='ocrx_word' id='word_1_714' title='bbox 1778 1115 1825 1140; x_wconf 88' lang='lat' dir='ltr'>et·</span> 
     </span>
     <span class='ocr_line' id='line_1_99' title="bbox 955 1147 1830 1190; baseline 0.001 -11"><span class='ocrx_word' id='word_1_715' title='bbox 955 1149 1016 1179; x_wconf 87' lang='lat' dir='ltr'>iam</span> <span class='ocrx_word' id='word_1_716' title='bbox 1044 1147 1075 1179; x_wconf 89' lang='lat' dir='ltr'>id</span> <span class='ocrx_word' id='word_1_717' title='bbox 1115 1149 1298 1189; x_wconf 80' lang='lat' dir='ltr'>exprimat,</span> <span class='ocrx_word' id='word_1_718' title='bbox 1329 1149 1468 1190; x_wconf 87' lang='lat' dir='ltr'>alioquin</span> <span class='ocrx_word' id='word_1_719' title='bbox 1497 1149 1756 1183; x_wconf 75' lang='lat' dir='ltr'>assecurationem</span> <span class='ocrx_word' id='word_1_720' title='bbox 1782 1159 1830 1182; x_wconf 84' lang='lat' dir='ltr'>re-</span> 
     </span>
     <span class='ocr_line' id='line_1_100' title="bbox 956 1187 1828 1236; baseline 0.003 -16"><span class='ocrx_word' id='word_1_721' title='bbox 956 1187 1065 1221; x_wconf 87' lang='lat' dir='ltr'>scindi.</span> <span class='ocrx_word' id='word_1_722' title='bbox 1112 1190 1178 1236; x_wconf 85' lang='lat' dir='ltr'>Qui</span> <span class='ocrx_word' id='word_1_723' title='bbox 1212 1190 1260 1232; x_wconf 84' lang='lat'>§§.</span> <span class='ocrx_word' id='word_1_724' title='bbox 1285 1192 1376 1233; x_wconf 86' lang='lat' dir='ltr'>plane</span> <span class='ocrx_word' id='word_1_725' title='bbox 1398 1192 1593 1223; x_wconf 89' lang='lat' dir='ltr'>conveniunt</span> <span class='ocrx_word' id='word_1_726' title='bbox 1608 1201 1680 1224; x_wconf 90' lang='lat' dir='ltr'>cum</span> <span class='ocrx_word' id='word_1_727' title='bbox 1698 1193 1828 1225; x_wconf 87' lang='lat' dir='ltr'>Statuto</span> 
     </span>
     <span class='ocr_line' id='line_1_101' title="bbox 955 1231 1828 1273; baseline 0.002 -10"><span class='ocrx_word' id='word_1_728' title='bbox 955 1231 1245 1264; x_wconf 84' lang='lat' dir='ltr'>Amsterdammensi</span> <span class='ocrx_word' id='word_1_729' title='bbox 1266 1243 1315 1270; x_wconf 63' lang='lat'>29,</span> <span class='ocrx_word' id='word_1_730' title='bbox 1340 1232 1406 1273; x_wconf 87' lang='lat' dir='ltr'>Jan.</span> <span class='ocrx_word' id='word_1_731' title='bbox 1426 1235 1518 1267; x_wconf 82' lang='lat'>1688.</span> <span class='ocrx_word' id='word_1_732' title='bbox 1543 1233 1675 1273; x_wconf 87' lang='lat' dir='ltr'>Ajcbant</span> <span class='ocrx_word' id='word_1_733' title='bbox 1699 1242 1802 1267; x_wconf 89' lang='lat' dir='ltr'>autem</span> <span class='ocrx_word' id='word_1_734' title='bbox 1816 1255 1828 1271; x_wconf 91' lang='lat'><strong>‚</strong></span> 
     </span>
     <span class='ocr_line' id='line_1_102' title="bbox 953 1272 1830 1315; baseline 0.001 -10"><span class='ocrx_word' id='word_1_735' title='bbox 953 1273 1174 1314; x_wconf 88' lang='lat' dir='ltr'>Sempronium</span> <span class='ocrx_word' id='word_1_736' title='bbox 1195 1272 1528 1306; x_wconf 79' lang='lat' dir='ltr'>Amsterdammensem</span> <span class='ocrx_word' id='word_1_737' title='bbox 1547 1284 1587 1306; x_wconf 83' lang='lat' dir='ltr'>ex</span> <span class='ocrx_word' id='word_1_738' title='bbox 1604 1275 1723 1315; x_wconf 88' lang='lat' dir='ltr'>literis,</span> <span class='ocrx_word' id='word_1_739' title='bbox 1739 1276 1777 1308; x_wconf 88' lang='lat' dir='ltr'>ad</span> <span class='ocrx_word' id='word_1_740' title='bbox 1797 1274 1830 1306; x_wconf 88' lang='lat' dir='ltr'>se</span> 
     </span>
     <span class='ocr_line' id='line_1_103' title="bbox 952 1314 1832 1357; baseline 0.002 -11"><span class='ocrx_word' id='word_1_741' title='bbox 952 1315 1032 1346; x_wconf 81' lang='lat' dir='ltr'>datis</span> <span class='ocrx_word' id='word_1_742' title='bbox 1059 1325 1108 1356; x_wconf 81' lang='lat'>27.</span> <span class='ocrx_word' id='word_1_743' title='bbox 1129 1314 1210 1347; x_wconf 91' lang='lat' dir='ltr'>Dee.</span> <span class='ocrx_word' id='word_1_744' title='bbox 1235 1319 1324 1357; x_wconf 81' lang='lat'>1736.</span> <span class='ocrx_word' id='word_1_745' title='bbox 1350 1314 1490 1354; x_wconf 80' lang='lat' dir='ltr'>sciviffe,</span> <span class='ocrx_word' id='word_1_746' title='bbox 1516 1326 1629 1349; x_wconf 84' lang='lat' dir='ltr'>navem</span> <span class='ocrx_word' id='word_1_747' title='bbox 1650 1316 1713 1356; x_wconf 83' lang='lat' dir='ltr'>jam</span> <span class='ocrx_word' id='word_1_748' title='bbox 1734 1316 1832 1349; x_wconf 82' lang='lat' dir='ltr'>fuisse</span> 
     </span>
     <span class='ocr_line' id='line_1_104' title="bbox 953 1355 1830 1399; baseline 0.001 -11"><span class='ocrx_word' id='word_1_749' title='bbox 953 1356 1125 1398; x_wconf 67' lang='lat' dir='ltr'>profec&#39;tam</span> <span class='ocrx_word' id='word_1_750' title='bbox 1150 1367 1181 1399; x_wconf 77' lang='lat'>3.</span> <span class='ocrx_word' id='word_1_751' title='bbox 1199 1355 1288 1389; x_wconf 93' lang='lat' dir='ltr'>Nov.</span> <span class='ocrx_word' id='word_1_752' title='bbox 1319 1359 1409 1398; x_wconf 77' lang='lat'>1736.</span> <span class='ocrx_word' id='word_1_753' title='bbox 1432 1366 1491 1389; x_wconf 86' lang='lat' dir='ltr'>nec</span> <span class='ocrx_word' id='word_1_754' title='bbox 1512 1367 1616 1390; x_wconf 85' lang='lat' dir='ltr'>tamen</span> <span class='ocrx_word' id='word_1_755' title='bbox 1640 1358 1672 1390; x_wconf 90' lang='lat' dir='ltr'>id</span> <span class='ocrx_word' id='word_1_756' title='bbox 1695 1359 1830 1392; x_wconf 87' lang='lat' dir='ltr'>rotunde</span> 
     </span>
     <span class='ocr_line' id='line_1_105' title="bbox 953 1397 1829 1443; baseline 0.002 -13"><span class='ocrx_word' id='word_1_757' title='bbox 953 1398 1127 1440; x_wconf 77' lang='lat' dir='ltr'>expreffiffe</span> <span class='ocrx_word' id='word_1_758' title='bbox 1142 1400 1174 1431; x_wconf 91' lang='lat' dir='ltr'>in</span> <span class='ocrx_word' id='word_1_759' title='bbox 1185 1397 1395 1431; x_wconf 88' lang='lat' dir='ltr'>instrumento</span> <span class='ocrx_word' id='word_1_760' title='bbox 1405 1398 1641 1432; x_wconf 75' lang='lat' dir='ltr'>assecurationis</span> <span class='ocrx_word' id='word_1_761' title='bbox 1656 1423 1666 1438; x_wconf 92' lang='lat'>‚</span> <span class='ocrx_word' id='word_1_762' title='bbox 1677 1407 1712 1432; x_wconf 91' lang='lat' dir='ltr'>ut</span> <span class='ocrx_word' id='word_1_763' title='bbox 1724 1401 1829 1443; x_wconf 79' lang='lat' dir='ltr'>expri-</span> 
     </span>
     <span class='ocr_line' id='line_1_106' title="bbox 954 1441 1831 1483; baseline 0.001 -10"><span class='ocrx_word' id='word_1_764' title='bbox 954 1450 1040 1474; x_wconf 83' lang='lat' dir='ltr'>mere</span> <span class='ocrx_word' id='word_1_765' title='bbox 1054 1441 1187 1473; x_wconf 83' lang='lat' dir='ltr'>dcbebat</span> <span class='ocrx_word' id='word_1_766' title='bbox 1208 1449 1247 1473; x_wconf 78' lang='lat' dir='ltr'>ex</span> <span class='ocrx_word' id='word_1_767' title='bbox 1260 1441 1409 1473; x_wconf 87' lang='lat' dir='ltr'>mandato</span> <span class='ocrx_word' id='word_1_768' title='bbox 1419 1463 1430 1479; x_wconf 94' lang='lat'>,</span> <span class='ocrx_word' id='word_1_769' title='bbox 1453 1441 1570 1474; x_wconf 83' lang='lat' dir='ltr'>nullam</span> <span class='ocrx_word' id='word_1_770' title='bbox 1587 1442 1685 1483; x_wconf 87' lang='lat' dir='ltr'>igitur</span> <span class='ocrx_word' id='word_1_771' title='bbox 1702 1442 1763 1474; x_wconf 88' lang='lat' dir='ltr'>esse</span> <span class='ocrx_word' id='word_1_772' title='bbox 1784 1451 1831 1475; x_wconf 82' lang='lat' dir='ltr'>as-</span> 
     </span>
     <span class='ocr_line' id='line_1_107' title="bbox 955 1482 1830 1526; baseline 0.002 -11"><span class='ocrx_word' id='word_1_773' title='bbox 955 1483 1184 1516; x_wconf 87' lang='lat' dir='ltr'>securationem</span> <span class='ocrx_word' id='word_1_774' title='bbox 1201 1492 1242 1514; x_wconf 80' lang='lat' dir='ltr'>ex</span> <span class='ocrx_word' id='word_1_775' title='bbox 1256 1482 1380 1524; x_wconf 84' lang='lat' dir='ltr'>speciali</span> <span class='ocrx_word' id='word_1_776' title='bbox 1406 1482 1435 1524; x_wconf 84' lang='lat'>§.</span> <span class='ocrx_word' id='word_1_777' title='bbox 1456 1493 1508 1525; x_wconf 81' lang='lat'>34.</span> <span class='ocrx_word' id='word_1_778' title='bbox 1535 1483 1566 1515; x_wconf 69' lang='grc' dir='ltr'>δε</span> <span class='ocrx_word' id='word_1_779' title='bbox 1585 1493 1626 1516; x_wconf 80' lang='lat' dir='ltr'>ex</span> <span class='ocrx_word' id='word_1_780' title='bbox 1640 1485 1776 1526; x_wconf 82' lang='lat' dir='ltr'>generali</span> <span class='ocrx_word' id='word_1_781' title='bbox 1797 1482 1830 1526; x_wconf 78' lang='lat'>§-</span> 
     </span>
     <span class='ocr_line' id='line_1_108' title="bbox 955 1523 1831 1568; baseline 0.002 -12"><span class='ocrx_word' id='word_1_782' title='bbox 955 1535 1005 1568; x_wconf 80' lang='lat'>73.</span> <span class='ocrx_word' id='word_1_783' title='bbox 1030 1526 1186 1557; x_wconf 77' lang='lat' dir='ltr'>earundem</span> <span class='ocrx_word' id='word_1_784' title='bbox 1217 1525 1290 1557; x_wconf 91' lang='lat' dir='ltr'>LL.</span> <span class='ocrx_word' id='word_1_785' title='bbox 1329 1523 1406 1556; x_wconf 86' lang='lat' dir='ltr'>Non</span> <span class='ocrx_word' id='word_1_786' title='bbox 1429 1524 1503 1557; x_wconf 86' lang='lat' dir='ltr'>licet</span> <span class='ocrx_word' id='word_1_787' title='bbox 1527 1525 1652 1566; x_wconf 84' lang='lat' dir='ltr'>dicere,</span> <span class='ocrx_word' id='word_1_788' title='bbox 1676 1527 1759 1568; x_wconf 89' lang='lat' dir='ltr'>quod</span> <span class='ocrx_word' id='word_1_789' title='bbox 1783 1534 1831 1558; x_wconf 88' lang='lat' dir='ltr'>ta-</span> 
     </span>
     <span class='ocr_line' id='line_1_109' title="bbox 955 1567 1831 1607; baseline 0.002 -9"><span class='ocrx_word' id='word_1_790' title='bbox 955 1577 1027 1599; x_wconf 89' lang='lat' dir='ltr'>men</span> <span class='ocrx_word' id='word_1_791' title='bbox 1055 1567 1201 1599; x_wconf 86' lang='lat' dir='ltr'>nonnulli</span> <span class='ocrx_word' id='word_1_792' title='bbox 1224 1567 1392 1599; x_wconf 85' lang='lat' dir='ltr'>Senatores</span> <span class='ocrx_word' id='word_1_793' title='bbox 1413 1567 1586 1607; x_wconf 84' lang='lat' dir='ltr'>dicebant,</span> <span class='ocrx_word' id='word_1_794' title='bbox 1604 1568 1831 1601; x_wconf 79' lang='lat' dir='ltr'>affecuratores</span> 
     </span>
     <span class='ocr_line' id='line_1_110' title="bbox 954 1608 1831 1652; baseline 0.001 -11"><span class='ocrx_word' id='word_1_795' title='bbox 954 1608 1046 1641; x_wconf 76' lang='lat' dir='ltr'>fuisse</span> <span class='ocrx_word' id='word_1_796' title='bbox 1073 1616 1242 1641; x_wconf 87' lang='lat' dir='ltr'>contentos</span> <span class='ocrx_word' id='word_1_797' title='bbox 1267 1618 1304 1640; x_wconf 86' lang='lat' dir='ltr'>ea</span> <span class='ocrx_word' id='word_1_798' title='bbox 1326 1608 1623 1650; x_wconf 84' lang='lat' dir='ltr'>circumscriptione</span> <span class='ocrx_word' id='word_1_799' title='bbox 1637 1634 1647 1649; x_wconf 88' lang='lat'>,</span> <span class='ocrx_word' id='word_1_800' title='bbox 1673 1619 1766 1652; x_wconf 88' lang='lat' dir='ltr'>quam</span> <span class='ocrx_word' id='word_1_801' title='bbox 1787 1609 1831 1641; x_wconf 77' lang='lat' dir='ltr'>de&#39;</span> 
     </span>
     <span class='ocr_line' id='line_1_111' title="bbox 955 1650 1832 1694; baseline 0 -12"><span class='ocrx_word' id='word_1_802' title='bbox 955 1650 1155 1692; x_wconf 70' lang='lat' dir='ltr'>profefflone</span> <span class='ocrx_word' id='word_1_803' title='bbox 1173 1651 1262 1683; x_wconf 85' lang='lat' dir='ltr'>navis</span> <span class='ocrx_word' id='word_1_804' title='bbox 1287 1650 1470 1683; x_wconf 86' lang='lat' dir='ltr'>adhibuerat</span> <span class='ocrx_word' id='word_1_805' title='bbox 1490 1651 1710 1694; x_wconf 87' lang='lat' dir='ltr'>Sempronius,</span> <span class='ocrx_word' id='word_1_806' title='bbox 1735 1651 1832 1693; x_wconf 85' lang='lat' dir='ltr'>idque</span> 
     </span>
     <span class='ocr_line' id='line_1_112' title="bbox 956 1691 1832 1735; baseline 0.001 -12"><span class='ocrx_word' id='word_1_807' title='bbox 956 1702 1010 1725; x_wconf 88' lang='lat' dir='ltr'>eos</span> <span class='ocrx_word' id='word_1_808' title='bbox 1037 1692 1139 1734; x_wconf 84' lang='lat' dir='ltr'>palam</span> <span class='ocrx_word' id='word_1_809' title='bbox 1165 1691 1373 1725; x_wconf 83' lang='lat' dir='ltr'>instrumento</span> <span class='ocrx_word' id='word_1_810' title='bbox 1398 1692 1627 1727; x_wconf 75' lang='lat' dir='ltr'>assecurationis</span> <span class='ocrx_word' id='word_1_811' title='bbox 1646 1693 1740 1726; x_wconf 80' lang='lat' dir='ltr'>fuiffe</span> <span class='ocrx_word' id='word_1_812' title='bbox 1758 1702 1832 1735; x_wconf 85' lang='lat' dir='ltr'>pro-</span> 
     </span>
     <span class='ocr_line' id='line_1_113' title="bbox 957 1734 1833 1776; baseline 0.001 -10"><span class='ocrx_word' id='word_1_813' title='bbox 957 1734 1071 1773; x_wconf 85' lang='lat' dir='ltr'>fessos,</span> <span class='ocrx_word' id='word_1_814' title='bbox 1094 1743 1165 1766; x_wconf 84' lang='lat' dir='ltr'>nam</span> <span class='ocrx_word' id='word_1_815' title='bbox 1185 1735 1351 1776; x_wconf 85' lang='lat' dir='ltr'>aliquoties</span> <span class='ocrx_word' id='word_1_816' title='bbox 1363 1734 1425 1775; x_wconf 83' lang='lat' dir='ltr'>jam</span> <span class='ocrx_word' id='word_1_817' title='bbox 1449 1735 1577 1771; x_wconf 82' lang='lat' dir='ltr'>Senatus</span> <span class='ocrx_word' id='word_1_818' title='bbox 1594 1735 1769 1776; x_wconf 82' lang='lat' dir='ltr'>J‘udicavit,</span> <span class='ocrx_word' id='word_1_819' title='bbox 1793 1741 1833 1766; x_wconf 86' lang='lat' dir='ltr'>ut</span> 
     </span>
     <span class='ocr_line' id='line_1_114' title="bbox 958 1775 1832 1817; baseline 0.002 -10"><span class='ocrx_word' id='word_1_820' title='bbox 958 1775 1049 1817; x_wconf 84' lang='lat' dir='ltr'>supra</span> <span class='ocrx_word' id='word_1_821' title='bbox 1064 1776 1180 1815; x_wconf 88' lang='lat' dir='ltr'>retuli,</span> <span class='ocrx_word' id='word_1_822' title='bbox 1202 1776 1342 1817; x_wconf 88' lang='lat' dir='ltr'>legibus,</span> <span class='ocrx_word' id='word_1_823' title='bbox 1365 1776 1405 1808; x_wconf 82' lang='lat' dir='ltr'>de</span> <span class='ocrx_word' id='word_1_824' title='bbox 1422 1775 1647 1809; x_wconf 75' lang='lat' dir='ltr'>assecuratione</span> <span class='ocrx_word' id='word_1_825' title='bbox 1666 1777 1756 1817; x_wconf 86' lang='lat' dir='ltr'>latis,</span> <span class='ocrx_word' id='word_1_826' title='bbox 1781 1785 1832 1809; x_wconf 88' lang='lat' dir='ltr'>re-</span> 
     </span>
     <span class='ocr_line' id='line_1_115' title="bbox 958 1817 1834 1860; baseline 0.003 -11"><span class='ocrx_word' id='word_1_827' title='bbox 958 1818 1098 1849; x_wconf 88' lang='lat' dir='ltr'>nunciari</span> <span class='ocrx_word' id='word_1_828' title='bbox 1116 1827 1179 1850; x_wconf 92' lang='lat' dir='ltr'>non</span> <span class='ocrx_word' id='word_1_829' title='bbox 1201 1817 1308 1858; x_wconf 75' lang='lat' dir='ltr'>poss&#39;e,</span> <span class='ocrx_word' id='word_1_830' title='bbox 1332 1818 1362 1850; x_wconf 89' lang='lat'>&amp;</span> <span class='ocrx_word' id='word_1_831' title='bbox 1378 1819 1410 1850; x_wconf 89' lang='lat' dir='ltr'>id</span> <span class='ocrx_word' id='word_1_832' title='bbox 1427 1818 1526 1860; x_wconf 89' lang='lat' dir='ltr'>ipsum</span> <span class='ocrx_word' id='word_1_833' title='bbox 1543 1819 1726 1852; x_wconf 85' lang='lat' dir='ltr'>continetur</span> <span class='ocrx_word' id='word_1_834' title='bbox 1744 1818 1774 1859; x_wconf 87' lang='lat'>§.</span> <span class='ocrx_word' id='word_1_835' title='bbox 1801 1827 1834 1852; x_wconf 82' lang='lat'>1.</span> 
     </span>
     <span class='ocr_line' id='line_1_116' title="bbox 958 1859 1830 1902; baseline 0.001 -11"><span class='ocrx_word' id='word_1_836' title='bbox 958 1860 1000 1891; x_wconf 86' lang='lat' dir='ltr'>R.</span> <span class='ocrx_word' id='word_1_837' title='bbox 1027 1859 1071 1892; x_wconf 87' lang='lat' dir='ltr'>V.</span> <span class='ocrx_word' id='word_1_838' title='bbox 1096 1859 1126 1892; x_wconf 68' lang='grc' dir='ltr'>δε</span> <span class='ocrx_word' id='word_1_839' title='bbox 1150 1859 1179 1900; x_wconf 80' lang='lat'>§.</span> <span class='ocrx_word' id='word_1_840' title='bbox 1204 1868 1256 1900; x_wconf 88' lang='lat'>75.</span> <span class='ocrx_word' id='word_1_841' title='bbox 1287 1859 1328 1892; x_wconf 82' lang='lat' dir='ltr'>R.</span> <span class='ocrx_word' id='word_1_842' title='bbox 1360 1860 1406 1892; x_wconf 92' lang='lat' dir='ltr'>N.</span> <span class='ocrx_word' id='word_1_843' title='bbox 1439 1869 1531 1902; x_wconf 90' lang='lat' dir='ltr'>turpe</span> <span class='ocrx_word' id='word_1_844' title='bbox 1553 1860 1680 1901; x_wconf 88' lang='lat' dir='ltr'>quidem</span> <span class='ocrx_word' id='word_1_845' title='bbox 1707 1860 1830 1893; x_wconf 80' lang='lat' dir='ltr'>effe-fi-</span> 
     </span>
     <span class='ocr_line' id='line_1_117' title="bbox 956 1899 1830 1943; baseline 0 -10"><span class='ocrx_word' id='word_1_846' title='bbox 956 1902 1027 1933; x_wconf 90' lang='lat' dir='ltr'>dem</span> <span class='ocrx_word' id='word_1_847' title='bbox 1050 1901 1152 1933; x_wconf 88' lang='lat' dir='ltr'>datam</span> <span class='ocrx_word' id='word_1_848' title='bbox 1170 1899 1301 1940; x_wconf 86' lang='lat' dir='ltr'>fallere,</span> <span class='ocrx_word' id='word_1_849' title='bbox 1327 1900 1381 1933; x_wconf 61' lang='lat' dir='ltr'>sed&gt;</span> <span class='ocrx_word' id='word_1_850' title='bbox 1400 1902 1431 1933; x_wconf 91' lang='lat' dir='ltr'>in</span> <span class='ocrx_word' id='word_1_851' title='bbox 1452 1902 1522 1942; x_wconf 84' lang='lat' dir='ltr'>lege</span> <span class='ocrx_word' id='word_1_852' title='bbox 1543 1902 1684 1943; x_wconf 70' lang='lat' dir='ltr'>perfecta</span> <span class='ocrx_word' id='word_1_853' title='bbox 1705 1902 1830 1935; x_wconf 88' lang='lat' dir='ltr'>summo</span> 
     </span>
     <span class='ocr_line' id='line_1_118' title="bbox 955 1942 1830 1984; baseline 0.003 -10"><span class='ocrx_word' id='word_1_854' title='bbox 955 1944 1023 1984; x_wconf 86' lang='lat' dir='ltr'>jure</span> <span class='ocrx_word' id='word_1_855' title='bbox 1047 1943 1165 1979; x_wconf 81' lang='lat' dir='ltr'>licere,</span> <span class='ocrx_word' id='word_1_856' title='bbox 1190 1951 1224 1974; x_wconf 90' lang='lat' dir='ltr'>ut</span> <span class='ocrx_word' id='word_1_857' title='bbox 1256 1943 1376 1984; x_wconf 90' lang='lat' dir='ltr'>plenius</span> <span class='ocrx_word' id='word_1_858' title='bbox 1404 1943 1558 1984; x_wconf 84' lang='lat' dir='ltr'>disputavi</span> <span class='ocrx_word' id='word_1_859' title='bbox 1580 1943 1647 1975; x_wconf 88' lang='lat' dir='ltr'>Hoc</span> <span class='ocrx_word' id='word_1_860' title='bbox 1669 1942 1775 1976; x_wconf 71' lang='lat' dir='ltr'>Libro&#39;</span> <span class='ocrx_word' id='word_1_861' title='bbox 1794 1944 1830 1977; x_wconf 83' lang='lat' dir='ltr'>C.</span> 
     </span>
     <span class='ocr_line' id='line_1_119' title="bbox 958 1984 1829 2027; baseline 0.001 -11"><span class='ocrx_word' id='word_1_862' title='bbox 958 1985 1000 2016; x_wconf 84' lang='lat' dir='ltr'>V.</span> <span class='ocrx_word' id='word_1_863' title='bbox 1026 1984 1067 2025; x_wconf 65' lang='lat' dir='ltr'>ts.</span> <span class='ocrx_word' id='word_1_864' title='bbox 1097 1985 1328 2023; x_wconf 69' lang='lat' dir='ltr'>Contradicmzt,</span> <span class='ocrx_word' id='word_1_865' title='bbox 1353 1984 1389 2019; x_wconf 66' lang='lat'>&amp;⁹</span> <span class='ocrx_word' id='word_1_866' title='bbox 1401 1985 1465 2027; x_wconf 81' lang='lat' dir='ltr'>seq.</span> <span class='ocrx_word' id='word_1_867' title='bbox 1504 1985 1636 2018; x_wconf 90' lang='lat' dir='ltr'>Plurimi</span> <span class='ocrx_word' id='word_1_868' title='bbox 1660 1986 1829 2018; x_wconf 85' lang='lat' dir='ltr'>Senatores</span> 
     </span>
     <span class='ocr_line' id='line_1_120' title="bbox 956 2025 1829 2068; baseline -0.001 -9"><span class='ocrx_word' id='word_1_869' title='bbox 956 2026 1116 2059; x_wconf 87' lang='lat' dir='ltr'>malebant</span> <span class='ocrx_word' id='word_1_870' title='bbox 1144 2025 1348 2066; x_wconf 84' lang='lat' dir='ltr'>respondere,</span> <span class='ocrx_word' id='word_1_871' title='bbox 1371 2026 1592 2068; x_wconf 87' lang='lat' dir='ltr'>Sempronium</span> <span class='ocrx_word' id='word_1_872' title='bbox 1618 2027 1829 2067; x_wconf 67' lang='lat' dir='ltr'>profectionis</span> 
     </span>
     <span class='ocr_line' id='line_1_121' title="bbox 957 2067 1831 2110; baseline 0 -10"><span class='ocrx_word' id='word_1_873' title='bbox 957 2078 1022 2100; x_wconf 88' lang='lat' dir='ltr'>non</span> <span class='ocrx_word' id='word_1_874' title='bbox 1037 2069 1129 2110; x_wconf 76' lang='lat' dir='ltr'>plane</span> <span class='ocrx_word' id='word_1_875' title='bbox 1143 2067 1234 2099; x_wconf 73' lang='lat' dir='ltr'>fuisse</span> <span class='ocrx_word' id='word_1_876' title='bbox 1252 2067 1431 2107; x_wconf 86' lang='lat' dir='ltr'>conscium,</span> <span class='ocrx_word' id='word_1_877' title='bbox 1450 2067 1664 2100; x_wconf 84' lang='lat' dir='ltr'>seddubitaffe</span> <span class='ocrx_word' id='word_1_878' title='bbox 1680 2069 1722 2101; x_wconf 92' lang='lat' dir='ltr'>ob</span> <span class='ocrx_word' id='word_1_879' title='bbox 1738 2078 1806 2100; x_wconf 84' lang='lat' dir='ltr'>eam</span> <span class='ocrx_word' id='word_1_880' title='bbox 1817 2091 1831 2107; x_wconf 89' lang='lat'><em>‚</em></span> 
     </span>
     <span class='ocr_line' id='line_1_122' title="bbox 957 2109 1829 2151; baseline -0.001 -10"><span class='ocrx_word' id='word_1_881' title='bbox 957 2119 1049 2150; x_wconf 83' lang='lat' dir='ltr'>quam</span> <span class='ocrx_word' id='word_1_882' title='bbox 1071 2109 1158 2147; x_wconf 76' lang='lat' dir='ltr'>dixi,</span> <span class='ocrx_word' id='word_1_883' title='bbox 1188 2109 1344 2141; x_wconf 88' lang='lat' dir='ltr'>rationem</span> <span class='ocrx_word' id='word_1_884' title='bbox 1359 2132 1370 2148; x_wconf 87' lang='lat'>,</span> <span class='ocrx_word' id='word_1_885' title='bbox 1401 2110 1431 2141; x_wconf 89' lang='lat'>&amp;</span> <span class='ocrx_word' id='word_1_886' title='bbox 1450 2109 1492 2141; x_wconf 91' lang='lat' dir='ltr'>ob</span> <span class='ocrx_word' id='word_1_887' title='bbox 1516 2119 1609 2151; x_wconf 84' lang='lat' dir='ltr'>quam</span> <span class='ocrx_word' id='word_1_888' title='bbox 1640 2109 1829 2143; x_wconf 69' lang='lat' dir='ltr'>nemo&#39;non</span> 
     </span>
     <span class='ocr_line' id='line_1_123' title="bbox 954 2150 1832 2192; baseline -0.001 -10"><span class='ocrx_word' id='word_1_889' title='bbox 954 2151 1172 2189; x_wconf 79' lang='lat' dir='ltr'>dubitaret,&amp;</span> <span class='ocrx_word' id='word_1_890' title='bbox 1188 2151 1262 2182; x_wconf 86' lang='lat' dir='ltr'>ideo</span> <span class='ocrx_word' id='word_1_891' title='bbox 1279 2150 1539 2192; x_wconf 82' lang='lat' dir='ltr'>fignificaffe,sibi</span> <span class='ocrx_word' id='word_1_892' title='bbox 1560 2161 1623 2183; x_wconf 91' lang='lat' dir='ltr'>non</span> <span class='ocrx_word' id='word_1_893' title='bbox 1643 2150 1736 2191; x_wconf 86' lang='lat' dir='ltr'>plene</span> <span class='ocrx_word' id='word_1_894' title='bbox 1753 2159 1832 2182; x_wconf 92' lang='lat' dir='ltr'>con-</span> 
     </span>
     <span class='ocr_line' id='line_1_124' title="bbox 957 2192 1828 2233; baseline -0.001 -9"><span class='ocrx_word' id='word_1_895' title='bbox 957 2192 1034 2224; x_wconf 85' lang='lat' dir='ltr'>stare</span> <span class='ocrx_word' id='word_1_896' title='bbox 1056 2193 1094 2224; x_wconf 82' lang='lat' dir='ltr'>de</span> <span class='ocrx_word' id='word_1_897' title='bbox 1113 2201 1254 2232; x_wconf 85' lang='lat' dir='ltr'>tempore</span> <span class='ocrx_word' id='word_1_898' title='bbox 1273 2192 1498 2232; x_wconf 65' lang='lat' dir='ltr'>profectionis,</span> <span class='ocrx_word' id='word_1_899' title='bbox 1522 2192 1606 2233; x_wconf 86' lang='lat' dir='ltr'>quod</span> <span class='ocrx_word' id='word_1_900' title='bbox 1623 2200 1734 2223; x_wconf 90' lang='lat' dir='ltr'>verum</span> <span class='ocrx_word' id='word_1_901' title='bbox 1750 2199 1828 2223; x_wconf 88' lang='lat' dir='ltr'>erat.</span> 
     </span>
     <span class='ocr_line' id='line_1_125' title="bbox 955 2233 1829 2274; baseline -0.001 -9"><span class='ocrx_word' id='word_1_902' title='bbox 955 2234 1118 2266; x_wconf 82' lang='lat' dir='ltr'>Addebant</span> <span class='ocrx_word' id='word_1_903' title='bbox 1148 2234 1199 2265; x_wconf 88' lang='lat' dir='ltr'>alii</span> <span class='ocrx_word' id='word_1_904' title='bbox 1215 2257 1224 2271; x_wconf 92' lang='lat'>‚</span> <span class='ocrx_word' id='word_1_905' title='bbox 1256 2234 1308 2266; x_wconf 90' lang='lat' dir='ltr'>ubi</span> <span class='ocrx_word' id='word_1_906' title='bbox 1334 2233 1512 2274; x_wconf 89' lang='lat' dir='ltr'>periculum</span> <span class='ocrx_word' id='word_1_907' title='bbox 1540 2233 1651 2274; x_wconf 88' lang='lat' dir='ltr'>incipit</span> <span class='ocrx_word' id='word_1_908' title='bbox 1669 2242 1710 2264; x_wconf 79' lang='lat' dir='ltr'>ex</span> <span class='ocrx_word' id='word_1_909' title='bbox 1736 2240 1829 2264; x_wconf 91' lang='lat' dir='ltr'>certo</span> 
     </span>
     <span class='ocr_line' id='line_1_126' title="bbox 957 2273 1828 2317; baseline -0.003 -10"><span class='ocrx_word' id='word_1_910' title='bbox 957 2283 1121 2317; x_wconf 85' lang='lat' dir='ltr'>tempore,</span> <span class='ocrx_word' id='word_1_911' title='bbox 1141 2284 1176 2306; x_wconf 92' lang='lat' dir='ltr'>ut</span> <span class='ocrx_word' id='word_1_912' title='bbox 1193 2275 1246 2306; x_wconf 86' lang='lat' dir='ltr'>hie</span> <span class='ocrx_word' id='word_1_913' title='bbox 1262 2285 1302 2307; x_wconf 86' lang='lat' dir='ltr'>ex</span> <span class='ocrx_word' id='word_1_914' title='bbox 1315 2285 1345 2316; x_wconf 82' lang='lat'>3.</span> <span class='ocrx_word' id='word_1_915' title='bbox 1364 2273 1451 2306; x_wconf 83' lang='lat' dir='ltr'>Nov.</span> <span class='ocrx_word' id='word_1_916' title='bbox 1481 2277 1572 2316; x_wconf 83' lang='lat'>1736.</span> <span class='ocrx_word' id='word_1_917' title='bbox 1591 2274 1754 2306; x_wconf 87' lang='lat' dir='ltr'>scientiam</span> <span class='ocrx_word' id='word_1_918' title='bbox 1772 2274 1828 2305; x_wconf 85' lang='lat' dir='ltr'>vel</span> 
     </span>
     <span class='ocr_line' id='line_1_127' title="bbox 957 2316 1829 2359; baseline -0.002 -11"><span class='ocrx_word' id='word_1_919' title='bbox 957 2317 1167 2359; x_wconf 83' lang='lat' dir='ltr'>ignorantiam</span> <span class='ocrx_word' id='word_1_920' title='bbox 1194 2316 1401 2357; x_wconf 70' lang='lat' dir='ltr'>pmfeffionis</span> <span class='ocrx_word' id='word_1_921' title='bbox 1431 2316 1510 2348; x_wconf 89' lang='lat' dir='ltr'>nihil</span> <span class='ocrx_word' id='word_1_922' title='bbox 1537 2316 1576 2347; x_wconf 92' lang='lat' dir='ltr'>ad</span> <span class='ocrx_word' id='word_1_923' title='bbox 1605 2316 1829 2347; x_wconf 77' lang='lat' dir='ltr'>assecuratores</span> 
     </span>
     <span class='ocr_line' id='line_1_128' title="bbox 956 2357 1827 2401; baseline -0.002 -12"><span class='ocrx_word' id='word_1_924' title='bbox 956 2359 1133 2401; x_wconf 86' lang='lat' dir='ltr'>pertinere,</span> <span class='ocrx_word' id='word_1_925' title='bbox 1155 2359 1185 2389; x_wconf 70' lang='grc' dir='ltr'>ἀ</span> <span class='ocrx_word' id='word_1_926' title='bbox 1207 2358 1246 2390; x_wconf 90' lang='lat' dir='ltr'>iis</span> <span class='ocrx_word' id='word_1_927' title='bbox 1267 2357 1314 2398; x_wconf 83' lang='lat'>§§.</span> <span class='ocrx_word' id='word_1_928' title='bbox 1340 2368 1394 2399; x_wconf 78' lang='lat'>32.</span> <span class='ocrx_word' id='word_1_929' title='bbox 1417 2367 1469 2399; x_wconf 78' lang='lat'>33.</span> <span class='ocrx_word' id='word_1_930' title='bbox 1493 2357 1530 2392; x_wconf 51' lang='grc' dir='ltr'>ὅθ</span> <span class='ocrx_word' id='word_1_931' title='bbox 1547 2367 1599 2398; x_wconf 80' lang='lat'>34.</span> <span class='ocrx_word' id='word_1_932' title='bbox 1626 2365 1702 2388; x_wconf 90' lang='lat' dir='ltr'>tunc</span> <span class='ocrx_word' id='word_1_933' title='bbox 1717 2357 1827 2388; x_wconf 89' lang='lat' dir='ltr'>locum</span> 
     </span>
     <span class='ocr_line' id='line_1_129' title="bbox 956 2397 1829 2439; baseline -0.002 -8"><span class='ocrx_word' id='word_1_934' title='bbox 956 2409 1021 2431; x_wconf 90' lang='lat' dir='ltr'>non</span> <span class='ocrx_word' id='word_1_935' title='bbox 1043 2399 1115 2431; x_wconf 81' lang='lat' dir='ltr'>effe.</span> <span class='ocrx_word' id='word_1_936' title='bbox 1139 2398 1237 2430; x_wconf 87' lang='lat' dir='ltr'>Erant</span> <span class='ocrx_word' id='word_1_937' title='bbox 1255 2407 1358 2430; x_wconf 83' lang='lat' dir='ltr'>tamen</span> <span class='ocrx_word' id='word_1_938' title='bbox 1375 2399 1560 2436; x_wconf 85' lang='lat' dir='ltr'>Senatores,</span> <span class='ocrx_word' id='word_1_939' title='bbox 1582 2398 1635 2439; x_wconf 87' lang='lat' dir='ltr'>qui</span> <span class='ocrx_word' id='word_1_940' title='bbox 1662 2397 1829 2429; x_wconf 83' lang='lat' dir='ltr'>animosius</span> 
     </span>
     <span class='ocr_line' id='line_1_130' title="bbox 955 2438 1826 2481; baseline -0.005 -8"><span class='ocrx_word' id='word_1_941' title='bbox 955 2441 1173 2481; x_wconf 82' lang='lat' dir='ltr'>Sempronium</span> <span class='ocrx_word' id='word_1_942' title='bbox 1200 2439 1420 2480; x_wconf 86' lang='lat' dir='ltr'>increpabant,</span> <span class='ocrx_word' id='word_1_943' title='bbox 1448 2439 1554 2480; x_wconf 85' lang='lat' dir='ltr'>quod,</span> <span class='ocrx_word' id='word_1_944' title='bbox 1585 2448 1645 2480; x_wconf 84' lang='lat' dir='ltr'>qua</span> <span class='ocrx_word' id='word_1_945' title='bbox 1669 2438 1826 2470; x_wconf 87' lang='lat' dir='ltr'>mandata-</span> 
     </span>
     <span class='ocr_line' id='line_1_131' title="bbox 955 2478 1825 2521; baseline -0.002 -8"><span class='ocrx_word' id='word_1_946' title='bbox 955 2483 1017 2513; x_wconf 88' lang='lat' dir='ltr'>rius</span> <span class='ocrx_word' id='word_1_947' title='bbox 1039 2481 1150 2520; x_wconf 83' lang='lat' dir='ltr'>Titii,</span> <span class='ocrx_word' id='word_1_948' title='bbox 1175 2480 1253 2512; x_wconf 88' lang='lat' dir='ltr'>fines</span> <span class='ocrx_word' id='word_1_949' title='bbox 1278 2480 1415 2512; x_wconf 86' lang='lat' dir='ltr'>mandati</span> <span class='ocrx_word' id='word_1_950' title='bbox 1441 2489 1505 2512; x_wconf 90' lang='lat' dir='ltr'>non</span> <span class='ocrx_word' id='word_1_951' title='bbox 1529 2480 1697 2521; x_wconf 79' lang='lat' dir='ltr'>diligenter</span> <span class='ocrx_word' id='word_1_952' title='bbox 1719 2478 1825 2511; x_wconf 84' lang='lat' dir='ltr'>obser-</span> 
     </span>
     <span class='ocr_line' id='line_1_132' title="bbox 956 2521 1826 2563; baseline 0 -11"><span class='ocrx_word' id='word_1_953' title='bbox 956 2522 1077 2561; x_wconf 85' lang='lat' dir='ltr'>vasset,</span> <span class='ocrx_word' id='word_1_954' title='bbox 1103 2522 1154 2554; x_wconf 88' lang='lat' dir='ltr'>sed</span> <span class='ocrx_word' id='word_1_955' title='bbox 1173 2522 1257 2563; x_wconf 87' lang='lat' dir='ltr'>quod</span> <span class='ocrx_word' id='word_1_956' title='bbox 1281 2522 1313 2553; x_wconf 87' lang='lat' dir='ltr'>hi</span> <span class='ocrx_word' id='word_1_957' title='bbox 1342 2522 1465 2562; x_wconf 73' lang='lat' dir='ltr'>culpae,</span> <span class='ocrx_word' id='word_1_958' title='bbox 1490 2521 1542 2554; x_wconf 86' lang='lat' dir='ltr'>alii</span> <span class='ocrx_word' id='word_1_959' title='bbox 1569 2521 1743 2562; x_wconf 68' lang='lat' dir='ltr'>prudentiae</span> <span class='ocrx_word' id='word_1_960' title='bbox 1774 2521 1826 2552; x_wconf 87' lang='lat' dir='ltr'>ad-</span> 
     </span>
     <span class='ocr_line' id='line_1_133' title="bbox 957 2561 1826 2604; baseline -0.002 -8"><span class='ocrx_word' id='word_1_961' title='bbox 957 2563 1142 2596; x_wconf 84' lang='lat' dir='ltr'>scribebant.</span> <span class='ocrx_word' id='word_1_962' title='bbox 1199 2564 1278 2595; x_wconf 89' lang='lat' dir='ltr'>Sane</span> <span class='ocrx_word' id='word_1_963' title='bbox 1305 2573 1368 2595; x_wconf 90' lang='lat' dir='ltr'>non</span> <span class='ocrx_word' id='word_1_964' title='bbox 1395 2562 1520 2595; x_wconf 76' lang='lat' dir='ltr'>errasset</span> <span class='ocrx_word' id='word_1_965' title='bbox 1546 2563 1746 2604; x_wconf 89' lang='lat' dir='ltr'>Sempronius</span> <span class='ocrx_word' id='word_1_966' title='bbox 1762 2585 1772 2601; x_wconf 89' lang='lat'>‚</span> <span class='ocrx_word' id='word_1_967' title='bbox 1802 2561 1826 2594; x_wconf 89' lang='lat' dir='ltr'><strong>fi</strong></span> 
     </span>
     <span class='ocr_line' id='line_1_134' title="bbox 957 2604 1826 2647; baseline -0.003 -10"><span class='ocrx_word' id='word_1_968' title='bbox 957 2615 1081 2647; x_wconf 84' lang='lat' dir='ltr'>tempus</span> <span class='ocrx_word' id='word_1_969' title='bbox 1102 2605 1309 2645; x_wconf 72' lang='lat' dir='ltr'>profectionis</span> <span class='ocrx_word' id='word_1_970' title='bbox 1331 2604 1539 2645; x_wconf 72' lang='lat' dir='ltr'>expreffiss&#39;et,</span> <span class='ocrx_word' id='word_1_971' title='bbox 1569 2612 1604 2636; x_wconf 90' lang='lat' dir='ltr'>ut</span> <span class='ocrx_word' id='word_1_972' title='bbox 1624 2605 1657 2636; x_wconf 91' lang='lat' dir='ltr'>in</span> <span class='ocrx_word' id='word_1_973' title='bbox 1676 2604 1826 2635; x_wconf 87' lang='lat' dir='ltr'>mandato</span> 
     </span>
     <span class='ocr_line' id='line_1_135' title="bbox 955 2644 1826 2688; baseline -0.005 -9"><span class='ocrx_word' id='word_1_974' title='bbox 955 2647 1142 2688; x_wconf 77' lang='lat' dir='ltr'>simpliciter</span> <span class='ocrx_word' id='word_1_975' title='bbox 1157 2646 1331 2687; x_wconf 78' lang='lat' dir='ltr'>expressum</span> <span class='ocrx_word' id='word_1_976' title='bbox 1350 2655 1416 2678; x_wconf 86' lang='lat' dir='ltr'>erat</span> <span class='ocrx_word' id='word_1_977' title='bbox 1428 2669 1439 2684; x_wconf 89' lang='lat'>,</span> <span class='ocrx_word' id='word_1_978' title='bbox 1462 2645 1514 2677; x_wconf 89' lang='lat' dir='ltr'>sed</span> <span class='ocrx_word' id='word_1_979' title='bbox 1531 2645 1642 2677; x_wconf 88' lang='lat' dir='ltr'>maluit</span> <span class='ocrx_word' id='word_1_980' title='bbox 1664 2644 1826 2676; x_wconf 84' lang='lat' dir='ltr'>mandanti</span> 
     </span>
     <span class='ocr_line' id='line_1_136' title="bbox 956 2685 1826 2728; baseline -0.005 -9"><span class='ocrx_word' id='word_1_981' title='bbox 956 2688 1121 2721; x_wconf 86' lang='lat' dir='ltr'>consulere</span> <span class='ocrx_word' id='word_1_982' title='bbox 1130 2711 1141 2726; x_wconf 90' lang='lat'>‚</span> <span class='ocrx_word' id='word_1_983' title='bbox 1153 2688 1174 2720; x_wconf 87' lang='lat' dir='ltr'>si</span> <span class='ocrx_word' id='word_1_984' title='bbox 1183 2688 1271 2720; x_wconf 84' lang='lat' dir='ltr'>forte</span> <span class='ocrx_word' id='word_1_985' title='bbox 1279 2711 1289 2727; x_wconf 93' lang='lat'>,</span> <span class='ocrx_word' id='word_1_986' title='bbox 1301 2695 1337 2719; x_wconf 90' lang='lat' dir='ltr'>ut</span> <span class='ocrx_word' id='word_1_987' title='bbox 1346 2687 1401 2728; x_wconf 85' lang='lat' dir='ltr'>ipsi</span> <span class='ocrx_word' id='word_1_988' title='bbox 1412 2687 1537 2727; x_wconf 88' lang='lat' dir='ltr'>quidem</span> <span class='ocrx_word' id='word_1_989' title='bbox 1547 2685 1731 2723; x_wconf 86' lang='lat' dir='ltr'>videbatur,</span> <span class='ocrx_word' id='word_1_990' title='bbox 1740 2685 1826 2716; x_wconf 89' lang='lat' dir='ltr'>diem</span> 
     </span>
     <span class='ocr_line' id='line_1_137' title="bbox 955 2725 1825 2772; baseline -0.007 -10"><span class='ocrx_word' id='word_1_991' title='bbox 955 2729 1163 2772; x_wconf 60' lang='lat' dir='ltr'>professionis</span> <span class='ocrx_word' id='word_1_992' title='bbox 1179 2739 1339 2770; x_wconf 87' lang='lat' dir='ltr'>perperam</span> <span class='ocrx_word' id='word_1_993' title='bbox 1355 2727 1559 2768; x_wconf 80' lang='lat' dir='ltr'>significasset.</span> <span class='ocrx_word' id='word_1_994' title='bbox 1578 2726 1627 2757; x_wconf 87' lang='lat' dir='ltr'>Ad</span> <span class='ocrx_word' id='word_1_995' title='bbox 1642 2725 1825 2767; x_wconf 86' lang='lat' dir='ltr'>haec,quod</span> 
     </span>
     <span class='ocr_line' id='line_1_138' title="bbox 956 2767 1822 2813; baseline -0.006 -10"><span class='ocrx_word' id='word_1_996' title='bbox 956 2774 989 2803; x_wconf 90' lang='lat' dir='ltr'>in</span> <span class='ocrx_word' id='word_1_997' title='bbox 1007 2771 1142 2813; x_wconf 76' lang='lat' dir='ltr'>Legibus</span> <span class='ocrx_word' id='word_1_998' title='bbox 1163 2768 1479 2808; x_wconf 76' lang='lat' dir='ltr'>Rotterclammenfibus</span> <span class='ocrx_word' id='word_1_999' title='bbox 1496 2770 1525 2800; x_wconf 85' lang='lat' dir='ltr'>d.</span> <span class='ocrx_word' id='word_1_1000' title='bbox 1543 2767 1589 2809; x_wconf 55' lang='grc' dir='ltr'>ἓξ.</span> <span class='ocrx_word' id='word_1_1001' title='bbox 1599 2777 1713 2809; x_wconf 51' lang='lat'><strong>3233-</strong></span> <span class='ocrx_word' id='word_1_1002' title='bbox 1726 2767 1822 2808; x_wconf 62' lang='lat'>(5³34.</span> 
     </span>
     <span class='ocr_line' id='line_1_139' title="bbox 955 2808 1824 2854; baseline -0.007 -9"><span class='ocrx_word' id='word_1_1003' title='bbox 955 2812 1103 2854; x_wconf 89' lang='lat' dir='ltr'>scriptum</span> <span class='ocrx_word' id='word_1_1004' title='bbox 1121 2811 1397 2852; x_wconf 88' lang='lat' dir='ltr'>est‚Sempronius</span> <span class='ocrx_word' id='word_1_1005' title='bbox 1406 2810 1563 2842; x_wconf 83' lang='lat' dir='ltr'>referebat</span> <span class='ocrx_word' id='word_1_1006' title='bbox 1571 2812 1609 2840; x_wconf 86' lang='lat' dir='ltr'>ad</span> <span class='ocrx_word' id='word_1_1007' title='bbox 1625 2818 1696 2840; x_wconf 91' lang='lat' dir='ltr'>eum</span> <span class='ocrx_word' id='word_1_1008' title='bbox 1713 2808 1824 2840; x_wconf 90' lang='lat' dir='ltr'>dunta-</span> 
     </span>
     <span class='ocr_line' id='line_1_140' title="bbox 955 2850 1823 2894; baseline -0.006 -8"><span class='ocrx_word' id='word_1_1009' title='bbox 955 2863 1030 2893; x_wconf 83' lang='lat' dir='ltr'>xat,</span> <span class='ocrx_word' id='word_1_1010' title='bbox 1045 2855 1097 2894; x_wconf 87' lang='lat' dir='ltr'>qui</span> <span class='ocrx_word' id='word_1_1011' title='bbox 1119 2854 1371 2885; x_wconf 74' lang='lat' dir='ltr'>assecurationem</span> <span class='ocrx_word' id='word_1_1012' title='bbox 1387 2851 1567 2888; x_wconf 83' lang='lat' dir='ltr'>mandavit,</span> <span class='ocrx_word' id='word_1_1013' title='bbox 1589 2859 1653 2881; x_wconf 92' lang='lat' dir='ltr'>non</span> <span class='ocrx_word' id='word_1_1014' title='bbox 1674 2850 1712 2882; x_wconf 90' lang='lat' dir='ltr'>ad</span> <span class='ocrx_word' id='word_1_1015' title='bbox 1729 2859 1823 2888; x_wconf 88' lang='lat' dir='ltr'>eum,</span> 
     </span>
     <span class='ocr_line' id='line_1_141' title="bbox 973 2891 1822 2932; baseline -0.005 -5"><span class='ocrx_word' id='word_1_1016' title='bbox 973 2896 1001 2927; x_wconf 90' lang='lat' dir='ltr'>ui</span> <span class='ocrx_word' id='word_1_1017' title='bbox 1017 2895 1214 2927; x_wconf 77' lang='lat' dir='ltr'>ex‘mandato</span> <span class='ocrx_word' id='word_1_1018' title='bbox 1237 2893 1370 2925; x_wconf 87' lang='lat' dir='ltr'>curavit.</span> <span class='ocrx_word' id='word_1_1019' title='bbox 1399 2891 1642 2932; x_wconf 79' lang='lat' dir='ltr'>Exstatquidem</span> <span class='ocrx_word' id='word_1_1020' title='bbox 1658 2891 1822 2923; x_wconf 84' lang='lat' dir='ltr'>Statuturn</span> 
     </span>
     <span class='ocr_line' id='line_1_142' title="bbox 951 2905 1823 2974; baseline -0.007 -6"><span class='ocrx_word' id='word_1_1021' title='bbox 951 2905 1253 2968; x_wconf 32' lang='lat' dir='ltr'>&amp;msterdammcnse</span> <span class='ocrx_word' id='word_1_1022' title='bbox 1271 2934 1397 2974; x_wconf 79' lang='lat' dir='ltr'>23.Jan.</span> <span class='ocrx_word' id='word_1_1023' title='bbox 1416 2937 1504 2971; x_wconf 86' lang='lat'>1699.</span> <span class='ocrx_word' id='word_1_1024' title='bbox 1518 2932 1600 2974; x_wconf 86' lang='lat' dir='ltr'>quod</span> <span class='ocrx_word' id='word_1_1025' title='bbox 1618 2932 1650 2964; x_wconf 89' lang='lat' dir='ltr'>in</span> <span class='ocrx_word' id='word_1_1026' title='bbox 1663 2932 1710 2963; x_wconf 90' lang='lat' dir='ltr'>his</span> <span class='ocrx_word' id='word_1_1027' title='bbox 1729 2932 1823 2963; x_wconf 89' lang='lat' dir='ltr'>rebus</span> 
     </span>
     <span class='ocr_line' id='line_1_143' title="bbox 952 2975 1823 3014; baseline -0.007 -4"><span class='ocrx_word' id='word_1_1028' title='bbox 952 2977 1190 3010; x_wconf 83' lang='lat' dir='ltr'>mandantem&amp;</span> <span class='ocrx_word' id='word_1_1029' title='bbox 1206 2975 1428 3007; x_wconf 80' lang='lat' dir='ltr'>mandatarium</span> <span class='ocrx_word' id='word_1_1030' title='bbox 1441 2975 1534 3006; x_wconf 84' lang='lat' dir='ltr'>habet</span> <span class='ocrx_word' id='word_1_1031' title='bbox 1548 2983 1611 3005; x_wconf 88' lang='lat' dir='ltr'>non</span> <span class='ocrx_word' id='word_1_1032' title='bbox 1622 2982 1680 3014; x_wconf 88' lang='lat' dir='ltr'>pro</span> <span class='ocrx_word' id='word_1_1033' title='bbox 1698 2983 1759 3005; x_wconf 87' lang='lat' dir='ltr'>una</span> <span class='ocrx_word' id='word_1_1034' title='bbox 1774 2982 1823 3004; x_wconf 89' lang='lat' dir='ltr'>ea-</span> 
     </span>
     <span class='ocr_line' id='line_1_144' title="bbox 952 3014 1823 3060; baseline -0.003 -11"><span class='ocrx_word' id='word_1_1035' title='bbox 952 3020 1085 3060; x_wconf 81' lang='lat' dir='ltr'>demque</span> <span class='ocrx_word' id='word_1_1036' title='bbox 1094 3017 1222 3059; x_wconf 85' lang='lat' dir='ltr'>persona</span> <span class='ocrx_word' id='word_1_1037' title='bbox 1231 3040 1239 3054; x_wconf 93' lang='lat'>‚</span> <span class='ocrx_word' id='word_1_1038' title='bbox 1252 3015 1301 3047; x_wconf 86' lang='lat' dir='ltr'>sed</span> <span class='ocrx_word' id='word_1_1039' title='bbox 1312 3025 1518 3057; x_wconf 78' lang='lat' dir='ltr'>praeterquam</span> <span class='ocrx_word' id='word_1_1040' title='bbox 1530 3015 1611 3055; x_wconf 81' lang='lat' dir='ltr'>quod</span> <span class='ocrx_word' id='word_1_1041' title='bbox 1620 3014 1651 3046; x_wconf 88' lang='lat' dir='ltr'>id</span> <span class='ocrx_word' id='word_1_1042' title='bbox 1659 3014 1823 3048; x_wconf 87' lang='lat' dir='ltr'>Statuturn</span> 
     </span>
     <span class='ocr_line' id='line_1_145' title="bbox 952 3055 1823 3095; baseline -0.006 -3"><span class='ocrx_word' id='word_1_1043' title='bbox 952 3070 1014 3092; x_wconf 90' lang='lat' dir='ltr'>non</span> <span class='ocrx_word' id='word_1_1044' title='bbox 1031 3060 1174 3091; x_wconf 82' lang='lat' dir='ltr'>obtineat</span> <span class='ocrx_word' id='word_1_1045' title='bbox 1184 3058 1238 3090; x_wconf 88' lang='lat' dir='ltr'>nisi</span> <span class='ocrx_word' id='word_1_1046' title='bbox 1247 3057 1277 3089; x_wconf 90' lang='lat' dir='ltr'>in</span> <span class='ocrx_word' id='word_1_1047' title='bbox 1294 3057 1389 3089; x_wconf 83' lang='lat' dir='ltr'>causis</span> <span class='ocrx_word' id='word_1_1048' title='bbox 1398 3055 1748 3088; x_wconf 79' lang='lat' dir='ltr'>Amsterdammenfibus</span> <span class='ocrx_word' id='word_1_1049' title='bbox 1757 3079 1768 3095; x_wconf 93' lang='lat'>,</span> <span class='ocrx_word' id='word_1_1050' title='bbox 1777 3055 1823 3087; x_wconf 80' lang='lat' dir='ltr'>sa-</span> 
     </span>
     <span class='ocr_line' id='line_1_146' title="bbox 953 3095 1867 3140; baseline -0.003 -8"><span class='ocrx_word' id='word_1_1051' title='bbox 953 3111 996 3132; x_wconf 90' lang='lat' dir='ltr'>no</span> <span class='ocrx_word' id='word_1_1052' title='bbox 1009 3100 1097 3132; x_wconf 87' lang='lat' dir='ltr'>sensu</span> <span class='ocrx_word' id='word_1_1053' title='bbox 1108 3101 1218 3140; x_wconf 87' lang='lat' dir='ltr'>utique</span> <span class='ocrx_word' id='word_1_1054' title='bbox 1235 3108 1299 3130; x_wconf 89' lang='lat' dir='ltr'>non</span> <span class='ocrx_word' id='word_1_1055' title='bbox 1311 3098 1401 3130; x_wconf 83' lang='lat' dir='ltr'>aliter</span> <span class='ocrx_word' id='word_1_1056' title='bbox 1414 3098 1549 3140; x_wconf 83' lang='lat' dir='ltr'>intelligi</span> <span class='ocrx_word' id='word_1_1057' title='bbox 1563 3096 1678 3139; x_wconf 89' lang='lat' dir='ltr'>potest,</span> <span class='ocrx_word' id='word_1_1058' title='bbox 1692 3107 1786 3139; x_wconf 88' lang='lat' dir='ltr'>quam</span> <span class='ocrx_word' id='word_1_1059' title='bbox 1801 3095 1824 3128; x_wconf 87' lang='lat' dir='ltr'><strong>fi</strong></span> <span class='ocrx_word' id='word_1_1060' title='bbox 1862 3135 1867 3137; x_wconf 45' lang='grc'><strong>,</strong></span> 
     </span>
     <span class='ocr_line' id='line_1_147' title="bbox 954 3138 1823 3183; baseline -0.006 -9"><span class='ocrx_word' id='word_1_1061' title='bbox 954 3150 1085 3183; x_wconf 78' lang='lat' dir='ltr'>uterque</span> <span class='ocrx_word' id='word_1_1062' title='bbox 1103 3142 1231 3174; x_wconf 84' lang='lat' dir='ltr'>eandem</span> <span class='ocrx_word' id='word_1_1063' title='bbox 1249 3140 1301 3172; x_wconf 80' lang='lat' dir='ltr'>vel</span> <span class='ocrx_word' id='word_1_1064' title='bbox 1321 3138 1469 3179; x_wconf 85' lang='lat' dir='ltr'>sciverit,</span> <span class='ocrx_word' id='word_1_1065' title='bbox 1492 3141 1543 3173; x_wconf 89' lang='lat' dir='ltr'>vel</span> <span class='ocrx_word' id='word_1_1066' title='bbox 1559 3139 1764 3182; x_wconf 84' lang='lat' dir='ltr'>ignoraverit.</span> <span class='ocrx_word' id='word_1_1067' title='bbox 1788 3138 1823 3169; x_wconf 74' lang='lat' dir='ltr'>Sr</span> 
     </span>
    </p>

    <p class='ocr_par' dir='ltr' id='par_1_7' title="bbox 1026 3187 1823 3214">
     <span class='ocr_line' id='line_1_148' title="bbox 1026 3187 1823 3214; baseline 0.015 -12"><span class='ocrx_word' id='word_1_1068' title='bbox 1026 3195 1032 3202; x_wconf 93' lang='lat'>.</span> <span class='ocrx_word' id='word_1_1069' title='bbox 1737 3187 1823 3214; x_wconf 68' lang='lat' dir='ltr'>man·</span> 
     </span>
    </p>
   </div>
   <div class='ocr_carea' id='block_1_6' title="bbox 1199 3262 1379 3295">
    <p class='ocr_par' dir='ltr' id='par_1_8' title="bbox 1199 3262 1379 3295">
     <span class='ocr_line' id='line_1_149' title="bbox 1199 3262 1379 3295; baseline -0.006 0"><span class='ocrx_word' id='word_1_1070' title='bbox 1199 3262 1379 3295; x_wconf 68' lang='lat' dir='ltr'>Mmrnz</span> 
     </span>
    </p>
   </div>
  </div>
 </body>
</html>
