2008 3436
275 113 365 154 DE
431 109 638 151 rouo
705 92 1241 153 LEGATo‘RUM,
1293 103 1621 150 c.xv11i.x1x.

48 193 112 244 ipse
128 199 251 238 adfert,
274 206 384 231 revera
405 195 438 228 in
464 192 642 227 Annalibus
665 189 804 228 exstare,
830 189 861 222 ἅς
878 190 918 237 de

46 245 154 287 paucis
181 241 250 274 aliis
270 238 334 282 ipse
352 237 478 271 securus
502 235 569 269 fim.
613 233 700 273 Lege
726 232 794 263 haec
810 240 918 278 omnia

47 286 136 328 (nam
164 295 181 316 e
204 293 224 315 0
257 281 356 314 nolim
382 277 576 318 describere)
605 273 720 306 confer
747 272 916 320 Cum-his,

47 338 116 370 quae
135 328 168 369 ip
183 335 201 358 e
224 323 315 363 dixi,
338 321 370 355 ἃ
389 320 492 353 adhuc
510 318 640 357 dubita,
663 324 733 358 quae
750 315 788 348 sit
810 314 918 348 dicen-

617 421 982 461 CAPUT

1763 117 1833 161 175·

959 189 999 221 da
1015 188 1213 221 consuetudo
1231 186 1399 222 Gentium.
1443 190 1513 222 Imo
1533 202 1612 224 vero
1632 200 1695 225 non
1714 193 1837 226 dubita*

960 231 1009 264 bis
1029 253 1040 269 ,
1071 230 1123 263 sed
1149 231 1250 272 palam
1283 232 1451 264 affirmabis
1469 255 1478 271 ‚
1512 234 1611 265 tacito
1639 234 1838 277 Populorum

960 271 1115 307 consensu
1135 272 1290 313 placuisse
1307 298 1317 314 ,
1353 283 1393 306 ne
1420 274 1541 315 legatos
1555 297 1564 313 ‚
1596 284 1631 306 ut
1655 285 1691 308 ut
1710 286 1836 317 poenam

960 315 1111 354 meritos,
1133 314 1189 356 ipfi
1206 315 1393 357 puniamus,
1416 314 1468 348 sed
1485 315 1635 357 Princeps
1647 339 1656 355 ,
1675 318 1729 358 qui
1742 318 1837 351 milit:

1081 421 1225 458 XIX.

298 515 425 564 Rursus
449 516 486 551 de
512 515 689 562 exemplis,
714 525 757 550 ex
781 511 840 561 usu
867 512 1040 556 Gentium,
1065 509 1108 553 {5⁹
1132 521 1198 559 quoe
1224 520 1337 549 contra
1360 513 1425 549 dici
1445 511 1576 561 pffnt.

139 619 240 651 rotius
262 617 296 648 de
313 615 391 657 Jure
419 614 457 661 B.
483 612 520 649 ὣ*
542 613 582 647 P.
600 611 738 660 *Lis-11.
765 612 800 659 C.
822 617 870 659 13.
887 610 917 652 §.

149 670 181 701 4.
204 662 274 691 n.6.
298 665 333 690 ut
348 657 478 689 obviam
494 664 584 687 eatur
598 661 776 688 imminenti
793 663 917 695 pericu—

44 703 99 741 lo,
129 709 240 744 putat,
269 700 393 741 legatos
426 696 462 733 {5⁹
487 698 611 729 retineri
631 720 641 737 ,
680 695 846 732 &interro
870 697 918 728 ari

39 743 133 787 poste,
156 741 242 785 quod
258 741 328 780 plus
346 739 411 779 est,
436 748 532 780 quam
551 739 653 778 Aula,
668 737 774 777 Urbe,
792 738 845 770 vel
871 747 916 770 m-

43 783 364 861 &35002333250‘1222
395 780 650 869 igsffitijussd
662 787 858 854 ‘ieieuirgteiig
873 779 917 853 1?

103 838 117 860 s
498 847 506 855 ·
906 839 916 845 ·

44 869 126 911 gatis
141 866 312 908 Tarquinii
331 833 584 907 comprehensis,
608 873 651 896 ex
701 863 768 895 ivio
791 872 856 895 non
874 862 916 894 sa·

45 911 88 942 tis
105 909 180 942 mihi
202 909 224 942 li
249 916 326 946 uet,
358 905 409 939 sed
435 906 628 953 linqueret,
663 914 728 937 non
755 904 912 945 improba-

44 961 120 984 rem.
166 950 202 983 In
246 949 390 982 editione
418 955 581 980 concitata
603 957 652 980 res
678 946 760 988 saepe
792 955 913 978 moram

44 1002 110 1027 non
126 991 246 1031 refert,
260 991 291 1024 &
309 990 452 1023 auctores
463 1013 473 1029 ‚
485 987 645 1035 rie-serpat
662 988 799 1034 malum,
840 997 911 1019 uam

43 1036 181 1077 primum
206 1031 330 1065 solicite
345 1030 558 1069 custodiendi,
584 1038 619 1061 ut
637 1028 816 1070 Episcopus
863 1039 912 1076 os-

44 1076 158 1114 senfis,
179 1083 215 1106 ut
240 1073 313 1113 alii,
337 1082 418 1113 quos
446 1071 716 1111 memoravimus,
762 1080 833 1102 uam
854 1079 915 1112 pri-

43 1126 130 1151 mum
149 1114 320 1154 custoditi,
345 1112 397 1147 sed
413 1111 483 1155 post
500 1112 612 1145 dimisfi
629 1112 711 1145 sunt.
792 1112 917 1145 enricus

43 1158 99 1192 lv.
123 1157 263 1191 Franciae
281 1156 371 1194 Rex,
398 1155 480 1196 Juris
506 1153 662 1187 Gentium
683 1153 749 1186 fuit
774 1153 916 1195 peritiffi-

44 1209 114 1247 mus
124 1200 189 1274 h&
204 1197 294 1245 simul
311 1196 530 1244 tenacissimus
552 1238 558 1244 ⁶
577 1196 661 1229 Cum
677 1196 704 1228 is
722 1195 854 1243 scribam
871 1196 914 1228 le-

44 1237 914 1327 aaudiat52¹5..?32}1¹33.¹532{¹²?1559‘2a?.{2¹sigga}

43 1326 76 1359 in
95 1335 132 1357 ea
151 1323 254 1366 specie
269 1322 404 1355 detineri
420 1321 517 1363 poffe.
540 1321 692 1354 Redd1d1t
705 1321 819 1353 deinde
837 1320 910 1353 scri-

44 1366 117 1399 bam
136 1365 166 1397 le
208 1374 259 1404 to,
283 1363 335 1396 sed
346 1373 382 1396 ea
399 1363 487 1404 lege,
510 1371 546 1394 ut
563 1371 765 1405 quantocyus
785 1371 855 1394 eum
867 1363 913 1403 Ju-

43 1409 137 1441 beret
180 1406 300 1448 mperio
327 1405 488 1438 excedere.
541 1404 635 1437 Duos
656 1404 755 1444 alios,
776 1403 914 1445 ejusdem

45 1448 187 1482 criminis
201 1458 292 1487 reos,
314 1456 347 1479 at
371 1446 426 1479 fibi
442 1455 508 1478 non
530 1445 692 1486 subditos,
719 1446 802 1478 idem
821 1445 913 1478 Fran-

44 1492 104 1523 ciae
121 1491 212 1530 Rex,
236 1489 306 1532 post
329 1497 399 1520 uam
419 1487 739 1530 inter1·ogass'et,cum
755 1487 911 1528 Notoriis,

45 1541 84 1565 ut
99 1541 236 1572 vocant,
260 1532 297 1563 ad
335 1530 487 1569 rincipem
504 1528 593 1562 suum
611 1528 746 1570 remifit,
765 1529 911 1570 quemad—

46 1574 177 1607 modum
198 1574 258 1606 hoc
278 1571 372 1604 tradit
390 1570 604 1613 Wicquefort
628 1571 730 1612 enstm
759 1570 912 1614 Ambaffiz-

45 1617 118 1649 deur
134 1615 196 1648 Lib
211 1614 236 1647 I.
261 1613 337 1647 Seft.
356 1622 406 1655 27.
427 1619 460 1654 p.
481 1623 519 1645 m.
535 1616 610 1649 828.

88 1655 275 1690 consultius
289 1654 335 1688 est
345 1677 357 1694 ,
377 1655 399 1689 fi
415 1664 465 1688 res
482 1664 603 1687 moram
620 1654 913 1699 ferat,Principem

42 1708 174 1741 rogare,
198 1706 234 1730 ut
249 1698 275 1731 is
290 1699 449 1739 legatum,
473 1696 496 1730 fi
512 1697 700 1739 deliquerit,
721 1698 852 1731 domum
869 1708 915 1731 re-

43 1750 162 1774 vocare
179 1740 281 1779 velit,
303 1738 353 1772 sed
369 1739 400 1771 id
417 1737 537 1780 semper
555 1740 641 1780 prius
659 1740 722 1773 effe
741 1740 915 1783 rogandum

36 1782 100 1825 (ut
117 1781 282 1824 Philippus
294 1780 333 1814 11.
358 1780 582 1823 Hispaniarum
597 1782 668 1814 Rex
679 1782 915 1822 contendebat,

43 1834 118 1857 eum
140 1824 180 1856 de
206 1824 273 1870 eJ'us
302 1823 408 1870 legato
426 1823 597 1870 ‚Mendoza
624 1824 789 1872 ageretur)
814 1824 915 1866 prius-

41 1864 525 1953 33303.}{2.{e.2¹‘32413¹‡5131¹ssss33‘
533 1875 635 1939 'iffi
648 1875 812 1940 {ruffi}
819 1875 916 1939 ’.ἓξὲξ

45 1949 242 1982 contradixit
258 1947 306 1979 W
309 1946 470 1988 1cquef0rt
485 1947 556 1980 Lib.
579 1948 604 1981 Ι.
631 1948 707 1981 δεέῗ.
725 1958 777 1986 29·
797 1954 828 1989 p.
840 1958 914 1990 903.

44 1991 76 2024 ὅ(
93 1999 166 2030 904.
191 1988 404 2022 Elisabetham
417 2012 427 2028 ,
456 1989 580 2031 Angliae
602 1990 777 2033 Reginam,
806 1989 914 2022 defen-

43 2032 121 2065 dens
136 2030 290 2063 adversus.
311 2029 451 2072 Philippi
469 2030 508 2063 II.
534 2032 677 2072 querelas
690 2054 700 2070 ‚
723 2040 760 2063 ut
784 2039 820 2063 ut
839 2032 914 2064 alias

44 2073 151 2105 eadem
170 2071 354 2106 Elisabetha
367 2072 469 2104 eidem
487 2072 638 2115 Phiiippo
654 2073 915 2112 denunciaverit,

44 2114 185 2156 legatum
213 2114 322 2152 suum,
355 2113 412 2147 fibi
436 2114 591 2154 noxium,
622 2124 775 2147 revocare
795 2115 914 2154 vellet,

45 2165 83 2188 ut
109 2153 154 2188 est
177 2156 258 2197 apud
276 2155 488 2197 Wicqucfort
515 2158 546 2189 d.
575 2156 651 2189 Seu.
670 2167 721 2195 29.
740 2163 772 2198 p.
791 2167 862 2194 909.
884 2156 915 2188 δε

43 2207 117 2236 910.
142 2198 266 2229 ratione
283 2197 380 2238 magis
396 2197 720 2240 humanitatis,quam
735 2199 822 2240 iuris.
853 2198 914 2231 Or-

43 2240 133 2271 dines
157 2237 316 2270 Foederati
339 2238 440 2279 Belgii
462 2239 601 2281 legatum
627 2240 810 2273 Lufitanum
829 2240 916 2272 abire

42 2280 198 2322 jusserunt
210 2304 220 2319 ‚
239 2280 271 2312 &
289 2289 347 2321 pro
361 2279 465 2321 legato
479 2281 614 2321 amplius
630 2282 746 2314 habere
764 2282 916 2314 detresta-

42 2320 915 2397 30⁰⁶·fl0H3501502303351‘rrgsiefig³deffiffzz³nss⁰2ii⁰

116 2404 175 2438 XI.
194 2411 227 2446 p.
252 2415 292 2436 m.
314 2414 389 2445 505.
415 2405 445 2437 &
468 2408 542 2445 506.
572 2387 745 2448 perperam.
801 2406 914 2439 Crom—

40 2447 124 2485 wel,
147 2447 270 2488 Angliae
288 2446 474 2485 protector,
497 2446 594 2480 illaesa
611 2447 856 2490 pace‚Franciae
869 2448 910 2480 le-

83 2495 172 2528 tum,
193 2488 247 2530 qui
265 2486 413 2520 adversus
431 2487 462 2520 se
478 2488 734 2531 conspiraverat,
759 2489 842 2522 intra
858 2500 909 2530 24.

44 2497 636 2614 iiaaaaaevaoerfs
668 2531 912 2605 mirarer

45 2612 135 2651 dem,
158 2621 217 2653 pro
241 2613 408 2654 prudentia
432 2611 484 2645 sua
501 2637 510 2653 ,
543 2582 661 2655 Regem
688 2582 914 2655 Hispaniaffum

41 2662 217 2695 rogarunt,
240 2654 285 2685 uti
302 2654 460 2695 legatum,
485 2656 538 2696 qui
566 2656 806 2696 Rempubiicam
830 2654 915 2688 suam

43 2696 247 2734 turbaverat,
268 2695 397 2727 domuzn
421 2705 574 2729 revocare
603 2698 702 2729 vellet
717 2721 726 2736 ‚
760 2697 916 2738 &Vicque-

46 2735 116 2768 fort
132 2737 162 2768 d.
182 2736 216 2768 C.
234 2746 285 2776 27.
302 2743 333 2778 p.
349 2741 422 2771 828.
445 2738 475 2770 &
493 2744 564 2776 829-
591 2739 621 2771 &
642 2738 683 2771 fic
696 2738 835 2772 Ordines
852 2738 916 2770 Ge·

47 2778 169 2810 nerales
197 2778 281 2819 quod
316 2778 354 2809 ad
380 2778 503 2812 Sueciae
528 2781 668 2822 legatum
697 2780 792 2812 Anno
823 2784 915 2821 1657.

47 2820 196 2852 Aitzema
211 2819 283 2851 Lib.
304 2818 480 2853 XXXVII.
498 2827 533 2862 p.
550 2832 588 2853 m.
615 2831 706 2854 1020.
729 2821 781 2854 sed
801 2821 859 2854 usu
883 2822 915 2854 id

47 2870 112 2893 non
132 2860 251 2903 semper
268 2859 403 2897 servari,
423 2870 524 2903 neque
541 2863 744 2895 necessarium
765 2863 828 2895 css'e
839 2863 914 2903 ,do-

49 2911 125 2935 cent
140 2902 286 2943 exempla
303 2912 319 2933 a
345 2901 387 2932 ud
402 2901 548 2935 Aitzema
563 2905 634 2936 Lib.
651 2905 818 2938 XXXIX.
832 2911 864 2946 p.
875 2915 913 2937 m.

48 2948 120 2985 642.
153 2911 342 2991 Lil'1XIAE
361 2949 394 2983 p.
420 2953 457 2974 m.
489 2954 559 2986 294.
597 2946 667 2978 Lib.
693 2946 801 2979 XLII.
821 2953 852 2987 p.
874 2957 913 2978 in.

49 2995 122 3027 1340.
147 2987 177 3018 ἀ
196 2986 269 3018 Lzb.
286 2983 423 3016 amsii.
443 2990 475 3025 p.
494 2996 532 3016 m.
557 2991 630 3029 673.
675 2987 751 3020 Huc
777 2989 917 3029 pertinet

50 3027 236 3065 contencio,
268 3036 340 3067 quse
364 3027 447 3057 inter
479 3026 598 3068 Regem
626 3028 847 3071 Hispaniarum
875 3039 919 3061 ex¹

51 3077 111 3100 una
122 3090 134 3106 ,
157 3069 189 3100 ec
206 3067 324 3108 Regem
341 3068 466 3109 Angiiae
487 3068 517 3100 ἃ
535 3069 670 3103 Ordines
687 3070 860 3103 Gener-ales
877 3081 921 3103 ex

50 3110 148 3155 altem⁴
161 3117 250 3155 parte
269 3109 366 3141 Annis
390 3113 479 3155 1695..
505 3110 536 3142 ὅτ,
554 3114 646 3147 1696.
669 3114 787 3154 agitata
802 3112 857 3145 est.
888 3113 919 3146 is

51 3159 106 3191 qui
124 3154 251 3182 amente
267 3150 361 3192 Regis
379 3151 502 3192 Angliae
517 3151 712 3185 &Ordinum
729 3154 836 3195 legato
847 3165 920 3194 ,eo⁴

53 3195 126 3224 ium
140 3201 191 3224 res
207 3192 317 3233 agebat
331 3193 413 3233 apud
425 3192 779 3236 HispaniarumRegem
788 3219 798 3234 ,
809 3196 920 3235 homo,

53 3233 75 3269 Β
90 3243 201 3268 reram
218 3234 305 3272 fama.
323 3233 457 3267 susurrat
467 3258 478 3275 ,
503 3233 686 3275 viiisfimuc,
711 3238 923 3271 contumeiio-

962 610 1014 644 sos
1031 610 1157 643 libellos
1178 609 1258 652 Regi
1275 610 1499 653 Hispaniarum
1520 618 1717 653 porrexerat.
1766 610 1837 643 Rex

961 661 1034 684 eum
1058 651 1205 684 Madrito
1235 655 1390 685 excedere
1414 653 1521 694 juffit,
1553 654 1583 685 ὅ(
1611 655 1837 684 contumacem

962 692 1136 727 Praefectus
1158 693 1237 725 Urbi
1263 704 1356 727 manu
1382 695 1528 728 Madrito
1554 694 1675 727 eduxit.
1721 693 1837 740 Queri-

961 743 1013 767 tur
1031 735 1086 767 ille
1100 735 1139 766 ad
1158 735 1278 777 Regem
1297 735 1345 768 An
1371 737 1421 769 liae
1444 736 1474 768 δι
1493 736 1638 769 Ordines.
1685 736 1756 768 Rex
1773 735 1838 769 Hi*

959 776 978 809 s
995 786 1088 809 anum
1106 777 1244 819 legatum
1256 801 1265 818 ,
1292 779 1346 819 qui
1388 778 1498 811 ondini
1516 787 1582 810 erat
1594 802 1603 818 ,
1620 778 1714 810 etiam
1728 776 1835 809 statim

992 819 1047 851 rbe
1064 818 1256 860 ejiciendum
1271 820 1412 859 censuit,
1437 819 1488 852 sed
1510 820 1562 861 qui
1581 820 1728 858 aderant,
1751 819 1837 851 hunc

959 860 1114 902 impetum
1131 860 1327 902 mitigarunt.
1374 860 1499 894 Deinde
1515 862 1586 894 Rex
1605 862 1633 894 ὅ(
1652 861 1789 893 Ordines
1798 860 1838 892 ad

958 902 1078 944 Regem
1104 901 1328 943 Hispaniarum
1361 903 1530 944 scripsere,
1555 902 1753 936 satisfaceret
1778 901 1835 934 sibi

955 943 995 975 de
1022 944 1152 985 iniuria,
1177 953 1226 975 res
1244 943 1312 976 suas
1327 946 1430 987 agenti
1456 944 1558 983 fatta3
1581 944 1624 977 sin
1651 952 1776 983 autem,
1802 944 1834 976 &

955 984 986 1017 ie
1005 986 1072 1026 eius
1089 986 1210 1026 legatos
1224 984 1328 1018 statim
1349 986 1505 1027 ejeuuros
1516 1009 1527 1026 ,
1549 996 1652 1018 minus
1670 985 1815 1019 consulta
1832 1003 1833 1006 =

955 1034 991 1058 ut
1010 1027 1088 1058 mihi
1112 1027 1259 1066 videtur,
1282 1027 1365 1068 Juris
1380 1026 1535 1060 Gentium
1553 1028 1730 1069 prudentia.
1772 1027 1812 1060 Se

962 1068 1086 1100 tandem
1115 1068 1299 1101 conveniffe
1319 1070 1455 1102 relatum
1470 1093 1482 1109 ,
1510 1069 1649 1101 actorem
1675 1068 1779 1101 rursus
1803 1069 1836 1101 in

960 1110 1081 1143 Urbem
1107 1110 1291 1142 admitteret
1326 1110 1550 1153 Hispaniarum
1582 1111 1653 1143 Rex
1673 1133 1683 1149 ,
1721 1110 1835 1142 deinde

960 1161 1032 1184 eum
1059 1160 1248 1184 revocarent
1272 1153 1427 1194 domum,
1457 1161 1494 1185 ut
1519 1159 1732 1192 revocarunt,
1762 1152 1836 1184 Rex

959 1194 1010 1226 An
1034 1193 1084 1225 11·ae
1106 1193 1136 1226 &
1154 1193 1301 1227 Ordines.

1001 1204 1164 1268 gaeterum
1180 1245 1239 1268 nec
1256 1235 1369 1270 desunt
1385 1237 1440 1270 alii
1457 1237 1565 1277 modi,
1581 1236 1696 1279 quibus
1716 1236 1812 1278 legati
1821 1250 1834 1275 ,-

959 1286 1032 1310 cum
1051 1277 1173 1319 legibus
1191 1287 1255 1310 non
1283 1287 1471 1320 teneantur,
1495 1289 1597 1321 neque
1623 1279 1661 1311 iis
1685 1278 1833 1310 volentes

957 1325 1087 1360 pareant
1099 1342 1109 1358 ,
1134 1320 1339 1352 commodum
1356 1321 1500 1353 coerceri
1518 1321 1570 1352 vel
1590 1320 1744 1352 deterreri
1761 1328 1834 1360 pos-

958 1360 1040 1393 sunt.
1066 1359 1183 1393 Nostra
1199 1363 1351 1394 memoria
1371 1362 1492 1395 Prorex
1508 1361 1740 1404 Neapolitanus
1756 1370 1834 1402 prze-

956 1403 1088 1444 cipuum
1137 1403 1280 1435 uemdam
1303 1414 1345 1436 ex
1369 1403 1491 1436 familia
1521 1402 1642 1436 Nuncii
1667 1403 1835 1436 Pontificis

956 1444 1096 1477 Maximi
1130 1443 1193 1476 alfe
1214 1444 1354 1478 ludibrio
1373 1446 1531 1488 exposuit.
1559 1445 1721 1478 Officiales
1739 1454 1811 1476 eum
1821 1461 1835 1483 2

956 1486 989 1518 in
1009 1484 1187 1528 prostibulo
1219 1487 1445 1530 deprehensum
1463 1512 1474 1529 ,
1512 1487 1551 1520 ad
1576 1496 1686 1520 omnes
1709 1486 1837 1527 Judices

955 1527 1134 1568 ducunt,ut
1153 1529 1334 1570 puniretur:
1346 1530 1460 1572 quibus
1479 1531 1523 1563 rei
1545 1529 1836 1571 gnaris,nihilque‚

955 1569 1012 1603 nisi
1024 1569 1079 1602 sibi
1095 1570 1128 1602 in
1145 1579 1216 1603 eum
1226 1571 1476 1612 jurisdiffionem
1484 1581 1549 1605 non
1558 1570 1632 1610 ess'e,
1640 1570 1836 1608 dicentibus,

956 1611 1120 1644 hominem
1151 1612 1330 1646 dimittunt.
1392 1612 1526 1647 Nuncio
1551 1613 1591 1645 de
1618 1614 1676 1644 hac
1702 1611 1834 1645 infamia

960 1652 1018 1685 suo
1039 1654 1182 1693 homini,
1211 1664 1266 1697 per
1293 1656 1407 1688 cuneta
1427 1655 1597 1688 tribunalia
1624 1653 1806 1686 transducto
1821 1675 1835 1692 ,

959 1704 1197 1737 conquerente,
1224 1696 1455 1739 Neapolitanus
1472 1697 1595 1730 Prorex
1609 1696 1690 1728 hanc
1708 1704 1837 1737 poenam

961 1737 1165 1770 Officialibus
1183 1738 1373 1779 constituit,
1397 1746 1434 1771 ut
1451 1739 1480 1772 &
1498 1738 1553 1781 ipsi
1567 1748 1622 1780 per
1640 1737 1761 1769 Urbem
1779 1737 1834 1768 tie-⁴

959 1778 1153 1812 ducerentur
1164 1803 1175 1819 ‚
1186 1780 1249 1813 hoc
1266 1780 1460 1823 superdicto:
1485 1790 1589 1823 poenae
1607 1778 1699 1812 causa
1716 1779 1761 1811 ita
1777 1788 1833 1811 eos

959 1822 1136 1861 transduci,
1161 1822 1247 1864 quod
1265 1823 1355 1855 illum
1371 1823 1501 1856 Titium
1518 1822 1571 1854 vel
1591 1820 1835 1863 Sempronium,

958 1872 1000 1895 ex
1013 1863 1173 1896 comitatu
1186 1863 1219 1895 N
1223 1865 1326 1904 uncii,
1346 1864 1477 1897 scortari
1494 1873 1559 1897 non
1578 1863 1726 1896 fiverant.
1772 1861 1797 1894 F
1800 1867 1835 1894 e-'

957 1914 992 1936 re
1008 1905 1180 1945 convenit,
1205 1906 1290 1947 quod
1315 1907 1354 1938 de
1383 1906 1474 1939 Chiis
1497 1905 1598 1938 refert
1621 1903 1834 1943 Plutarchus,

958 1946 1154 1989 Apophtegm.
1165 1947 1279 1979 Lacon.
1284 1953 1318 1989 p.
1328 1958 1366 1980 m.
1378 1957 1453 1989 405.
1477 1956 1550 1979 cum
1570 1946 1835 1988 nempeSpartam

957 1987 1134 2026 venissent,
1158 1990 1187 2021 ὃς
1206 1988 1277 2030 post
1295 1998 1419 2022 coenam
1436 1989 1527 2022 sellas
1547 1988 1750 2030 Ephororum
1776 1996 1835 2018 vo-

957 2029 1039 2062 mitu
1066 2030 1096 2061 &
1126 2030 1214 2062 oleto
1244 2030 1415 2072 replessent
1429 2054 1442 2071 ,
1472 2030 1530 2062 hos
1560 2028 1712 2068 edixisse,
1743 2027 1836 2061 Chiis

958 2071 1138 2114 permissum
1156 2071 1219 2103 effe
1238 2073 1372 2114 turpiter
1389 2082 1490 2115 agere.
1536 2071 1682 2106 AElianus
1703 2070 1832 2103 Variar.

959 2112 1073 2155 Histor.
1100 2113 1171 2145 Lib.
1188 2113 1230 2146 II.
1257 2114 1288 2146 C.
1311 2123 1360 2155 15.
1383 2115 1422 2146 de
1439 2113 1658 2147 Clazomeniis
1682 2111 1834 2153 idipsum

960 2155 1076 2195 tradit,
1098 2155 1154 2189 nifi
1170 2155 1230 2187 alia
1247 2154 1376 2188 historia
1401 2156 1439 2188 fit
1463 2155 1616 2192 dicenda,
1641 2163 1715 2187 curn
1741 2152 1834 2187 sellas

959 2198 990 2230 hi
1007 2196 1133 2236 οἱσέόλῳ,
1149 2196 1288 2240 fuligine
1304 2196 1478 2240 respersisse
1494 2197 1641 2229 dicantur
1652 2220 1662 2235 ‚
1681 2195 1733 2228 sed
1747 2195 1834 2228 idem

959 2249 1013 2281 per
1031 2247 1212 2280 praeconem
1233 2239 1466 2280 proclamatum
1490 2238 1556 2278 est,
1585 2237 1732 2276 scilicet,
1755 2237 1834 2273 ἒξέςω

957 2281 1142 2320 κλαζηὶμίοις
1163 2281 1300 2319 &munuera
1318 2305 1328 2322 ‚
1360 2282 1449 2313 liceat
1480 2281 1676 2313 Clazomeniis
1699 2280 1833 2311 indecore

949 2323 1066 2364 facere.
1332 2331 1333 2335 ¹

1000 2365 1119 2397 Verum
1137 2365 1209 2398 haec
1220 2365 1357 2398 remedia
1371 2365 1464 2398 valde
1480 2373 1573 2398 extra
1582 2364 1727 2398 ordinem
1745 2362 1832 2394 adhia

956 2406 1088 2446 bemur,
1112 2416 1171 2438 nec
1188 2406 1309 2449 semper
1324 2407 1405 2439 citra
1423 2407 1575 2448 majorem
1591 2406 1832 2447 indignitatem,

955 2448 1010 2480 vel
1028 2447 1106 2480 belli
1122 2455 1244 2480 metum
1264 2447 1477 2486 successerint.
1522 2448 1644 2480 Tutius
1661 2446 1706 2479 est
1731 2444 1831 2478 solam

954 2489 1211 2522 interdictionem
1230 2488 1318 2531 sequi
1329 2499 1370 2521 ex
1385 2498 1513 2531 recepta
1528 2488 1684 2521 Gentium
1700 2487 1831 2520 consue-

956 2531 1076 2563 tudine.
1120 2531 1181 2563 Sed
1204 2531 1280 2572 quid
1302 2539 1464 2572 receptam
1487 2531 1579 2571 dico,
1606 2530 1628 2563 si
1651 2538 1721 2562 tota
1740 2528 1831 2573 Gens

956 2572 1097 2613 Hispana
1113 2572 1334 2605 contradicat?
1358 2573 1527 2605 Memoriae
1551 2581 1664 2613 nempe
1689 2571 1831 2612 prodidit

957 2613 1119 2646 Antonius
1147 2614 1186 2646 de
1210 2613 1295 2646 Vera
1326 2624 1362 2645 en
1384 2613 1442 2655 sim
1470 2614 1592 2656 parfait
1620 2612 1833 2655 Ambaffacleur

962 2656 1034 2688 Lib.
1053 2655 1076 2688 I.
1104 2656 1136 2687 C.
1155 2665 1208 2698 43.
1253 2655 1390 2688 Madriti
1406 2666 1448 2688 ex
1474 2655 1594 2688 aedibus
1611 2654 1704 2697 legati
1730 2654 1832 2686 Vene-

963 2698 1007 2736 ti,
1031 2698 1063 2729 vi
1083 2697 1114 2730 &
1128 2697 1160 2729 vi
1178 2705 1296 2729 armata
1313 2696 1500 2737 resistentis,
1518 2695 1717 2730 facinorosos
1734 2705 1830 2736 quos-

956 2739 1026 2771 dam
1044 2738 1106 2771 effe
1124 2739 1284 2771 extrafitos
1302 2740 1332 2772 &
1348 2739 1537 2778 damnatos,
1552 2738 1684 2781 gratiam
1701 2737 1831 2779 quidem

957 2781 1100 2813 criminis
1118 2780 1233 2813 deinde
1247 2780 1309 2812 ess‘e
1321 2780 1437 2814 fastam
1451 2780 1624 2817 damnatis,
1652 2779 1691 2810 iis
1710 2779 1826 2818 simpli-

959 2823 1040 2855 citer
1056 2822 1169 2864 Regno
1185 2822 1342 2854 excedere
1363 2822 1467 2863 jussis,
1491 2821 1544 2853 sed
1567 2821 1687 2866 Regem
1712 2819 1826 2860 Hispa-

958 2865 1078 2897 niarum
1109 2873 1144 2896 ea
1168 2863 1334 2897 occasione
1371 2864 1479 2896 literas
1508 2861 1625 2894 dedisse
1655 2861 1694 2893 ad
1721 2871 1832 2894 ornnes

958 2905 1124 2947 Principes
1139 2904 1354 2942 Christianos,
1372 2905 1486 2946 quibus
1504 2903 1558 2937 fibi
1577 2903 1702 2944 placere
1720 2903 1833 2944 fignifi-

959 2947 1065 2986 cavit‚
1091 2955 1148 2986 ut,
1173 2947 1195 2979 fi
1220 2947 1316 2988 legati
1335 2947 1381 2979 sui
1399 2955 1494 2987 penes
1520 2954 1575 2976 eos
1591 2944 1833 2986 delinquerent,

958 2987 1105 3021 cecidisse
1122 2988 1307 3021 viderentur
1323 2987 1496 3030 privilegiis
1514 2985 1594 3024 suis,
1612 2986 1642 3017 &
1658 2985 1832 3025 judicarem

961 3039 1012 3062 tur
1037 3030 1208 3062 secundum
1236 3031 1322 3071 leges
1343 3029 1494 3070 Imperii,
1524 3027 1576 3059 ubi
1607 3027 1717 3060 essent.
1764 3028 1832 3075 Qui

961 3073 991 3104 id
1010 3072 1110 3104 tradat
1122 3094 1133 3109 ,
1156 3079 1276 3112 praeter
1296 3071 1429 3108 Veram,
1454 3069 1612 3115 neminem
1631 3069 1693 3101 effe
1704 3092 1715 3108 ,
1736 3074 1836 3110 atque'

960 3114 1040 3145 adeo
1059 3113 1174 3154 Veram
1190 3122 1301 3145 verum
1318 3122 1382 3144 non
1396 3112 1525 3149 dicere,
1549 3110 1722 3152 inspicatur
1738 3111 1832 3145 Wie-

964 3153 1094 3195 quesort
1111 3163 1150 3185 eo
1177 3154 1272 3192 loeo,
1297 3162 1390 3194 quem
1420 3154 1492 3194 Cap.
1511 3153 1634 3193 praeced.
1658 3154 1691 3185 in
1701 3153 1759 3195 fin.
1784 3155 1831 3187 in-

963 3196 1116 3227 dicabam.
1143 3194 1230 3238 Quid
1247 3195 1315 3235 ejus
1335 3195 1377 3226 rei
1396 3194 1531 3237 s1t,ipse
1549 3205 1611 3226 non
1629 3195 1762 3231 dixerim
1774 3220 1784 3236 ,
1801 3196 1833 3228 &
1877 3199 1882 3202 ’

964 3236 1058 3273 fidem
1075 3244 1201 3279 quoque
1218 3244 1314 3278 penes
1329 3237 1489 3270 auctorem
1508 3235 1570 3269 esse
1588 3238 1703 3278 velim,
1729 3247 1834 3283 quain-

1784 3289 1836 3312 Υἶς
