2008 3436
185 121 255 159 458

184 195 313 244 g'ssifissat
322 219 334 236 ,
345 197 379 244 Η
396 198 469 240 quid
488 198 525 230 ab
544 200 592 231 his
608 199 646 231 ad
659 199 739 231 alios
759 197 980 236 transferatur,
996 197 1047 227 vel

185 246 224 266 ao
244 236 291 269 his
312 240 380 271 aliis
400 241 523 282 legetur
548 241 603 272 sub
631 240 817 273 conditione
835 240 925 272 licita
942 239 971 270 ek
991 238 1046 268 ho-

184 277 289 317 nesta,
309 281 499 327 ‚conditioni
523 282 693 322 parendum
709 281 790 319 effe,
814 289 849 312 ut
865 281 887 312 fi
903 281 972 321 quis
991 279 1048 310 ho-

184 327 255 364 rnum
266 321 663 364 SeJocentumdarejiiffus
681 323 736 362 fit,
757 321 814 361 nist
825 321 1000 362 Capitolium
1018 330 1048 350 a-

176 363 337 406 scenam-it.
384 365 479 397 Aliud
502 366 579 406 J'uris
601 365 667 404 est,
701 372 737 396 ut
754 374 830 396 mox
852 363 1004 404 exponit,
1027 360 1049 393 Η

176 403 262 452 ‘quid
279 405 505 447 transferatur,
530 407 582 439 vel
602 407 723 448 legetur
742 405 796 437 sub
813 404 998 446 conditione
1016 402 1050 434 il-

186 452 278 476 iimta
304 447 333 478 δι
361 449 466 489 turpi,
501 449 531 480 &
560 448 582 480 Η
599 450 667 489 quis
693 448 807 478 horum
829 447 903 485 Sejo
922 453 1050 475 centum

183 484 258 516 dare
274 487 369 527 iussus
396 489 453 528 sit,
477 489 534 528 721st
557 490 632 520 ham·
650 494 701 520 aut
717 488 800 519 iliam
820 488 968 529 virginem
989 485 1049 516 Ve-

180 524 470 574 stakmfflbegerst,
492 530 548 569 nisi
565 530 663 570 filiam
673 528 761 570 fliam
775 529 879 569 palam
895 524 1051 568 prostitue-

178 574 247 614 rit,
268 579 322 602 aut
339 571 359 603 Η
376 572 451 612 quid
468 571 513 603 est
528 572 613 602 aliud
629 570 766 610 ejusdem
783 578 869 602 notae
882 592 892 607 ,
921 576 997 598 tunc
1020 576 1051 598 e-

183 611 337 657 nimlsejo
355 621 482 644 centum
502 622 566 644 non
583 611 800 650 debebuntur,
827 610 898 652 quia
914 609 1051 649 legatum

183 651 230 683 est
255 653 368 684 inutile
384 677 396 692 ,
424 654 568 685 rclitflum
594 653 648 685 sub
679 652 831 692 ejusmodi
866 650 1052 682 conditione

183 695 329 733 poenali,
353 704 443 737 quam
466 695 585 733 haeres,
608 695 661 726 vel
676 693 925 735 legatai·ius,vcl
943 700 1050 723 manu-

183 734 295 766 'miss'us
312 737 500 767 testamento
519 744 591 767 tuto
609 735 817 777 neglexerint.

228 775 287 807 Sed
303 785 381 822 vero
398 784 502 809 totum
519 777 618 816 illud,
640 777 726 818 quod
750 775 960 817 Justinianus,
984 781 1050 805 tan-

184 825 277 863 quam
298 818 419 849 seilicet
437 819 518 859 Juris
537 821 611 851 novi
629 819 756 857 auCtor,
780 827 833 856 ea,
855 826 947 858 quam
965 815 1052 846 exhi-

184 858 263 896 bffl,
284 857 439 905 sententia
456 860 661 901 praescripfit,
684 861 713 892 &
733 860 839 891 valere
856 857 960 899 jussit,
983 857 1050 887 uni-

184 908 223 930 ce
247 899 308 930 esic
333 902 560 934 exaudiendum
581 903 619 933 tle
643 901 881 933 conditionibus
901 899 999 931 licitis
1022 898 1051 928 δε

184 940 324 988 ὴοηθίὶῐβ
341 966 352 981 ,
383 943 455 975 satis
482 942 635 985 superque
657 943 794 975 declarat
823 940 956 981 subJeeta
973 948 1051 971 mox

186 991 357 1024 exceptio,
382 985 435 1015 has
454 986 655 1017 conditiones
676 983 782 1015 voluit
802 981 936 1020 servari,
958 981 1050 1019 &pc-

185 1026 357 1057 cuniariam
373 1026 506 1057 aliamve
521 1037 644 1068 poenam
661 1024 821 1057 committi
832 1046 843 1062 ,
865 1023 886 1055 Η
902 1023 954 1064 qui
964 1031 1050 1063 parc-

186 1076 221 1098 re
236 1066 402 1106 recusent,
426 1067 553 1106 ficille,
578 1073 748 1108 amputata,
774 1074 810 1096 ut
825 1065 870 1096 ait
885 1065 917 1096 in
932 1070 1049 1104 proaem.

185 1110 214 1140 i).
240 1109 263 1140 l.
285 1119 334 1140 un.
350 1111 538 1150 supervacua
555 1109 749 1150 observatione
768 1112 900 1138 veterum
916 1105 1049 1147 Legum,

180 1157 238 1193 per
267 1159 352 1192 quam
376 1149 544 1192 testator-imi
568 1151 734 1182 voluntates
762 1150 800 1180 ad
825 1147 960 1189 effeciztm
984 1147 1050 1177 duci

186 1194 425 1233 impediebantur.
482 1192 588 1224 Probo
623 1191 810 1224 rationalem
836 1188 1049 1230 jurispruden-

186 1234 263 1266 tiam
275 1256 287 1272 ,
310 1233 361 1265 sed
380 1234 460 1265 cedo
478 1234 555 1265 mihi
576 1233 712 1274 aliquem
735 1241 775 1263 ex
793 1231 928 1271 antiquis
943 1228 1052 1269 JCtis,

185 1275 239 1317 qui
259 1284 327 1306 eam
345 1275 599 1317 improbaverit?
625 1276 655 1306 ὃς
671 1273 741 1315 quis
765 1272 943 1312 improbet,
967 1269 1053 1310 quod

184 1326 244 1350 nec
273 1325 434 1356 naturam,
468 1326 527 1349 nec
551 1316 672 1357 Leges,
701 1323 760 1346 nec
777 1322 879 1344 mores
896 1309 1053 1343 offendit?

184 1359 272 1400 quod
289 1359 382 1390 unice
405 1358 485 1390 facit
509 1356 730 1388 voluntatibus
748 1353 971 1386 defunctorum
989 1360 1052 1383 me-

184 1402 246 1434 lius
276 1401 306 1432 δε
332 1399 507 1441 religiofius
532 1397 689 1430 servandis
704 1397 721 1429 ?
750 1395 810 1428 Sed
831 1394 904 1427 satis
920 1392 1053 1435 probavi

186 1444 219 1475 C.
240 1441 296 1474 ΙΠ.
321 1451 385 1473 non
399 1441 511 1478 aliam,
534 1449 626 1480 quam
645 1448 716 1480 quae
734 1437 788 1469 hie
806 1434 1051 1474 traditur5fuis-

183 1485 216 1517 se
233 1491 376 1515 veterum
392 1481 566 1513 Aufilorum
584 1480 770 1513 sententiam
779 1502 791 1518 ,
815 1479 845 1510 &
858 1475 1050 1511 C.1V.&V.

183 1526 262 1559 nihil
288 1524 459 1565 quicquam
485 1523 533 1554 his
552 1521 675 1554 obstare
688 1544 700 1561 ,
722 1520 808 1562 quod
828 1519 866 1551 de
881 1517 1051 1560 prohibitis

183 1568 262 1600 olim
281 1575 382 1608 poenae
399 1565 529 1596 nomine
553 1564 665 1605 legatis
686 1572 741 1595 ore
760 1562 849 1603 vulgi
866 1557 1051 1592 circumfer-

184 1618 246 1642 tur.
292 1607 361 1639 Imo
383 1616 447 1638 non
458 1616 513 1638 ore
527 1605 615 1647 vulgi
634 1612 778 1642 tantum,
801 1603 852 1635 sed
868 1602 919 1633 vel
936 1600 1050 1633 doffls·

184 1652 332 1685 fimorum
354 1648 542 1687 hominurn,
563 1657 654 1686 nam,
683 1646 788 1688 inquit
811 1644 958 1685 Cujacius
975 1641 1052 1675 Not.

178 1695 272 1736 prior.
298 1690 335 1722 ad
359 1689 389 1730 ἓ.
411 1690 466 1722 air.
492 1691 524 1721 de
550 1689 661 1732 Legat.
695 1687 791 1719 hodie
814 1687 900 1718 valet
923 1684 986 1716 tale
1006 1684 1048 1715 le-

183 1742 306 1778 gatum,
316 1733 401 1764 hares
411 1742 488 1763 meus
496 1730 538 1771 ,fi
547 1732 679 1763 Stichum
687 1729 867 1761 alienaverit
878 1752 888 1768 ‚
901 1727 971 1768 Cajo
982 1735 1049 1758 cen-

184 1777 322 1810 t-zimdato
331 1798 343 1815 ,
355 1780 442 1805 ratus
459 1772 600 1813 scilicet,
620 1773 693 1814 Jure
709 1771 810 1803 veteri
819 1779 884 1803 non
898 1768 1029 1804 valuisse
1038 1790 1050 1806 ‚

182 1819 258 1858 sed,
293 1815 315 1848 si
335 1814 430 1848 ausim
457 1814 584 1854 dicere,
606 1815 759 1854 deceptus
779 1811 846 1844 sola
861 1810 1050 1843 auctoritate

183 1858 378 1893 Triboniani
388 1856 457 1888 ind.
491 1856 560 1889 adt.
572 1865 667 1888 nemo
677 1854 761 1886 enim
773 1861 916 1885 veterum
931 1851 1048 1883 Autro-

181 1912 252 1936 rum
276 1901 308 1932 id
331 1899 415 1932 dixit
445 1908 465 1929 u
480 1898 584 1939 piam3
618 1898 649 1929 ὃς
672 1894 817 1934 licuiffe‚
842 1895 936 1926 ctiam
951 1893 1051 1931 olim,

181 1943 383 1976 conditiones
397 1940 477 1973 servi
495 1936 736 1971 manumittendi
753 1959 765 1975 ,
794 1937 846 1968 vel
860 1945 924 1968 non
942 1943 1048 1965 manu—

182 1984 358 2022 mittendi,
381 1981 496 2014 haeredi
508 1979 702 2017 adscribere,
722 1977 814 2016 satis,
831 1977 961 2018 opinor,
980 1984 1049 2017 per-

184 2026 357 2063 suaserint,
381 2033 449 2066 quae
470 2023 503 2054 in
518 2022 598 2054 hanc
614 2031 681 2054 rem
696 2019 763 2051 dixi
791 2020 822 2051 C.
840 2018 895 2051 VI.

264 2067 382 2098 uamvis
403 2073 510 2096 autem
542 2064 572 2095 δε
597 2063 669 2104 Jure
689 2062 810 2100 veteri,
835 2060 857 2093 fi
875 2069 926 2092 me
942 2059 1047 2091 austo-

182 2119 250 2142 rem
271 2107 426 2149 sequaris,
449 2105 570 2146 semper
590 2103 740 2143 licuerit,
766 2103 796 2134 δε
815 2101 886 2142 Jure
905 2111 992 2133 novo
1008 2110 1050 2132 ex

182 2153 211 2183 d.
237 2151 257 2181 I.
282 2159 333 2181 aa.
361 2148 443 2180 citra
466 2155 593 2178 omnem
619 2146 710 2186 plane
746 2142 991 2175 controversiam
1015 2142 1050 2173 li-

184 2199 272 2230 ceat,
286 2197 502 2231 quamcunque
518 2197 645 2228 poenam
666 2194 823 2227 apponere
840 2185 898 2224 iis,
913 2183 965 2226 qui
975 2192 1049 2215 con-

186 2242 235 2265 tra
257 2231 442 2264 sententiam
467 2228 647 2266 testatoris,
675 2227 814 2268 Legibus
840 2227 892 2258 vel
908 2225 1050 2258 moribus

184 2285 250 2307 non
274 2272 488 2315 prohibitam,
518 2270 570 2301 vel
589 2269 665 2310 quid
688 2268 851 2300 omiserint
867 2292 876 2308 ,
902 2267 953 2299 vel
975 2266 1050 2307 quid

184 2314 420 2352 commiserint,
444 2311 515 2343 usus
536 2319 640 2343 tamen
665 2311 695 2343 &
713 2310 982 2351 pragmaticorum
997 2317 1048 2338 va-

184 2357 290 2389 frities
307 2365 374 2387 eam
388 2352 668 2395 Jurisprudentiam
688 2360 810 2383 tantum
831 2361 896 2383 non
916 2349 1048 2390 subegit.

186 2399 328 2439 Magnus
352 2406 416 2429 non
446 2402 568 2427 tanturn
591 2394 673 2434 apud
688 2393 923 2434 pragmaticos,
946 2392 997 2424 sed
1020 2390 1051 2422 δε

186 2440 272 2481 ipsos
299 2438 424 2479 Judices
452 2437 558 2469 litium
582 2435 627 2467 est
651 2434 770 2473 favor3
802 2434 884 2467 solet
903 2435 1051 2466 nimirum

187 2479 342 2522 indulgeri
363 2478 600 2520 litigatoribus,
628 2488 664 2509 ne
689 2483 790 2508 temere
804 2475 950 2519 jasfiizmi
969 2476 1051 2507 incle-

188 2522 301 2564 fenjicm
318 2521 509 2563 relinquant,
532 2520 558 2551 is
574 2521 657 2551 enim
666 2525 840 2560 praetextus
854 2517 1052 2559 arripiturex

309 117 459 173 CORNA.
487 128 558 154 VAN
584 118 731 154 BYNK.
763 117 926 154 OPUSC.
953 116 1020 152 DE
1044 116 1256 153 LEGATIS
1285 116 1464 155 POENAE
1490 119 1705 162 NOMINE
1746 122 1895 161 C.VIII.

1092 197 1113 228 i.
1138 207 1188 237 40.
1215 199 1247 244 ia
1265 196 1327 244 fin.
1343 200 1444 239 princ.
1461 200 1503 240 ff.
1528 201 1560 231 a'e
1595 200 1739 233 Haereciit.
1756 204 1843 243 petit.
1867 204 1896 237 ὅ(
1919 205 1955 240 fi·
2002 206 2005 216 '

1082 247 1131 276 ‘ne
1149 238 1216 270 ullo
1232 239 1352 287 judicio
1371 242 1558 272 transfertui·
1575 242 1613 273 ad
1632 242 1736 275 causas
1754 253 1875 277 tantum
1895 257 1959 280 non
2000 248 2002 254 ’

1092 289 1212 312 omnes.
1235 282 1417 326 htiani,me
1433 283 1605 321 Senator-e,
1624 284 1755 316 Senatus
1775 285 1957 322 Hollandiae

1092 321 1261 368 ‘Supremus
1272 323 1426 361 ejusmodi
1446 322 1599 355 clausulas
1618 326 1819 365 poenales,ut
1841 337 1876 359 ut
1893 338 1957 362 non

1092 362 1221 394 illicitas
1231 372 1309 408 ,nec
1325 371 1431 405 turpes
1441 364 1542 405 ,saepe
1559 366 1668 405 rejecit
1679 368 1846 407 ,rejecisse
1863 368 1958 403 Curia

1093 402 1277 450 Hollandiaa
1296 427 1307 442 ,
1338 413 1374 436 ut
1396 405 1425 438 ὅς
1452 406 1512 437 alia
1529 405 1859 448 Tribunalia,.etiam
1877 409 1958 444 sum—

1093 453 1165 490 ma,
1187 453 1355 491 rejiciunt3
1379 448 1477 488 magis
1506 457 1546 479 ex
1569 448 1645 487 usu,
1669 450 1740 487 cui,
1764 459 1799 482 ut
1815 452 1845 483 vi
1865 452 1959 492 majo-

1093 495 1143 523 ri,
1166 485 1260 518 resisti
1287 497 1350 533 non
1374 488 1505 529 potest,
1538 499 1631 530 quam
1655 500 1696 522 ex
1714 489 1813 523 solida
1833 493 1863 525 &
1880 495 1959 526 bene

1093 527 1258 573 explorata
1285 537 1407 560 ratione
1432 530 1523 570 Juris.
1567 531 1626 563 Sed
1654 541 1718 564 non
1735 531 1782 564 est
1803 528 1958 574 huJus'lo-

1094 578 1124 599 ei
1151 578 1222 600 cum
1244 568 1445 609 Pragmaticis
1467 571 1644 612 disputare,
1676 574 1705 605 ἃ
1721 574 1883 606 vindicare
1904 576 1958 617 Jus

1094 609 1271 682 ngmanum
1290 616 1328 642 ab
1344 620 1455 643 eoi-um
1471 613 1602 654 impuris
1619 613 1718 656 saepe,
1739 615 1769 648 δε
1787 616 1888 649 illotis
1897 627 1960 650 ma-

1094 661 1127 682 ni
1143 661 1197 683 vus.

1136 693 1291 724 Succedat
1312 693 1435 725 tandem
1455 697 1604 736 exceptio
1620 697 1651 728 in
1674 699 1702 728 d.
1727 697 1757 738 §.
1780 699 1834 731 ult.
1859 702 1960 742 petita

1094 742 1220 775 quoque
1235 744 1274 765 cx
1299 736 1326 765 d.
1352 735 1374 766 l.
1400 745 1449 766 im.
1471 737 1503 766 in
1521 737 1580 777 sin.
1607 738 1640 769 C.
1661 740 1694 769 de
1717 739 1778 770 His
1800 751 1860 782 quoe
1878 749 1946 784 poen

1093 785 1169 806 nom.
1195 776 1300 816 relinq.
1333 776 1363 807 ὅ(
1389 776 1431 808 fic
1453 776 1497 808 ibi
1516 778 1672 819 expreffa:
1698 778 1784 825 Quod
1797 781 1825 821 fi
1843 769 1958 826 aliquid·

1093 816 1212 862 facere,
1235 818 1283 849 ‘vei
1301 817 1435 864 Legibus
1457 819 1661 860 interdictam,
1693 825 1742 854 vei
1757 822 1835 855 alias
1845 828 1960 865 probro—

1084 861 1153 899 sum
1168 880 1181 905 ,
1212 859 1260 890 vel
1287 864 1376 889 etiam
1404 859 1565 901 z'mpvffihile
1585 884 1596 899 ,
1616 862 1710 904 juffits
1735 864 1842 904 aliquis
1865 876 1960 898 eorum

1086 899 1208 946 faerit,
1230 906 1297 930 timo
1308 898 1447 946 finaullo
1462 906 1565 933 (lanino
1582 927 1592 941 ,
1624 906 1713 935 etiam
1728 906 1857 948 negletio
1872 905 1959 948 testa·

1094 947 1164 971 torn·
1176 947 1335 987 praecepto,
1352 943 1531 983 servabitur.
1576 944 1660 976 Haec
1676 947 1845 988 exceptio,
1870 958 1906 980 ut
1915 948 1962 980 su·

1094 992 1150 1028 pra
1168 992 1298 1021 monui,
1321 992 1386 1028 non
1403 985 1463 1016 alia
1480 985 1558 1016 milii
1580 985 1642 1017 ess'e
1659 987 1804 1027 videtur,
1829 998 1922 1030 quam
1939 990 1962 1021 i-

1094 1025 1146 1064 pla
1162 1024 1270 1069 regula
1285 1024 1368 1071 juris
1393 1027 1511 1057 veteris
1526 1048 1538 1065 ,
1560 1027 1758 1068 prohibentis
1779 1030 1880 1071 legata
1894 1039 1962 1072 poe-

1093 1075 1141 1096 nae
1158 1074 1295 1111 nomine.
1341 1064 1396 1111 hist
1413 1075 1517 1098 autem
1527 1090 1538 1105 ,
1564 1076 1597 1100 ut
1615 1069 1723 1109 vides,
1747 1070 1909 1103 referenda
1923 1073 1962 1105 ad

1094 1115 1187 1152 eum,
1218 1116 1270 1152 qui
1297 1107 1373 1152 quid
1396 1107 1469 1139 dare
1490 1109 1541 1140 vel
1565 1108 1672 1141 facere
1687 1110 1784 1150 juffus
1802 1112 1846 1144 est
1861 1112 1917 1145 sub
1931 1124 1963 1146 e-

1093 1148 1229 1187 jusmodi
1260 1147 1445 1194 conditione
1462 1171 1472 1186 ,
1503 1150 1620 1190 adjecta
1637 1175 1647 1190 ,
1670 1151 1691 1183 Η
1714 1161 1778 1184 non
1800 1155 1962 1195 paruerit,

1093 1198 1196 1234 poena.
1242 1188 1422 1228 Aliquoties
1453 1190 1484 1220 id
1514 1192 1607 1222 etiam
1633 1192 1722 1233 supra
1745 1194 1904 1235 indicavi,
1930 1199 1962 1230 δε

1094 1229 1212 1274 indicat
1236 1238 1363 1273 quoque
1383 1229 1598 1276 ‘Theophilus
1620 1233 1650 1265 in
1674 1233 1838 1277 Exemplis
1853 1259 1864 1276 ,
1887 1247 1960 1280 quae

1094 1270 1154 1315 hic·
1171 1271 1290 1316 attulit.
1337 1270 1409 1302 Alia
1433 1281 1497 1304 non
1520 1272 1620 1312 addo,
1645 1284 1704 1306 nec
1726 1277 1807 1308 ultra
1830 1280 1961 1319 explico

1095 1319 1317 1360 exceptionem
1335 1333 1346 1350 ,
1380 1311 1434 1343 sub
1466 1313 1529 1355 ipsa
1552 1315 1659 1356 regula
1674 1318 1930 1358 comprehensam

1095 1354 1126 1384 ot
1142 1352 1239 1398 modo
1250 1375 1264 1398 ,
1285 1353 1371 1400 quod
1391 1352 1464 1386 satis
1483 1354 1548 1394 est,
1573 1357 1770 1398 explicitam.
1949 1343 1962 1361 ⁸

1137 1394 1213 1440 Ait,
1235 1395 1418 1436 servabatar.
1470 1395 1546 1428 Hoc
1570 1397 1632 1437 est,
1658 1398 1776 1440 hae'res,
1799 1401 1865 1434 five
1881 1402 1963 1437 alius

1093 1445 1296 1482 quicunque,
1324 1445 1342 1482 a
1367 1446 1430 1477 quo
1452 1437 1495 1469 ita
1520 1438 1658 1480 legatum
1679 1442 1761 1481 erit,
1785 1442 1841 1475 fibi
1859 1443 1962 1478 serva-

1093 1477 1142 1524 bit
1159 1477 1190 1509 &
1208 1477 1360 1524 retinebit
1379 1479 1464 1519 quod
1480 1480 1525 1511 ita
1540 1481 1678 1522 legatum
1697 1481 1763 1523 est,
1784 1484 1962 1526 impunee-

1092 1528 1159 1565 nim
1178 1520 1339 1559 testatori,
1366 1520 1600 1562 taliajubenti,
1625 1532 1689 1555 non
1703 1525 1872 1565 parebitur.
1918 1528 1964 1561 Et:

1093 1570 1166 1607 quia
1183 1560 1245 1592 fine
1259 1560 1556 1608 fraude-negligitur
1575 1564 1718 1605 improba
1734 1566 1845 1611 juffio,
1868 1570 1961 1602 inuti-

1094 1602 1120 1633 le
1137 1602 1169 1633 id
1187 1602 1325 1643 legatum
1348 1603 1431 1640 dixit
1447 1603 1634 1644 Justinianus
1651 1606 1683 1639 in
1700 1613 1749 1648 pr.
1772 1608 1799 1651 §.
1811 1609 1865 1642 ult.
1885 1609 1960 1653 Inst.

1094 1645 1127 1690 αξ
1152 1642 1265 1691 Legat.
1285 1653 1303 1675 a
1319 1644 1483 1685 quonihil
1499 1645 1671 1689 discrepat,
1696 1652 1783 1690 quod
1797 1651 1830 1683 in
1842 1650 1961 1692 fin.ad-

1094 1686 1159 1718 dit:
1185 1686 1345 1728 hujusmodi
1373 1684 1605 1728 testamentorum
1630 1689 1823 1731 dispositiones
1837 1694 1936 1726 valere

1095 1726 1179 1760 Sekia
1196 1737 1320 1759 meorum
1337 1734 1494 1769 temporum
1514 1740 1571 1762 non
1582 1733 1721 1772 patitur„
1765 1733 1825 1766 Sed
1839 1744 1898 1767 nec
1906 1717 1961 1769 Set

1092 1769 1140 1808 &a
1154 1769 1323 1816 'temporis
1344 1770 1486 1812 antiqui,
1517 1780 1554 1804 ut
1577 1773 1714 1813 plurima
1734 1773 1960 1810 pandectarum

1092 1818 1195 1856 capita
1219 1810 1371 1843 testantur
1386 1834 1398 1851 ,
1426 1822 1486 1844 nec
1511 1812 1679 1855 exspesto,
1708 1815 1762 1858 qui
1780 1816 1819 1848 de
1835 1827 1874 1848 eo
1894 1827 1960 1850 am-

1093 1852 1177 1899 plius
1192 1851 1275 1884 bella
1292 1853 1442 1899 moverit.
1486 1853 1609 1887 Demus
1625 1852 1802 1898 igiturhoc
1821 1857 1958 1900 Impera·

1094 1902 1172 1940 toris
1187 1903 1394 1939 arrogantiae,
1420 1895 1472 1927 vel
1487 1895 1678 1930 Triboniani
1696 1898 1903 1940 ignorantiae,
1922 1909 1961 1933 uc

1093 1935 1148 1976 ipfi
1166 1935 1331 1968 videantur
1357 1935 1570 1977 constituisse,
1604 1939 1689 1980 quod
1705 1949 1777 1971 cum
1793 1939 1867 1981 Jure
1882 1949 1961 1974 nato

1092 1984 1201 2008 natum
1219 1977 1273 2009 est.

1133 2017 1257 2064 Poffem
1287 2020 1370 2067 hic,
1412 2020 1435 2052 Η
1458 2022 1601 2061 luberet,
1623 2022 1789 2064 exspatiari
1807 2024 1838 2056 in
1856 2024 1959 2058 varias

1090 2058 1209 2100 species
1226 2062 1447 2107 conditionum
1457 2087 1468 2102 ,
1495 2065 1524 2095 &
1539 2064 1578 2094 de
1591 2073 1772 2105 unaquaque
1788 2064 1947 2106 disputare

1091 2101 1170 2133 sitne
1187 2111 1222 2133 ea
1242 2102 1458 2149 impossibilis,
1482 2104 1559 2136 sitne
1573 2105 1688 2136 illicita
1711 2106 1764 2137 vel
1785 2091 1960 2149 probrosa}

1092 2141 1211 2189 possem
1235 2144 1273 2174 ab
1297 2143 1346 2176 his
1370 2144 1558 2187 distinguere
1574 2146 1776 2178 conditiones
1792 2147 1958 2191 difficiles,

1094 2184 1124 2215 &
1148 2183 1260 2230 deinde
1282 2184 1438 2226 probare,
1472 2195 1507 2218 ut
1534 2187 1598 2220 illis
1625 2187 1716 2229 plane
1740 2197 1825 2227 non,
1847 2188 1889 2221 fic
1908 2190 1959 2224 his

1093 2233 1224 2257 omnino
1240 2226 1407 2272 parendum
1426 2227 1487 2259 esse
1499 2251 1509 2267 ,
1533 2229 1674 2270 alioquin
1689 2238 1813 2270 poenam
1828 2252 1841 2269 ,
1874 2240 1893 2263 a
1913 2239 1959 2264 te-

1094 2266 1209 2312 statore
1225 2267 1347 2314 ‘dictam
1365 2289 1376 2305 ,
1405 2278 1530 2301 manere
1555 2270 1720 2302 haeredem.
1775 2270 1898 2303 Poss‘em
1920 2274 1960 2308 ad

1094 2307 1311 2356 stipulationes
1331 2309 1361 2341 δι
1376 2311 1556 2344 contractus
1571 2311 1750 2351 divertere,
1776 2312 1807 2344 ἃ
1821 2321 1861 2343 ex
1884 2324 1959 2347 one-

1093 2358 1144 2388 re,
1169 2351 1282 2392 ecquid
1297 2361 1329 2383 in
1360 2349 1486 2391 singulis
1501 2353 1579 2393 juris
1592 2354 1648 2385 fit:
1672 2362 1743 2384 nam
1763 2352 1832 2384 haec
1895 2355 1958 2388 alia

1094 2389 1285 2433 lutei-preces
1303 2415 1314 2431 ,
1332 2392 1454 2464 Eriscae
1481 2393 1673 2436 potissimum
1697 2393 1844 2432 Scholae,
1865 2396 1903 2428 ad
1925 2397 1956 2430 h.

1094 2431 1124 2472 §.
1135 2434 1190 2465 uit.
1204 2431 1276 2474 Iasi.
1288 2436 1321 2465 de
1365 2442 1444 2476 egat.
1460 2435 1528 2467 fere
1541 2443 1628 2467 totos
1646 2442 1824 2481 occupant3
1848 2434 1900 2469 sed
1914 2437 1957 2470 fic

1094 2473 1224 2548 galeni),
1257 2476 1311 2517 qui
1332 2473 1452 2517 semper
1474 2476 1558 2510 aliud
1575 2483 1693 2517 agunt,
1715 2485 1769 2517 qui
1786 2485 1852 2510 non
1868 2487 1957 2512 meus

1103 2531 1106 2533 Δ
1157 2526 1186 2548 m
1212 2526 1235 2547 s.

745 2594 1138 2651 TANTUM
1224 2608 1395 2649 EST.
