2008 3436
183 113 252 156 364
426 106 828 145 CORNELII
901 115 1012 143 VAN

177 193 302 227 cessisse.
325 195 417 228 Unde
434 196 517 228 inter
535 196 740 233 Advocatos,
762 193 814 234 qui
826 193 907 225 lianc
919 192 1039 225 causam

175 237 383 276 perorabant,
412 237 522 279 ingens
546 237 721 274 tumultus,
746 236 799 268 lex
828 233 952 266 scilicet
976 232 1041 274 ipsa

177 276 253 309 esl'et
267 276 296 308 se
322 278 442 318 uenda,
464 288 503 310 an
521 277 738 314 consuetud0‚
759 276 788 307 ei
810 275 985 313 contraria,
1011 275 1041 306 δε

177 318 296 359 nunqu'
336 318 531 355 consuetudo
555 318 628 350 satis
650 317 727 348 esl'et
755 317 885 357 probata
902 340 911 355 ‚
945 317 974 347 <St
1002 325 1041 346 an

176 368 236 400 pro
254 358 479 392 consuetudine
497 360 534 393 fit
551 359 713 396 habenda,
737 367 804 398 quae
823 366 978 397 nunquam
996 356 1041 396 ju-

178 400 263 431 dicio
281 401 528 433 contraditiorio
554 398 632 431 eil'et
652 398 783 430 firmata.
838 398 922 429 Inter
950 398 1040 429 Sena-

177 449 263 473 tores
286 451 350 475 non
367 443 468 475 minus
487 441 644 473 variatum
661 439 727 478 est,
763 449 856 480 quam
875 439 957 470 inter
979 438 1039 469 Ad-

178 490 321 515 vocatos.
368 483 444 515 Duo
458 481 718 515 consuetudinem
738 481 899 522 probatam
914 480 992 516 rati,
1012 479 1042 510 ἃ

177 532 245 555 eam
274 523 394 565 sequuti
414 549 422 558 ,
455 522 652 570 Quaestorcm
680 522 831 554 volebant
862 520 1040 558 absolvere,

175 565 239 596 duo
257 566 329 604 alii,
354 566 464 606 quibus
486 564 599 596 deinde
615 563 706 604 primi
720 562 911 594 accedebant
923 585 932 600 ,
947 561 1041 592 inter-

179 606 344 637 locutione
355 606 505 638 volebant
519 605 630 646 jubere
648 604 789 644 pluribus
799 603 955 644 exemplis
967 611 1042 633 con-

177 646 309 678 suetudo
335 651 539 688 probaretur,
571 653 606 677 ut
625 655 738 686 nempe
760 646 858 688 magis
881 644 1043 686 probatam

178 688 279 729 &ipsi
298 687 507 730 sequerentur.
554 686 704 734 Quinque
725 686 778 718 alii
802 688 939 727 (novem
961 684 1043 718 enim

777 789 1139 828 CAPUT

1084 102 1685 162 BYNKERsHoEK

1083 191 1250 224 Senatores
1268 191 1440 222 intererant
1462 190 1603 230 judicio)
1619 198 1728 222 omnes
1746 191 1800 224 has
1815 192 1853 223 de
1870 199 1942 227 cona

1083 232 1244 265 suetudine
1261 232 1484 264 altercationes
1500 232 1627 263 inutiles
1643 231 1704 262 ess'e
1713 232 1943 273 existimabant,

1084 272 1205 305 causam
1238 273 1321 305 enim
1348 272 1426 304 hanc
1444 273 1529 303 verti
1549 273 1581 303 in
1604 272 1708 310 facto,
1747 273 1799 304 ubi
1822 274 1942 309 debitor

1084 314 1225 356 expresse
1242 321 1309 345 erat
1327 312 1490 359 stipulatus
1501 335 1512 351 ,
1535 312 1588 344 cui
1604 311 1720 345 solutio
1740 313 1817 345 ess'et
1831 314 1942 349 facien-

1084 355 1142 394 da,
1166 365 1231 387 non
1251 355 1342 387 aliam
1362 358 1512 387 summam
1532 353 1562 386 se
1588 353 1803 387 restituturum
1823 356 1942 396 pollici-

1085 404 1157 431 tus.
1182 406 1274 437 quam
1297 406 1365 437 quae
1387 395 1483 428 Titio
1502 394 1602 427 soluta
1623 394 1711 426 esset.
1755 395 1811 436 Ipsi
1828 398 1940 437 privati

1084 436 1209 478 posl'unt
1241 437 1400 468 hominem
1432 437 1580 468 idoneum
1616 435 1765 468 solutioni
1790 437 1943 479 adjicere,

1085 478 1190 519 quidni
1212 478 1307 518 igitur
1325 478 1443 519 Reges,
1467 479 1517 519 qui
1535 486 1688 518 nunquam
1708 478 1837 517 exigunt
1853 488 1942 518 pecu-

1085 520 1160 550 nias.
1206 519 1255 551 Ex
1278 519 1448 558 cautione,
1471 529 1488 550 a
1509 519 1594 560 Rege
1616 518 1788 549 tmnsmiss'a
1811 520 1942 552 animad—

1088 568 1211 591 vertere
1236 566 1361 600 poterat
1381 559 1544 603 Quaestor,
1571 560 1659 591 eccui
1679 559 1796 590 solutio
1812 560 1886 591 esl’et
1901 560 1944 593 fa-

1088 602 1218 639 cienda,
1242 599 1292 632 scd
1310 611 1364 643 per
1382 601 1505 642 culpam
1523 610 1586 632 non
1610 600 1841 632 animadvertit.
1884 601 1941 634 Im-

1087 644 1219 683 probata
1246 642 1342 681 igitur
1368 651 1430 674 non
1455 643 1555 673 minus
1581 640 1625 672 cst
1651 642 1740 679 haec,
1767 651 1857 681 quam
1875 642 1941 675 aliae

1088 682 1264 730 Quaestoris
1277 682 1475 715 defenfiones
1491 687 1520 716 8.
1533 680 1621 715 Nov.
1643 686 1732 723 1726.
1757 682 1827 725 (7).

1235 789 1362 825 XII.

343 884 396 919 An
421 881 512 931 ceffi'o
536 884 683 918 bonorum
706 878 803 928 prosit
829 880 982 928 adversus
1007 879 1154 914 muleram
1177 878 1421 925 pecuniariam,
1454 889 1494 913 ex
1519 877 1627 913 delirio
1651 879 1801 915 debitam.

180 979 268 1060 U
279 988 291 1011 t
312 989 422 1012 ornnes
436 979 536 1021 Leges
553 981 705 1013 Romanae
724 977 817 1010 serius
833 977 863 1008 in
875 975 1047 1008 Hollandia

290 1029 424 1062 receptae
439 1020 528 1061 sunt,
553 1022 594 1054 fic
610 1021 639 1052 &
659 1020 724 1052 Lex
741 1019 821 1060 Julia
841 1019 880 1049 de
901 1017 1047 1049 cedendis

177 1063 291 1102 bonis,
323 1072 392 1095 nam
417 1072 458 1094 ex
488 1061 718 1104 antiquioribus
746 1059 939 1100 privilegiis,
976 1067 1045 1099 quae

178 1103 359 1136 Hollandiae
385 1102 562 1137 Graviones
589 1103 681 1135 variis
710 1101 848 1133 Urbibus
873 1100 1044 1138 dederunt,

179 1145 360 1183 debitores,
390 1145 445 1185 qui
464 1144 616 1178 solvendo
638 1153 702 1176 non
729 1149 838 1181 erant,
861 1141 1042 1172 addiceban-

180 1195 231 1218 tur
248 1187 477 1223 creditoribus,
503 1186 605 1218 donec
621 1185 780 1217 solverent
801 1191 854 1214 aut
877 1183 915 1212 de
936 1181 1044 1212 debito

179 1228 405 1269 transigerent,
429 1237 465 1258 ea
485 1236 587 1259 tamen
604 1227 688 1267 lege,
715 1234 754 1256 ne
778 1223 986 1254 creditoribus
1011 1222 1046 1253 li-

124 1276 127 1278 '
181 1277 267 1301 ceret
287 1270 318 1301 in
344 1278 458 1309 corpus
477 1269 656 1300 debitorum
675 1265 796 1296 saevire:
823 1263 876 1295 sed
898 1273 933 1308 ee
950 1261 1043 1304 privi-

179 1311 262 1352 legia
282 1319 366 1342 nunc
387 1319 451 1340 non
469 1316 707 1344 commemoro,
732 1315 840 1346 quaero
856 1313 980 1345 porrus,
1007 1312 1045 1333 an

181 1352 327 1385 omnibus
352 1351 445 1382 liceat
467 1350 559 1381 bonis
576 1350 686 1380 cedere
696 1348 712 1379 ‘2
747 1347 778 1378 ἃ
800 1346 897 1386 vulgo
922 1344 1045 1380 fertur,

178 1395 218 1427 iis
234 1394 386 1425 duntaxat
402 1392 465 1422 hoc
478 1391 666 1422 beneficium
684 1396 885 1429 competere,
911 1387 963 1428 qui
982 1384 1047 1416 for-

182 1443 268 1467 tunae
283 1458 292 1472 ,
316 1443 379 1465 non
401 1432 453 1466 sua
471 1433 563 1473 culpa
579 1430 785 1464 facultatibus
795 1428 868 1470 lapsi
888 1427 969 1460 sunt.
994 1427 1045 1459 Sa-

182 1475 221 1509 ne
245 1476 319 1517 Jure
342 1474 506 1512 Romano,
537 1475 587 1515 qui
612 1472 751 1513 alioquin
776 1480 838 1502 non
864 1469 1048 1501 damnantur

181 1519 263 1551 ultra
282 1526 374 1559 quam
395 1515 501 1548 facere
519 1515 632 1557 poffint
645 1539 655 1555 ,
688 1522 728 1544 eo
746 1511 904 1545 beneficio
927 1509 1047 1557 indigni

181 1561 275 1600 sunt,
299 1559 321 1592 si
344 1558 419 1591 dolo
437 1556 589 1596 fecerint,
615 1556 784 1598 quominus
803 1554 910 1585 facere
934 1551 1048 1594 poflrnt

183 1603 203 1634 l.
228 1606 281 1644 63.
324 1627 331 1633 .
360 1610 390 1642 7.
408 1598 449 1641 ff.
470 1605 524 1640 pro
551 1599 613 1630 Soc.
649 1599 670 1630 Z.
693 1607 743 1629 29..
775 1596 804 1638 §.
832 1605 860 1627 1.
884 1594 925 1639 &1⁹.
949 1594 968 1625 l.
992 1602 1046 1639 5.¹'

178 1645 218 1687 ff.
243 1646 276 1674 de
323 1643 443 1685 ejztdic.
488 1640 547 1673 Sed
573 1640 647 1681 quid
673 1639 695 1671 fi
717 1639 810 1679 culpa
829 1635 991 1669 fecerint?
1016 1634 1046 1665 id

182 1685 338 1718 beneficio
363 1692 426 1715 non
451 1680 574 1713 obstare
609 1681 761 1723 significat
787 1681 814 1711 d.
834 1679 858 1710 i.
879 1682 931 1720 63.
962 1676 991 1718 §.
1015 1686 1044 1716 7.

183 1727 235 1760 sed
252 1725 338 1767 quod
363 1725 399 1756 ad
419 1732 521 1755 mores
544 1723 626 1754 inter
652 1722 760 1754 dolum
785 1721 815 1753 ὃς
838 1721 961 1762 culpam
981 1727 1044 1749 non

184 1768 279 1800 video
304 1766 471 1807 distingui,
495 1766 531 1805 hy
547 1764 705 1805 fortuine,
720 1763 828 1805 ander
841 1761 903 1803 syn
919 1759 1046 1802 schalas,

184 1811 228 1843 ait
253 1809 281 1850 ἓ.
304 1813 356 1851 38.
380 1807 481 1839 Editt.
514 1804 619 1837 Caroli
647 1805 686 1837 V.
722 1814 769 1841 19.
795 1803 874 1843 Mai.
903 1811 992 1842 1544.
1018 1801 1047 1833 ὅ(

183 1852 227 1885 fic
243 1859 370 1891 quoque
387 1847 474 1879 estin
494 1847 567 1879 LL.
583 1845 684 1886 Frific.
703 1846 745 1877 L.
757 1845 811 1877 ΙΙΙ.
839 1845 899 1876 [Ut.
911 1854 960 1885 30.
978 1842 1007 1884 §.
1021 1852 1048 1873 1.

185 1894 216 1925 ἃς
235 1893 276 1925 sic
294 1891 392 1932 vulgo
412 1888 553 1920 traditur.
568 1888 627 1920 Sed
639 1897 741 1919 tamen
759 1885 923 1918 fatendum
940 1883 1048 1923 cst,in

185 1932 357 1966 Hollandia
378 1940 462 1962 nunc
480 1930 680 1972 benigniores
697 1928 759 1960 esl'e
772 1927 896 1967 judices
919 1927 951 1958 in
977 1935 1047 1966 pro-

185 1975 294 2008 bandis
321 1972 507 2005 cessionibus
524 1994 535 2009 ,
566 1981 659 2013 quam
681 1978 828 2010 oportet,
866 1968 898 2000 id
925 1967 1048 2012 scilicet

187 2017 320 2048 credunt
335 2013 481 2046 fovendae
498 2022 682 2044 mercaturae
705 2012 814 2042 favore
825 2033 836 2049 ,
861 2010 892 2041 δι
907 2018 974 2040 non
989 2008 1048 2040 alia

188 2056 278 2090 causa
294 2056 455 2097 patiuntur
475 2055 647 2086 creditores
663 2053 799 2094 emungi.

230 2099 310 2131 Sunt
327 2105 429 2127 tamen
448 2096 587 2138 quaedam
601 2095 735 2136 species,
761 2101 873 2125 contra
890 2102 965 2133 quas
983 2100 1048 2123 ces-

186 2140 231 2173 sio
254 2136 339 2171 nibil'
354 2137 520 2178 quicquam
538 2135 673 2177 prodest.
718 2134 783 2167 Has
805 2134 946 2166 recenset
968 2134 995 2163 d.
1021 2131 1049 2173 ᾗ.

187 2187 238 2223 (38.
264 2176 294 2212 &
319 2178 434 2210 addunt
457 2177 628 2218 diplomata
651 2176 816 2207 ceffionem
834 2197 845 2214 ,
867 2184 930 2207 non
957 2173 1052 2204 etiam

186 2218 332 2265 'prodesse
356 2217 500 2250 adversus
522 2218 645 2257 debita,
695 2227 742 2248 uae
770 2215 863 2248 Fisco
878 2216 1051 2254 debentur,

192 2261 376 2302 deschicldeu
397 2266 523 2303 izogtans
539 2269 601 2290 vem
616 2260 649 2289 (Ze
703 2268 752 2300 oge
781 2258 966 2300 Overt'ghez'cl
987 2261 1050 2297 uyt·

191 2303 342 2349 gestamen.
386 2300 437 2333 De
459 2301 506 2333 his
523 2300 668 2332 omnibus
685 2309 747 2331 non
769 2309 856 2341 agam
869 2324 878 2337 ‚
903 2300 933 2331 ἃ
948 2296 1054 2329 fateor

191 2353 319 2389 quoque
338 2344 368 2376 [Ι.
392 2342 421 2384 §.
445 2346 496 2384 38.
522 2340 583 2372 effe
597 2342 674 2372 adeo
691 2340 877 2379 obscurum,
902 2347 937 2370 ut
957 2338 1051 2370 inter-

187 2395 328 2430 pretem,
359 2393 409 2416 me
431 2383 666 2424 sapientiorem,
695 2381 846 2414 desideret
860 2405 870 2420 ,
893 2379 963 2422 post
987 2379 1051 2420 spe-

192 2430 258 2461 cies
278 2427 383 2462 enim,
413 2425 457 2457 ibi
475 2432 754 2462 commeinorataS‚
779 2423 812 2455 in
828 2423 940 2463 quibus
960 2421 1053 2452 cessio

194 2477 344 2511 negatur,
369 2466 504 2508 sequitur
519 2465 690 2506 exceptio,
716 2474 783 2496 NISI
801 2473 928 2496 TAMEN
946 2464 1052 2494 debito-

194 2521 238 2543 res
247 2510 398 2551 furtum,
424 2507 547 2548 uonsua
568 2507 653 2547 culpa
663 2506 864 2546 facultatibus
885 2504 957 2545 lapfi
973 2504 1054 2544 sint,

194 2561 265 2594 quae
283 2549 452 2590 exceptio,
484 2557 557 2579 cum
579 2548 611 2579 in
634 2548 719 2580 omni
739 2547 873 2579 cessione
890 2547 1053 2583 obtineat,

195 2601 297 2624 totam
323 2591 460 2631 regulam
483 2588 648 2620 subvertit.
693 2588 763 2620 Alia
787 2588 903 2629 species
927 2587 993 2625 est,
1016 2587 1055 2619 de

195 2642 256 2674 qua
282 2633 315 2664 in
349 2639 512 2670 utramque
533 2636 652 2669 partein
670 2629 860 2670 disputatum
886 2631 917 2661 dt
940 2629 1054 2661 ‘udica-

197 2683 266 2706 tum
291 2671 359 2709 est,
398 2681 436 2703 an
464 2670 557 2701 CeffiO
599 2669 751 2702 bonorum
780 2671 878 2710 prosit
910 2678 928 2700 a
951 2669 1055 2702 versus

195 2714 343 2748 mulctam
362 2711 636 2753 pecuniariam,ex
653 2710 770 2742 delicto
788 2710 943 2750 debitam,
969 2711 1000 2742 &
1018 2711 1056 2742 de

197 2766 258 2798 qua
288 2753 470 2796 diligentius
499 2753 699 2793 quaerendum
731 2750 776 2783 cst
793 2773 804 2789 ‚
834 2761 925 2792 quam
955 2751 1056 2782 adhuc

197 2796 359 2838 quaesitum
377 2794 452 2827 vidi.
497 2792 529 2826 Si
551 2801 614 2825 non
636 2791 749 2833 prosit,
774 2792 854 2824 nihil
878 2792 962 2823 aliud
986 2792 1057 2824 inde

197 2838 372 2874 efficimus,
405 2845 497 2877 quam
523 2834 680 2866 debitores
710 2833 863 2880 ejusmodi
890 2833 1012 2865 mulctae
1040 2843 1057 2864 a

199 2887 324 2910 carcerc
343 2887 406 2909 non
431 2876 577 2915 liberari,
601 2885 665 2907 non
689 2883 804 2914 etiam,
827 2883 920 2916 poena
944 2883 1055 2915 corpo-

197 2920 253 2952 rali
270 2919 331 2950 csl'e
345 2917 543 2959 plestcndos,
566 2915 658 2947 cessio
676 2926 693 2947 a
709 2925 834 2947 carcere
848 2916 958 2947 liberat
981 2915 1002 2946 l.
1030 2924 1054 2946 1.

202 2962 235 2992 C.
259 2962 308 3002 qui
334 2961 396 2991 limi.
428 2960 489 2990 ced.
508 2957 573 2999 pqffi
597 2967 655 2989 nec
682 2957 767 2988 aliud
792 2957 955 2998 quicquam
978 2965 1056 2996 prte-

200 3001 271 3033 stat.
316 3001 377 3033 Ubi
395 3008 500 3032 autem
517 3000 602 3040 leges
614 2998 768 3031 definiunt
779 3021 792 3038 ‚
814 3006 939 3040 poenam
963 3006 1056 3038 pecu-

250 3121 306 3157 (7)
324 3122 350 3150 d.
370 3121 480 3160 Olfferv.
504 3120 621 3149 Tumult.
645 3118 676 3148 T.
698 3121 735 3149 X.
755 3129 782 3148 n.
803 3127 888 3154 2292.

240 3159 300 3234 ξι)
321 3160 403 3204 Apud
426 3161 564 3188 Loenium
586 3158 650 3196 Casu
673 3159 803 3187 LXXXI.

263 3197 299 3234 2)
323 3197 417 3228 Incezcl.
436 3204 472 3228 tot
491 3198 522 3228 de
540 3198 614 3228 Host.
634 3196 773 3234 Regtsget.
799 3195 892 3226 Lm.
915 3194 944 3226 C.
956 3203 998 3231 51.
1017 3194 1056 3233 vs.

1091 975 1221 1008 niariam
1233 998 1242 1014 ,
1267 975 1309 1006 ob
1325 975 1463 1016 inopiam
1482 974 1659 1008 debitorum
1671 1000 1680 1015 ‚
1706 977 1736 1009 in
1752 986 1808 1008 cor
1831 977 1946 1011 oraleru

1092 1016 1221 1055 mutari,
1246 1016 1412 1049 ceffionem
1431 1016 1544 1048 cessare
1566 1017 1764 1050 manifestum
1786 1028 1803 1049 e
1841 1041 1852 1057 ,
1875 1019 1904 1050 ὅ(
1919 1029 1949 1051 e·

1088 1058 1221 1097 jusmodi
1249 1058 1392 1098 exempla
1419 1057 1518 1099 ipsum
1541 1059 1590 1099 jus
1616 1059 1789 1091 Romanum
1817 1059 1952 1101 suggerit

1089 1099 1108 1131 l.
1134 1108 1158 1130 1.
1190 1099 1220 1139 §.
1241 1099 1295 1130 ult.
1319 1099 1361 1140 ff.
1383 1100 1416 1129 de
1443 1099 1527 1132 Paen.
1560 1099 1732 1140 praesei·tim
1753 1101 1784 1132 in
1812 1097 1952 1142 personis

1088 1141 1254 1172 vilioribus
1276 1142 1297 1172 ί.
1320 1151 1348 1181 7.
1372 1139 1401 1181 ᾗ.
1424 1150 1452 1182 3.
1469 1141 1509 1182 ff.
1533 1143 1566 1172 de
1592 1141 1710 1182 Jurfsd.
1735 1141 1771 1176 {3⁹
1795 1142 1815 1173 l.
1835 1143 1886 1173 ult.
1906 1142 1949 1183 ff.

1088 1183 1120 1212 cle
1136 1182 1229 1223 injus
1243 1191 1304 1212 voc.
1350 1182 1408 1213 Sed
1427 1191 1524 1219 cave,
1547 1192 1585 1214 nc
1602 1184 1633 1214 id
1650 1183 1787 1224 porrigas
1803 1183 1839 1214 ad
1857 1193 1951 1225 quos-

1090 1223 1165 1253 libet
1192 1221 1407 1259 honestiores,
1429 1222 1467 1252 de
1492 1222 1540 1254 his
1562 1222 1676 1255 sufficit
1703 1224 1825 1262 dicere,
1847 1234 1865 1255 a
1888 1234 1953 1255 car-

1090 1272 1160 1294 cere
1176 1272 1240 1293 non
1260 1262 1382 1293 liberari
1396 1285 1405 1299 ,
1430 1262 1485 1294 nisi
1497 1263 1646 1305 Princeps
1663 1265 1715 1296 vel
1732 1263 1954 1305 Magistratus,

1089 1302 1179 1335 causa
1193 1303 1340 1344 cognita,
1364 1312 1487 1343 poenam
1507 1305 1657 1337 remittat.

1132 1345 1164 1376 Si
1180 1354 1217 1376 ex
1241 1344 1307 1376 sola
1328 1344 1449 1375 ratione
1475 1354 1538 1376 rem
1562 1345 1712 1386 aestimes,
1737 1348 1844 1388 ecquis
1859 1347 1952 1380 bene-

1089 1386 1217 1424 ficium,
1242 1385 1326 1427 quod
1344 1385 1443 1426 J'seihc'le
1471 1386 1501 1417 ὅς
1522 1386 1680 1427 mifirabile
1708 1388 1794 1420 audit
1810 1411 1818 1426 ,
1848 1388 1886 1420 iis
1903 1388 1953 1420 da-

1091 1428 1155 1466 bit,
1180 1427 1231 1469 qui
1253 1436 1294 1458 ex
1311 1426 1426 1458 delicto
1449 1427 1486 1458 ad
1504 1428 1651 1461 mulctam
1669 1429 1878 1470 pecuniariam
1902 1429 1953 1462 da-

1091 1469 1189 1501 mnati
1207 1467 1303 1500 sunt?
1328 1468 1450 1499 nullum
1464 1467 1532 1500 fere
1547 1469 1694 1502 delictum
1711 1470 1755 1503 est
1778 1470 1840 1503 fine
1857 1470 1952 1509 dolo,

1092 1511 1121 1542 ὅ(
1164 1511 1193 1541 ui
1217 1510 1247 1541 in
1271 1509 1349 1541 dolo
1375 1508 1445 1541 sunt
1463 1532 1473 1548 ,
1507 1511 1601 1542 etiam
1628 1511 1709 1544 ultra
1735 1521 1826 1553 quam
1849 1511 1954 1544 facere

1091 1562 1134 1592 po
1160 1551 1241 1591 unt,
1274 1551 1414 1583 damnari
1442 1549 1544 1583 solent
1571 1553 1598 1584 d.
1622 1553 1642 1585 l.
1663 1553 1765 1627 ⁶3}-
1788 1562 1816 1595 7.
1841 1553 1881 1595 ff.
1900 1559 1953 1594 pro

1094 1593 1164 1639 Sat..
1188 1593 1210 1625 l.
1234 1603 1286 1638 2²:
1310 1591 1338 1638 §.
1366 1602 1392 1625 1.
1418 1592 1454 1628 ἐξ
1479 1593 1498 1625 ί,
1523 1603 1575 1633 51.
1596 1593 1637 1635 ff.
1669 1596 1703 1626 de
1767 1605 1780 1626 e
1800 1595 1893 1638 judic.
1915 1593 1954 1627 ad

1091 1635 1255 1666 mimmum
1276 1634 1448 1675 lgltu1·fint
1466 1636 1600 1667 carceris
1621 1636 1786 1678 inquilini,
1833 1637 1861 1670 ui
1888 1644 1954 1668 non

1092 1676 1227 1715 habent,
1252 1675 1335 1707 unde
1360 1674 1491 1708 solvant.
1574 1686 1646 1708 uare
1669 1678 1784 1717 miror,
1821 1677 1954 1720 implici-

1091 1725 1138 1749 ter
1156 1716 1279 1749 Graecis
1297 1716 1463 1756 placuisse,
1476 1725 1511 1748 ut
1527 1719 1647 1758 placuit
1668 1719 1787 1752 Basilio.
1812 1719 1852 1751 L.
1877 1718 1952 1752 LX.

1096 1759 1131 1791 T.
1152 1758 1300 1804 XXXV,
1322 1758 1354 1790 C.
1376 1767 1428 1790 22.
1450 1758 1479 1800 §.
1503 1768 1533 1800 4.
1560 1767 1658 1799 utque
1674 1760 1765 1794 etiam
1783 1770 1822 1796 ex
1843 1761 1882 1794 iis
1904 1770 1952 1792 re-

1091 1799 1156 1832 fert
1179 1799 1326 1840 Cujacius
1345 1801 1376 1832 in
1398 1799 1508 1832 Paret.
1532 1802 1570 1832 ad
1591 1801 1650 1833 Tic.
1677 1802 1710 1834 C.
1732 1804 1781 1845 qui
1804 1804 1865 1834 bon.
1888 1802 1950 1834 ced.

1087 1841 1154 1883 poff.
1189 1841 1280 1887 plane
1308 1842 1341 1872 in
1363 1839 1422 1880 fin.
1452 1841 1490 1873 ad
1514 1851 1639 1884 poenam
1667 1844 1876 1884 pecuniariam
1898 1844 1951 1875 da-

1092 1890 1214 1915 mnatos
1232 1891 1328 1914 etiam
1346 1882 1393 1913 uti
1412 1882 1499 1924 posse
1515 1883 1656 1917 cessionis
1675 1885 1847 1923 beneficio,
1869 1884 1953 1917 &fic

1092 1923 1187 1956 Curia
1214 1922 1396 1955 Hollandiae
1427 1924 1579 1964 judicavit
1609 1935 1634 1957 1.
1662 1926 1763 1958 Mart.
1797 1936 1887 1968 1737.
1918 1926 1952 1959 in

1091 1964 1201 2003 causa,
1225 1974 1318 2006 quam
1337 1974 1411 1997 mox
1429 1965 1542 1997 dicam.
1573 1964 1674 1998 Aliter
1693 1967 1770 1999 olim
1788 1966 1888 2009 sapuit
1902 1976 1952 1999 ea·

1091 2007 1162 2052 dem
1181 2005 1278 2038 Curia
1299 2016 1330 2048 3.
1349 2005 1429 2037 Dec.
1459 2010 1549 2048 1637.
1573 2006 1591 2048 (
1597 2007 1632 2048 1)
1664 2008 1694 2040 &
1719 2009 1808 2041 aliter
1830 2016 1955 2049 quoque

1090 2047 1259 2079 dicendum
1275 2048 1330 2078 est.
1385 2046 1517 2080 Exteras
1540 2048 1760 2088 auctoritates,
1795 2059 1863 2091 quae
1885 2048 1955 2082 sane

1093 2090 1127 2121 in
1141 2097 1305 2129 utramque
1320 2096 1441 2129 partem
1457 2088 1599 2127 exstant,
1615 2091 1830 2131 ‘praetermitto
1841 2113 1850 2130 ,
1867 2090 1896 2123 &
1914 2099 1955 2123 ne

1094 2129 1264 2162 Hollandis
1285 2129 1408 2170 quidem
1431 2128 1644 2163 testimonium
1668 2131 1844 2170 denunci0‚
1867 2139 1902 2164 ut
1919 2139 1956 2164 ut

1096 2172 1128 2203 hi
1147 2170 1216 2203 fere
1234 2169 1383 2202 Grotium
1401 2170 1460 2212 (2)
1486 2170 1678 2212 sequuntur,
1702 2182 1812 2214 nempe
1828 2172 1956 2205 ceffioni

1097 2213 1204 2244 locum
1220 2221 1285 2244 non
1304 2211 1365 2243 effe
1380 2213 1413 2243 in
1423 2213 1565 2254 schulden
1582 2221 1635 2255 ayt
1653 2215 1799 2253 misdaat,
1821 2215 1853 2246 in
1874 2214 1954 2246 mul·

1097 2253 1155 2286 ctis
1171 2263 1211 2300 eit
1225 2252 1343 2299 delitfto
1354 2276 1364 2291 ‚
1387 2254 1417 2286 ἃ
1435 2254 1505 2286 ideo
1531 2255 1587 2287 lios
1603 2265 1710 2288 omnes
1725 2255 1932 2297 praetermitto
1945 2277 1957 2294 ,

1099 2305 1170 2328 cum
1200 2304 1233 2326 in
1258 2293 1325 2335 ipso
1347 2294 1420 2334 Jure
1445 2295 1642 2328 Hollandico
1667 2297 1705 2328 ad
1728 2306 1852 2329 manum
1874 2295 1955 2332 fint.

1096 2346 1165 2409 puae
1183 2335 1350 2381 cessionem
1369 2336 1400 2367 in
1418 2336 1475 2368 hac
1496 2335 1514 2368 s
1531 2337 1596 2369 ccie
1622 2337 1694 2371 satis
1711 2337 1857 2370 refutent.
1900 2336 1956 2370 Est

1111 2387 1166 2410 ane
1201 2384 1328 2417 antiqua
1360 2377 1467 2410 Curiae
1536 2379 1682 2411 ollandiae
1715 2377 1902 2410 constitutio
1927 2387 1954 2410 1.

1096 2419 1195 2465 Mart.
1221 2427 1310 2459 1545.
1333 2417 1394 2461 (3)
1417 2429 1477 2460 qua
1499 2420 1637 2460 placuit,
1660 2419 1681 2452 si
1702 2420 1771 2460 quis
1794 2419 1954 2451 damnatus

1096 2470 1129 2492 m
1145 2460 1292 2492 mulctam
1311 2469 1349 2493 ex
1364 2460 1479 2493 delicto
1503 2459 1725 2502 (vechteleffin)
1749 2469 1814 2491 earn
1833 2458 1956 2491 solvere

1097 2512 1162 2534 non
1184 2501 1294 2542 poffit,
1319 2501 1367 2532 vir
1392 2502 1417 2534 is
1439 2502 1619 2534 caederetur.
1664 2501 1707 2533 Et
1732 2499 1796 2541 ipse
1821 2499 1954 2532 Carolus

1098 2543 1137 2576 V.
1162 2543 1194 2574 in
1213 2542 1241 2584 ᾗ.
1259 2551 1311 2583 27.
1332 2542 1361 2574 E
1383 2566 1391 2574 .
1419 2543 1554 2582 19.Maj.
1571 2551 1660 2582 1544.
1685 2540 1810 2579 statuit,
1824 2550 1865 2573 ne
1883 2542 1956 2580 cui,

1098 2585 1153 2617 nisi
1170 2593 1210 2615 ex
1230 2583 1286 2616 suo
1302 2582 1453 2615 consensu
1471 2584 1501 2615 &
1521 2583 1563 2615 ob
1582 2584 1658 2614 benc
1678 2582 1789 2613 merita
1812 2582 1953 2614 remitte-

1097 2634 1184 2659 retur
1201 2625 1336 2664 mulera,
1356 2624 1398 2656 ob
1413 2624 1530 2656 caedcm
1547 2623 1669 2655 indicta.
1693 2622 1869 2655 Secundum
1887 2623 1956 2655 haec

1098 2668 1127 2710 §.
1151 2677 1224 2706 224.
1254 2666 1349 2698 Form.
1378 2666 1411 2696 C.
1435 2664 1481 2696 H.
1503 2671 1630 2695 cautum
1652 2662 1696 2695 cst
1711 2688 1720 2702 ‚
1753 2663 1849 2696 Curia
1874 2664 1955 2696 mul-

1098 2710 1200 2748 ctam,
1235 2707 1267 2739 in
1285 2715 1378 2748 quam
1397 2706 1466 2747 quis
1492 2706 1534 2736 ob
1561 2705 1677 2737 caedcm
1705 2705 1867 2737 damnatus
1889 2704 1957 2744 est,

1096 2751 1221 2791 juberet
1237 2747 1358 2780 solvere
1373 2746 1451 2778 intra
1468 2755 1590 2778 certum
1607 2755 1747 2787 tempus3
1769 2745 1791 2777 si
1817 2755 1878 2777 non
1894 2745 1955 2778 sol-

1099 2798 1212 2828 veret,
1233 2796 1369 2828 corpore
1391 2796 1496 2828 poenas
1517 2787 1626 2826 daret,
1649 2786 1699 2819 sed
1723 2796 1787 2819 non
1811 2787 1849 2818 ad
1872 2796 1954 2819 mor·

1100 2841 1164 2864 tem
1186 2837 1239 2861 aut
1258 2828 1448 2860 amiffioncm
1471 2829 1601 2868 alicujus
1618 2827 1760 2861 membri.
1814 2827 1903 2860 Unde
1923 2828 1954 2860 &

1099 2871 1196 2905 Curia
1219 2879 1310 2908 eum,
1341 2869 1396 2910 qui
1420 2869 1627 2902 remisiloncni
1651 2869 1852 2910 impetrarat,
1883 2878 1953 2910 pen.

1098 2913 1178 2954 Maj.
1201 2915 1292 2951 1538.
1315 2910 1492 2950 damnavit,
1514 2911 1659 2942 mulctam
1677 2910 1757 2942 intra
1776 2909 1864 2942 XIV.
1889 2910 1955 2942 dics

1100 2954 1238 2986 solveret
1254 2973 1266 2989 ,
1296 2950 1338 2983 siu
1362 2960 1486 2991 autem,
1522 2953 1620 2992 palam
1646 2951 1741 2992 virgis
1761 2950 1956 2990 crederetur,

1099 3004 1192 3037 quam
1208 3002 1333 3035 poenain
1349 2992 1459 3024 deinde
1481 3002 1531 3024 21.
1555 2993 1624 3033 jun.
1653 2997 1743 3032 1538.
1766 2991 1953 3022 interce-iiio·

1912 3041 1955 3064 nc·

1097 3116 1158 3146 We
1175 3115 1328 3146 vertrohken
1346 3123 1406 3150 zyn.

1137 3156 1198 3190 (3)
1217 3155 1320 3190 [ἱεραί.
1346 3154 1376 3181 C.
1398 3151 1437 3181 H.
1459 3161 1486 3189 p.
1510 3159 1553 3188 53.
1574 3151 1608 3180 B.
1631 3150 1657 3180 ὅς
1678 3150 1754 3179 Plac.
1780 3150 1815 3179 11.
1835 3148 1945 3187 Appen&

1100 3202 1127 3232 p.
1148 3195 1232 3227 2981.
1254 3191 1373 3231 &few
