2008 3436
164 126 237 163 440
435 114 836 153 CORNELM

161 215 221 245 qua
236 205 403 246 agebatur,
428 213 468 236 ex
491 213 531 235 eo
559 211 653 245 portu
678 203 740 243 jam
767 201 907 233 solvisset
925 198 1029 232 mense

162 247 336 279 Februario
354 246 425 277 anni
447 255 539 287 1711.
563 247 592 278 ὅ(
606 245 744 276 nondum
763 243 928 282 appulisset
947 242 1029 274 Lon-

161 288 272 319 dinum
296 298 349 330 31.
373 287 453 319 Dec.
483 296 574 328 1711.
599 293 741 325 tempore
765 283 856 316 faetae
881 283 1027 315 assecura-

163 329 283 367 tionis,
308 329 339 361 se
368 338 431 360 non
463 327 554 360 fuisse
584 327 807 363 dubitaturos,-
835 325 910 364 quin
938 324 1025 355 navis

164 369 292 411 perisset
309 370 358 402 vel
382 378 472 411 capta
494 368 591 407 esset,
616 366 736 399 scivisse
754 373 859 397 autem
879 365 1025 397 assecura-

164 421 232 443 tum
247 433 257 448 ,
278 420 524 451 contra,·quam
540 410 570 440 in
599 407 806 439 instrumento
830 406 1024 438 assecuratio-

161 453 210 485 nis
227 452 415 491 testabatur,
437 452 543 483 navim
571 459 611 481 ex
633 458 672 479 eo
691 456 783 488 portu
801 447 862 488 jam
880 446 1027 483 solvisse,

162 503 222 526 nec
243 493 410 536 ignorasse,
435 492 519 532 quod
536 499 630 522 nemo
648 491 772 530 ignorat
784 511 795 527 ,
815 488 884 530 post
903 488 1028 520 finitum

161 535 382 573 Februarium,
408 533 529 565 solvere
556 541 618 563 non
641 529 787 571 poruiss‘e.
823 530 912 562 illam
933 528 1029 560 scien-

162 577 239 609 tiam
271 577 443 617 probabant
472 573 694 605 assecuratores
722 580 761 602 ex
789 570 851 612 ipsa
876 569 1028 612 epistula,

162 628 223 658 qua
240 617 359 657 Anglus
380 627 428 653 29·
454 613 542 646 Nov.
578 623 667 654 1711.
690 612 951 651 ¹assecurationem
975 619 1027 642 cu-

163 659 223 690 rari
239 658 377 698 jusserat,
403 658 434 688 in
455 665 491 686 ea
516 655 598 687 enim
624 655 661 686 ad
680 653 874 686 Hollandum
901 651 1026 693 scripse-

161 708 210 731 rat
230 723 239 738 ,
263 702 317 730 clar
341 701 385 729 bet
398 698 486 739 schip
514 702 588 727 moet
612 697 712 728 komen
737 705 798 726 van
822 695 940 726 Sua-arte
956 717 965 730 ,
989 703 1026 724 en

161 741 225 771 hier
240 738 367 782 geweest
385 749 443 780 zyn
460 744 518 769 met
534 739 567 769 de
591 735 694 777 laatste
709 736 855 777 fihepen,
879 737 954 777 dog,
978 735 1024 765 in-

162 782 309 821 quiebat,
332 783 356 811 is
376 790 434 821 ayn
447 779 567 821 paffage
592 776 715 821 gemzst,
740 787 787 809 zoo
807 787 860 819 τω]
877 778 1024 815 besluiteiz,

161 825 217 865 (sog
232 828 310 853 ‹wert
325 827 465 863 verwagt
483 829 539 851 mer
557 821 590 851 de
611 817 710 860 nciafte
718 820 844 860 schepen
863 828 924 849 van
939 819 1023 848 daur.

160 864 212 896 Ex
230 864 276 896 his
307 863 410 894 verbis
435 861 613 893 efficiebant
634 861 875 897 ass‘ecuratores,
899 860 927 893 ὅ(
957 857 1026 889 fere

903 122 1009 149 VAN

163 915 274 937 omnes
295 905 487 941 Senatores,
514 903 741 940 assecuiatum,
765 910 907 942 tempore
932 900 1044 933 fa&ae*'

162 946 400 978 assecurationis
423 967 434 983 ,
467 944 675 986 profeetionis
703 942 796 974 fuisse
832 941 994 973 conscium
1015 963 1026 978 ‚

162 988 235 1028 quid
254 988 337 1019 enim
355 986 439 1018 aliud
459 985 521 1024 est,
544 987 596 1016 dat
614 984 756 1025 hetscln'p
784 989 841 1015 met
863 985 898 1014 de
923 979 1026 1022 lacitste

155 1029 280 1071 schepen
303 1029 365 1060 hier
383 1025 511 1071 geweesr}
525 1032 598 1058 moer
619 1036 697 1067 zyn,
718 1027 773 1068 dog
786 1026 837 1056 dar
855 1026 892 1066 hy
910 1023 1030 1062 bessoot,

163 1071 215 1101 dat
232 1071 280 1101 het
297 1080 353 1111 ψη
368 1069 485 1111 paffizge
506 1065 610 1111 gemis}
631 1067 723 1099 was?
745 1066 953 1107 querebantur
970 1065 1026 1106 igi-

163 1120 213 1143 tur
229 1111 471 1149 assecuratores,
497 1113 528 1142 se
545 1109 654 1141 fraude
671 1108 750 1139 mala
776 1107 837 1138 esse
859 1107 1026 1148 deceptos,

165 1154 196 1184 &
219 1153 299 1185 hanc
322 1152 462 1185 fraudem
494 1159 656 1192 tantopere
681 1149 841 1190 increpare
855 1147 882 1189 §.
907 1157 959 1189 31.
983 1146 1024 1177 A.

163 1202 201 1225 ut
222 1203 284 1226 non
302 1193 398 1226 modo
414 1193 491 1224 nihil
510 1191 612 1223 atium
631 1190 686 1229 sit,
710 1190 760 1222 sed
786 1191 816 1222 ὅ(
839 1188 1030 1229 decipientes

163 1236 202 1267 ad
218 1235 265 1274 id,
290 1235 373 1276 quod
397 1233 544 1273 interest,
567 1233 597 1263 &
618 1240 742 1273 poenam
765 1230 962 1270 corporalem
986 1236 1030 1258 te-

164 1285 305 1310 neantur.
351 1275 440 1307 Unus
464 1283 566 1306 tamen
592 1272 674 1313 apud
700 1281 757 1303 nos
784 1271 937 1308 Senator,
959 1278 1026 1301 non

165 1318 284 1350 infimae
313 1316 533 1357 dignationis,
578 1314 623 1345 ita
651 1312 844 1345 conciliabat
870 1307 1032 1352 uti-amque

164 1359 367 1400 scripturam:
393 1355 549 1398 Hetschip
568 1355 620 1398 lag
637 1355 758 1397 volgem
778 1354 812 1385 de
833 1351 937 1394 laatfle
964 1357 1031 1392 rap-

160 1406 264 1442 porten
280 1405 307 1430 τε
329 1399 466 1437 Suratte,
488 1404 584 1429 voorts
609 1402 686 1427 Γυυεεῡ
707 1397 740 1427 de
759 1394 954 1438 geaffureerde
970 1403 1031 1424 van

164 1452 239 1485 geen
257 1441 372 1472 vertrek
385 1461 395 1478 ,
419 1440 482 1472 hoc
503 1437 565 1479 est,
590 1445 626 1469 ut
653 1437 832 1480 explicabat
850 1435 1032 1477 epistulam,

161 1489 212 1516 raet
225 1482 304 1523 schip
321 1483 346 1512 is
363 1486 390 1512 te
410 1481 528 1513 Suratte
554 1480 661 1521 blyven
687 1479 888 1521 overleggen,
911 1487 954 1508 om
980 1477 1032 1507 dat

166 1526 215 1557 het
228 1530 286 1555 met
302 1524 335 1554 cle
351 1521 456 1564 baatfte
481 1522 606 1564 Ilffousbn
625 1523 688 1552 niet
709 1527 807 1563 gereet
825 1521 880 1551 kon
896 1528 953 1560 ayn
963 1541 974 1557 ,
995 1527 1033 1548 en

166 1569 192 1599 is
216 1567 326 1597 aaaron
347 1574 406 1605 zyn
433 1564 550 1607 paffage
574 1561 682 1606 gemis}
700 1586 710 1602 ,
743 1563 847 1593 anders
874 1561 961 1592 zoude
985 1560 1033 1590 het

164 1613 224 1641 met
236 1608 268 1638 de
288 1606 391 1648 laatste
409 1606 537 1647 Schepen
553 1607 583 1636 al
601 1605 663 1636 hier
678 1614 735 1646 zyn
744 1600 891 1645 geweefl,
911 1602 941 1633 ὅ(
961 1601 1032 1632 ideo

164 1650 207 1684 fic
224 1648 403 1690 explicabat
418 1672 427 1687 ,
450 1649 540 1689 quia,
565 1654 600 1679 ut
624 1645 679 1687 ipsi
698 1646 824 1687 quidem
850 1642 1032 1681 videbatur,

165 1691 354 1724 assecuratus
370 1690 409 1721 de
431 1689 495 1731 ipsa
512 1687 711 1731 profectione
731 1687 820 1718 navis
845 1684 925 1717 nihil
945 1684 1031 1725 quic-

164 1743 258 1775 quam
275 1731 355 1763 scire
372 1739 516 1773 poterat,
535 1730 724 1762 testabantur
742 1728 826 1760 enim
842 1734 944 1759 nautae
962 1734 1033 1766 cap-

166 1784 210 1807 tae
238 1773 328 1806 navis
349 1796 358 1811 ,
394 1775 446 1804 dat
469 1783 507 1813 κγ
531 1773 564 1803 de
591 1769 694 1811 laatste
726 1778 830 1801 waren
858 1767 1033 1799 vertrokken

166 1826 230 1847 van
251 1815 300 1846 her
327 1814 444 1855 Saifhen
473 1814 507 1854 of
528 1813 651 1855 Moqun
680 1821 742 1843 van
769 1812 824 1841 den
843 1811 910 1853 jare
940 1817 1033 1848 1711.

166 1857 228 1889 Sed
245 1856 291 1888 illi
309 1856 440 1898 profesti
458 1863 547 1887 erant
571 1865 600 1892 9.
635 1853 724 1886 Febr.
752 1861 845 1893 1711.
871 1859 930 1882 nec
954 1850 1033 1881 scire

168 1907 335 1939 poterant,
360 1908 399 1929 an
419 1907 481 1929 non
502 1896 562 1928 alia
584 1896 672 1927 navis
692 1905 730 1926 ex
750 1904 789 1925 eo
808 1900 905 1934 portu
925 1890 1036 1923 solvis-

166 1940 213 1973 set
231 1938 334 1971 mense
351 1939 527 1971 Februario·
539 1937 609 1978 post
625 1937 710 1968 diem
726 1944 857 1966 nonum·
872 1933 914 1965 Et
927 1956 935 1970 ‚
951 1932 1037 1973 quic-

169 1981 243 2021 quid
261 1980 327 2019 ejus
354 1981 397 2011 rei
421 1980 476 2018 fit,
502 1979 598 2010 verba
625 1976 789 2018 epistulae‚
813 1984 847 2006 ut
868 1973 1036 2006 101061011-

168 2022 227 2053 bus
250 2022 388 2053 offerunt
405 2043 416 2059 ,
436 2029 540 2053 ‘nemo
569 2020 661 2052 aliter
685 2016 880 2050 intellexerit.
897 2039 906 2054 ,
945 2024 1037 2055 quam

171 2064 211 2094 de
227 2063 369 2103 profeffli
392 2063 453 2102 jam
478 2071 583 2099 nave,
606 2062 636 2093 &
660 2060 735 2098 alia,
759 2067 851 2100 quam
879 2057 967 2095 dixi,
993 2056 1037 2087 in-

170 2102 359 2144 terpretatio
380 2103 527 2134 subtilior
553 2102 618 2140 est,
642 2111 734 2143 quam
760 2100 874 2131 verior,
921 2099 1000 2130 Sane
1015 2096 1037 2128 si

170 2146 242 2177 haec
267 2143 329 2185 ipsa
349 2166 359 2182 ,
394 2153 462 2184 quae
486 2144 606 2180 1011111,
635 2141 775 2182 epistulae
807 2140 904 2170 verba«
924 2137 1038 2170 inserta

170 2185 301 2218 fuissent
327 2184 534 2217 instrumento
558 2183 817 2219 assecurationis,¹
837 2189 873 2211 ut
895 2180 960 2212 sieri
986 2179 1037 2209 de-

171 2227 266 2259 bebat
278 2250 287 2263 ,
299 2226 331 2258 *si
349 2225 468 2267 Anglus
489 2225 614 2266 eiusque
630 2223 836 2255 mandatarius
855 2221 1039 2253 Hellandus

171 2270 255 2301 bona
272 2268 333 2300 fide
354 2267 502 2308 egissent,
527 2275 620 2297 nemo
646 2265 906 2297 assecuratorum,
929 2270 963 2292 ut
979 2261 1036 2292 mi-

172 2311 205 2342 hi
224 2310 350 2350 quidem
373 2309 479 2347 sedet,
504 2317 560 2348 pro
584 2315 646 2338 tam
670 2306 798 2337 modico
816 2303 947 2344 periculi
969 2311 1038 2342 pre-

174 2351 222 2382 tio
252 2350 344 2382 sidem
370 2348 452 2381 suani
476 2347 650 2389 obligasset.
696 2347 804 2393 Quare
828 2345 957 2385 probata
977 2343 1041 2374 fuit

154 2411 157 2413 >
175 2392 362 2424 arbitrorum
382 2391 411 2422 ὅ(
434 2390 539 2422 Curiae
559 2388 709 2420 sententia
727 2398 758 2429 3.
777 2386 839 2427 Jul.
862 2395 952 2426 1717.
971 2383 1041 2424 (2).

174 2433 282 2465 Etiam
308 2432 367 2464 alia
387 2431 554 2468 nonnulla,
578 2438 613 2461 ut
637 2430 693 2467 fit,
718 2430 749 2460 in
771 2428 830 2458 hac
851 2427 907 2459 lite
923 2425 1040 2457 adfere-

175 2475 250 2506 bant
264 2473 502 2511 assecuratorcs‚
528 2471 578 2503 sed
599 2471 665 2502 haec
684 2470 807 2508 onmia,
831 2466 952 2500 rescissa
968 2465 1041 2497 asse-

176 2515 361 2553 curatione,
386 2513 564 2551 cessabant,
590 2521 690 2553 neque
710 2511 808 2549 adeo,
830 2517 865 2541 ut
887 2508 1043 2545 referam,

177 2566 281 2597 operae
297 2556 433 2596 pretium
455 2554 516 2586 esse
534 2562 622 2594 puto.

220 2597 330 2629 Titius
348 2595 551 2628 Amstcrdami
574 2593 758 2625 assecuravit
787 2602 908 2624 merces
926 2590 1043 2623 Maevii

181 2639 219 2670 ab
238 2637 324 2668 Urbe
345 2636 503 2668 Corcavia
543 2635 669 2676 (Corlt)
705 2635 736 2665 in
764 2634 916 2666 Hibernia
951 2633 981 2663 ὅτ.
1010 2641 1044 2662 0-

178 2679 243 2712 mni
271 2677 505 2717 circumjacenti
525 2677 685 2707 territorio
707 2675 742 2705 ad
765 2685 861 2715 usquc
884 2672 1048 2704 Rotterda-

180 2729 267 2753 nium
289 2719 338 2750 vel
361 2719 502 2759 Brugns,
537 2717 597 2748 hoc
625 2716 733 2749 addito
761 2716 886 2751 navim,
915 2724 940 2745 1.
967 2712 1047 2744 Dec.

184 2758 539 2798 1696.adhuchaes11se
570 2757 756 2795 Corcaviae‚
791 2758 821 2787 ὅ(
853 2754 1048 2787 assecuratio-

181 2813 251 2835 nem
272 2802 339 2833 fieri
359 2802 389 2832 in
417 2810 542 2832 omnem
562 2807 734 2835 eventum,
756 2803 789 2837 op
813 2796 870 2828 alle
896 2797 983 2837 goede
1012 2804 1048 2825 en

181 2845 271 2885 quade
293 2843 411 2895 mdvig,
430 2841 530 2873 Navis
549 2840 603 2872 illa
618 2843 664 2871 16.
685 2838 836 2870 Decemb.
868 2835 1047 2874 1690001·-

181 2887 273 2915 essia
295 2886 333 2915 ad
361 2882 554 2920 wasaliam,
593 2890 662 2923 quae
687 2879 771 2911 Urbs
794 2888 921 2920 quoque
947 2876 993 2907 cst
1016 2877 1047 2908 in

181 2925 334 2958 Hibernia
355 2948 363 2963 ,
409 2925 439 2956 <Sc
465 2924 536 2955 inde
561 2922 598 2954 ad
624 2920 752 2953 Milfort
770 2944 779 2959 ,
811 2917 993 2951 Pleimoutli
1019 2919 1048 2949 ὅ(

181 2966 412 3003 Por-tsmoutli,
434 2974 502 3006 quae
521 2964 621 2995 Urbes
649 2961 718 2993 sunt
742 2962 773 2993 in
804 2960 932 3001 Anglia,
957 2960 987 2990 δ(
1003 2959 1048 2989 111-

181 3007 220 3038 de
238 3006 340 3039 rursus
361 3007 420 3037 iter
450 3005 537 3037 suum
563 3003 752 3046 prosequens
776 3012 792 3034 a
813 3001 941 3033 Francis
966 3000 1048 3039 capi-

183 3057 253 3085 tur,
279 3050 307 3080 <St
327 3047 439 3079 demde
464 3046 653 3087 publicatur.
699 3045 817 3075 Omnes
841 3042 953 3082 reliqui
976 3040 1047 3072 asse-

183 3098 341 3120 curatores
364 3112 372 3123 ,
403 3097 538 3128 excepto
567 3087 663 3118 Titio
687 3107 697 3123 ‚
730 3085 875 3116 damnum
909 3083 1046 3114 solvunt.

181 3129 323 3161 Mevius
341 3128 466 3160 Titium
491 3128 692 3160 rclustantem
713 3124 916 3157 Amsterdami
944 3125 973 3156 in
998 3123 1046 3164 jus

217 3209 276 3247 (2)
300 3210 439 3249 Olffwvac.
462 3209 580 3240 Tumult.
605 3208 676 3241 Tem.
699 3209 747 3239 Vl.
768 3217 794 3237 n.
821 3214 900 3243 1357.

1071 108 1679 148 BYNKERSHD'EK

1070 201 1168 230 vocat
1193 198 1230 230 ad
1255 197 1427 238 Delegatos
1445 220 1455 236 ‚
1480 197 1534 237 qui
1557 196 1596 228 de
1616 197 1711 230 causis
1734 198 1928 234 alst-curati&

1071 249 1145 272 num
1172 239 1392 279 cognoscunt,
1418 239 1447 269 ὅ(
1472 238 1502 269 111
1535 238 1661 270 Titium
1687 239 1853 272 absolxunt
1877 253 1927 276 21.

1070 281 1138 321 Jun.
1166 289 1254 322 1701.
1280 279 1447 312 absolvunt
1467 280 1496 310 dt
1513 279 1636 311 Scabini
1656 279 1933 315 Amsterdammen-·

1070 322 1116 354 ses
1141 332 1191 354 20.
1221 322 1298 361 Maj.
1333 331 1424 362 1702.
1455 320 1506 353 sed
1533 319 1629 352 Curia
1656 320 1834 354 Hollandiae
1851 347 1860 363 ‚
1890 334 1930 358 ex

1067 363 1302 403 appellatione,
1325 373 1356 402 4.
1385 362 1465 394 Dec.
1501 365 1591 402 1708.
1622 368 1784 403 utramque
1812 363 1930 398 senten-

1071 405 1146 435 tiam
1166 403 1309 442 rescidit,
1336 405 1366 435 &
1391 403 1536 442 Titium,
1561 410 1596 433 ut
1627 401 1781 443 solveret,
1804 405 1930 438 damna-

1072 446 1142 482 vit,
1163 444 1275 475 additis
1303 444 1443 485 expensis
1467 453 1531 475 non
1554 451 1676 475 tantum
1701 444 1829 485 judicii,
1851 447 1931 488 apud

1073 485 1199 517 Curiam
1223 485 1280 516 acti
1299 508 1309 523 ,
1331 486 1381 518 sed
1405 487 1545 517 omnium
1576 485 1709 516 aliorum
1724 507 1735 523 ,
1762 496 1831 528 quae
1853 497 1930 528 prae-

1073 526 1235 558 cesserant.
1280 526 1410 558 Senatus
1434 536 1483 568 23.
1513 526 1573 567 Jul.
1612 535 1702 566 1717.
1737 526 1805 568 (3)
1831 528 1930 562 rursus

1073 568 1178 600 Curiae
1202 567 1384 599 sententiam
1407 567 1559 606 rescidit,
1596 568 1625 598 ὅ(
1653 566 1930 602 Amsterdammen-

1070 609 1146 641 sium
1164 609 1310 649 probavit
1322 632 1330 647 ‚
1355 608 1563 649 compensatis
1580 608 1693 648 ubique
1709 609 1857 650 expensis.
1875 611 1934 642 Vi-

1070 651 1205 681 deamus.
1251 649 1334 681 Tres
1361 650 1498 681 rationes
1522 648 1682 681 adferebat
1706 649 1814 682 Titius
1829 674 1839 690 ‚
1861 652 1928 692 qui-

1068 691 1124 723 bus
1154 691 1409 722 assecurationem
1438 690 1651 730 oppugnabat.
1703 690 1804 723 Prima
1835 701 1930 732 erat,

1068 733 1154 773 quod
1181 732 1268 764 navis
1282 755 1292 770 ,
1318 739 1459 772 tempore
1481 731 1572 763 faetae
1595 730 1845 772 assecurationis,
1869 733 1931 773 jam

1069 772 1207 806 solvisset
1233 782 1250 803 e
1269 781 1364 814 portu
1386 772 1576 810 Coi-caviae‚
1599 781 1700 813 neque
1717 782 1816 806 tamen
1836 775 1867 806 id
1882 775 1928 807 in-

1070 815 1244 848 strumento
1271 813 1505 845 assecurationis
1534 812 1641 844 fuisset
1673 814 1819 847 insertum
1840 837 1851 853 ,
1879 815 1933 848 vel

1072 855 1300 897 significatum,
1326 855 1358 886 id
1382 855 1538 896 ignorari,
1560 863 1597 885 ut
1624 854 1757 886 debebat
1772 864 1810 888 ex
1828 856 1930 889 Statu·

1075 905 1114 929 tov
1140 895 1481 929 Amstcrdammenfium
1509 905 1557 932 29.
1589 896 1655 935 Jan.
1691 901 1781 932 1688.
1806 897 1844 928 de
1868 906 1933 939 quo

1069 939 1214 981 proxime
1235 938 1313 969 dixi.
1358 937 1417 969 Sed
1437 937 1503 968 haec
1521 936 1601 968 ratio
1623 938 1789 978 plerosque
1806 938 1932 970 Senato—

1069 990 1118 1012 res
1134 989 1198 1011 non
1215 979 1340 1015 movit,
1365 987 1460 1019 quum
1486 978 1516 1009 id
1536 978 1694 1010 Statutum
1718 979 1933 1020 intelligerent

1070 1022 1108 1052 de
1128 1031 1163 1052 ea
1184 1019 1307 1061 specie,
1329 1029 1388 1061 qua
1404 1019 1589 1051 assecuratus
1602 1020 1640 1050 de
1658 1019 1852 1060 prosetftione
1867 1029 1932 1051 cer-

1071 1071 1117 1094 tus
1135 1061 1196 1100 est,
1219 1062 1258 1092 de
1275 1063 1414 1100 tempore
1431 1060 1634 1101 profectionis
1652 1062 1788 1093 incertus
1800 1085 1809 1100 ,
1830 1062 1860 1093 in
1877 1061 1935 1093 hac

1070 1113 1175 1134 autem
1194 1102 1296 1142 specie
1310 1102 1494 1134 aflectu-atus
1518 1110 1576 1133 nec
1604 1101 1834 1142 profectionem
1859 1102 1938 1136 scic-⁴

1071 1145 1144 1181 bat,
1173 1153 1232 1175 nec
1251 1152 1304 1183 per
1327 1152 1428 1174 rerum
1458 1151 1593 1174 naturam
1621 1143 1700 1174 seire
1716 1152 1857 1184 poterat,
1880 1153 1935 1175 01(-

1074 1185 1176 1226 pressrt
1196 1185 1291 1225 igitur
1311 1206 1321 1222 ,
1352 1183 1436 1224 quod
1461 1183 1596 1222 sciebat,
1620 1185 1723 1216 navim
1753 1184 1873 1216 scilicet
1907 1192 1932 1216 1.

1076 1226 1155 1257 Dec.
1182 1228 1271 1261 1696.
1301 1225 1404 1255 adbuc
1430 1223 1594 1255 Corcaviae
1617 1225 1761 1265 jacuisse,
1785 1235 1822 1257 en
1840 1231 1937 1257 voorts

1076 1273 1109 1308 op
1135 1266 1191 1297 alle
1218 1267 1305 1308 goede
1329 1275 1365 1296 en
1396 1266 1486 1305 quade
1514 1266 1629 1307 tyding.
1681 1267 1818 1298 Secunda
1850 1266 1938 1298 Titii

1073 1308 1156 1340 ratio
1179 1316 1266 1345 erat,
1288 1306 1373 1348 quod
1397 1314 1518 1337 merces
1536 1329 1546 1344 ‚
1568 1307 1607 1337 de
1634 1307 1746 1347 quibus
1769 1307 1941 1348 agebatur,

1073 1350 1111 1381 ad
1134 1348 1291 1380 Mat-vium
1313 1357 1377 1379 non
1402 1347 1640 1387 pertinuerunt,
1663 1346 1714 1379 sed
1742 1349 1780 1379 ad
1808 1347 1937 1380 fratrem

1071 1392 1237 1431 ejus‚cum
1254 1389 1292 1420 ab
1310 1388 1420 1427 initio,
1434 1394 1500 1419 111111
1515 1388 1610 1419 etiam
1625 1398 1664 1420 ex
1680 1388 1834 1428 cessione,
1855 1388 1938 1430 post-

1075 1442 1112 1464 ea
1130 1430 1211 1462 fasta
1230 1453 1240 1469 ,
1279 1430 1308 1462 &
1331 1430 1362 1461 in
1389 1429 1470 1461 hanc
1502 1429 1624 1462 causam
1658 1431 1757 1462 multa
1787 1431 1939 1472 utrimque

1073 1471 1310 1514 disputabantur
1328 1494 1338 1510 ,
1369 1470 1420 1502 sed
1452 1469 1521 1502 fere
1547 1471 1672 1512 indigna
1689 1494 1702 1510 ,
1727 1481 1796 1512 quae
1820 1480 1937 1504 memo-

1075 1524 1160 1553 rem,
1185 1514 1262 1544 adeo
1284 1513 1354 1544 haec
1371 1521 1419 1543 res
1438 1512 1585 1544 tricarum
1601 1514 1691 1553 plena
1717 1521 1795 1545 erat.
1839 1511 1939 1545 Erant:

1076 1564 1181 1589 tamen
1204 1555 1384 1592 Senatores,
1407 1554 1461 1595 qui
1485 1554 1536 1586 vel
1562 1554 1604 1585 ob
1625 1554 1705 1586 hanc
1731 1553 1853 1586 causam
1882 1563 1960 1595 pro·

1075 1595 1421 1642 Titio-respondebant
1437 1618 1447 1634 ,
1478 1604 1537 1636 ego
1565 1604 1644 1627 vero
1669 1595 1820 1635 minime,
1843 1597 1938 1635 quia,

1075 1648 1115 1671 ne
1136 1638 1210 1679 quid
1238 1637 1321 1669 aliud
1351 1636 1478 1674 dicam,
1509 1636 1606 1669 frater
1630 1637 1742 1669 Maevii
1768 1645 1819 1676 25.
1849 1635 1943 1670 Now

1080 1690 1170 1721 1702.
1192 1678 1213 1710 fi
1231 1680 1261 1711 ὅ(
1276 1686 1426 1720 quatenus
1442 1677 1642 1710 necessarium
1660 1677 1837 1716 videretur,
1857 1678 1940 1710 Mae-

1076 1725 1131 1753 vio
1149 1720 1367 1758 mandaverat,
1389 1728 1424 1750 ut
1451 1719 1531 1751 hanc
1558 1719 1645 1752 litem
1673 1727 1783 1751 contra
1808 1719 1938 1752 Titium

1075 1770 1192 1805 ageret.
1238 1761 1298 1793 Sed
1316 1760 1542 1801 objiciebatur,
1563 1760 1721 1792 DaelaeViUlTl
1747 1769 1859 1792 contra
1878 1760 1939 1792 Ti-

1077 1808 1157 1837 tium
1173 1803 1260 1834 litem
1278 1812 1342 1834 non
1371 1801 1461 1834 fuisse
1484 1801 1694 1834 contestatum
1719 1803 1848 1834 nomine
1875 1801 1941 1835 fra-

1077 1846 1132 1879 tris
1150 1869 1158 1884 ‚
1183 1852 1215 1875 at
1240 1844 1368 1875 nomine
1397 1845 1545 1884 proprio,
1567 1844 1596 1875 81
1623 1843 1665 1875 fic
1689 1851 1755 1874 erat
1771 1866 1781 1882 ,
1801 1843 1854 1875 sed
1873 1852 1939 1875 non

1078 1887 1171 1919 aliam
1188 1885 1229 1916 ob
1251 1884 1371 1917 causam
1401 1885 1541 1917 Maevms
1565 1885 1626 1916 1100
1649 1885 1826 1917 mandatum
1850 1893 1939 1916 acce-

1078 1936 1184 1971 perat,
1207 1936 1299 1968 quam
1316 1935 1356 1957 ex
1377 1925 1546 1958 abundanti
1567 1927 1685 1958 cautela
1698 1949 1708 1965 ,
1732 1935 1767 1957 ut
1785 1926 1864 1957 hanc
1879 1924 1940 1957 Ti·

1081 1971 1118 2001 tii
1152 1968 1372 2009 exceptionem
1408 1967 1538 1999 elideret
1556 1992 1566 2007 ,
1599 1977 1671 1999 nam
1707 1967 1761 1998 lite
1797 1966 1944 1999 mandata

1081 2011 1228 2056 Maevio,
1253 2009 1316 2048 ejus
1339 2008 1437 2053 frater
1461 2009 1588 2049 utique,
1614 2009 1670 2040 lite
1691 2009 1779 2040 finita
1796 2030 1807 2046 ,
1828 2015 1942 2038 contra.

1080 2052 1207 2084 Titium
1239 2048 1350 2081 frustra
1374 2048 1484 2090 egisset
1503 2072 1512 2087 ,
1547 2051 1577 2082 &
1606 2049 1647 2082 fic
1669 2060 1715 2082 res
1742 2048 1822 2080 salva
1848 2057 1941 2084 erat.

1081 2093 1144 2125 five
1167 2091 1309 2123 Maevius
1330 2090 1392 2122 sive
1413 2089 1512 2122 frater
1535 2092 1601 2131 ejus
1616 2115 1625 2128 ,
1647 2091 1797 2122 mercium
1823 2089 1941 2120 assecu-

1080 2142 1214 2166 ratarum
1238 2131 1343 2163 fuiss‘ct
1363 2132 1522 2171 dominus,
1548 2132 1731 2163 assecuratio
1753 2131 1836 2163 enim
1859 2129 1943 2163 fasta

1081 2183 1149 2206 erat
1167 2174 1293 2205 Maevio
1309 2197 1320 2212 ,
1340 2172 1403 2204 sive
1417 2173 1443 2202 ei
1461 2195 1470 2209 ‚
1492 2173 1529 2203 acl
1557 2182 1648 2214 quem
1676 2182 1710 2204 ea
1737 2182 1782 2204 res
1806 2173 1941 2213 pcrtine-

1079 2225 1137 2248 ret.
1181 2214 1294 2246 Tertia
1313 2213 1396 2245 Titii
1419 2213 1500 2244 ratio
1524 2223 1590 2245 crat
1606 2238 1615 2253 ‚
1639 2213 1723 2256 quod
1752 2213 1809 2244 1101·
1837 2211 1943 2244 fuisset

1080 2264 1236 2289 mutatum
1254 2279 1264 2294 ,
1296 2256 1472 2296 navigatum
1499 2256 1614 2296 quippe
1636 2254 1697 2286 else
1724 2254 1761 2286 ad
1784 2254 1886 2286 omnia
1906 2263 1946 2285 ca

1081 2300 1171 2338 soca,
1193 2304 1262 2338 quae
1288 2297 1374 2336 supra
1399 2296 1512 2333 retuli,
1537 2298 1566 2328 ὅ(
1585 2297 1615 2328 111
1641 2297 1849 2328 instrumento
1870 2294 1942 2326 asse·

1083 2340 1258 2372 curationis
1288 2337 1423 2378 expressa
1451 2346 1513 2368 non
1547 2346 1635 2368 erant
1652 2361 1661 2375 ,
1695 2345 1817 2368 mutato
1841 2344 1942 2368 autem

1083 2382 1197 2413 itinere
1214 2379 1330 2411 nullam
1346 2378 1406 2410 esse
1425 2377 1680 2410 assecurationem
1703 2387 1742 2409 ex
1766 2377 1792 2418 ᾗ.
1815 2388 1845 2418 7.
1867 2376 1941 2408 LL.

1085 2423 1127 2455 A,
1163 2422 1192 2454 ὃ(
1217 2430 1252 2451 ea
1279 2421 1310 2451 in
1336 2419 1444 2460 primis
1478 2421 1559 2451 ratio
1582 2419 1746 2460 plerosque
1778 2419 1944 2450 Senatores

1084 2464 1206 2501 movit,
1229 2470 1263 2493 ut
1279 2470 1338 2501 pro
1358 2461 1454 2492 Titio
1484 2459 1717 2501 responderent.
1759 2459 1817 2490 Sed
1841 2467 1945 2490 tamen

1085 2515 1148 2538 non
1164 2505 1288 2541 deerat,
1312 2503 1395 2544 quod
1412 2510 1468 2543 pro
1483 2501 1606 2533 Maevio
1621 2501 1683 2531 dici
1700 2507 1840 2540 poterat,
1860 2508 1946 2536 nam,

1085 2547 1107 2580 si
1129 2545 1263 2578 Milfort
1284 2543 1424 2584 excipias
1438 2565 1448 2581 ,
1470 2543 1572 2573 omnia
1600 2541 1660 2572 alia
1683 2541 1754 2572 loca
1777 2549 1865 2572 erunt
1883 2549 1948 2571 me-

1085 2589 1136 2619 dia
1162 2587 1242 2618 inter
1266 2586 1397 2622 locum,
1417 2594 1434 2615 a
1457 2592 1519 2624 quo
1535 2605 1543 2621 ,
1573 2582 1602 2614 δ(
1626 2582 1730 2613 locum
1751 2604 1761 2619 ‚
1792 2581 1828 2612 ad
1852 2590 1948 2622 quem

1088 2628 1275 2661 destinatum
1299 2627 1360 2658 iter
1383 2632 1472 2662 erat,
1493 2624 1522 2654 ὅ(
1548 2621 1568 2654 fi
1589 2645 1598 2659 ‚
1620 2631 1655 2653 ut
1682 2622 1712 2653 in
1739 2622 1797 2653 hac
1822 2621 1948 2663 specie.

1091 2677 1218 2701 cautum
1235 2668 1290 2705 lit,
1315 2676 1350 2698 ut
1375 2663 1559 2697 Navarchus
1581 2663 1616 2694 ad
1640 2663 1744 2694 onmia
1766 2664 1833 2695 loca
1855 2662 1947 2704 polii:

1091 2711 1265 2752 appellere,
1286 2709 1354 2740 loca
1375 2704 1556 2737 intermedia
1581 2704 1664 2735 adire
1690 2704 1764 2735 licet
1781 2704 1843 2735 sinc
1859 2713 1946 2735 metu

1091 2751 1204 2784 mutati
1229 2750 1350 2781 itineris
1366 2770 1377 2786 ,
1398 2755 1432 2778 ut
1455 2745 1547 2777 larius
1568 2744 1657 2785 supra
1679 2743 1805 2786 exposui
1835 2745 1866 2776 C.
1888 2744 1950 2776 ills

1091 2793 1126 2828 ὅ)
1150 2791 1204 2823 lV.
1234 2789 1367 2822 Milfort
1393 2787 1517 2828 quidem
1548 2795 1610 2818 non
1639 2794 1706 2817 crat
1739 2787 1830 2826 juxta
1857 2787 1916 2816 iter
1933 2808 1947 2824 ,

1091 2833 1140 2866 sed
1159 2831 1301 2864 nonnihil
1320 2831 1358 2861 ab
1378 2837 1416 2859 co
1443 2835 1619 2865 remotum,
1643 2836 1742 2868 neque
1760 2828 1852 2858 etiam
1872 2836 1949 2858 ren-¹

1090 2874 1188 2906 stabat
1209 2873 1247 2903 de
1272 2869 1449 2902 necessitate
1482 2869 1518 2899 ad
1548 2878 1614 2899 eam
1647 2868 1761 2899 Urbem
1790 2867 1946 2907 appellen-

1090 2915 1149 2954 di,
1181 2912 1320 2953 alioquin
1340 2934 1349 2949 ,
1384 2910 1405 2942 si
1431 2909 1589 2942 necessitas
1613 2916 1720 2950 urgeat
1739 2930 1750 2946 ,
1777 2909 1814 2939 ad
1842 2908 1948 2940 omnia

1091 2957 1160 2988 loca
1177 2953 1333 2995 appellere
1356 2952 1386 2983 ὅ(
1406 2949 1530 2982 cursum
1552 2958 1672 2982 mutare
1693 2950 1768 2981 licet
1790 2949 1818 2990 §.
1851 2958 1879 2990 7.
1904 2949 1950 2995 A.
1969 2950 1972 2955 '

1092 3005 1124 3028 at
1145 3004 1221 3027 vero
1247 3004 1286 3024 eo
1307 2993 1372 3034 ipso
1397 2992 1424 3034 §.
1457 3002 1488 3032 7.
1522 2999 1644 3023 cautum
1667 2989 1731 3027 est,
1751 2992 1856 3022 valere
1873 2988 1947 3021 asse-

1093 3037 1285 3070 curationem
1307 3057 1317 3071 ,
1339 3034 1359 3066 si
1385 3038 1499 3074 absque
1525 3033 1670 3063 mandato
1696 3030 1855 3062 assecurati
1888 3031 1948 3062 iter

1091 3077 1259 3111 mutaverit
1283 3075 1467 3107 Navarchus
1480 3097 1489 3112 ,
1516 3073 1597 3105 salva
1615 3072 1808 3104 ass'ecuratori
1828 3072 1952 3104 aclicna'

1089 3117 1235 3152 adversus
1254 3115 1352 3157 ipsum
1373 3115 1594 3153 Navarclium,
1617 3122 1649 3146 ut
1665 3115 1694 3145 ὅ(
1707 3113 1738 3144 id
1754 3113 1876 3153 plenius
1893 3120 1948 3143 ex⁴

1912 3161 1948 3184 ον

1101 3202 1166 3240 (3)
1188 3198 1326 3240 observat.
1351 3198 1467 3229 Tamais.
1492 3197 1565 3229 Tom.
1592 3198 1642 3227 Vl.
1663 3205 1691 3226 ¹11.
1714 3198 1800 3230 1363.
1891 3162 1910 3194 p

1994 135 1999 153 „a
1979 0 2001 128 ‘'f-:Q-
