2008 3436
191 99 478 153 QUAEST.
539 96 770 150 JURIS
826 93 1184 144 PuthTl,
1235 92 1647 143 L1ss.1'v.c.111.1v.

43 195 134 236 supra
151 193 183 225 C.
207 191 231 224 Ι.
257 191 363 225 Etiam
378 193 417 225 de
432 190 547 225 minori
562 190 666 233 pretio
681 188 770 222 navis
785 188 911 235 cavilla-

42 238 179 275 bantur3
204 233 255 266 sed
274 243 478 276 praeterquam
498 234 580 274 quod
602 231 788 264 affecuratus
806 230 847 276 sse
865 233 908 262 la-

44 279 85 311 tis
102 277 247 318 probavit
257 300 266 316 ‚
287 276 317 307 id
327 278 464 317 pretium
474 278 567 319 longe
582 273 735 319 excedere
750 281 816 303 eam
828 274 908 304 111111-

41 330 123 354 mam
136 343 144 356 ‚
171 327 228 360 pro
238 327 299 359 qua
315 318 488 360 fidejuffum
505 326 570 350 erat
580 340 590 356 ,
615 315 709 346 etiam
727 312 910 346 1nstrumen-

41 373 77 396 to
98 360 330 393 affeetu-ationis
358 361 409 392 hic
428 367 495 392 erat
517 359 682 392 insertum,
706 357 757 387 dat
775 355 906 397 hypatlo

40 411 143 445 expres
158 427 168 442 ,
199 412 236 433 en
258 407 315 433 mec
339 403 469 434 ballevan
495 411 557 433 van
580 400 614 430 de
641 398 835 443 Afficradeurlj
858 397 907 428 het

43 447 132 486 Schip
158 452 225 475 was
245 450 418 486 getazcxeert
443 450 476 484 op
491 446 606 485 36000.
655 440 806 485 Guldenr,
830 444 903 485 Ἃρ)

39 488 154 520 mimier
170 486 204 527 of
221 488 348 518 meerder
360 486 511 526 waardig.
533 483 626 521 Scio,
643 491 710 514 eam
724 480 904 513 aestlmatlo-

39 538 111 563 nem
138 529 300 560 contraria
321 527 512 568 probatione
539 523 671 556 refutari
696 522 780 564 poffe
803 532 842 557 ex

42 580 90 604 10.
119 570 154 602 Τ.
180 569 250 602 VlI.
275 568 348 600 LL.
374 568 472 600 Nmt.
494 567 531 599 P.
562 568 654 607 1563.
678 563 730 596 sed
746 564 830 601 nulla
842 564 905 604 pla-

37 622 78 646 ne
92 612 144 644 hic
160 619 226 642 erat
245 611 275 641 in
291 610 485 642 contrarium
501 608 658 650 probatio.
692 605 906 638 'fricabantur

61 661 164 694 uoque
181 675 192 690 ,
217 650 423 684 instrumenta
449 650 591 693 quaedam
610 671 621 688 ‚
645 657 715 689 quae
735 645 904 694 *appellant

67 696 251 733 ee-brieven,
276 703 340 726 non
364 693 455 725 fuiffe
478 692 607 730 idonea,
631 699 662 722 at
676 690 754 722 nibil
770 697 903 734 omnino

35 739 74 771 iis
101 735 220 773 defuit,
245 732 343 774 absit,
365 744 400 766 ut
422 733 606 775 deprcffioni
634 733 664 764 δε
692 728 903 763 combustlom

35 779 124 812 navis
142 776 264 809 causam
287 777 419 809 dederit.
465 775 629 807 Addebant
645 774 675 805 δι
694 773 754 804 alia
770 772 902 804 nonnul-

35 822 85 859 la,
109 819 159 851 sed
174 818 252 850 adeo
268 818 404 856 frivola,
429 826 463 850 ut
478 817 595 849 referre
616 815 752 856 pudeat,
777 813 903 845 refelle-

22 872 68 896 tre
91 861 194 893 multo
220 860 326 900 magis.
374 860 473 900 Igitur
500 863 550 893 28.
582 857 675 889 Febr.
714 860 804 902 1708.
827 853 902 900 (2)

33 903 219 935 confirmata
244 901 308 933 fuit
335 901 439 934 Curia:
457 899 631 938 sententia,
655 907 714 939 qua
729 897 838 938 unguh
857 904 902 927 as-

35 945 233 978 securatorcs
255 943 390 975 damnati
417 951 506 974 erant
529 940 652 973 solvere
673 938 843 976 summam,
865 936 903 968 ad

32 995 126 1029 quam
142 985 274 1026 quisque
291 983 478 1024 fidejufferac
494 992 566 1015 cum
583 980 713 1027 usuris-a
730 989 827 1026 mora.

81 1027 195 1059 Usuras
215 1035 318 1057 autem
336 1026 518 1066 simpliciter
535 1023 629 1056 Curia
648 1021 901 1062 adjudicaverat,

33 1079 93 1103 nec
116 1068 241 1100 dixerat
261 1077 351 1108 quas,
379 1076 414 1098 ut
439 1075 498 1098 nec
517 1066 603 1097 aetor
620 1061 880 1109 eas-cxprefferac
891 1081 903 1098 ,

35 1111 89 1144 sed
106 1119 147 1141 ex
163 1110 313 1141 monitorio
323 1109 420 1151 juris,
432 1115 468 1139 ut
478 1114 597 1138 vocant
608 1129 617 1143 ,
631 1103 703 1136 sat1s
718 1102 902 1153 apparebat,

32 1153 170 1185 actorem
188 1149 369 1182 centesimas
389 1148 566 1186 intendere,
578 1147 670 1189 idque
685 1154 725 1177 cx
745 1144 771 1187 §.
786 1155 816 1187 3.
836 1146 903 1176 Sta-

32 1194 95 1226 tuti
108 1190 413 1224 Amsterdamrnenfls
425 1194 474 1221 26.
491 1189 556 1230 Jan.
579 1192 668 1220 1610.
689 1196 754 1228 quo
773 1194 903 1232 cautum

31 1234 97 1274 est,
120 1243 170 1266 eas
185 1232 336 1271 summas,
360 1232 391 1263 in
409 1241 486 1272 quas
505 1230 730 1262 ass'ecuratores
751 1238 768 1259 a
783 1227 901 1274 Judici-

30 1277 90 1309 bus
113 1275 265 1316 delegatis
287 1271 632 1305 Amsterdammenflum
652 1270 787 1302 damnati
812 1267 901 1307 sunt,

31 1319 65 1351 in
87 1316 262 1349 continenti
282 1314 344 1346 esse
371 1313 552 1351 solvendas,
576 1311 620 1344 sm
650 1313 774 1349 autem,
796 1319 901 1342 earum

33 1358 141 1391 usuras
159 1356 340 1389 centesimas
358 1356 419 1387 esse
442 1355 638 1396 pendendas,
659 1353 762 1399 donec
780 1351 900 1384 senten—

34 1401 87 1433 tiae
102 1399 250 1435 satisfiat.
276 1398 306 1430 &
323 1406 411 1429 erant
431 1397 616 1433 Senatores,
639 1404 691 1435 qui
708 1403 765 1435 pro
781 1403 818 1424 ea
835 1393 900 1425 sen-

33 1443 135 1475 tentia
148 1439 396 1482 respondebant,
420 1438 472 1471 sed
487 1438 631 1470 dicebam
641 1458 652 1474 ,
675 1436 776 1477 legem
792 1435 901 1467 duram

650 1517 917 1554 CAPU

1751 106 1821 153 433·

952 197 1017 220 non
1034 186 1097 219 ess‘e
1113 187 1331 229 porrigendam
1343 188 1382 219 ad
1399 188 1532 231 species,
1558 193 1599 225 ibi
1616 204 1680 227 non
1695 203 1822 235 expres-

952 229 1018 268 sas,
1036 238 1100 261 non
1117 228 1198 260 solvi
1214 229 1396 262 centesimas
1420 240 1459 262 ex
1476 241 1516 263 eo
1535 234 1661 267 Statuto
1672 259 1683 275 ,
1707 236 1763 268 11111
1786 233 1818 268 in*

952 278 987 303 ea
1003 270 1124 312 specie,
1143 270 1196 302 ubi
1210 270 1333 312 Judices
1349 271 1606 307 allecurationem
1621 277 1819 317 damnarunt,

952 313 1004 344 hic
1022 320 1126 344 autem
1143 321 1207 344 non
1220 311 1392 352 damnasse,
1417 311 1469 344 sed
1488 314 1651 349 absolvisse
1668 319 1818 350 assecura-

951 362 1053 393 tores‚
1078 354 1110 385 in
1131 363 1218 386 mora
1235 355 1332 396 igitur
1349 363 1414 387 non
1429 354 1539 393 fuisse,
1564 366 1627 396 quo
1643 360 1743 392 minus
1760 359 1819 392 sol-

949 405 1062 428 vorent
1073 419 1082 434 ‚
1107 405 1178 427 nam
1194 395 1294 437 ipsum
1310 396 1449 428 actorem
1466 397 1504 428 ab
1518 394 1641 430 illorum
1661 399 1818 433 sententia

948 437 1118 480 appellasse.
1164 437 1223 470 Me
1247 439 1341 478 igitur
1387 441 1528 470 raeeunte
1556 438 1694 480 placuit,
1717 442 1819 474 usurae

949 487 1072 511 tantum
1093 478 1244 518 trientes,
1267 489 1307 511 ex
1332 489 1352 510 u
1369 490 1387 511 u
1409 479 1556 521 vulgari,
1579 479 1816 520 addicerentur,

876 520 904 562 §.
951 521 980 552 ὅ(
996 521 1026 552 id
1048 520 1209 553 sententiae
1227 519 1434 562 insereretur,
1460 531 1494 557 ut
1515 531 1609 554 novae
1628 522 1694 554 litis
1712 525 1820 564 proeci-

949 562 1078 594 deretur
1098 562 1232 595 occasio.

990 603 1073 635 Cum
1100 603 1199 636 usurae
1213 628 1222 643 ,
1248 613 1282 638 ut
1307 605 1438 647 petitae,
1461 605 1503 639 fic
1525 606 1556 639 δε
1572 606 1757 647 adjudicatae
1772 616 1821 638 esn

949 644 1015 678 sent
1039 655 1173 685 amora,
1199 646 1281 678 inter
1304 655 1408 688 partes
1436 648 1517 689 apud
1539 649 1687 681 Senatum
1704 647 1818 680 deinde

946 686 1109 728 quaefitum
1137 687 1200 726 est,
1224 697 1263 720 ex
1289 698 1352 730 quo
1378 696 1522 731 tempore
1548 699 1635 722 mora
1651 689 1818 721 011010011-

947 728 1038 761 senda
1048 728 1065 760 ἶ)
1083 728 1318 762 Affecuratores
1333 730 1502 772 putabant,
1519 741 1582 764 non
1593 739 1683 763 antea
1698 740 1822 763 moram

947 780 963 802 a
992 769 1022 802 se
1047 770 1263 810 commissam,
1286 781 1378 812 quam
1399 782 1416 803 a
1437 771 1590 805 sententia
1614 773 1739 811 Curiae,
1761 782 1822 814 qua

947 812 1084 843 damnati
1101 818 1209 852 erant,
1232 813 1341 845 viciffc
1358 814 1441 846 enim
1461 813 1489 845 se
1503 813 1716 855 adversarium
1732 814 1821 847 suum

946 852 1026 895 apud
1043 853 1368 887 Amsterdammenses.
1415 856 1475 888 Sed
1491 866 1586 898 quum
1612 856 1708 889 Curia
1724 856 1753 887 δι
1767 857 1820 889 Se-

947 904 1038 927 natus
1053 894 1399 929 Amsterdammem‘ium
1416 896 1587 930 sententias
1610 897 1797 930 resciderint
1808 920 1820 935 ,

946 936 1071 968 Senatui
1087 936 1185 969 visum
1209 937 1271 977 est,
1297 939 1442 978 8110610,
1468 938 1488 972 fi
1508 941 1583 982 quid
1598 940 1727 981 iudico,
1752 949 1820 971 mo-

946 987 1010 1009 ram
1026 977 1089 1010 esse
1105 980 1373 1019 retrotrahendam
1384 1004 1394 1019 ‚
1419 982 1449 1013 ἅ
1459 1003 1470 1019 ,
1490 981 1521 1013 111
1538 982 1599 1014 hoc
1618 989 1818 1022 argumento,

946 1029 1027 1059 non,
1053 1028 1089 1051 ut
1113 1021 1231 1062 vulgo,
1256 1021 1466 1054 aestimandam
1495 1032 1512 1054 a
1533 1024 1590 1055 lite
1612 1023 1821 1061 contestata,

945 1060 998 1092 sed
1017 1061 1153 1106 1111111113
1168 1063 1321 1095 mensibus
1339 1062 1501 1104 postquam
1517 1074 1565 1097 res
1580 1065 1632 1096 vel
1651 1074 1747 1096 naves
1759 1074 1819 1105 pro

944 1101 1105 1134 derelictis
1123 1102 1194 1134 sunt
1216 1104 1330 1136 habitae
1343 1127 1353 1143 ,
1376 1115 1416 1135 na
1433 1106 1480 1136 het
1501 1108 1613 1148 gedcane
1631 1107 1817 1137 abandorme·

945 1149 1042 1181 ment,
1060 1153 1130 1175 nam
1149 1152 1226 1177 tunc
1249 1144 1433 1177 solvendum
1452 1146 1498 1178 est
1515 1157 1553 1180 ex
1569 1148 1683 1179 Forma
1697 1170 1707 1185 ‚
1723 1158 1817 1189 quam

945 1185 973 1216 ei
988 1185 1031 1216 rei
1048 1185 1137 1217 dedit
1153 1186 1181 1228 §.
1204 1195 1255 1226 25.
1280 1187 1322 1219 A.
1345 1186 1480 1219 Exstant
1494 1189 1620 1229 quidem
1639 1190 1732 1219 variae
1752 1189 1820 1223 sen-

947 1227 1072 1265 tentiae,
1094 1236 1164 1268 quae
1189 1227 1227 1259 ad
1250 1229 1339 1261 litem
1364 1228 1572 1262 contestatam
1596 1239 1714 1262 moram
1738 1230 1821 1262 refe·

944 1275 1038 1307 runt,
1057 1276 1092 1300 ut
1112 1268 1157 1301 est
1171 1269 1225 1301 illa
1243 1270 1376 1303 Senatus
1398 1280 1445 1311 17.
1463 1270 1523 1311 Jul.
1546 1281 1634 1314 1707.
1655 1280 1746 1313 quam
1767 1272 1817 1303 ha-

945 1310 999 1341 bes
1029 1309 1079 1347 boc
1107 1310 1164 1351 ipsti
1185 1311 1308 1352 Capite,
1332 1311 1383 1344 sed
1400 1314 1430 1344 ὅ(
1449 1312 1571 1352 judices
1594 1317 1625 1345 dt
1645 1320 1748 1354 partes
1768 1312 1818 1346 fu-

943 1361 1018 1392 gere
1034 1351 1139 1392 potest
1153 1353 1257 1386 minus
1270 1362 1416 1386 accurata
1431 1355 1497 1394 ejus
1512 1355 1555 1386 rei
1570 1354 1723 1395 inspectio
1731 1364 1817 1393 ,cer-

945 1403 977 1425 te
994 1393 1015 1425 fi
1029 1403 1094 1425 non
1109 1393 1215 1434 petitae
1232 1395 1351 1427 fuerint
1363 1394 1462 1426 usurae
1473 1419 1482 1435 ,
1497 1396 1553 1428 11111
1565 1406 1583 1428 a
1593 1397 1650 1429 lite
1660 1395 1816 1430 contesta-

943 1442 996 1474 ta,
1019 1444 1084 1468 non
1104 1443 1177 1468 ante
1193 1437 1361 1478 adjudicari
1379 1436 1466 1478 posse
1480 1445 1602 1470 certum
1617 1436 1673 1471 est.

967 1517 1004 1552 T
1101 1517 1194 1555 IV.

36 1614 146 1652 Variae
169 1604 420 1661 affin-aratorum
445 1613 649 1660 exceptiones
671 1610 798 1657 rejeuae
817 1634 831 1654 ,
869 1607 912 1650 ὅ)
937 1610 1046 1656 rursus
1071 1610 1108 1646 de
1133 1610 1240 1659 ufirris
1272 1620 1313 1648 ex
1339 1622 1427 1650 mora
1447 1612 1648 1661 praestandis.
1702 1613 1740 1650 Si
1764 1625 1819 1650 ας-

72 1664 261 1712 securatum
277 1663 325 1708 stt
351 1665 394 1699 ad
416 1662 554 1708 insulam
581 1662 625 1696 D.
656 1660 782 1695 Thomae
814 1661 848 1694 in
873 1659 1010 1706 Africa,
1050 1660 1294 1707 tffi’curatorem
1320 1675 1380 1698 non
1407 1667 1511 1700 teneri
1538 1665 1574 1699 de
1602 1665 1734 1706 damno,
1752 1664 1819 1708 fa-

83 1716 129 1749 &o
163 1715 207 1749 ad
236 1712 372 1758 insulam
406 1713 456 1749 D.
493 1711 619 1747 Thomae
651 1712 685 1746 in
709 1710 873 1745 America.
925 1711 978 1745 An
1011 1719 1085 1745 rata
1103 1709 1152 1757 fic
1176 1711 1365 1759 qffecuratio
1389 1721 1501 1749 contra
1526 1714 1625 1749 dolum
1653 1715 1820 1761 culpamve

84 1764 254 1799 Navarchi
279 1765 456 1798 aliorumve
480 1769 664 1797 nautarum.

714 1761 923 1795 Navarchum
951 1762 1014 1795 iter
1037 1768 1163 1796 mutare
1185 1761 1291 1809 pff,
1309 1761 1342 1808 fi
1365 1766 1436 1810 'ejus
1470 1766 1606 1800 arbitrio
1631 1776 1682 1799 res
1707 1763 1819 1799 reliud

75 1812 147 1857 fit,
175 1811 236 1854 ἐξ,
256 1811 288 1857 fi
312 1823 372 1847 non
389 1811 459 1857 fit,
484 1810 713 1858 afficuratores
738 1810 944 1844 nihilominus
972 1811 1099 1853 teneri,
1118 1809 1150 1856 fi
1174 1814 1291 1857 absque
1327 1815 1478 1848 mandato
1503 1812 1675 1861 affecurati
1701 1820 1817 1849 mutet.

91 1863 223 1909 Culpam
232 1863 400 1897 Navarchi
419 1873 580 1907 nunquam
597 1862 735 1895 liberare
747 1857 998 1906 qffi’curatores,
1016 1860 1118 1896 dolum
1143 1861 1279 1897 liberare
1289 1861 1340 1908 ,fi
1353 1874 1421 1898 cum
1439 1865 1669 1899 exercitoribus
1684 1871 1818 1909 agatur.

83 1958 113 1981 n·
130 1948 259 1987 litibus,
282 1958 351 1991 quae
378 1948 416 1979 de
441 1947 666 1979 assecuratione
699 1954 900 1986 occurrunt,

92 1989 161 2022 fere
183 1991 286 2023 omnis
305 1989 436 2031 quaestio
458 1989 504 2022 est
529 1990 569 2022 de
590 1988 827 2021 defensionibus
849 1989 900 2020 seu

34 2031 294 2072 exceptionibus,
319 2033 450 2072 quibus,
475 2031 512 2062 ad
528 2031 673 2062 evitanda
695 2030 828 2070 damna,
854 2040 899 2061 as-

39 2073 233 2106 securatores
249 2082 398 2111 utuntur,
426 2081 554 2104 utuntur
569 2080 695 2110 autem,
719 2072 749 2103 in
773 2071 903 2104 diversis

36 2115 121 2157 saepe
139 2113 260 2153 causis,
282 2115 391 2146 iisdem
421 2123 523 2146 tamen
550 2113 814 2159 exceptionibus,
837 2123 901 2145 eas-

38 2166 119 2198 que,
143 2156 285 2197 quamvis
311 2157 417 2188 decies
439 2155 586 2194 rejettas,
604 2155 711 2187 decies
735 2163 838 2187 tamen
855 2164 901 2186 re-

37 2205 161 2240 petunt.
204 2196 411 2230 Amsterdami
439 2198 643 2229 nubem-atum
666 2196 712 2229 est
737 2205 795 2238 pro
816 2197 903 2229 inco-

38 2239 182 2274 lumitate
199 2239 368 2277 mercium,
393 2249 464 2281 quae
483 2238 638 2279 impositae
657 2246 746 2270 erant
766 2239 859 2276 navi,
886 2248 903 2269 a

38 2281 176 2314 statione
192 2279 362 2312 Texelenfi
380 2281 570 2320 navigaturae
591 2280 628 2310 ad
652 2279 780 2322 Tunger.
801 2280 904 2312 Exor-

38 2332 71 2356 ta
93 2321 276 2362 tempestate
290 2322 379 2352 naz-is
399 2324 493 2363 periit
512 2321 544 2352 in
569 2321 624 2354 ilia
647 2320 791 2354 statione.
817 2322 902 2354 Sem-

37 2363 170 2407 pronia,
192 2363 242 2394 cui
261 2363 463 2394 allecuratum
483 2372 570 2401 erat,
595 2363 660 2404 agit
675 2364 712 2395 ad
735 2365 902 2404 reparatio-

39 2404 231 2445 nemxdamni
252 2404 315 2436 dati
333 2414 403 2435 cum
423 2403 519 2437 usuris
541 2414 559 2435 a
583 2405 641 2436 lite
663 2414 770 2442 mota,
795 2405 825 2436 ἅ
841 2406 907 2443 ait.

39 2454 162 2479 merces
179 2468 189 2483 ,
222 2446 295 2477 navi
324 2446 482 2486 impositas
498 2468 508 2484 ‚
531 2445 585 2477 sibi
614 2445 787 2478 constitiffe
812 2450 907 2486 4776.

37 2489 107 2521 flor.
131 2488 220 2528 eique
239 2486 365 2519 summae
381 2487 467 2518 addit
484 2487 630 2527 praeinia.
653 2497 722 2528 quae
746 2487 882 2519 solverat
896 2511 906 2526 ,

40 2529 321 2565 assentationum,
345 2529 374 2560 ὅ(
401 2527 502 2560 rursus
531 2528 667 2560 detrabit
683 2529 782 2569 pretia
804 2538 904 2560 reruni

40 2571 256 2607 servatarum,
279 2578 373 2610 atque
392 2570 435 2601 ita
455 2570 599 2601 damnum
625 2569 759 2602 aestimat
779 2576 812 2609 ορ
837 2575 905 2610 812-

35 2618 91 2654 pro
119 2613 173 2642 Cu.
194 2610 279 2651 quod
304 2611 422 2650 injure
451 2611 532 2651 petit
561 2621 577 2642 a
604 2610 729 2652 singulis
758 2611 903 2643 all'ecura-

39 2653 162 2687 toribus
178 2661 235 2693 pro
258 2661 323 2683 rata
351 2652 620 2693 subscriptionum.
667 2653 717 2685 1111
742 2662 857 2693 negant
875 2652 906 2684 se

39 2696 206 2737 quicquam
230 2693 457 2735 debere,--quia
483 2703 600 2725 merces
625 2694 663 2725 ad
688 2694 906 2735 Semproniam

38 2745 103 2769 non
122 2734 340 2776 pertinebant,
359 2736 389 2767 ἀ
430 2735 450 2767 fi
468 2736 680 2775 pertinerent,
705 2740 816 2767 navem
841 2745 906 2768 non

37 2779 155 2810 idonee
175 2775 268 2807 fuiffe
296 2775 474 2809 instructam
491 2798 501 2813 ,
525 2778 588 2807 niet
616 2778 766 2818 behoorlhyk
791 2778 907 2819 gee‘qui'-

37 2825 121 2860 peert
134 2843 142 2856 ‚
163 2817 204 2855 δε,
223 2816 242 2848 fi
260 2815 372 2848 idonee
386 2817 533 2850 instructa
546 2817 671 2849 fuisset.
699 2819 820 2859 ρει-11110
839 2819 905 2851 cul-

41 2871 79 2903 pa
101 2857 261 2892 Navarchi
284 2858 314 2889 ἀ
334 2867 510 2897 nautarum,
539 2868 640 2899 neque
654 2860 732 2891 adeo
749 2859 778 2892 se
796 2860 904 2892 teneri.

83 2901 209 2942 Judices
237 2898 494 2931 assecurationum
517 2900 833 2933 Amsterdammenses
855 2912 905 2943 23.

42 2942 107 2984 Jan.
136 2951 226 2983 1703.
251 2941 280 2971 ὅ(
301 2940 426 2972 Scabini
444 2950 496 2978 12.
520 2941 580 2980 Jul.
609 2948 698 2984 1703.
723 2943 906 2974 11110ου11110-

42 2993 93 3017 res
108 2984 198 3024 plane
215 2981 383 3013 absolvunt
395 3005 404 3017 ,
429 2981 478 3013 sed
505 2981 601 3014 Curia
616 2993 656 3016 ex
675 2985 906 3025 appellatione,

46 3035 94 3066 17.
128 3024 204 3064 Apr.
237 3032 326 3063 1709.
361 3023 548 3055 condemnat
564 3046 574 3061 ‚
609 3034 644 3056 ut
670 3027 804 3066 petitum
831 3035 908 3057 erat.

47 3065 130 3099 Cum
143 3064 242 3097 rursus
254 3065 290 3095 ad
310 3065 454 3095 Senatum
473 3064 548 3096 effer
562 3066 771 3106 appellatum,
791 3078 818 3099 2.
837 3067 908 3098 Oet.

47 3116 140 3148 1711.
164 3106 283 3146 aequior
299 3104 363 3136 visa
381 3105 427 3136 est
442 3104 548 3137 Curiae
564 3106 735 3139 sementia.
779 3109 913 3139 Abunde

45 3147 227 3185 constabat,
254 3155 375 3178 tantum
392 3147 546 3179 mercium
562 3147 598 3179 ad
615 3148 834 3189 Semproniam·
845 3159 914 3191 per,

85 3230 145 3267 (α)
167 3229 277 3259 Ibidem
299 3229 332 3260 T.
349 3231 384 3259 11.
405 3241 431 3260 71.
449 3231 513 3265 380.

86 3270 168 3300 liam.
189 3268 232 3301 ll.

944 1947 1088 1985 tinuisse,
1113 1956 1261 1990 quantum
1286 1950 1315 1981 ei
1340 1951 1545 1983 assecuratum
1570 1957 1658 1989 erat,
1683 1950 1766 1983 unde
1786 1950 1818 1983 &-

943 1988 1012 2029 post
1037 1989 1231 2031 naufragium
1259 1991 1483 2025 assecuratores
1509 1993 1559 2030 ei,
1580 2002 1640 2033 qua
1659 1993 1818 2029 dominae,

943 2030 1164 2062 mandaverant
1178 2055 1188 2071 ,
1213 2039 1248 2063 ut
1265 2043 1312 2065 res
1330 2033 1495 2076 naufragas
1515 2033 1635 2066 servare
1656 2035 1686 2065 ὃ(
1705 2042 1817 2065 curare

945 2072 1051 2104 vellet.
1097 2073 1157 2105 Sed
1181 2074 1257 2114 quid
1280 2074 1300 2107 fi
1323 2076 1360 2106 ad
1383 2077 1478 2108 alium
1501 2075 1718 2117 pertinuissent
1739 2084 1818 2107 mer-

944 2113 1024 2145 ces?
1049 2114 1158 2160 utiquc
1176 2115 1206 2146 ὅ(
1234 2116 1262 2146 ei
1290 2116 1496 2149 assecuratum
1520 2125 1602 2155 erat,
1627 2116 1677 2149 sed
1700 2117 1731 2148 id
1754 2117 1817 2157 jam

945 2164 1101 2196 occupavr
1138 2156 1208 2196 Cap.
1240 2160 1382 2198 proximo.
1435 2157 1561 2190 Navem
1584 2168 1647 2190 non
1675 2158 1816 2199 legitime

943 2195 1037 2242 fuisse
1062 2196 1242 2230 instructam
1267 2200 1392 2238 ajebant
1422 2200 1549 2242 quidem
1576 2200 1814 2235 affecuratores,

944 2239 996 2270 led
1023 2239 1145 2279 aiebant
1171 2248 1293 2272 tantum
1315 2264 1325 2280 ,
1359 2242 1444 2274 nulla
1475 2243 1558 2273 enim
1585 2241 1616 2272 in
1640 2242 1719 2272 hanc
1748 2250 1815 2272 rem

948 2280 1120 2321 probatio,
1136 2283 1166 2314 ἀ
1189 2282 1293 2313 multo
1319 2283 1440 2320 minus,
1465 2282 1494 2314 se
1510 2290 1672 2324 propterea
1687 2291 1751 2313 non
1769 2289 1814 2312 ten

949 2321 1014 2354 neri
1037 2322 1173 2355 dominis
1195 2323 1347 2355 mercium
1369 2346 1379 2362 ,
1402 2324 1454 2364 qui
1482 2324 1592 2365 utique
1614 2333 1725 2355 navem
1750 2332 1815 2355 non

947 2362 1168 2396 instruxerant.
1220 2362 1346 2396 Navem
1376 2364 1498 2407 periisse
1531 2366 1623 2406 culpa
1653 2364 1816 2397 Navarchi

950 2413 1178 2447 nautarumque
1197 2405 1277 2437 nihil
1293 2406 1458 2448 quicquam
1486 2416 1612 2447 quoque
1630 2405 1817 2445 constabat,

951 2446 1017 2491 imo
1035 2447 1140 2487 potius
1163 2450 1375 2485 contrarium,
1402 2447 1452 2479 sed
1479 2457 1518 2479 ne
1533 2449 1572 2479 de
1594 2457 1633 2478 eo
1651 2447 1741 2479 fimus
1756 2446 1815 2478 sol-

950 2487 1051 2524 lieiti‚
1085 2497 1156 2519 nam
1179 2498 1254 2521 mox
1276 2489 1402 2525 audies,
1424 2488 1519 2520 etiam
1543 2498 1582 2520 ex
1599 2490 1692 2529 culpa
1719 2489 1815 2529 magi-

950 2527 1002 2559 str]
1018 2537 1223 2561 nautarumve
1240 2529 1463 2561 assecuratores
1477 2531 1563 2561 omni
1583 2531 1679 2562 modo
1702 2530 1814 2561 teneri.

989 2568 1086 2601 Curia
1102 2569 1204 2603 usuras
1221 2580 1285 2602 non
1301 2569 1507 2610 definiverat,
1533 2581 1607 2610 nos,
1631 2581 1671 2603 ne
1699 2571 1814 2608 deinde

946 2619 986 2656 0³.
1006 2611 1045 2642 de
1071 2620 1103 2643 re
1128 2612 1326 2652 litigaretur,
1352 2612 1502 2652 trientes,
1528 2613 1557 2644 id
1580 2612 1644 2652 est,
1669 2614 1814 2656 vulgares

945 2654 1069 2689 mutas,
1093 2652 1338 2694 adjudicavimus
1350 2676 1359 2691 ‚
1374 2654 1502 2686 minime
1516 2665 1593 2686 vero
1612 2656 1815 2692 centesimas,

949 2694 992 2725 ob
1016 2694 1142 2726 eandem
1170 2696 1327 2727 rationem
1350 2717 1360 2733 ,
1392 2704 1482 2735 quam
1508 2696 1577 2728 dixi>
1598 2698 1636 2727 aa}
1654 2696 1711 2736 fin.
1740 2698 1812 2735 Cap,

945 2743 1031 2777 prox.
1066 2736 1096 2768 δε
1128 2746 1197 2778 quae
1220 2747 1304 2769 nunc
1326 2739 1472 2770 omnibus
1495 2737 1698 2769 Senator-ibus
1726 2746 1814 2778 aeque

950 2777 1105 2819 placebat.
1146 2779 1243 2818 Apud
1261 2788 1318 2810 nos
1335 2785 1441 2810 autem
1462 2778 1571 2810 omill'a
1592 2777 1637 2809 est
1654 2778 1756 2811 damni
1777 2789 1817 2810 ε-

951 2818 1088 2850 stimatio
1101 2825 1133 2860 op
1146 2825 1183 2854 81
1195 2826 1209 2861 ὲ
1223 2827 1276 2861 pro
1295 2820 1348 2850 Ct0.
1367 2828 1438 2850 nam
1454 2821 1483 2851 &
1501 2820 1579 2850 hanc
1597 2819 1815 2860 iniquissimam

950 2860 1012 2892 effe
1031 2860 1253 2892 assecuratores
1273 2858 1499 2898 causabantur,
1520 2860 1570 2892 sed
1587 2862 1723 2892 rationes
1735 2885 1744 2896 ,
1761 2871 1818 2892 cur

951 2902 1048 2939 css'et,
1073 2902 1222 2934 nolebant
1241 2910 1450 2941 expromere,
1473 2902 1503 2933 δε
1527 2901 1596 2933 sane
1615 2901 1682 2933 fere
1699 2901 1754 2934 usu
1772 2903 1818 2942 ju-

950 2943 1107 2974 diciorum
1124 2952 1287 2983 receptum
1304 2942 1366 2977 est,
1392 2951 1426 2973 ut
1443 2953 1512 2974 reus
1524 2965 1534 2980 ‚
1556 2944 1607 2981 qui
1629 2943 1673 2975 ait
1690 2942 1720 2975 se
1740 2944 1824 2976 nibil-

951 2986 1084 3022 debere,
1107 2984 1261 3017 abstineat
1277 2994 1294 3014 a
1315 2983 1446 3015 secunda
1467 2983 1645 3016 defensione
1657 3007 1668 3023 ,
1689 2984 1719 3015 se
1734 2995 1819 3017 110111-

953 3035 991 3067 pe
1012 3033 1127 3056 mutum
1146 3036 1203 3056 mm
1222 3027 1339 3062 debere,
1363 3034 1446 3057 ratus
1458 3049 1466 3062 .
1492 3025 1548 3056 hac
1565 3025 1695 3057 iucunda
1710 3026 1818 3058 defen-

955 3068 1038 3099 lione
1055 3067 1160 3108 primae
1183 3066 1326 3098 nonnihil
1345 3066 1559 3106 praejudicari,
1581 3070 1610 3098 ὁ(
1625 3068 1677 3108 qui
1696 3067 1737 3099 sic
1753 3068 1819 3100 sen-

957 3109 1057 3146 tiunt,
1083 3117 1146 3138 non
1162 3109 1293 3140 omnino
1311 3106 1473 3138 falluntur.
1507 3108 1730 3148 Significabant
1747 3115 1825 3141 now

955 3149 1036 3181 nulli
1050 3149 1234 3187 Senatores,
1257 3148 1352 3180 etiam
1376 3148 1448 3180 ideo
1463 3149 1602 3190 iniquam
1620 3150 1716 3182 videri
1735 3151 1822 3224 ill-am

1745 3201 1780 3223 τε.
1801 3201 1824 3222 1-
1855 3210 1860 3213 -

1164 3267 1240 3301 1-11
