2008 3436
343 62 436 109 DF.
506 59 713 105 FoRo
785 51 1317 114 LEGATORUM,
1374 70 1514 109 eux.

649 202 1004 241 CAPUT

115 292 293 337 'Annotatio
315 294 360 333 ad
380 295 528 332 Ediaum
552 291 710 329 Ordinum
735 291 943 329 Generalium
960 321 971 337 ‚
1008 306 1064 340 quo
1089 296 1122 329 in
1149 293 1245 340 causa
1270 295 1364 330 civili
1392 293 1512 342 legatis

368 345 491 381 domum
515 353 687 386 revocare,
720 339 763 381 ὅ)
785 344 828 378 ad
842 343 1048 390 sententiam
1074 344 1181 380 Grotii
1210 345 1246 379 de
1272 345 1377 381 eodem
1396 347 1486 392 jure.

82 441 189 476 llustre
213 445 246 478 in
292 443 378 476 rimis
402 442 448 475 est
471 440 638 487 EdiCtum,
665 439 750 482 quod
767 440 903 474 Ordines

96 483 252 518 Foederati
298 484 371 526 elgii
390 484 624 525 propoiuerunt
641 492 670 520 9.
690 482 778 523 Sept.
806 486 896 523 1679.

36 536 103 560 non
121 535 162 559 ex
178 525 341 559 occasione
356 525 442 567 pacis
456 523 700 564 Neomagenfis,
723 531 759 555 ut
778 524 903 565 quidam

33 567 218 607 fabulatur,
237 566 288 599 sed
304 575 345 598 ex
362 565 468 604 facto,
486 565 571 607 quod
593 573 669 598 tunc
686 565 855 605 inciderat,
869 573 905 597 ut

33 618 111 642 mox
141 608 255 641 audies.
310 607 490 640 Edixerunt
516 615 622 638 autem
640 630 650 646 ,
693 615 899 639 externorum

31 651 214 691 Principum
246 649 389 691 legatos,
414 649 582 681 veniuntes
600 670 612 687 ,
641 656 823 687 morantes,
846 648 900 680 vel

32 690 245 731 transeuntes,
270 700 420 723 eorumve
443 691 576 723 comites
603 691 656 723 vel
672 690 757 722 bona
770 699 828 731 pro
848 689 899 721 de-

31 733 102 768 bito
118 732 170 764 hic
185 732 351 765 contrado
368 732 486 764 arresto
502 732 635 764 detineri
650 741 714 763 non
733 730 818 773 poffe
828 754 838 771 ,
857 731 900 765 id—

31 782 112 819 que,
130 773 204 806 dum
224 783 297 806 cum
318 773 366 806 his
384 774 600 813 contrahunt,
619 772 697 805 scire
712 773 742 806 ὃς
760 772 896 818 animad-

31 823 158 850 vertere
176 823 327 857 oportere
339 814 488 847 subditos
505 815 584 847 suos.
619 814 722 846 Verba
741 813 822 855 ipsa,
840 814 897 846 lin-

54 867 92 890 ua
106 856 274 899 Belgarum
288 857 476 896 vernacula,
500 856 678 892 exhibebo,
703 857 775 897 quia
790 855 842 887 hic
862 855 898 887 il-

47 902 78 933 ic
100 898 362 941 interpretatione
379 906 488 940 egent:
514 898 580 930 Dat
597 899 631 930 de
646 898 809 939 Peiybnen,
833 895 895 928 Do-

31 940 189 984 mestiquen
215 941 249 981 of
271 942 411 984 goederen
440 950 501 972 van
527 939 714 981 uitheengfche
745 937 898 978 Ambciffa-

31 986 118 1018 deurs
134 983 168 1024 of
181 982 354 1025 Ministers,
378 982 441 1014 hier
463 988 490 1013 te
518 982 604 1012 lande
618 981 771 1018 komencle,
796 977 897 1018 refitle-

31 1027 118 1059 rena'e
135 1025 169 1066 os
177 1023 360 1066 pafferende,
382 1025 453 1054 ende
469 1024 569 1064 eem'ge
576 1022 720 1063 schamen
737 1020 896 1052 contracte-

30 1069 143 1107 rende,
170 1075 228 1108 nog
252 1072 285 1107 op
314 1065 381 1096 bare
418 1062 581 1104 aankomste
598 1086 609 1103 ‚
645 1072 702 1105 nog
734 1063 896 1105 gedurende

30 1111 107 1143 haar
123 1107 260 1148 verblyf,
284 1116 342 1148 nog
358 1112 392 1146 op
407 1106 481 1136 haar
497 1106 614 1137 vertrek
630 1114 692 1136 van
704 1104 767 1135 hier
778 1104 896 1144 ,ficllen

30 1160 135 1194 mogen
156 1149 277 1180 werden
303 1145 514 1190 gearresteert,
535 1148 715 1189 gedetineerc
730 1146 763 1186 of
784 1155 892 1188 afflige·

31 1185 142 1225 ‘lmden
159 1199 228 1222 voor
247 1192 347 1232 eenige
356 1188 519 1230 schaldem,
540 1189 587 1219 die
597 1187 637 1229 sy
652 1188 746 1219 almer
764 1193 790 1218 te
807 1187 894 1218 lande

22 1234 134 1278 Jouden·
148 1242 251 1275 mogen
269 1232 374 1263 hebben
394 1229 644 1273 gecontrat'teert,
668 1240 704 1261 en
721 1230 772 1260 dat
789 1229 822 1260 de
839 1228 891 1261 In-

31 1275 182 1320 gesetenen
206 1275 274 1305 hare
301 1272 567 1314 onderuancielinge
602 1276 659 1302 met
690 1271 723 1302 de
748 1270 892 1311 vomschr.

29 1316 219 1358 uitbeemsche
249 1313 474 1355 Ambqffacleurs
509 1323 544 1345 en
583 1313 652 1344 hare
688 1310 894 1354 Domestiquen

27 1360 105 1393 daar
121 1368 162 1390 πα
179 1359 291 1389 konnen
308 1356 470 1399 reguleren.
517 1353 609 1387 Nihil
629 1354 673 1385 ait
690 1353 837 1386 Edictum
855 1353 894 1385 de

28 1402 62 1434 in
87 1401 135 1442 Jus
160 1399 331 1431 vocatione
358 1398 552 1438 legatorum,
576 1394 626 1427 scd
647 1404 720 1426 cum
736 1404 799 1427 non
825 1402 895 1436 agat

31 1443 71 1474 de
87 1441 221 1479 amelio,
246 1439 330 1480 quod
344 1439 382 1470 ad
399 1437 626 1479 exsequendam
644 1446 708 1472 rem
723 1437 894 1482 Judicatam

28 1483 225 1516 intervenire
248 1482 348 1520 solet,
371 1479 422 1512 sed
445 1479 483 1510 de
500 1489 560 1518 eo,
583 1488 648 1520 quo
665 1478 740 1524 lites
758 1478 893 1510 iolemus

31 1525 150 1563 ordiri,
175 1523 248 1555 satis
268 1522 494 1563 intelligimus,
517 1521 547 1552 in
561 1521 611 1561 jus
634 1527 806 1551 vocatione
823 1518 891 1550 sub-

30 1567 106 1599 ditis
129 1564 277 1598 interdici
295 1588 306 1604 ,
337 1573 407 1605 quae
430 1563 468 1595 fit
498 1562 731 1594 interveniente
756 1559 890 1601 arresto,

29 1607 116 1652 quod
138 1608 175 1639 ad
195 1616 267 1646 eos,
292 1606 343 1647 qui
367 1604 480 1637 subditi
505 1613 570 1636 non
594 1603 674 1635 sunt.
721 1604 753 1635 Si
779 1603 891 1644 legati,

31 1651 87 1693 qui
105 1649 186 1691 apud
207 1653 265 1681 nos
290 1647 449 1688 legatione
465 1644 642 1686 funguntur
657 1670 665 1682 ,
691 1645 758 1685 ipso
777 1645 845 1684 jure
860 1645 892 1677 in

32 1693 82 1724 'us
106 1690 213 1722 vocari
237 1695 402 1728 poterant,
427 1694 465 1720 ne
491 1687 617 1729 quidem
641 1685 748 1718 ari-esti
771 1687 891 1718 mentio

47 1732 135 1766 uisset
150 1729 323 1764 neceffaria.
369 1729 446 1771 Agit
471 1736 577 1761 autem
593 1728 632 1760 de
655 1728 764 1769 legatis
789 1737 892 1759 exter-

27 1784 138 1811 narum
159 1772 335 1811 Gentium,
358 1780 488 1812 cosque⁴
501 1777 597 1802 vocat
618 1769 842 1810 Ambqfflzdeurr
861 1769 894 1810 of

27 1814 202 1858 Ministers3
226 1824 263 1846 an
289 1813 327 1845 de
352 1813 498 1845 omnibus
523 1809 701 1844 indistinete
727 1811 758 1842 id
780 1821 890 1843 verum

29 1857 88 1897 fit,
110 1864 312 1899 quocumque
341 1854 438 1886 titulo
465 1853 517 1885 hic
545 1860 724 1892 morentur,
750 1852 888 1894 postmo-

28 1899 104 1931 'dum
120 1897 306 1930 videbimus.
353 1895 404 1928 De
421 1895 594 1926 comitibus
605 1919 613 1933 ‚
638 1894 829 1936 reliquisque
846 1895 888 1926 le-

27 1949 170 1984 gatorum
181 1937 378 1976 hominibus,
389 1937 442 1979 qui
454 1936 506 1968 hic
524 1934 733 1982 Domefliquen·
747 1936 889 1982 audiunt,

28 1983 122 2015 etiam
151 1980 226 2013 alias
255 1979 382 2011 dicendi
410 1979 500 2010 locus
523 1977 602 2017 erit,
626 1978 660 2009 in
686 1986 796 2018 primis
814 1985 894 2009 vero

22 2025 62 2056 :de
82 2025 180 2063 bonis,
202 2030 274 2063 quae
290 2020 454 2058 elocutio,
476 2025 513 2050 ut
531 2026 567 2050 ut
591 2019 744 2060 generalis
760 2017 815 2058 fit,
839 2028 889 2060 ge-

27 2065 176 2098 neraliter
201 2071 325 2100 tamen,
347 2071 387 2093 ex
411 2068 516 2092 mente
532 2060 708 2098 Ordinum,
729 2060 885 2101 accipien-

27 2106 68 2138 da
89 2115 153 2137 non
175 2102 239 2142 est,
261 2102 315 2136 nifi
339 2112 400 2144 ego
414 2102 541 2144 prolixe
562 2100 665 2134 fallar.
708 2100 834 2133 Deinde
854 2101 887 2133 id

27 2145 231 2189 privilegium
247 2144 358 2176 tribuit
377 2144 525 2176 Edic‘tum
549 2143 661 2185 legatis
679 2144 885 2182 veniunffibus,

29 2188 208 2220 morantibus
233 2185 269 2221 &³
291 2185 514 2226 transeuntibus.
559 2185 611 2218 De
630 2186 807 2216 morantibus
823 2194 886 2217 non

29 2228 92 2268 cst,
116 2236 152 2259 ut
168 2234 335 2267 quaeratur.
360 2226 411 2259 De
436 2228 623 2259 veniuntz'bus
649 2226 745 2267 quaeri
768 2226 889 2267 poss'et,

24 2274 66 2304 'an
90 2278 224 2310 nempe,
246 2268 268 2300 fi
289 2268 371 2308 apud
386 2277 477 2307 eum,
499 2267 537 2299 ad
551 2277 644 2309 quem
657 2268 819 2309 legantur,
843 2277 890 2300 re-

25 2311 110 2352 cepti
134 2311 274 2343 nondum
299 2310 358 2342 sint
387 2318 445 2350 pro
469 2309 604 2350 legatis,
624 2309 693 2349 jure
712 2309 888 2350 legatorum

22 2351 74 2388 {uti
99 2351 232 2393 poffint3
254 2360 295 2382 ex
318 2350 404 2383 fasto
444 2351 537 2383 endet
556 2350 622 2382 haec
636 2350 786 2392 quaestio,
808 2351 888 2383 mul-

27 2399 157 2435 tumque
179 2393 212 2425 in
229 2401 264 2423 ea
280 2392 366 2424 valet
385 2401 417 2423 ar
441 2392 569 2424 itrium:
592 2401 662 2423 nam
677 2391 700 2424 fi
719 2392 776 2423 vix
793 2392 887 2424 adve-

23 2432 75 2469 'nit
93 2435 230 2476 legatus,
255 2433 357 2474 palam
373 2432 418 2465 est
429 2446 442 2471 ,-
467 2434 497 2466 &
515 2439 682 2474 antequam
700 2433 886 2474 recipiatur,

25 2476 229 2518 ignoscatur,
254 2484 312 2516 pro
332 2475 438 2516 legato
456 2474 641 2506 habendum.
687 2473 809 2506 Contra
825 2498 835 2514 ,
865 2474 887 2506 fi

24 2517 142 2551 diutius
163 2516 282 2558 egerit,
306 2525 406 2557 neque
429 2516 525 2547 etiam
548 2523 584 2547 ut
604 2515 745 2556 legatus,
770 2515 826 2548 etii
843 2515 887 2548 le-

21 2556 113 2602 gatio
135 2558 165 2590 ei
193 2558 335 2590 mandata
356 2557 411 2597 lit,
436 2557 597 2589 difficilius
620 2557 680 2588 erit
704 2557 736 2588 id
760 2557 886 2596 dicere,

24 2605 98 2639 nam
125 2598 251 2640 poffunt
273 2599 302 2630 ὅ(
330 2598 446 2639 privati
464 2597 525 2630 esse
542 2603 746 2636 externorum
765 2598 884 2631 Princi-

24 2649 99 2683 pum
124 2642 353 2681 procuratores.
396 2640 453 2672 Ait
480 2640 703 2680 trmy'ezmrihus.
747 2640 886 2681 Benigna

27 2681 184 2715 Ordinum
205 2689 276 2721 erga
304 2680 422 2721 legatos
437 2681 606 2720 volunta33
629 2682 729 2722 vulgo
742 2681 885 2722 alioquin

26 2723 90 2756 dici
104 2720 204 2759 solet,
219 2721 267 2760 jus
285 2721 450 2762 legationis
466 2732 531 2754 non
547 2723 653 2755 valere
674 2722 731 2754 nifi
755 2722 836 2754 inter
852 2733 885 2754 u-

29 2767 175 2805 trumque
191 2762 392 2803 Principem,
416 2763 469 2804 qui
495 2764 597 2796 mittit
621 2764 742 2806 legatos
758 2788 767 2804 ,
794 2764 824 2796 δε
847 2764 885 2796 ad

22 2809 121 2847 'quem
146 2802 224 2835 tniffi
249 2801 340 2842 sunt,
362 2811 475 2835 caetera
501 2805 645 2846 privatos
662 2805 734 2837 effe.
779 2805 884 2847 Atque

21 2848 62 2880 sm
81 2846 204 2878 ratione
232 2842 302 2876 sunt
321 2867 331 2883 ‚
362 2844 415 2884 qui
437 2844 641 2884 defendunt,
667 2846 818 2879 Carolum
843 2847 883 2879 V.

25 2887 136 2928 ntique
159 2886 207 2926 jus
230 2885 398 2917 levationis
425 2891 491 2917 non·
513 2887 644 2919 violasse
662 2910 674 2927 ,
703 2898 777 2920 cum
803 2888 883 2920 duos

22 2926 182 2961 Francisci
198 2926 222 2958 I.
243 2911 385 2958 ffianciae
402 2925 520 2967 Regis,
542 2927 681 2969 legatos,
727 2940 760 2961 er
775 2929 882 2962 Duca-

21 2969 93 3008 jizum
110 2966 381 3000 Mediolanensem
399 2965 607 3007 transeuntes,
625 2972 695 3002 occi
721 2972 729 3003 i
749 2971 880 3012 jusserit.

23 3009 214 3044 Probrosum
239 3009 271 3040 id
296 3008 415 3041 Carolo
437 3007 531 3040 fuiffe
557 3008 666 3042 scribit
683 3011 824 3045 Gentilis
848 3014 882 3044 de

23 3049 188 3094 Zegation.
213 3049 284 3082 Lib.
306 3049 344 3082 11.
373 3050 406 3081 C.
427 3059 457 3091 3.
478 3048 532 3081 fed
549 3050 610 3082 alia
631 3053 761 3093 quaestio
781 3053 827 3086 cst
844 3054 883 3086 de

24 3092 93 3132 J'ure
121 3090 306 3132 legationis,
331 3091 390 3123 alia
413 3092 453 3123 de
473 3090 540 3131 jure
564 3091 754 3133 honestatis,
776 3105 882 3137 quam-

26 3137 120 3174 quam
137 3141 200 3163 non
218 3132 312 3164 etiam
329 3131 446 3171 desint,
471 3131 523 3173 qui
538 3141 653 3174 negant
670 3135 702 3166 id
720 3135 838 3168 sciente
855 3137 884 3169 ὅ(

25 3171 179 3215 annuente
196 3172 314 3205 Carolo
333 3173 461 3207 fastum.
507 3172 661 3220 Quinimo
679 3176 734 3217 ipfi
754 3177 803 3209 illi
822 3178 883 3210 Or-

1753 87 1823 123 159

1101 206 1188 242 IX.

1534 297 1737 345 permittitur

946 442 1035 475 dines
1050 442 1208 475 Foederati
1224 443 1345 485 Belgii,
1368 444 1421 485 qui
1438 439 1490 476 hic
1509 444 1540 476 in
1558 445 1649 477 causa
1666 447 1755 479 civili
1776 449 1815 480 le-

946 492 1037 526 gatos
1066 491 1262 517 transcuntes
1290 486 1328 516 ab
1349 485 1467 518 arresto
1495 485 1649 519 immunes
1668 489 1817 524 videntur

945 526 1176 572 pronunciare,
1195 526 1317 558 Sueciae
1336 527 1473 560 leuatum
1492 527 1525 560 in
1541 527 1631 560 causa
1647 529 1818 571 criminali,

944 577 978 599 m
992 567 1123 609 gratiam
1136 567 1292 609 Principis
1309 551 1465 601 FoeEerati
1477 593 1487 609 ,
1517 569 1549 600 in
1564 568 1694 602 Geldria
1705 594 1716 609 ,
1733 571 1815 604 haud

944 608 986 640 ita
1004 608 1124 650 pridem
1145 609 1371 649 detinuerunt,
1396 620 1460 643 non
1479 610 1538 642 alia
1555 611 1699 651 ratione,
1722 621 1816 653 quam

943 650 1028 691 quod
1047 650 1217 682 codicillos
1230 649 1301 682 suos
1320 651 1374 683 fibi
1390 661 1453 685 non
1470 652 1666 686 exhibuerat.
1711 653 1754 685 Et
1771 655 1814 686 sa-

943 701 983 724 ne
1007 691 1173 733 privilegia
1201 691 1379 733 legatorum
1406 703 1467 726 non
1491 694 1597 725 valere
1615 717 1625 732 ,
1649 694 1704 727 nisi
1731 696 1815 737 apud.

943 742 1014 764 eum
1027 755 1038 771 ,
1061 732 1097 764 ad
1114 743 1207 774 quem
1225 733 1302 765 miffi
1322 733 1411 774 suut,-
1437 735 1520 767 rectc
1539 734 1683 769 defendit
1702 736 1815 770 Genti-

943 774 983 807 lis
999 775 1032 805 de
1053 774 1213 817 Legation.
1239 775 1311 807 Lib.
1336 775 1374 808 ΙΙ.
1402 776 1433 808 C.
1451 787 1481 818 3.
1506 777 1536 808 δε
1551 786 1593 809 ex
1614 787 1674 818 cO,
1699 779 1812 812 iisdem

941 815 1096 857 exemplis
1113 816 1233 855 allatis,
1258 815 1393 850 Grotius
1409 820 1442 850 de
1464 817 1541 859 Jure
1561 819 1597 851 B.
1622 819 1657 854 &³
1675 820 1711 851 P.
1738 820 1812 853 Lib.

940 856 979 889 Il.
1007 858 1038 888 C.
1057 861 1105 892 18.
1129 856 1199 898 §.52
1233 858 1262 889 δε
1279 858 1536 892 itaReccntiorcs
1558 861 1721 902 plerique,
1745 862 1810 894 vid.

942 897 1128 932 Zoucheum
1146 898 1234 931 Part.
1252 898 1292 931 ΙΙ.
1311 899 1386 932 Se&
1406 911 1436 942 4.
1461 910 1492 932 n.
1516 906 1563 936 18.
1588 902 1755 935 Huberum
1771 904 1812 935 de

943 940 1016 981 Jur.
1056 939 1149 971 civit.
1183 940 1253 972 Lib.
1286 939 1341 973 ΙΙΙ.
1379 942 1453 974 δἐεἶ.
1479 952 1508 982 4.
1538 944 1570 974 C.
1593 953 1622 981 9.
1649 955 1678 976 n.
1704 955 1755 977 ρο.
1779 945 1812 977 &

942 980 1221 1022 Wicquefortium
1249 982 1344 1014 variis
1368 983 1474 1022 locis;
1499 984 1705 1026 Antiquiores
1725 987 1813 1019 enirn

941 1023 1039 1062 magis
1064 1030 1176 1054 contra
1194 1023 1307 1054 sentire
1323 1023 1471 1056 videntur
1486 1025 1567 1065 apud
1587 1027 1811 1060 Bai-[acilinum

941 1064 973 1095 in
984 1064 1137 1104 Repertor.
1148 1063 1191 1096 V.
1211 1063 1405 1103 Ambafiator.
1421 1066 1450 1098 δε
1461 1066 1666 1107 Antiquiores
1684 1067 1810 1102 secutus

940 1105 1067 1138 videtur
1087 1104 1280 1137 Kirchnerus
1308 1107 1340 1138 in
1359 1107 1476 1149 Legazo
1497 1107 1570 1140 Lib.
1594 1108 1635 1141 ΙΙ.
1663 1109 1696 1141 C.
1724 1118 1750 1141 1.
1775 1121 1807 1143 n.

942 1151 1067 1181 1—-28-
1088 1146 1147 1179 Sed
1164 1147 1237 1188 quia
1251 1147 1305 1179 illa
1321 1148 1488 1190 privilegia
1506 1149 1684 1182 voluntatis
1701 1152 1809 1184 tacitae

938 1188 1010 1221 sunt
1029 1187 1100 1230 post
1118 1187 1281 1220 admiffum
1289 1189 1445 1231 legatum,
1458 1192 1486 1223 ὅ(
1499 1190 1636 1232 legatum
1646 1193 1741 1224 etiam
1762 1203 1810 1224 re-

936 1230 1055 1272 pellere
1074 1230 1169 1270 licet,
1187 1239 1290 1272 neque
1308 1231 1518 1273 legatiointer
1527 1232 1628 1273 alios,
1647 1243 1738 1275 quam
1755 1235 1810 1276 qui

936 1271 1062 1312 inifit,&
1073 1272 1111 1303 ad
1120 1281 1212 1312 quem
1225 1272 1535 1313 mittitu1·,versatur,
1548 1274 1627 1306 haud
1641 1276 1737 1308 dubie
1748 1277 1809 1309 Re-

936 1314 1113 1346 centiorum
1131 1313 1284 1346 sententia
1297 1324 1371 1346 vera
1389 1314 1445 1348 est.
1469 1316 1512 1348 Et
1526 1314 1696 1350 secundum
1714 1318 1809 1357 hanc,

938 1356 1024 1397 quod
1047 1355 1193 1387 Edictum
1219 1355 1263 1387 ait
1285 1356 1324 1387 de
1340 1356 1451 1398 legatis
1468 1356 1654 1398 pafferende,
1678 1369 1742 1392 non
1760 1361 1807 1392 in-

939 1404 1097 1438 terpretor
1113 1397 1152 1428 de
1169 1397 1279 1438 legatis
1296 1401 1531 1439 transeuntibus,
1557 1398 1609 1432 sed
1624 1403 1807 1440 abeuntibus,

937 1439 1030 1479 idque
1059 1438 1179 1470 indicat
1203 1439 1283 1471 ordo
1305 1439 1495 1481 verborum,
1521 1441 1679 1483 komende,
1703 1443 1806 1482 reficie-

936 1482 1046 1518 remle,
1063 1479 1251 1553 pcsserende,
1275 1488 1311 1512 ut
1341 1481 1371 1513 δε
1393 1482 1445 1523 qui
1473 1492 1550 1514 mox
1575 1483 1716 1525 sequitur
1731 1507 1742 1524 ,
1771 1485 1805 1518 in

936 1521 1065 1553 candem
1107 1523 1279 1555 ententiam
1306 1532 1364 1566 uog
1388 1530 1421 1565 op
1447 1525 1522 1556 haar
1537 1525 1722 1567 aankomste,
1744 1537 1804 1569 mog

934 1565 1096 1606 gedmende
1118 1564 1192 1595 haar
1212 1564 1350 1605 verbiff,
1372 1575 1430 1608 mog
1453 1572 1486 1607 op
1512 1567 1586 1599 haar
1603 1570 1719 1601 verti-ek
1739 1579 1803 1600 van

934 1608 1006 1638 hier.
1053 1605 1159 1647 Atque
1182 1605 1227 1637 ita
1253 1606 1400 1638 Edictum
1417 1608 1574 1640 duntaxat
1589 1610 1650 1642 erit
1665 1610 1704 1642 de
1720 1611 1804 1651 lega-

936 1648 978 1679 tis
994 1672 1004 1688 ‚
1037 1647 1090 1688 qui
1120 1647 1174 1678 hic
1199 1647 1390 1689 legationem
1416 1649 1514 1682 attur-i
1548 1649 1619 1682 sunt
1636 1675 1645 1690 ,
1677 1661 1710 1683 re
1737 1651 1803 1692 ipsa

934 1696 1030 1731 agunt
1046 1710 1058 1727 ,
1090 1696 1143 1719 aut
1176 1697 1308 1730 egerunt
1323 1712 1334 1728 ,
1366 1699 1426 1722 nec
1459 1692 1625 1733 quicquam
1649 1694 1804 1735 pugnabit:

934 1740 1006 1777 cum
1023 1730 1139 1761 veriori
1154 1729 1328 1769 sententia,
1344 1741 1444 1773 ¹quam
1462 1732 1533 1765 usus
1547 1733 1742 1775 Populorum
1758 1745 1805 1767 re-

934 1782 971 1804 ce
994 1780 1029 1804 it.

942 1853 944 1855 v
972 1782 1033 1845 1jsslit
1046 1821 1196 1856 praeterea
1213 1814 1244 1846 id
1254 1814 1400 1847 Edictum
1408 1839 1421 1855 ,
1433 1822 1488 1858 pro
1506 1817 1622 1856 debito,
1641 1817 1721 1850 HIC
1736 1828 1801 1850 corz-

934 1854 1045 1896 mero,
1070 1857 1133 1888 hier
1153 1862 1179 1888 te
1199 1856 1285 1888 lande
1296 1880 1308 1896 ,
1333 1866 1371 1889 an
1391 1867 1467 1900 ergo
1484 1867 1543 1900 pro
1560 1868 1619 1896 eo,
1642 1860 1728 1900 quod
1745 1861 1801 1893 ali-

933 1897 965 1928 bi
986 1897 1108 1938 legatus
1133 1898 1317 1936 contraxit,
1342 1898 1484 1937 detineri
1502 1899 1649 1941 poterit?
1673 1901 1715 1933 fic
1730 1911 1803 1933 ver-

933 1937 972 1969 ba
1000 1948 1035 1970 ea
1060 1939 1208 1973 videntur
1234 1939 1318 1971 velle
1336 1962 1348 1979 ,
1380 1939 1432 1972 sed
1455 1940 1644 1981 dicendum,
1666 1944 1805 1984 proposi-

935 1986 1003 2010 tum
1018 1980 1293 2021 effewidAEdiftum
1310 1989 1351 2013 ex
1366 1980 1453 2014 facto
1463 2006 1474 2023 ,
1500 1992 1573 2015 cum
1593 1983 1690 2016 Curia
1707 1984 1801 2019 Holl.

934 2020 1102 2053 secundum
1120 2031 1187 2053 eam
1203 2021 1505 2064 Jurisprudentiam,
1524 2034 1616 2065 quarn
1633 2025 1724 2067 supra
1735 2036 1803 2059 nar-

928 2063 1014 2102 ravi,
1039 2063 1069 2095 &
1088 2062 1167 2104 saepe
1186 2062 1231 2094 est
1254 2064 1334 2100 tuita
1344 2086 1357 2104 ,
1377 2063 1604 2106 supellectilem
1622 2067 1654 2099 ἃ.
1670 2066 1805 2101 sarcinas

929 2102 1024 2145 legati
1058 2104 1154 2150 Regis
1196 2103 1309 2136 Daniae
1347 2104 1476 2145 arresto
1500 2107 1575 2140 hinc
1616 2109 1799 2143 inclufiffet.

931 2144 1028 2187 Quod
1053 2148 1176 2178 caulam
1203 2145 1320 2178 dediss'e
1342 2147 1459 2180 Edicto
1486 2158 1680 2182 memoratur
1702 2152 1735 2182 in
1763 2153 1801 2183 de

933 2187 1143 2229 Hollandz'sche
1169 2187 1304 2221 Mercur.
1335 2189 1373 2220 ad
1399 2189 1528 2223 Annum
1555 2194 1644 2232 1679.
1666 2198 1697 2233 p.
1725 2200 1799 2234 278.

934 2229 983 2261 Ad
999 2228 1068 2260 haec
1084 2228 1147 2261 dici
1166 2228 1288 2270 posset,
1310 2229 1373 2262 effe
1392 2230 1425 2263 id
1440 2231 1587 2266 Edictum
1605 2242 1801 2274 conceptum

931 2271 970 2302 de
992 2269 1065 2302 casu
1089 2271 1188 2312 magis
1210 2270 1329 2310 dubio,
1352 2281 1389 2304 ac
1409 2272 1443 2310 fi,
1459 2280 1583 2305 certum
1603 2274 1678 2306 satis
1703 2274 1800 2315 effer,

930 2322 989 2354 pro
1006 2311 1135 2351 debito,
1160 2311 1247 2354 quod
1267 2313 1391 2354 legatus
1414 2321 1487 2350 ante
1510 2314 1701 2357 legationem
1723 2326 1800 2348 con-

931 2353 1049 2393 traxit,
1063 2353 1116 2385 hie
1136 2353 1302 2386 conveniri
1319 2355 1372 2386 vel
1384 2355 1518 2388 detineri
1535 2366 1599 2389 non
1619 2357 1714 2397 poffc.
1733 2357 1800 2389 Ex-

930 2394 990 2427 stat
1017 2395 1113 2437 etiam
1149 2393 1281 2436 epistola
1310 2395 1492 2433 Hollandi‘ae
1527 2397 1682 2429 Ordinum
1705 2399 1799 2432 Anno

935 2439 1025 2477 1642.
1054 2440 1103 2471 18.
1136 2435 1202 2476 Jan.
1225 2436 1263 2467 ad
1287 2435 1416 2468 Curiam
1442 2436 1628 2473 Hollandiae
1658 2438 1774 2482 scripta
1784 2450 1801 2478 ,·

931 2487 970 2509 ne
996 2487 1031 2509 ea
1057 2477 1157 2509 vellet
1182 2476 1313 2516 Provifie
1342 2488 1404 2510 van
1428 2476 1554 2519 Justitz‘e
1575 2480 1731 2513 verleenen
1751 2483 1796 2524 je-

929 2529 1001 2562 gens
1024 2516 1181 2559 Ilffim‘fiers
1208 2528 1270 2550 van
1287 2518 1440 2558 Princen,
1463 2521 1526 2552 hier
1546 2526 1572 2552 te
1590 2521 1676 2554 lancie
1693 2522 1796 2562 reficie-

927 2561 1035 2599 rende,
1061 2565 1109 2591 ten
1127 2559 1247 2598 aanfien
1264 2569 1326 2591 van
1334 2560 1497 2602 schaldem,
1520 2562 1619 2594 huit-en
1643 2564 1703 2606 dese
1722 2565 1796 2597 Pro-

924 2602 1026 2639 ,vincie
1041 2608 1099 2632 met
1116 2602 1258 2633 vrienden
1282 2603 1429 2644 gemaalzt.
1477 2603 1705 2645 Argumentum
1728 2607 1794 2647 ejus

927 2641 1069 2683 epistolae
1086 2642 1218 2675 exhibet
1232 2643 1439 2684 Repertorium
1457 2645 1550 2678 Carice
1565 2645 1649 2678 Han.
1670 2654 1701 2688 p.
1723 2657 1792 2685 192—

929 2683 964 2716 B.
998 2684 1133 2716 Ordines
1167 2683 1350 2724 Hollandiae
1376 2693 1453 2718 tunc
1476 2686 1663 2719 videbantur
1692 2689 1795 2720 adhuc

927 2725 974 2757 uti
1001 2724 1202 2758 distinctione
1229 2725 1311 2767 Juris
1333 2726 1487 2767 Romani,
1512 2727 1565 2760 sed
1592 2738 1677 2760 nunc
1701 2737 1794 2762 utun—

927 2775 978 2798 tur
1001 2766 1075 2807 Jure
1100 2766 1276 2806 Gentium,
1344 2766 1466 2809 stquam
1481 2769 1526 2800 ita
1542 2769 1714 2802 edixerunt
1731 2771 1792 2803 Or-

925 2807 1013 2840 dines
1038 2806 1210 2841 Generales
1233 2808 1262 2840 d.
1318 2818 1383 2841 nno
1413 2813 1503 2849 1679.
1528 2810 1558 2842 δε
1574 2810 1739 2851 postquam
1758 2812 1794 2843 ii-

924 2849 997 2881 dem
1014 2848 1149 2882 Ordines
1175 2859 1223 2888 19.
1247 2848 1316 2890 Jun.
1346 2854 1437 2885 1681.
1463 2850 1536 2885 satis
1561 2852 1793 2892 fignificarunt,

926 2899 1075 2923 externos
1091 2891 1231 2932 legatos,
1247 2889 1371 2923 ratione
1381 2891 1445 2923 fori
1457 2891 1627 2930 ,subditos
1641 2903 1705 2925 non
1718 2893 1792 2932 effe,

922 2932 1023 3006 {lest
1040 2932 1073 2965 in
1092 2932 1159 2973 ejus
1175 2930 1240 2964 diei
1258 2931 1422 2971 Decreto,
1445 2933 1530 2973 quod
1546 2933 1740 2975 interpretor
1757 2936 1790 2968 C.

968 3015 1054 3059 Quia
1077 3024 1156 3047 vero
1178 3015 1210 3053 id
1232 3015 1379 3047 Edictum
1401 3024 1432 3052 9.
1463 3015 1554 3056 Sept.
1585 3019 1675 3058 1679.
1711 3017 1792 3050 haud

925 3058 1064 3089 multum
1081 3056 1202 3088 recedit
1217 3067 1234 3088 a
1252 3056 1408 3088 sententia
1421 3054 1550 3094 Grotii,
1574 3067 1667 3099 quarn
1689 3060 1790 3101 Capite

921 3100 1057 3139 proxime
1080 3097 1300 3138 repraesentavi
1312 3120 1324 3136 ,
1345 3097 1385 3128 de
1411 3106 1447 3128 ea
1461 3098 1557 3131 etiam
1575 3100 1721 3132 nonnihil
1738 3101 1790 3133 ad-

927 3139 1043 3170 damus.
1068 3138 1124 3170 Ait
1145 3138 1218 3177 ille,
1229 3139 1321 3179 legati
1338 3140 1411 3170 bona
1427 3140 1546 3171 mobilia
1564 3141 1705 3183 pignoris
1721 3152 1792 3174 cau-

926 3179 1038 3218 sa,aut
1055 3180 1092 3212 ad
1110 3178 1303 3218 solutionem
1320 3179 1420 3225 debiti
1440 3180 1509 3222 capi
1524 3190 1589 3215 non
1605 3181 1711 3224 posse,
1723 3184 1799 3227 quia⁵

1726 3231 1795 3257 naee
