2008 3436
163 91 454 155 Q‘Uffis‘r.
506 100 731 152 JtJRIS
781 92 1140 150 PRiVAT1‚
1191 104 1641 154 manentem.

46 192 140 232 longe
164 192 296 225 excedat
318 193 349 224 id
373 192 458 234 quod
481 190 629 226 interest.
662 192 692 223 Gt
718 190 791 223 inde
811 191 915 224 valere

44 236 296 276 stipulationem,
321 243 355 265 ut
367 259 376 274 ,
402 234 421 266 si
434 244 533 266 canon
545 233 599 266 suo
609 233 660 265 die
677 242 741 264 non
752 232 913 273 solvatur,

45 276 253 319 emphytcniis
269 276 305 307 ad
324 276 484 308 dominum
502 275 618 308 redeat.
665 274 708 306 Et
729 273 815 313 sane,
841 276 914 315 quia

44 321 173 360 exiguus
187 318 255 350 fere
271 328 372 349 canon
393 316 555 360 praestatur
565 325 623 358 pro
638 315 801 357 agnitione
811 316 912 348 domi-

44 362 108 399 nii,
130 361 262 392 rationis
279 359 343 397 est,
367 369 405 391 ne
431 359 574 391 dominus
597 357 663 389 ullo
687 357 779 399 patro
804 366 912 389 conte-

45 410 179 435 mnatur.
226 401 286 432 Sed
315 401 486 432 movebant
509 399 676 437 nonnulli,
710 408 769 430 nec
788 399 842 431 abs
861 409 912 445 re,

45 445 97 477 hic
117 443 243 484 quidem
256 467 264 482 ‚
289 442 310 475 si
333 451 448 474 nomen
465 440 601 482 speeies,
633 440 851 482 emphyteusin
870 443 914 473 ei-

46 485 98 524 se,
120 494 228 516 revera
245 491 349 516 autem
367 483 428 514 effe
448 482 641 514 locationem
650 481 912 522 conductionem,

43 528 76 560 in
92 535 278 568 perpetuum
303 524 495 557 contractam
509 547 519 563 ,
550 523 623 565 quia
648 533 768 555 annuus
790 533 913 562 canon,

45 569 98 610 qui
124 567 176 599 hic
205 566 406 604 solvebatur,
428 575 491 597 non
521 573 644 596 tantum
673 565 834 606 aequabat‚
861 564 912 597 scd

45 611 75 642 ὃ(
92 608 252 650 superabat
269 617 405 639 annuum
420 607 553 638 reditum
569 606 698 639 illorum
716 606 848 639 collium
859 607 912 645 ,&

43 651 85 684 fic
102 649 262 683 servandas
278 649 340 681 csse
357 649 478 690 regulas
501 648 668 680 locationis
689 647 912 681 conductionis

43 692 136 734 (ii).
181 690 278 734 Quod
304 690 326 723 si
347 690 402 729 sit,
434 689 551 722 cess'are
575 689 737 722 Clausulas
753 690 913 731 poenales,

42 734 95 766 ubi
115 732 211 764 cessat
228 733 257 764 id
278 732 361 772 quod
379 731 531 770 interest,
555 741 657 772 neque
674 732 758 763 enim
780 731 812 763 in
826 731 911 763 loca-

43 776 132 808 tione
153 774 365 807 conduttione
382 774 478 806 licere
493 773 653 814 duplicem
667 773 843 805 mercedem
859 771 913 804 sti-

44 817 165 858 pulari,
188 816 209 848 fi
228 825 348 848 merces
360 840 369 853 ‚
391 814 431 846 de
450 825 511 856 qua
527 815 699 854 convenit,
725 813 780 846 suo
798 814 849 845 die
864 812 912 845 so-

42 860 107 892 luta
124 868 188 890 non
208 857 256 890 sit.
301 856 521 889 Afferebantur
545 857 576 889 &
593 856 663 888 duae
688 856 756 888 aliae
774 856 914 887 rationes

42 910 103 942 pro
121 900 259 938 Maevia3
283 899 399 937 altera,
421 899 506 940 quod
523 897 715 930 econtrastu
725 897 913 938 emphyteu-

43 943 111 974 tico
139 951 204 974 non
230 939 406 979 constaret,
437 939 598 971 commissa
628 938 779 970 trimestri
803 947 914 977 mora,

44 984 238 1022 venditoris,
263 992 301 1014 an
319 982 471 1023 emptoris
489 981 567 1013 ess‘et
581 980 771 1012 denunciare
789 980 914 1011 transsa-

45 1033 108 1057 tam
127 1024 189 1056 esi'e
213 1023 449 1065 emphyteusin,
473 1023 540 1063 ejus
558 1022 685 1063 quidem
708 1020 771 1052 effe
795 1021 912 1053 denun-

43 1067 127 1099 ciare
138 1091 147 1106 ,
173 1067 262 1107 cujus
276 1065 321 1097 est
338 1063 459 1096 solvere
470 1072 643 1101 canonem,
667 1071 706 1094 cx
722 1062 914 1104 negligentia

43 1109 183 1140 debitum
196 1129 206 1145 ,
239 1106 291 1138 sed
311 1107 350 1138 de
369 1115 408 1137 eo
426 1105 506 1136 nihil
529 1113 657 1146 quoque
676 1110 805 1135 cautum
828 1102 910 1142 esse3

42 1151 137 1182 altera
152 1149 235 1180 ratio
252 1156 336 1186 erat,
362 1147 448 1188 quod
465 1146 597 1179 Maeviae
618 1145 699 1178 nihil
723 1144 826 1186 culpae
854 1144 911 1177 im-

42 1191 144 1233 putari
160 1189 279 1231 posset,
303 1198 373 1221 nam
387 1189 525 1230 ignaram
543 1186 637 1219 fuiffe
652 1187 833 1219 contractus
845 1195 911 1218 em·

43 1232 219 1274 phyteutici'
242 1232 272 1264 ἃ
289 1241 344 1273 pei·
362 1230 507 1271 nuptias,
531 1238 599 1260 tum
622 1227 709 1261 forte
734 1227 913 1260 contractas

43 1283 106 1306 non
126 1273 286 1306 excuffiffe
306 1272 436 1312 antiqua
448 1278 662 1303 monumenta.
693 1269 737 1302 At
753 1269 913 1310 plerisque

42 1314 234 1354 visum'est‚
269 1322 412 1346 neutram
432 1313 589 1345 rationem
613 1311 744 1344 Maeviae
769 1310 913 1352 prodesse

42 1356 130 1399 posse
143 1380 152 1396 ‚
177 1366 240 1388 non
256 1356 386 1398 primam
395 1377 407 1394 ,
430 1356 503 1396 quia
515 1363 616 1386 canon
624 1353 695 1394 ‚qui
710 1351 844 1384 solvitur
856 1362 914 1394 pro

43 1398 189 1430 translata
206 1396 402 1439 emphyteusi
413 1420 423 1435 ‚
449 1396 581 1428 solvitur
598 1396 630 1427 in
646 1394 841 1436 agnitionem
857 1394 913 1425 do-

41 1440 151 1479 minii,
177 1449 271 1480 atque
286 1439 363 1470 adeo
378 1438 445 1478 ejus
458 1437 648 1471 solutionem
659 1434 841 1469 incumbere
855 1445 914 1467 no-

42 1491 87 1513 vo
105 1481 340 1523 emphyteutae3
365 1489 430 1511 non
442 1478 607 1511 secundam
618 1502 627 1518 ‚
641 1478 714 1520 quia
730 1477 763 1509 in
778 1477 913 1519 emptio-

41 1533 82 1556 ne
97 1523 284 1556 venditione
305 1521 417 1554 relatio
438 1520 540 1553 fuerat
555 1519 638 1552 facta
655 1520 694 1552 ad
714 1519 913 1552 contractum

41 1564 335 1607 emphyteuticum,
360 1563 515 1595 Maevi'am
539 1562 636 1603 igitur
652 1560 789 1603 potuiss'e
806 1561 837 1593 δε
858 1560 910 1592 de-

41 1606 142 1639 buiffe
158 1615 231 1638 eum
248 1605 400 1646 inspicere
412 1627 422 1643 ,
436 1605 476 1637 ⁴&
499 1604 541 1637 fic
554 1603 610 1636 sibi
629 1612 646 1634 a
669 1612 763 1645 poena
786 1611 908 1635 cavere.

42 1648 195 1694 Quinque
209 1647 376 1680 Senatores
398 1647 535 1687 primum
551 1644 780 1686 respondebant
795 1653 855 1685 pro
874 1643 910 1677 fi-

40 1690 180 1722 duciaria
209 1688 443 1730 adjtidicatione
462 1688 548 1720 illius
573 1689 723 1725 canonis,
745 1695 788 1718 ex
810 1686 910 1728 negli-

40 1731 147 1774 gentia
162 1730 283 1769 debiti,
306 1737 442 1771 quatuor
457 1730 512 1762 alii
533 1729 671 1770 (novem
689 1728 774 1761 enim
794 1728 909 1760 intere-

39 1774 111 1805 'rant
121 1772 289 1813 Judicio:)
311 1771 387 1812 quia
402 1770 612 1814 emphyteusis
625 1769 912 1811 degeneraveratin

37 1814 237 1847 locationem
255 1812 516 1853 conductionem,
541 1812 595 1843 vel
618 1812 710 1853 quia,
735 1811 758 1844 fi
775 1812 826 1844 vel
846 1821 912 1844 non

39 1855 251 1897 degenerasset
266 1879 276 1894 ,
307 1854 350 1886 ob
372 1855 620 1895 magnitudinem
646 1854 779 1886 canonis
802 1853 911 1885 eadem

40 1897 94 1929 hic
114 1896 191 1928 esset
210 1898 314 1935 ratio,
333 1895 495 1928 malebant
509 1897 598 1929 litem
617 1894 657 1926 de
668 1904 733 1926 uno
743 1895 802 1927 illo
818 1904 911 1927 cano-

39 1948 79 1971 ne
93 1938 258 1981 principali
281 1937 403 1979 judicio
422 1938 534 1980 agitari
558 1936 641 1978 apud
662 1933 833 1976 Senatum,
857 1935 911 1970 cui

660 2019 1025 2067 eAPUT

1749 130 1791 165 δὴ
1802 113 1815 154 ἰ

959 193 1138 233 sententiat,
1162 203 1237 241 cum
1257 204 1297 228 ex
1313 197 1449 238 quinque
1467 201 1669 238 Senator-ibus
1687 205 1750 238 duo
1762 206 1821 244 ,oli

958 234 1089 267 eandem
1110 244 1286 277 rationein,
1310 239 1522 282 accessissent,
1548 246 1590 276 ita
1601 248 1764 280 decretum
1778 254 1822 279 eit

958 285 1009 317 2?-
1034 275 1114 308 Dec.
1135 287 1235 323 ι1734.
1258 280 1349 322 (12).

999 318 1034 350 In
1047 318 1206 351 locatione
1216 323 1279 361 agi-i
1298 331 1491 356 convenerat
1501 333 1556 363 ,ut
1567 328 1697 361 colonus
1713 340 1821 363 aarum

957 360 1056 411 probe
1079 360 1163 392 recte
1181 362 1322 409 coleret,
1347 365 1529 408 praescrIpta
1551 368 1681 400 culturae
1701 356 1822 410 sossma,

958 404 1043 448 &ne
1055 410 1124 434 eum
1150 402 1239 435 alteri
1258 405 1454 447 sublocaret,
1479 408 1521 440 fin
1542 417 1667 447 autem,
1692 413 1823 444 colonus

957 443 1115 484 duplicem
1131 446 1307 479 mci-cedem
1324 447 1478 489 solveret,
1489 450 1519 482 &
1534 449 1622 482 simul
1638 453 1822 484 conductio-

957 495 996 517 ne
1013 485 1157 531 cadeiet,
1178 486 1198 518 si
1215 488 1259 519 ita
1277 489 1408 522 domino
1430 492 1600 524 videretur.
1648 492 1755 538 Quum
1773 493 1820 525 su-

955 536 1010 568 per
1026 535 1065 557 eo
1085 526 1295 577 instrumento
1312 531 1530 573 imploraretur
1546 533 1725 566 voluntaria
1748 544 1822 566 con-

955 569 1114 614 demnatio
1140 570 1290 610 benatus,
1309 574 1473 614 quaesitum
1491 574 1536 606 cst
1550 599 1559 612 ,
1595 585 1632 607 an
1655 576 1823 608 decernen-

955 610 994 641 da
1009 608 1088 640 esset
1111 609 1158 657 ob·
1172 610 1349 647 Clausulam
1372 616 1559 656 poenalcm‘?
1585 616 1669 649 Inter
1692 617 1820 649 Senato-

955 660 1007 697 res
1021 659 1085 682 non
1104 652 1175 697 satis
1199 656 1431 696 conveniebat,
1464 666 1502 690 an
1523 658 1671 690 Clausula
1694 659 1827 699 poenalis

956 701 1049 724 unice
1067 701 1241 738 pertineret
1257 697 1295 728 ad
1313 697 1563 732 sublocationem
1580 701 1667 741 agri,
1681 710 1717 732 an
1729 702 1824 732 etiam

955 733 993 766 ad
1011 742 1142 780 prosam
1155 737 1337 772 cultui-am?
1359 741 1419 772 Sed
1441 741 1462 773 fi
1478 742 1530 773 vel
1549 742 1586 773 ad
1604 741 1699 774 solam
1718 741 1820 773 sublo-

958 783 1118 822 cationem
1130 798 1140 812 .,
1163 786 1273 812 omnes
1288 780 1476 822 Senatores,
1499 793 1563 814 uno
1579 791 1733 824 excepto,
1755 784 1822 815 exi-

958 817 1155 864 stimabanta
1175 822 1469 856 condemnationem
1493 825 1555 857 esse
1574 825 1820 864 decernendam,

957 867 1051 905 quia,
1073 867 1112 905 ‘ut
1136 860 1225 908 supra
1244 863 1328 903 dixi,
1353 864 1395 897 sic
1417 866 1499 898 solet
1521 866 1644 898 servare
1668 868 1799 899 Senatus
1813 890 1823 905 ‚

956 907 1008 939 ut,
1031 901 1053 932 si
1070 900 1101 932 id
1114 902 1199 947 quod
1215 905 1361 949 interest,
1384 907 1475 949 posiit
1493 907 1679 940 adscendere
1693 910 1729 940 ad
1745 907 1823 940 sum-

957 951 1058 988 mam,
1082 941 1287 983 stipulatione
1303 948 1493 989 expressam,
1509 950 1599 982 licita
1613 951 1762 982 habeatur
1773 949 1823 982 sti-

957 983 1099 1030 pulatio,
1123 983 1302 1020 sublocatio
1322 998 1426 1022 autem
1442 990 1547 1032 potest
1560 992 1691 1024 domino
1708 1000 1825 1024 nocere

957 1024 997 1069 ad
1014 1024 1172 1071 duplicem
1201 1030 1400 1069 mercedem,
1428 1033 1459 1064 ὃς
1485 1033 1579 1074 longe
1601 1034 1693 1075 plus,
1722 1041 1825 1075 neque

956 1072 1051 1096 etiam
1066 1065 1212 1112 dominus
1227 1071 1291 1116 agri
1311 1079 1436 1104 tenetur
1456 1075 1521 1114 pati
1542 1075 1636 1106 alium
1656 1076 1827 1107 conducto-

956 1115 1050 1153 rem,
1068 1105 1122 1139 fibi
1143 1107 1272 1154 fortasse
1289 1112 1367 1144 adeo
1392 1115 1536 1147 noxium.
1582 1115 1648 1159 Qui
1667 1117 1826 1148 dissentie-

956 1147 1010 1179 bat
1021 1170 1032 1186 ‚
1042 1148 1115 1180 ideo
1131 1149 1332 1199 dissentiebat
1342 1177 1351 1193 ,
1362 1156 1435 1196 quia
1450 1156 1598 1188 damnum
1609 1181 1618 1196 ,
1633 1156 1825 1189 sublocatio-

954 1198 998 1236 ne
1010 1189 1146 1223 dandum
1156 1215 1165 1231 ‚
1189 1201 1285 1226 etiam
1306 1203 1429 1236 pocerat
1441 1207 1505 1229 non
1520 1198 1707 1230 adscendere
1720 1200 1756 1230 ad
1769 1200 1824 1230 du-

955 1231 1073 1272 plicem
1087 1234 1264 1267 mercedem
1276 1259 1285 1275 ,
1310 1236 1361 1269 sed
1378 1238 1409 1270 in
1427 1248 1461 1270 re
1475 1240 1596 1272 incerta
1614 1240 1694 1272 nihil
1711 1240 1825 1277 refert,

955 1272 1129 1305 dummodo
1147 1275 1332 1320 adscendere
1354 1279 1458 1320 poffit.
1503 1280 1644 1314 Decreta
1667 1282 1763 1323 igitur
1782 1282 1829 1314 est

958 1314 1181 1360 condemnatio
1209 1328 1262 1365 2.²·
1283 1319 1375 1352 Febr.
1402 1330 1492 1363 1741.
1517 1322 1610 1364 (13).
1655 1323 1765 1368 Quum
1785 1324 1826 1355 de

957 1363 1059 1387 vetita
1075 1356 1293 1405 sublocatione
1322 1361 1375 1394 sub
1399 1363 1508 1396 iisdem
1522 1363 1677 1397 Clausulis
1694 1365 1825 1406 poenali-

957 1397 1014 1443 bus
1033 1397 1132 1445 simile
1154 1400 1395 1436 instrumentum
1411 1406 1443 1437 in
1466 1405 1601 1437 eundem
1622 1406 1717 1438 finem
1735 1407 1827 1439 Sena-

959 1446 1004 1471 tui
1022 1448 1235 1488 porrigeretur
1254 1453 1303 1477 12.
1317 1444 1401 1479 Dec.
1418 1456 1509 1489 1742.
1532 1447 1657 1489 paribus
1673 1447 1827 1491 suffragiis

956 1480 1181 1515 condemnatio
1196 1485 1324 1518 decreta
1338 1487 1394 1520 est.

998 1521 1076 1555 Duo
1092 1524 1181 1571 Socii
1198 1536 1216 1558 a
1241 1528 1403 1563 Societate
1425 1528 1592 1565 discedunt
1615 1541 1652 1565 ea
1675 1528 1765 1575 lege,
1790 1540 1827 1565 ut

955 1563 1036 1596 alter
1056 1564 1168 1600 Socius
1190 1567 1275 1602 solus
1298 1579 1368 1603 eam
1403 1580 1615 1608 mercaturam
1640 1584 1825 1615 exerceret,

954 1615 1047 1653 quam
1073 1615 1165 1655 antea
1183 1611 1276 1644 ambo
1297 1621 1503 1647 exercuerant
1520 1639 1530 1654 ,
1561 1617 1592 1649 ἀ
1610 1616 1702 1650 alteri
1725 1617 1825 1649 Socio

953 1646 1127 1681 discedenti
1150 1653 1320 1698 quotannis
1345 1664 1524 1689 numeraret
1553 1667 1642 1691 1000.
1668 1658 1827 1698 florenos,

954 1698 1032 1731 quos
1051 1689 1074 1722 fi
1093 1690 1149 1724 suo
1160 1693 1212 1725 die
1224 1703 1289 1728 non
1304 1695 1464 1737 solveret,
1485 1698 1608 1740 singulis
1624 1699 1825 1732 hebdomadi-

954 1731 1013 1763 bus
1031 1741 1133 1773 poenae
1149 1735 1227 1767 loco
1245 1737 1332 1769 daret
1352 1748 1420 1772 100.
1441 1739 1588 1774 florenos.
1616 1740 1712 1775 Hanc
1734 1741 1827 1774 Clau-

955 1771 1054 1820 sulam
1076 1777 1254 1825 poenalem,
1276 1781 1349 1820 quia
1364 1781 1500 1813 immane
1516 1790 1669 1823 quantum
1689 1784 1825 1815 excede4

954 1815 1010 1861 bat
1034 1814 1084 1864 id,
1109 1819 1194 1858 quod
1214 1822 1363 1861 interest,
1384 1823 1496 1863 rejecit
1517 1824 1647 1857 Senatus
1662 1847 1674 1864 ,
1697 1825 1825 1857 decreta

954 1856 1094 1902 alioquin
1117 1870 1170 1894 22.
1196 1860 1290 1908 Febr.
1318 1873 1409 1906 1741.
1436 1865 1613 1898 voluntaria
1633 1867 1823 1899 condemna-

952 1904 1052 1982 2¹12an
1075 1899 1166 1985 Super
1198 1903 1325 1946 reliquis
1357 1905 1510 1948 capitibus
1540 1908 1608 1949 ejus
1637 1908 1824 1942 conventioss

1123 2025 1219 2074 XV.

64 2119 193 2156 Annuis
213 2119 416 2168 penstonz'bus
441 2132 502 2156 non
518 2119 619 2166 fimul
640 2116 682 2159 &²
697 2118 805 2166 semel
821 2118 1012 2168 praescribi,
1035 2123 1069 2170 st
1095 2126 1182 2163 ultra
1206 2127 1321 2164 XXX.
1345 2128 1446 2167 annos
1470 2133 1503 2168 in
1517 2118 1681 2178 salutione
1704 2134 1799 2182 ceffa-

275 2188 342 2215 tum
361 2179 409 2225 fit
426 2207 436 2224 ,
455 2178 516 2223 fied
538 2180 580 2214 iis
604 2179 788 2223 duntaxat,
813 2191 880 2227 quae
906 2188 983 2216 ante
1009 2182 1121 2221 XXX.
1147 2198 1249 2223 annos
1274 2190 1393 2225 exarzae
1416 2203 1476 2227 non
1493 2190 1588 2238 sunt.

97 2285 132 2308 us
144 2274 371 2308 Hollandicum
382 2277 414 2309 in
429 2276 663 2318 praescriptione
671 2277 828 2311 actionum
838 2287 908 2320 pei·-

113 2316 267 2350 sonalium
283 2318 431 2350 trientem
444 2317 538 2351 seculi
547 2318 720 2351 desiderare
728 2319 837 2352 fabula
845 2319 906 2359 est,

46 2391 51 2399 ἶ
110 2359 148 2390 ab
166 2359 235 2391 aliis
249 2359 313 2399 jam
324 2359 464 2401 explosa,
481 2361 528 2399 ἀ,
539 2369 589 2392 me
605 2359 755 2401 praesente
763 2385 772 2399 ‚
783 2361 864 2403 saepe
876 2363 907 2394 ὅ(

39 2403 57 2430 a
66 2400 183 2432 Senatu
191 2401 344 2442 Supremo
352 2401 477 2441 explosa
486 2425 495 2437 ,
507 2401 688 2433 constanter
696 2402 779 2434 enim
789 2403 907 2442 judica-

35 2443 98 2481 vit,
109 2440 223 2475 XXX.
236 2451 334 2475 annos
343 2443 374 2474 in
384 2442 464 2474 hanc
473 2444 539 2476 r'em
547 2443 694 2476 sufficere.
707 2443 741 2475 Id
752 2446 828 2475 vero
836 2453 910 2476 cum

38 2483 175 2526 maxime
192 2483 467 2524 controvertitur,
482 2495 520 2516 an
531 2485 563 2516 in
573 2484 772 2525 pensionibus
786 2486 910 2524 annuis,

36 2535 107 2567 quae
118 2533 172 2566 per
181 2523 212 2558 se
222 2524 398 2564 subsistunt,
408 2525 428 2558 fi
437 2536 492 2568 per
500 2533 585 2558 totos
594 2525 709 2558 XXX.
720 2536 819 2559 annos
829 2527 909 2561 nihil

34 2568 197 2608 exigatur,
209 2566 310 2607 ipsum
319 2567 367 2607 ju's
379 2568 524 2609 exigendi
534 2567 571 2599 sit
583 2567 784 2607 exstinctum,
794 2568 832 2601 a'n
842 2576 907 2600 tan-

36 2616 104 2640 tum
119 2608 203 2648 quod
212 2607 249 2639 ad
259 2617 309 2640 eas
319 2608 490 2649 pensiones,
500 2618 569 2650 quae
579 2608 694 2641 XXX.
707 2619 804 2641 annos
816 2619 907 2643 exce-

35 2649 113 2681 dunt
123 2650 140 2680 ‘e'
152 2649 262 2680 Sermo
271 2648 316 2680 est
327 2674 335 2686 ‚
349 2657 384 2681 ut
391 2650 493 2687 vides.
504 2651 544 2682 de
552 2650 803 2691 praestationibus
811 2661 906 2684 annu-

36 2691 64 2722 is
73 2714 82 2729 ,
92 2699 160 2731 quae
171 2689 267 2736 perse
279 2689 442 2723 subsistunt
453 2716 463 2730 ,
473 2701 508 2724 ut
517 2692 605 2724 estin
614 2693 724 2724 annuis
733 2693 884 2726 reditibus
892 2716 905 2732 ,

35 2741 107 2774 nam
117 2730 334 2771 praestationes
344 2741 463 2772 annuae,
474 2743 543 2774 quae
554 2733 668 2766 sortem
681 2734 795 2766 habent
804 2758 813 2771 ‚
823 2736 905 2767 unde

35 2773 175 2814 pendent
186 2796 195 2810 ‚
207 2772 449 2812 praescribuntur
458 2784 567 2807 omnes
576 2798 586 2813 ,
603 2775 730 2808 simulac
739 2776 815 2808 sorti
827 2786 904 2817 prae-

33 2814 184 2855 scriptum
193 2812 239 2844 est
249 2836 259 2851 ,
271 2822 305 2845 ut
316 2814 416 2855 palam
427 2815 592 2849 definitum
609 2816 697 2849 estin
709 2818 731 2850 l.
740 2818 791 2851 26.
799 2824 848 2859 pr.
871 2819 902 2850 C.

951 2280 1033 2327 bat,
1055 2291 1116 2317 nec
1139 2284 1209 2332 plus
1233 2284 1454 2328 praescriptum
1477 2288 1672 2321 existimavit
1688 2312 1699 2328 ,
1728 2287 1821 2331 quani

952 2332 1105 2366 quatenus
1120 2337 1137 2358 a
1152 2326 1204 2358 die
1220 2326 1386 2372 postremae
1401 2329 1570 2363 solutionis
1586 2331 1714 2372 triginta
1723 2342 1821 2371 annos

950 2365 1098 2412 cessatum
1116 2367 1210 2407 esset,
1227 2368 1322 2412 ⁴salvo
1336 2370 1404 2410 jure
1420 2380 1523 2403 earum
1543 2372 1821 2413 penfionum,quae

953 2408 1007 2439 vel
1033 2417 1066 2440 in
1089 2409 1233 2441 futurum
1254 2410 1469 2452 debebantur,
1491 2413 1543 2443 vel
1560 2412 1610 2443 ub'i
1630 2422 1648 2444 a
1662 2414 1714 2445 die
1729 2415 1819 2445 veni-

953 2457 1028 2480 ente
1049 2451 1190 2483 nondum
1213 2452 1304 2492 elapsi
1328 2459 1418 2483 erant
1437 2453 1509 2484 anni
1534 2450 1651 2486 XXX.
1695 2453 1764 2486 Hic
1783 2455 1820 2487 fi-

952 2490 1056 2530 mulac
1073 2491 1190 2524 XXX.
1208 2492 1248 2531 in¹
1261 2492 1421 2525 solutione
1439 2493 1590 2526 cess'atum
1609 2503 1675 2528 erat
1690 2519 1700 2534 ,
1725 2505 1821 2529 omne

950 2531 1000 2571 jus
1015 2532 1158 2574 exigendi
1182 2532 1408 2575 proscribebat.
1452 2534 1629 2577 Mai-tinum
1651 2530 1818 2578 'sequeban-

951 2580 1004 2603 tur
1022 2572 1278 2620 Ultramontani,
1301 2576 1471 2617 Bulgai‘um
1488 2577 1735 2610 Citramontani.
1757 2578 1821 2611 His

949 2612 1127 2662 auctoribus
1147 2616 1228 2649 itum
1250 2616 1296 2648 est
1319 2617 1352 2649 in
1378 2617 1515 2650 diversas
1540 2616 1636 2651 sectas
1653 2643 1662 2657 ,
1686 2629 1818 2661 quarum

970 2663 1043 2688 raeci
1070 2666 1126 2689 uos
1149 2656 1305 2690 Patronos
1329 2659 1492 2692 recensent
1513 2658 1543 2693 &
1567 2661 1660 2693 armis
1681 2661 1818 2695 induunt

947 2665 1122 2731 gerlicffiius
1137 2694 1266 2741 Conclus
1285 2698 1418 2733 Praete.
1437 2699 1530 2732 Parte
1548 2701 1588 2732 II.
1615 2701 1743 2741 Conclzffi
1755 2701 1812 2734 iv.

943 2744 999 2780 per
1018 2745 1130 2780 totum,
1156 2739 1252 2774 Goris
1263 2741 1390 2782 Advers.
1411 2742 1510 2773 Tracr.
1524 2741 1578 2773 ni.
1598 2741 1663 2779 five
1680 2742 1813 2782 Miscell-

951 2781 984 2812 C.
994 2780 1054 2813 IX.
1078 2792 1108 2812 n.
1125 2785 1172 2814 16.
1194 2782 1320 2824 &steqq.
1351 2783 1451 2815 Sande
1471 2782 1570 2822 Dacis:
1589 2782 1690 2822 Fristc.
1714 2784 1756 2816 L.
1774 2784 1814 2817 V.

951 2821 985 2853 T.
1004 2822 1059 2855 VI.
1085 2822 1188 2863 Defin.
1211 2832 1239 2856 1.
1285 2824 1370 2856 Voet
1389 2824 1427 2856 ad
1447 2824 1507 2856 Tit.
1561 2848 1567 2854 .
1592 2825 1626 2856 de
1649 2824 1712 2865 Usta
1727 2825 1763 2860 ὅ)
1777 2836 1812 2858 u-

35 2858 70 2887 a'e
98 2854 187 2896 Ustvz
219 2854 254 2887 In
272 2856 342 2887 aliis
355 2877 366 2893 ,
387 2865 457 2896 quae
469 2867 524 2897 pei·
539 2857 570 2889 se
590 2856 777 2899 subsistunt,
803 2860 903 2901 singu·
937 2863 1020 2907 sufr.
1045 2865 1104 2907 leg.
1123 2874 1195 2905 n.4.
1220 2865 1272 2896 ubi
1292 2867 1322 2897 ἅ
1342 2865 1454 2906 finguli
1472 2865 1505 2896 su
1532 2865 1615 2906 'ragia
1631 2865 1683 2898 sua
1698 2866 1812 2899 adscri-

35 2899 74 2930 lae
103 2896 264 2937 pensiones
287 2897 412 2938 singulis
436 2899 523 2930 annis
546 2898 714 2932 nascuntur
729 2924 740 2939 ,
773 2902 804 2934 ὅς
831 2901 902 2943 post

35 2937 152 2971 XXX.
177 2948 275 2970 annos
290 2938 417 2979 singulae
433 2948 497 2970 non
510 2940 628 2972 exactae
668 2951 789 2975 ereunt.
814 2943 903 2976 Mar-

37 2980 139 3011 tinum
155 2979 185 3010 ἀ
200 2980 366 3020 Bulgarum
383 2980 462 3012 olim
480 2980 548 3012 haec
588 2991 633 3013 ute
664 2984 695 3014 io
717 2984 845 3017 collisit.
861 2984 902 3016 ll-

34 3020 64 3053 ie
88 3020 214 3061 singulis
238 3021 325 3053 annis
347 3021 478 3062 singulas
501 3022 753 3065 prae'criptiones
770 3026 902 3068 adsigna-

75 3143 155 3179 (ιι)
177 3143 251 3172 Vide
272 3144 400 3181 quaedam
423 3144 450 3172 in
474 3145 547 3175 hanc
573 3154 632 3175 rem
660 3146 754 3186 Confil.
787 3150 828 3179 H.
853 3150 904 3179 111.

41 3189 104 3215 231.
125 3180 151 3209 ἃ
171 3181 264 3219 Constl.
285 3183 321 3211 B.
343 3184 379 3211 11.
402 3191 468 3211 222.

75 3219 155 3257 (η)
178 3220 289 3258 offer-a.
313 3220 433 3251 Tamais.
457 3221 488 3251 T.
510 3212 576 3253 xii.
597 3233 624 3253 n.
644 3224 727 3260 2878.

946 2906 1043 2945 bunt,
1063 2908 1093 2939 ὅ(
1109 2906 1147 2937 ad
1164 2915 1199 2936 ea
1216 2905 1412 2938 defendenda
1428 2907 1537 2947 copias
1555 2906 1621 2938 suas
1639 2908 1815 2949 explicant,

945 2946 996 2978 sed
1013 2947 1083 2988 quia
1098 2956 1162 2979 non
1179 2956 1250 2978 amo
1266 2947 1561 2984 Commentatores,
1586 2948 1638 2988 qui
1655 2949 1810 2990 gregatim

944 2987 1119 3029 pascuntur
1130 3012 1139 3024 .
1150 2988 1235 3019 inalo
1244 2985 1349 3019 dicere
1358 3011 1369 3027 ,
1380 2989 1454 3029 quid
1465 2988 1539 3030 mihi
1551 2988 1703 3028 videatur,
1718 3000 1811 3031 quam

945 3030 985 3061 iis
1000 3029 1159 3061 laudandis
1177 3029 1228 3060 vel
1242 3029 1415 3062 refutandis
1431 3029 1527 3062 bonas
1543 3028 1632 3063 horas
1647 3032 1787 3072 perdere.

1738 3073 1809 3116 Ego

987 3150 1067 3187 (13)
1088 3150 1197 3181 Ibidem
1220 3150 1252 3180 T.
1268 3151 1348 3180 XIV.
1368 3161 1395 3181 n.
1414 3160 1499 3188 3230.
1520 3152 1597 3189 &in
1610 3155 1739 3193 margine.

989 3189 1068 3227 (14)
1089 3191 1198 3220 Ibidem
1221 3189 1253 3219 T.
1269 3191 1351 3221 XlV.
1369 3200 1397 3220 τι.
1414 3199 1498 3227 3²31·

1216 3267 1353 3299 Aaa2
