2008 3436
271 98 362 135 DE
433 92 636 131 FORO
710 89 1234 134 LEGATORUM,
1286 90 1599 131 C-XVI.XVII.

37 180 181 219 habitat,
206 179 226 212 si
252 178 445 225 apparitores
467 174 607 215 judicum
637 171 679 203 ibi
706 170 898 203 denuncient

38 221 124 262 quod
146 219 394 252 denunciandum
424 215 480 248 est.
525 213 622 260 Quod
638 221 743 259 autem
760 212 898 252 legatum

38 263 191 296 finsramus
213 260 386 297 absentem,
411 259 442 290 in
472 256 520 288 his
545 254 611 293 est,
633 254 746 295 quibus
769 253 899 285 domum

38 290 208 336 revnoeandi
227 303 275 343 jus
292 301 384 332 habet
395 322 406 338 ,
427 307 511 330 nune
525 296 564 328 de
584 295 631 327 bis
647 294 744 327 causis
760 295 898 336 agimus,

38 347 81 378 ob
98 355 174 386 quas
191 343 309 384 judicio
327 340 436 373 nostro
455 337 576 376 subest,
601 345 696 382 atque
713 336 901 382 adeo-liabe-

39 396 90 419 tur
107 396 165 427 pro
180 382 340 425 praesente.
386 382 417 414 Si
434 378 603 412 clausulam
617 377 718 410 Ediffi
737 377 901 417 adhibeas,

37 429 147 468 utique
165 425 368 457 nibilominus
385 431 494 453 verum
515 419 580 458 est,
605 417 737 460 epistula
756 419 840 450 diem
858 419 903 459 ju-

37 469 113 501 dicii
134 467 196 499 effe
211 464 458 508 significandum,
483 462 513 494 &
531 461 610 492 hanc
628 460 811 492 mittendam
823 484 832 499 ,
850 462 903 492 ubi

39 511 160 551 legatus
178 507 238 547 est,
262 517 316 549 per
344 504 538 537 tabellarium
562 501 668 541 forte,
694 502 832 533 aliumve
849 502 902 534 bo-

38 553 176 590 minem,
202 558 265 591 quo
294 548 319 578 is
344 547 462 584 utitur,
487 545 516 576 ὅ(
539 543 592 585 qui
624 552 664 574 ne
690 543 816 584 quidem
836 543 903 583 ejus

38 592 200 634 dignitatis
223 588 286 627 est,
311 587 400 627 cujus
426 586 588 628 apparitor
604 584 720 617 Cui-icc.
768 584 828 616 Cui
845 585 900 617 bo-

38 643 82 667 no
109 633 250 672 ambages
268 630 300 661 in
317 638 368 667 re,
393 638 462 669 qua:
473 651 483 667 ,
506 627 527 659 si
546 635 653 658 veram
672 626 767 658 animi
785 627 902 668 magni-

39 675 199 711 tudinem,
224 680 287 703 non
312 671 460 701 minutias
487 667 658 706 sectemur,
684 677 743 699 nee
767 668 902 709 dignita-

39 725 104 749 tem
123 713 236 746 minuit
249 737 257 747 ,
282 721 343 744 nec
361 711 529 752 quicquam
547 709 640 741 habet
659 709 806 750 ponderis
818 709 834 741 ¹?
851 709 905 742 Sin

40 756 122 790 aliud
142 754 204 786 ess'e
223 755 327 791 dicas,
349 762 403 793 per
421 751 585 793 epistulam
601 751 639 782 de
659 751 780 791 iudicio
800 760 904 782 mone-

39 799 85 837 ri,
109 797 194 829 aliud
221 796 253 827 in
278 805 314 826 os
340 794 454 835 legati,
479 802 534 834 per
553 792 765 834 apparitorem
783 792 908 830 Curiae,

39 840 123 872 diem
143 837 207 870 dici
220 860 231 876 ,
251 845 327 868 cece
347 837 469 873 Εὑρημα,
494 835 579 876 quod
599 833 758 874 possumus
781 833 907 865 adbibe-

41 891 98 919 re,
121 879 198 917 ubi,
221 887 255 910 ut
275 879 306 910 in
322 876 512 913 Hom-andiu,
535 875 653 916 duplex
670 875 713 907 eu
730 875 842 915 judicii
857 875 908 907 de-

41 920 228 960 nunciatiO,
253 920 350 951 altera
373 928 429 960 per
457 917 669 959 apparitorem
689 939 700 955 ,
730 917 828 948 altera
852 925 907 958 per

40 962 215 1005 epistulam.
261 960 319 992 Per
346 959 517 1001 Epistulam
545 958 641 999 injus
661 965 817 989 vocantur
834 958 906 990 Ma-

66 1004 189 1036 istratus
206 1002 338 1034 Urbium
351 1026 360 1041 ‚
385 999 525 1041 adoptati
544 1000 575 1030 in
592 998 805 1030 Nobilitatem
825 998 906 1030 Hol-

56 1046 196 1078 andieam
208 1067 218 1081 ,
242 1044 272 1075 δε
290 1043 379 1083 pauci
398 1049 548 1083 praeterea
564 1039 637 1079 alii,
664 1040 777 1080 reliqui
798 1049 908 1072 omnes

43 1097 100 1128 per
117 1097 133 1118 a
158 1085 336 1127 paritorem.
381 1082 481 1124 Igitur
504 1081 612 1112 demus
635 1081 697 1111 hoe
722 1081 852 1122 legato,
875 1088 910 1112 ut

43 1129 112 1168 ejus
158 1125 267 1164 onori,
293 1133 385 1164 quam
411 1123 477 1155 fieri
500 1121 602 1163 potest
620 1123 775 1162 maxime,
801 1122 911 1155 consu-

45 1169 148 1206 latur,
172 1175 207 1199 ut
232 1168 262 1198 <Q
286 1166 370 1197 hune
393 1165 476 1197 resta
494 1164 525 1195 in
541 1163 589 1204 jus
604 1173 756 1197 vocemus
773 1174 828 1207 per
846 1164 910 1206 epi-

619 1264 979 1300 CAPUT

1740 102 1806 136 171

941 169 1073 208 stulam,
1098 179 1162 201 non
1182 179 1238 210 per
1254 169 1419 211 ambages,
1447 172 1631 203 mittendam
1649 172 1687 204 ad
1703 171 1811 203 locum

941 211 1079 253 pristinae
1108 210 1332 250 habitationis,
1355 210 1405 243 sed
1429 211 1482 243 ubi
1506 222 1588 244 nunc
1605 212 1672 251 cst,
1694 213 1810 253 absque

943 252 1006 284 ulla
1031 251 1134 283 Editti
1163 252 1323 291 clausula,
1347 262 1440 293 quae,
1465 252 1486 284 fi
1504 262 1554 285 me
1579 255 1703 292 audias,
1727 255 1810 295 lega-

945 293 1042 326 tionis
1061 293 1171 325 decori
1196 295 1294 336 magis
1310 294 1438 332 oberit,
1461 303 1554 335 quam
1575 295 1725 334 proderit.
1772 294 1812 326 E-

946 335 1021 367 tiam
1050 333 1152 366 Curia*
1167 334 1350 368 Hollandiae
1372 335 1451 366 olim
1472 335 1578 367 Edisti
1598 335 1734 367 clausula
1748 346 1813 368 non

946 376 992 408 est
1018 374 1092 414 usa,
1116 374 1168 407 scd
1196 377 1279 409 recta
1305 386 1360 418 per
1384 386 1422 417 ap
1445 376 1578 408 aritores
1605 375 1675 407 suos
1702 377 1813 417 legatis

946 418 1029 449 diem
1047 417 1140 449 dixit.
1186 418 1280 450 Anno
1302 421 1393 453 1668.
1430 419 1471 449 iet
1489 418 1537 449 bet
1560 417 1630 457 Hof
1648 416 1720 457 (ait
1743 417 1810 448 Ait-

947 469 1036 492 zema
1058 458 1129 490 Lib.
1142 458 1295 491 XLVIII.
1314 466 1347 500 p.
1370 469 1410 491 m.
1438 469 1528 499 1059.
1553 460 1619 490 dovr
1640 469 1691 490 een
1717 458 1814 489 Deur-

947 502 1086 532 ‹ivam-der
1110 510 1161 532 eelz
1187 502 1298 541 ent-plen
1324 502 1395 532 doen
1422 511 1482 532 acm
1514 502 1569 532 den
1603 499 1815 540 Ambaffiicleur

947 553 1008 574 van
1027 542 1158 584 Spanjen
1176 552 1243 573 over
1258 553 1311 574 een
1328 539 1440 584 quoeftie
1458 552 1521 573 van
1537 545 1667 584 &auriag
1684 551 1745 572 van
1762 551 1815 571 een

946 585 1019 630 bzcys
1036 585 1071 624 by
1096 585 1151 615 den
1176 583 1280 626 Huag.
1328 583 1383 625 Hy
1410 585 1462 615 liet
1487 585 1521 615 de
1539 583 1763 615 Deurwaarder
1781 583 1815 613 in

938 628 998 668 syn
1027 626 1126 657 kamer
1151 626 1250 657 Romen
1262 648 1273 664 ,
1296 636 1332 657 en
1356 626 1537 668 beginnende
1553 631 1580 656 te
1600 624 1743 666 leJenJyn
1765 633 1815 655 ex-

942 661 1038 708 p'loit,
1062 667 1096 698 (Ie
1115 665 1180 707 stol<
1201 668 1233 698 itz
1250 668 1283 699 cle
1301 668 1398 706 hand,
1421 673 1509 710 greep
1529 668 1592 698 hem
1615 668 1642 698 α’
1662 664 1815 707 Ambczffcz-

949 710 1019 740 deur
1043 709 1078 749 by
1097 710 1152 739 den
1169 709 1233 740 hals
1245 731 1255 747 ,
1278 719 1314 741 en
1324 710 1415 750 Jimde
1433 710 1496 740 hem
1517 708 1623 750 qualyk
1642 708 1815 779 hebben-pe-

951 749 1108 789 tratteerr,
1132 760 1212 781 maer
1237 751 1276 792 hy
1303 751 1411 791 ontliep
1441 751 1509 789 het,
1533 761 1568 781 en
1596 752 1617 780 'c
1644 749 1713 789 Hos
1729 752 1814 790 seve

942 791 1044 833 seide,
1067 791 1105 832 hy
1128 791 1186 822 had
1209 792 1258 823 het
1284 793 1419 824 hehooren
1443 795 1463 822 ι’
1482 792 1660 832 explanet-en
1687 801 1746 821 acm
1763 799 1817 821 een

950 843 1011 864 van
1020 832 1081 906 syn
1099 833 1245 865 dienaars.
1277 833 1397 872 Vides,
1420 833 1547 865 Curiam
1565 832 1754 874 distinguere
1772 832 1817 863 in-

950 882 998 906 ter
1036 881 1144 915 egatos
1167 884 1341 916 eorumque
1366 874 1522 913 comites,
1547 875 1577 906 δι
1604 874 1820 916 apparitorem

949 914 1095 947 accusare
1111 939 1121 955 ,
1153 916 1239 957 quod
1264 916 1351 956 ipse,
1370 926 1410 948 ne
1436 916 1562 955 quidem
1591 915 1752 953 monitus,
1775 914 1820 946 ita

950 967 1015 988 non
1035 956 1225 989 distinxerit.
1270 958 1352 996 Sed,
1378 966 1412 989 ut
1436 957 1557 996 (licam,
1582 957 1666 998 quod
1691 966 1738 989 res
1754 956 1818 995 est,

950 998 1029 1030 nihil
1044 998 1186 1039 proderit
1206 998 1259 1030 illa
1274 998 1456 1036 distinffio,
1481 998 1510 1030 &
1528 1000 1657 1039 perinde
1672 998 1735 1036 est,
1755 998 1820 1030 sive

951 1039 1057 1080 legato
1070 1063 1080 1078 ,
1104 1039 1169 1071 sive
1193 1039 1259 1079 ejus
1277 1039 1450 1072 comitibus
1470 1039 1553 1070 diem
1572 1040 1679 1079 judicii
1703 1041 1820 1070 denun-

951 1080 1016 1112 cies
1026 1103 1036 1120 ,
1053 1080 1126 1122 quia
1136 1081 1247 1112 eodem
1262 1082 1354 1122 plane
1369 1082 1438 1122 jure
1453 1080 1616 1112 habentur.
1631 1080 1742 1111 Adhuc
1757 1090 1819 1111 ma-

952 1122 1008 1196 lilm
1026 1131 1086 1196 pell·
1107 1122 1272 1164 epistulam
1288 1123 1372 1155 diem
1389 1122 1472 1162 dici,
1497 1120 1702 1163 praetermissa
1718 1121 1822 1154 Edicu

952 1173 970 1195 c
985 1173 1023 1196 au
1041 1173 1059 1196 u
1074 1173 1100 1196 a.

1075 1265 1269 1301 XVII.

71 1357 107 1393 Si
132 1357 257 1403 legatus
283 1354 471 1400 deliquerit,
496 1354 550 1388 uhi
573 1353 609 1388 de
633 1354 741 1388 delit‘lo
765 1354 921 1400 agendum
938 1352 1004 1398 fit,
1030 1352 1203 1400 difficulter
1227 1366 1267 1389 ex
1284 1352 1358 1399 sola
1381 1355 1507 1391 ratione
1533 1353 1676 1401 expediri
1694 1351 1798 1401 pff,

532 1404 708 1449 praevalere
735 1411 842 1439 tamen
867 1404 970 1439 videri
985 1401 1188 1449 sententiam
1216 1404 1332 1440 Grotii.

144 1504 174 1535 ui
198 1504 229 1535 in
254 1502 318 1534 hoc
347 1508 530 1544 argumento
547 1499 661 1533 versati
680 1501 771 1542 sunt,
798 1502 828 1535 δε
845 1512 913 1534 ver-

162 1545 217 1577 sati
236 1544 306 1576 sunt
327 1553 417 1584 quam
442 1543 588 1585 plurimi,
611 1553 675 1575 non
698 1553 808 1576 omnes
828 1553 916 1584 teque

170 1590 196 1616 τὶ
213 1586 375 1625 ‚affl-(mm,
399 1585 482 1626 quod
502 1582 608 1616 Graeci
629 1585 809 1625 appellant,
833 1584 914 1617 adse-

52 1631 118 1664 cuti
136 1630 215 1663 sunt.
259 1626 349 1659 Nihil
369 1626 420 1658 bic
437 1625 562 1666 prodest
577 1627 701 1667 prolixe
718 1626 915 1668 philosopha-

53 1674 80 1705 ri
102 1673 140 1704 de
160 1670 268 1702 officio
287 1668 401 1709 legati,
427 1667 456 1699 δε
475 1677 624 1706 monere,
648 1677 719 1700 eum
739 1667 801 1700 esse
821 1678 915 1710 opor-

52 1723 120 1746 tere
148 1713 305 1752 integrum
341 1709 416 1740 vitae
435 1731 445 1747 ,
476 1707 664 1750 scelerisque
690 1719 829 1750 purum,
857 1719 916 1741 nee

51 1756 220 1796 quicquam
235 1751 286 1783 vel
303 1750 388 1782 dieto
407 1750 459 1782 vel
477 1749 562 1781 fafio
579 1752 782 1782 committere
805 1758 917 1783 contra

53 1795 232 1833 Principem
248 1793 356 1832 ejusve
373 1792 526 1833 populum
537 1814 547 1829 ,
561 1792 598 1823 ad
614 1802 706 1833 quem
724 1792 845 1834 legatus
862 1791 915 1824 est.

53 1835 195 1871 Honesta
210 1835 314 1866 oratio
327 1857 336 1872 ,
361 1833 412 1865 sed
428 1833 448 1865 si
465 1833 538 1874 quid
557 1833 773 1872 commiserit,
797 1835 851 1866 ubi
870 1843 917 1865 ac-
935 1830 940 1837 ’

49 1878 154 1911 ’ςυΓειτί
173 1877 306 1914 debeat,
331 1875 393 1906 hoe
412 1874 475 1913 est,
499 1874 538 1905 de
553 1885 617 1916 quo
635 1876 815 1916 quaerimus.
847 1875 918 1907 Nee

55 1919 160 1952 rursus
187 1916 331 1958 proficies
352 1917 382 1948 in
407 1916 469 1947 hoc
487 1926 691 1957 argumento,
717 1917 738 1949 fi
759 1917 916 1958 legatum,

56 1961 109 2002 qui
135 1959 289 2000 deliquit,
314 1967 377 1989 non
406 1957 564 1997 impunem
592 1957 653 1989 esse
673 1967 823 1999 oportere
846 1968 916 1998 pro-

55 1999 253 2035 nunciaveris
283 1999 312 2030 ἃ
337 1999 541 2040 probaveris,
564 1999 640 2040 quin
661 2000 710 2038 ὃς,
734 2010 798 2040 quo
820 2000 918 2041 magis

57 2044 90 2076 in
115 2041 227 2074 illustri
255 2039 375 2081 positus
404 2038 449 2071 est
480 2041 573 2078 loeo,
597 2050 637 2071 co
661 2042 799 2082 graviori
827 2041 916 2073 illum

56 2094 158 2127 poenae
183 2082 370 2123 subjeceris,
393 2091 464 2113 nam
487 2082 707 2122 impunitatem
730 2082 825 2124 legati
853 2091 918 2114 non

57 2124 253 2158 defendimus
265 2146 276 2162 ,
297 2133 354 2155 nee
372 2122 456 2163 seio,
480 2132 518 2154 an
536 2123 698 2164 quisquam
715 2124 794 2156 alius
810 2123 918 2155 defen-

58 2169 132 2204 dat,
156 2165 207 2196 sed
230 2165 274 2203 si,
294 2164 368 2196 dum
398 2164 429 2196 in
459 2165 616 2205 legatione
642 2163 705 2203 est,
730 2165 917 2206 deliquerit,

58 2208 113 2241 ubi
137 2204 273 2238 accusari
298 2206 351 2237 vel
379 2206 481 2246 puniri
508 2205 638 2246 debeat,
662 2207 757 2238 unice
773 2205 918 2247 quaestio-

59 2251 108 2283 nis
133 2247 188 2279 est.
233 2247 344 2278 Aliena
373 2256 498 2288 quoque
525 2246 599 2278 hinc
623 2247 668 2279 est
687 2247 857 2289 inspeffio,
881 2258 919 2279 an

61 2300 127 2324 non
144 2290 292 2330 legatus,
305 2287 358 2328 qui
377 2287 521 2318 adversus
540 2289 681 2320 mandata
698 2289 854 2330 Principis
874 2288 920 2321 sui

58 2330 234 2367 commisit,
257 2329 337 2371 apud
351 2328 527 2369 Principem
544 2327 631 2361 suum
646 2330 782 2362 accusari
798 2331 920 2371 debeat,

59 2383 131 2407 nam
152 2373 182 2403 dt
199 2371 289 2403 antea
308 2370 370 2401 hoc
391 2370 534 2402 lubentes
555 2371 660 2413 largiti
679 2370 793 2404 sumus.
838 2371 922 2404 Alie-

61 2424 100 2448 na
113 2414 239 2446 demum
254 2412 328 2443 hinc
342 2410 387 2443 est
402 2411 551 2452 quaestiO,
573 2422 609 2443 an
627 2422 692 2444 non
709 2413 848 2454 legatus,
868 2413 924 2454 qui

62 2465 156 2488 manu
181 2453 268 2495 agit,
290 2463 385 2484 manu
413 2452 525 2494 repelli
551 2452 644 2494 poflit
660 2477 670 2493 ,
706 2453 770 2486 sive
796 2454 924 2495 publice

64 2504 153 2539 agat,
177 2503 313 2527 armatus
338 2494 426 2526 forte
448 2495 530 2526 inter
553 2494 657 2526 hostes
673 2493 798 2527 nostros
813 2495 866 2527 seu
881 2505 925 2527 re-

64 2539 181 2575 belles,
202 2536 267 2569 five
297 2536 470 2576 privatim,
496 2535 583 2567 cives
605 2535 730 2568 nostros
755 2536 926 2578 pulsando,

64 2578 261 2617 occidendo,
286 2578 316 2609 <St
340 2577 361 2609 fi
387 2577 462 2618 quid
487 2577 534 2609 his
554 2576 598 2609 est
625 2577 733 2610 simile.
780 2577 923 2621 Quicun-

65 2630 126 2662 que
151 2620 217 2650 vim
248 2618 413 2657 intulerit,
436 2617 557 2659 semper
578 2618 612 2650 vi
641 2628 674 2650 re
719 2619 794 2651 llere
812 2619 923 2658 licuit,

65 2670 125 2694 nee
143 2660 208 2691 ulla
222 2660 253 2691 in
275 2660 384 2701 legatis
400 2658 445 2691 est
460 2661 619 2702 exceptio.
666 2629 749 2693 grim
768 2660 847 2701 apud
864 2660 926 2692 Eu-

65 2701 200 2743 ripidem
217 2700 370 2732 Heraclid.
391 2701 465 2743 τεῇ
492 2711 563 2743 272,
588 2701 731 2743 Copreus
746 2702 867 2743 legatus
882 2701 927 2733 di-

65 2743 173 2776 xiffet:

211 2784 254 2814 Mn*
276 2783 342 2814 &³3⁸5
362 2783 417 2819 θεῖν·
439 2784 534 2818 κῆρυηιι
555 2785 685 2817 πὶμέπις
706 2786 785 2822 §ivr-tv,

156 2826 205 2857 Ne
218 2832 271 2866 per
293 2824 371 2856 Deos
391 2826 520 2868 legatum
539 2828 644 2858 audeas
655 2833 817 2869 percutere.

71 2867 263 2908 Demophon
279 2866 440 2908 respondit
456 2868 531 2908 vers.
555 2878 625 2910 273.

211 2910 243 2938 Ei
265 2909 298 2939 μή
320 2911 349 2941 γ’
371 2909 381 2934 0'
405 2909 481 2945 κίρυξ
505 2915 631 2947 σωφεφεῐι
653 2909 803 2946 unsset-ms,

156 2949 226 2989 Nz‘fi
243 2950 294 2981 ille
314 2949 532 2992 legatusdzjscat
546 2948 665 2991 modeste
682 2962 790 2994 agere,

73 2992 136 3025 hoc
158 2991 222 3030 est,
246 2991 301 3023 nisi
326 2993 391 3022 vim
416 2999 479 3022 non
507 2990 643 3030 inferat,
668 3003 761 3034 quarn
785 2994 930 3036 Copreus

73 3034 260 3105 mqbatur.
282 3032 379 3064 Recte
395 3032 489 3063 etiarn
504 3030 637 3066 Grotius
651 3036 684 3066 de
703 3035 780 3076 Jure
799 3036 835 3067 B.
846 3035 930 3071 &R

75 3074 117 3106 Lz
141 3099 148 3105 .
179 3073 220 3119 ΙΙ..
254 3074 288 3105 C.
313 3078 360 3108 18.
387 3072 416 3115 §.
451 3083 481 3113 4.
506 3082 536 3103 n.
561 3083 591 3114 7.
615 3075 695 3107 hanc
720 3077 930 3117 repulsionem

74 3115 232 3156 permittit
243 3137 254 3153 ,
275 3124 339 3146 non
364 3124 420 3155 per
440 3114 567 3145 modum
584 3124 702 3156 poenae,
727 3117 778 3149 sed
793 3127 847 3160 per
862 3128 928 3149 mo-

958 1513 998 1536 ne
1017 1502 1109 1535 verso
1127 1502 1185 1535 illo
1205 1502 1366 1544 Euripidis
1384 1503 1469 1535 loeo.
1516 1502 1569 1535 De
1589 1502 1694 1535 Fabiis
1715 1500 1827 1541 legatis

958 1545 996 1576 ad
1020 1544 1133 1576 Gallos
1161 1545 1191 1576 &
1216 1544 1299 1576 inter
1320 1544 1466 1578 Clusinos
1493 1553 1607 1577 contra
1630 1543 1743 1575 Gallos
1770 1551 1827 1582 pu-

958 1586 1129 1628 gnantibus
1146 1586 1248 1617 dicam
1262 1586 1295 1617 C.
1309 1584 1436 1618 XXIV.
1448 1596 1540 1627 quam
1553 1586 1714 1618 hiron-iam
1732 1584 1830 1615 etiam

958 1628 1042 1659 redte
1069 1628 1131 1659 huc
1157 1626 1306 1658 transfert
1335 1625 1477 1659 Grotius.
1533 1627 1576 1659 Et
1606 1628 1675 1668 jure
1702 1625 1828 1667 optimo

958 1669 1101 1701 co'e'rceri
1130 1668 1271 1710 legatos,
1295 1668 1349 1709 qui
1366 1678 1459 1700 manu
1476 1679 1491 1700 a
1516 1676 1593 1707 unt,
1616 1669 1690 1700 dum
1710 1674 1830 1709 agunt,

960 1711 1056 1742 etiarn
1093 1710 1263 1743 Zoucheus
1298 1708 1459 1742 consentit
1489 1678 1563 1752 gar.
1609 1709 1721 1742 Fecial.
1754 1711 1833 1740 inter

964 1752 1054 1793 Gent.
1082 1751 1168 1783 Part.
1196 1750 1236 1783 II.
1265 1750 1341 1783 Sebi.
1364 1762 1395 1792 4.
1424 1751 1465 1800 Q.
1485 1762 1534 1784 22.
1560 1753 1592 1783 in
1604 1751 1662 1792 fin.
1685 1751 1715 1783 &
1733 1750 1828 1782 Wie-

960 1792 1092 1834 quefort
1119 1793 1191 1825 Lib.
1218 1793 1240 1825 I.
1279 1793 1354 1825 Setr.
1379 1804 1428 1831 29.
1456 1800 1490 1834 p.
1520 1804 1558 1825 m.
1593 1803 1666 1830 909-
1699 1802 1772 1830 922.
1799 1792 1831 1824 &

961 1845 1034 1876 9213.
1058 1844 1117 1867 nec
1131 1844 1317 1876 quemquam
1335 1835 1413 1867 novi
1426 1857 1437 1873 ,
1461 1835 1514 1876 qui
1529 1835 1741 1866 contradicat:
1759 1843 1832 1865 nam

961 1886 1026 1908 non
1047 1877 1084 1908 de
1104 1875 1206 1908 forma
1222 1876 1330 1917 judieii
1343 1900 1352 1915 ,
1378 1875 1430 1908 sed
1448 1876 1487 1908 de
1501 1886 1558 1918 pro
1586 1875 1739 1908 ulsatione
1755 1884 1832 1916 quo-

961 1919 1022 1959 q'ue
1036 1919 1085 1949 vis
1102 1916 1222 1958 injustae
1248 1918 1417 1959 intelligo,
1441 1918 1526 1958 quod
1580 1917 1732 1949 aschalius
1748 1917 1831 1948 dixit

962 1959 994 1990 in
1021 1959 1138 2002 Legato
1168 1960 1200 1991 C.
1226 1968 1275 2000 27.
1308 1957 1422 2000 Hostili
1447 1960 1544 1990 animo
1571 1959 1709 1990 accedis?
1732 1956 1831 1999 hostili

961 2002 1114 2041 excipiere.
1141 2000 1290 2043 Pugrzas‘?
1313 2001 1488 2043 repugnabO.
1537 2000 1644 2032 Feris?
1666 2000 1828 2040 refer-iam,

962 2042 992 2074 δε
1009 2051 1078 2082 quae
1090 2041 1132 2074 ibi
1150 2051 1246 2083 porro
1257 2041 1428 2083 sequuntur
1444 2042 1476 2073 in
1487 2042 1616 2074 eandem
1629 2042 1828 2073 sententiam.

961 2083 1021 2115 Sed
1036 2083 1143 2115 nostra
1164 2082 1337 2124 disputatio
1358 2082 1403 2115 est
1427 2083 1466 2114 de
1489 2083 1612 2125 legato,
1636 2084 1690 2125 qui
1710 2083 1833 2115 crimen

962 2125 1139 2163 commisit,
1163 2124 1249 2166 quod
1265 2134 1329 2156 non
1349 2134 1391 2156 ex
1412 2133 1577 2165 tempore,
1602 2133 1634 2157 at
1653 2124 1832 2156 constituto

960 2166 1080 2206 judicio
1096 2165 1342 2208 persequendum
1357 2166 1414 2207 sit,
1438 2165 1493 2198 ubi
1512 2174 1588 2198 tune
1604 2165 1761 2205 accusari,
1777 2165 1832 2197 ubi

961 2208 1066 2249 puniri
1082 2208 1204 2240 debeat.

1005 2248 1040 2281 In
1068 2249 1125 2281 hae
1141 2249 1315 2290 quaestione
1341 2250 1473 2282 crimina
1490 2250 1668 2292 legatorum
1684 2248 1831 2282 bifariam

963 2290 1184 2323 consideranda
1200 2290 1290 2329 sunt,
1310 2300 1364 2323 aut
1379 2292 1463 2324 enim
1485 2291 1670 2334 simpliciter
1687 2291 1834 2324 commit-

967 2340 1078 2364 tuntur
1093 2340 1206 2364 contra
1222 2331 1406 2365 societatem
1424 2333 1554 2365 civilem
1575 2335 1604 2366 &
1626 2332 1834 2372 tranquillita-

967 2382 1032 2406 tem
1056 2374 1238 2414 publieam,
1260 2383 1297 2406 ut
1316 2375 1435 2407 crimen
1459 2375 1645 2413 homicidii,
1667 2373 1835 2411 adulterii,

968 2416 998 2447 &
1019 2415 1141 2456 reliqua
1163 2414 1232 2447 fere
1256 2416 1382 2453 omnia,
1406 2425 1476 2457 quae
1497 2417 1575 2448 lieet
1606 2415 1763 2456 appellare
1781 2414 1833 2445 de-

967 2456 1040 2489 licta
1053 2456 1234 2488 communia
1245 2480 1254 2495 ,
1279 2465 1334 2488 aut
1350 2457 1596 2488 committuntur
1617 2464 1727 2488 contra
1744 2455 1832 2487 Prin-

965 2498 1068 2538 cipem
1081 2520 1091 2535 ,
1114 2497 1166 2529 vel
1193 2496 1364 2538 Imperium
1384 2498 1473 2537 ejus,
1496 2498 1533 2529 ad
1548 2506 1642 2538 quem
1663 2496 1772 2528 missus
1789 2495 1835 2528 est

965 2540 1109 2580 legatus,
1132 2547 1202 2579 quae
1227 2538 1328 2580 vulgo
1354 2538 1530 2579 Maiestatis
1554 2540 1584 2571 &
1603 2538 1836 2570 Perduellionis

967 2579 1098 2612 crimina
1122 2579 1264 2612 audiunt.
1309 2579 1361 2612 De
1387 2588 1523 2622 utroque
1540 2589 1671 2622 genere,
1695 2580 1717 2612 fi
1735 2579 1834 2612 solam

968 2621 1131 2655 rationem,
1141 2620 1304 2662 sequamur
1322 2621 1516 2663 magistram,
1541 2620 1586 2653 est
1602 2645 1611 2661 ,
1637 2622 1722 2663 quod
1741 2621 1772 2653 in
1799 2631 1833 2652 u-

970 2670 1112 2703 tramque
1129 2670 1251 2704 partem
1268 2661 1418 2704 disputari
1435 2663 1527 2704 poffit
1536 2686 1548 2703 ,
1563 2671 1599 2695 ut
1616 2663 1648 2695 in
1668 2672 1834 2703 utramque

969 2713 1090 2746 partem
1118 2711 1181 2736 tam
1204 2704 1242 2735 de
1266 2703 1341 2736 foro
1358 2705 1463 2737 delicti
1476 2727 1488 2744 ,
1510 2715 1602 2746 quam
1621 2704 1740 2742 debiti,
1765 2712 1834 2735 non

970 2755 1032 2778 una
1053 2745 1177 2777 ratione
1198 2745 1392 2786 praelusimus
1421 2747 1452 2777 C.
1478 2746 1549 2778 Vll.
1574 2745 1626 2778 De
1640 2744 1715 2777 foro
1727 2744 1835 2776 delicti

969 2797 1052 2819 nune
1078 2787 1208 2828 pressius
1231 2787 1384 2829 agendum
1399 2786 1454 2819 est.
1500 2786 1634 2819 Grotius
1657 2787 1757 2818 varias
1777 2785 1838 2816 hac

969 2829 1008 2860 de
1032 2838 1066 2860 re
1092 2827 1262 2860 sententias
1283 2850 1295 2866 ,
1325 2837 1494 2870 earumque
1517 2829 1655 2860 rationes
1677 2826 1835 2858 recensuit

970 2869 1074 2912 magni
1100 2869 1215 2910 Operis
1242 2869 1312 2901 Lib.
1338 2869 1378 2901 ll.
1405 2871 1437 2901 C.
1479 2875 1526 2905 18.
1551 2869 1580 2910 §.
1601 2879 1632 2909 4.
1656 2869 1686 2900 δι
1714 2868 1830 2900 merito

971 2912 1059 2943 illam
1087 2911 1220 2951 reiecit,
1243 2920 1315 2952 quae
1339 2920 1356 2942 a
1379 2911 1491 2952 legatis
1520 2920 1585 2942 non
1609 2910 1705 2941 areeri
1738 2909 1835 2947 vult,

971 2952 1028 2984 nisi
1052 2951 1118 2983 vim
1147 2951 1290 2993 injustam
1307 2976 1316 2990 ,
1350 2953 1439 2983 nullo
1463 2951 1505 2983 sic
1530 2952 1567 2983 iis
1591 2950 1761 2992 privilegio
1787 2960 1834 2982 re-

972 2993 1049 3025 licto
1059 3015 1070 3031 ,
1091 3002 1163 3024 nam
1177 2995 1207 3025 ὅτ.
1224 3003 1240 3024 a
1255 3002 1444 3034 quocunque
1464 2992 1591 3032 privato
1608 3001 1749 3024 arcemus
1768 2993 1837 3024 vim

972 3035 1128 3075 injustam.
1160 3033 1223 3066 Alii
1241 3035 1378 3075 legatum
1396 3033 1571 3074 privilegiis
1588 3041 1728 3072 exuunt,
1753 3033 1774 3066 fi
1791 3033 1836 3075 ip-

973 3075 1004 3108 se
1029 3076 1077 3116 jus
1094 3073 1247 3106 Gentium
1268 3074 1345 3106 laefit
1364 3074 1466 3114 prius,
1487 3074 1516 3106 &
1539 3074 1571 3106 in
1591 3074 1670 3106 hane
1690 3084 1754 3106 rem
1771 3075 1836 3107 lau-

975 3118 1050 3149 dant
1064 3116 1262 3147 benedictum
1276 3114 1438 3146 Theodati
1455 3115 1493 3146 ad
1507 3115 1703 3150 szantinos
1723 3116 1839 3148 Orato-

73 3156 148 3187 dUsss
173 3156 321 3187 naturalis
346 3155 552 3193 defensionis,
578 3165 613 3191 Ut
628 3168 685 3190 nos
699 3159 737 3190 ab
756 3159 934 3191 imminenti
977 3168 1026 3190 res
1057 3157 1137 3198 apud
1161 3156 1354 3196 Procopium
1380 3156 1413 3186 de
1441 3156 1517 3188 Bell.
1537 3152 1634 3189 Goth.
1659 3158 1729 3190 Lib.
1754 3157 1778 3189 Ι.
1804 3159 1839 3190 C.

75 3197 218 3238 periculo
232 3195 407 3237 servemus,
425 3196 552 3228 laudato
569 3205 716 3241 quoque,
741 3199 794 3232 sed
808 3209 872 3232 non
884 3200 935 3231 be·
979 3208 1009 3239 5.
1033 3198 1156 3236 Μαρια
1185 3199 1311 3238 quaedam
1330 3219 1340 3236 ,
1379 3197 1445 3237 ait,
1470 3197 1506 3233 ὅ)
1533 3199 1648 3240 inclyta
1683 3199 1844 3231 Oratorum.
1887 3195 1892 3198 “

1084 3238 1112 3270 Y
1135 3248 1154 3269 2
1779 3241 1844 3282 dig-
