2008 3436
182 100 621 147 OBSERVATIONUM
653 101 786 152 JURIS
820 98 1014 138 ROMAN
1018 100 1031 135 1

21 189 72 223 scd
97 198 155 231 pro
184 191 299 223 lavatio
320 188 442 222 mavult
467 185 632 228 alabastri,
663 192 704 215 ex
723 182 785 215 fide
803 191 880 232 quq-

20 234 150 267 rundam
168 231 323 264 Codicum
345 231 386 263 L.
405 230 443 262 II.
468 230 596 262 Variar.
619 225 704 258 [Λᾶ.
728 226 760 256 C.
781 233 830 261 99.
851 225 882 255 ot

22 274 172 316 intelligit
189 273 258 306 vasa
275 273 476 315 unguentaria
494 281 534 303 ex
553 277 726 305 marmore,
745 275 818 297 cum
833 273 880 311 'tu-

20 325 92 349 men
109 316 182 355 vasa
196 317 418 357 unguentaria,
443 314 505 346 fine
514 310 713 344 distinetione
730 315 881 345 materiae,

21 359 82 398 iam
98 356 282 399 praemiserit
299 356 461 398 Ulpianus.
507 353 651 386 Alciatus
683 351 721 382 L.
744 349 799 381 Vl.
824 348 882 380 Pu-

20 410 100 440 rerg.
125 399 200 440 Jur.
220 399 252 431 C.
277 408 327 438 25.
351 399 381 430 ὅ(
399 395 568 429 Turnebus
591 395 630 426 L.
640 390 797 425 XXVIll.
816 390 881 421 Aa·

22 441 102 482 vers.
125 442 158 473 C.
182 451 232 482 23.
251 439 352 472 abeffe
377 439 486 480 jubent
511 439 638 478 riscum,
663 432 886 480 substituentes

21 480 237 524 alabastricus,
260 489 295 514 ut
313 481 396 514 &dc
425 479 580 512 Turnebo
608 474 830 521 Gothorredus
855 483 886 506 m

21 525 116 559 Notis
134 524 252 556 retulit.
297 523 356 556 Sed
373 531 412 554 ne
429 522 459 554 δι
479 522 561 553 hune
578 527 670 561 putes
689 525 802 554 otiari,
827 524 886 556 pro

23 568 138 600 lavatio
156 565 281 607 reponit
298 567 362 597 rica
373 588 382 603 ‚
396 563 469 606 quia
484 573 500 595 a
526 562 564 594 ud
586 561 759 605 Varronem
770 559 816 604 L.
830 556 884 604 lv:

23 612 58 642 de
78 608 115 641 L.
141 607 178 639 L.
202 607 338 648 legerat,
364 607 396 638 in
420 614 538 636 munto
567 601 714 634 muliebrl
733 607 829 630 etiam
847 608 888 645 rt-

23 661 89 684 cam
108 648 178 681 effe.
224 648 256 681 Si
285 658 344 690 pro
367 649 440 687 risco
459 643 662 678 substituiss'et
687 644 800 680 ricam,
825 640 888 688 atli-

25 694 105 726 nitas
123 691 287 731 utriusque
308 690 398 721 vocis
415 687 557 730 prodelle
574 691 698 727 poterat
710 707 719 722 ,
744 690 827 729 nunc
847 692 889 727 rt-

26 736 104 772 scum
132 731 254 770 servat,
288 739 323 762 ut
350 729 463 762 servari
489 728 603 766 debet,
628 726 658 758 δε
678 725 777 770 illotis
796 732 892 755 mam-

17 772 84 809 'bus
101 776 282 806 lavationem
303 771 468 813 expungit.
515 769 565 801 De
585 770 738 800 lavatione
757 767 893 801 lecurus,

26 820 135 854 riscum
149 813 317 858 proscribit
328 838 337 852 ‚
362 812 584 852 &scutriscum
607 809 735 850 adoptat
752 806 821 853 lim.
835 806 893 837 130-

28 858 178 896 nefidius,
203 865 266 887 non
285 854 481 896 improbante
509 852 657 884 Gilbcrto
686 850 786 896 chm
807 847 845 878 L.
869 846 892 878 I.

29 904 175 934 'ava-1100.
199 898 231 929 C.
251 901 297 928 16.
319 896 378 929 Sed
396 896 463 937 quis
482 894 518 926 ad
530 894 597 925 baec
614 901 718 923 omnia
736 898 799 921 non
818 897 892 919 nau-

30 941 94 974 seet
106 941 123 973 2
157 940 306 979 Pleraque
334 936 403 970 sunt
423 936 513 978 plane
533 934 679 978 barbara,
697 932 763 978 *alia
779 929 893 970 absque

32 984 101 1015 ullo
120 979 204 1013 sensu
215 1004 224 1019 ,
248 979 308 1010 alia
324 979 452 1010 abortus
469 975 606 1008 infelicis
623 974 763 1006 Criticae.

74 1024 173 1056 Proba
192 1021 273 1052 recia
291 1019 336 1050 est
356 1018 449 1050 leelio
466 1017 489 1048 F
493 1016 646 1048 lorentina
657 1038 666 1053 ‚
690 1014 719 1059 ᾃ
736 1012 815 1059 ben-e
831 1011 887 1058 est,

34 1064 117 1108 quod
131 1071 198 1094 eam
219 1060 339 1102 sequuti
359 1059 417 1091 lint
432 1057 612 1090 Haloander
624 1056 654 1088 δι
668 1053 887 1086 Vintimillius.

33 1107 64 1139 Si
83 1106 216 1147 legamus
234 1103 368 1140 lavatio,
393 1099 495 1141 inquit
523 1097 706 1130 Puncirolus
729 1097 758 1127 a.
780 1094 820 1126 L.
847 1093 886 1139 ll.

34 1148 66 1180 C.
89 1155 139 1184 99.
163 1151 313 1186 poterunt
337 1141 473 1183 intelligi
497 1150 578 1182 aquae
599 1139 780 1178 odoriferae3
817 1134 889 1182 satis

32 1186 170 1224 ridicule,
183 1184 284 1217 &fine
301 1183 364 1216 ulla
379 1182 576 1215 auuoritatc.
588 1180 662 1213 Non
672 1179 773 1221 probo
781 1185 888 1215 etiam,

33 1227 116 1272 quod
134 1226 354 1265 Hotomanus,
379 1225 593 1256 Commentario
609 1225 767 1254 verborum
781 1219 890 1261 Juris,

31 1271 165 1304 lavation
243 1268 465 1308 interpretatur
503 1264 607 1307 cistam
636 1263 699 1296 live
730 1262 864 1294 arculam
879 1283 889 1298 ,

31 1313 101 1345 haee
116 1278 461 1384 eniQsequitur:
486 1317 556 1340 nam
570 1306 680 1349 riscum
703 1304 764 1336 effe
787 1302 892 1344 cistam

31 1353 116 1387 recte
140 1351 232 1383 docui
303 1350 420 1390 ujacius
444 1349 483 1382 L.
507 1348 593 1382 VIII.
621 1347 783 1387 Observat.
802 1346 833 1377 C.
864 1353 890 1376 1.

34 1392 259 1428 &Paneirolus
283 1394 310 1423 d.
339 1392 367 1423 L
403 1390 441 1424 ΙΙ.
469 1392 501 1424 C.
527 1400 577 1428 99.
623 1388 690 1431 Ipsa
704 1396 831 1431 quoque
848 1386 890 1433 la-

32 1436 164 1468 nationis
184 1443 250 1465 vox
271 1433 385 1465 arcula:
409 1442 472 1465 non
493 1431 655 1464 convenit.
701 1430 771 1471 Ego
786 1436 893 1471 potrus

30 1487 87 1520 per
101 1477 281 1508 lavationem
296 1474 442 1517 intelligo
459 1473 564 1506 omnia
579 1471 782 1504 instrumenta
792 1494 801 1510 ,
822 1478 892 1511 quae

34 1519 72 1552 ad
91 1517 255 1550 lavandum
270 1517 429 1558 pertinent
440 1539 452 1555 ,
476 1513 715 1548 instrumentum
733 1513 890 1550 balneare,

33 1559 145 1592 eodem
159 1559 248 1601 plane
262 1557 449 1599 mod0,quo
465 1557 496 1589 in
519 1557 599 1594 l.69.
618 1556 658 1594 (i.
676 1555 736 1587 Pro
741 1555 804 1595 soc.
815 1563 891 1585 nun-

34 1603 122 1635 ainus
137 1601 198 1633 dici
215 1609 294 1642 pato
311 1608 370 1640 pro
388 1599 473 1631 omni
492 1608 532 1630 eo
543 1620 554 1636 ,
577 1597 662 1639 quod
683 1597 720 1629 ad
742 1595 892 1628 nundinas

74 1643 192 1682 rtinet,
213 1649 311 1683 utque
328 1639 444 1672 Cicero
467 1640 508 1672 L.
527 1639 566 1672 ΙΙ.
590 1638 689 1680 Lptjl.
709 1640 748 1670 act
764 1636 890 1684 Quinti.

31 1651 140 1718 gion.
154 1687 186 1716 6.
195 1682 346 1724 sponsalia
361 1681 444 1713 dixit
461 1692 519 1724 pro
538 1681 586 1713 his
597 1706 605 1720 ‚
632 1690 702 1721 quae
717 1680 754 1712 ad
770 1677 890 1721 sponsa-

33 1726 76 1760 lia
102 1726 299 1768 requiruntur
315 1747 326 1764 ,
355 1723 387 1757 &
408 1721 564 1756 Asconius
583 1723 620 1754 ad
645 1724 778 1755 ciceron.
797 1721 892 1754 Verr.

33 1770 70 1804 de
87 1768 220 1802 Proetur.
249 1767 314 1802 urb.
336 1766 420 1797 viam
447 1774 505 1806 pro
523 1764 697 1806 sumptibus
712 1788 722 1804 ‚
754 1763 792 1795 ad
809 1763 894 1795 viam

32 1808 229 1848 muniendam
251 1806 437 1840 necessariis.
481 1806 533 1838 Sic
549 1830 558 1845 ‚
594 1808 720 1848 inquam
736 1829 746 1845 ,
780 1805 895 1836 lavatio

33 1850 78 1888 est
93 1859 152 1893 pro
164 1848 370 1882 instrumento
384 1848 532 1880 balneari.
568 1848 683 1880 Sellam
700 1848 809 1888 utique
829 1846 892 1878 bal-

33 1889 157 1926 nearem
171 1891 276 1933 legato
292 1890 410 1922 mundo
425 1890 536 1921 cedere
552 1888 665 1921 Paulus
678 1889 785 1920 auttor
801 1887 847 1920 est
864 1889 892 1919 d.

34 1932 76 1971 L}
98 1931 155 1970 111.
180 1933 316 1965 Sentent.
334 1931 368 1963 T.
378 1935 410 1964 6.
434 1931 463 1972 ἓ.
476 1936 525 1973 83.
571 1930 659 1977 Quin
676 1930 821 1963 &onmia
829 1929 893 1961 bal-

37 1974 138 2012 nfflsia
156 1974 290 2014 cedunt,
313 1983 386 2006 nam
402 1973 520 2005 mundo
537 1972 680 2014 Septitiae
701 1972 805 2014 legato
822 1994 834 2010 ,
858 1971 894 2003 il-

37 2014 208 2058 la'quidem
222 2015 351 2058 putabat
362 2038 373 2055 ,
397 2015 427 2046 ἃ
442 2021 624 2046 ornamenta
639 2038 649 2053 ‚
676 2013 706 2046 &
722 2012 821 2045 vestes
838 2012 893 2045 fibi

39 2056 163 2098 deberi,
186 2056 238 2090 sed
254 2057 383 2091 Scaevola
398 2056 546 2097 respondit
562 2065 598 2087 ex
619 2056 666 2087 his
679 2078 688 2093 ,
708 2065 770 2097 quae
788 2061 892 2096 propo*

38 2102 182 2134 ueremur
195 2122 206 2138 ,
228 2100 379 2131 duntaxat
397 2106 608 2140 argumentum
629 2098 768 2129 balneare
787 2099 894 2128 mundo

38 2140 177 2182 muliebri
197 2142 361 2180 contineri,
384 2148 420 2173 ut
434 2140 472 2172 ab
487 2139 598 2171 eodem
622 2139 719 2171 Paulo
744 2138 896 2180 scriptum

39 2181 86 2214 est
99 2181 132 2214 in
149 2181 316 2214 Librorum
329 2182 452 2224 optimo
461 2204 472 2220 ‚
484 2181 538 2222 qui
555 2181 724 2213 Florentiae
742 2181 895 2220 servatur,

40 2223 73 2256 in
96 2223 118 2256 l.
141 2233 192 2266 32.
217 2223 252 2266 §.⁴
271 2232 297 2263 7.
314 2225 354 2265 ff.
369 2226 403 2255 de
421 2223 500 2255 Aur.
520 2222 556 2258 ὃ)
572 2233 640 2265 arg.
665 2224 722 2265 leg.
748 2222 896 2262 Cujaeius

38 2264 81 2298 L.
104 2264 149 2298 X.
180 2264 306 2304 Observ.
329 2265 360 2297 C.
381 2274 428 2305 17.
449 2273 607 2306 argentum
623 2289 634 2304 ,
659 2265 763 2307 inquit
777 2288 787 2304 ,
813 2265 893 2306 lego,

39 2315 120 2347 non,
143 2312 177 2338 ut
198 2306 276 2338 Flor.
301 2312 519 2350 argumentum.
563 2307 684 2349 Atquin
711 2316 821 2338 omnes
843 2316 894 2338 an-

39 2347 66 2383 ti
90 2357 135 2383 uae
150 2347 336 2389 Editiones,
347 2359 416 2391 quae
432 2348 644 2381 Florentinam
661 2347 896 2390 praeeesserunt,

40 2358 154 2423 haffient
174 2398 333 2432 argentum
349 2414 359 2427 ,
383 2390 485 2430 nulla,
510 2390 594 2430 quod
609 2389 702 2422 seiam
716 2412 727 2429 ,
752 2398 895 2431 excepta.

38 2429 82 2463 Et
97 2430 130 2462 in
145 2430 213 2473 ipso
227 2432 298 2465 MS.
323 2430 530 2472 Florentino,
556 2439 592 2463 ut
610 2440 646 2463 ut
659 2432 834 2473 antiquitus
849 2441 897 2462 ar-

35 2479 207 2546 gumentum
220 2473 338 2513 fuerit,
361 2483 379 2505 a
395 2472 560 2514 posteriori
583 2481 686 2505 tamen
702 2483 797 2504 manu
815 2482 899 2504 nunc

57 2506 254 2555 [turgentum
264 2539 274 2556 ,
299 2525 335 2547 ut
349 2514 465 2548 indicat
483 2514 601 2558 signum
610 2538 622 2554 ,
637 2524 655 2546 a
669 2514 836 2546 Taurellio
847 2514 898 2545 ad-

38 2553 184 2601 p‘ofitum.
228 2556 400 2598 Argentum
415 2566 543 2598 quoque
560 2555 604 2588 est
619 2557 651 2588 in
670 2556 741 2588 MS.
759 2565 850 2594 meo,
867 2556 899 2587 ἅτ

41 2595 112 2636 Ηεϊῗ,
126 2598 178 2630 'ut
195 2596 342 2634 observat
363 2598 514 2639 ,Cujacius
531 2622 542 2638 ,
566 2598 620 2630 hic
640 2597 735 2629 etiam
755 2597 899 2639 legerunt

38 2637 220 2678 Bafilici,&
236 2639 281 2677 est
297 2640 434 2682 legatum
449 2641 570 2681 argenti
586 2640 736 2672 balnearis
760 2639 792 2670 in
817 2639 837 2670 l.-
846 2648 898 2680 40.

39 2678 66 2721 §.
93 2689 122 2712 2.
139 2680 180 2722 ff.
201 2682 229 2713 b.
254 2681 318 2717 Tit.
354 2681 552 2723 =Ceteroqu1n
569 2691 635 2713 non
649 2679 715 2719 est,
739 2690 796 2712 cur
810 2690 901 2722 argu-

37 2720 269 2766 mentantium
294 2723 313 2761 l.
333 2744 335 2749 ·
361 2733 388 2761 2.
411 2722 441 2767 §.
466 2732 496 2765 7.
520 2722 673 2761 morosius
698 2722 875 2763 rejiciamus
890 2746 901 2762 ,

39 2763 316 2809 argumentum-ibi.
363 2774 380 2796 e
391 2764 514 2808 poterit
530 2763 770 2796 instrumentum
780 2786 790 2802 ,
814 2773 903 2806 appa-

39 2812 144 2843 ratus,
166 2813 203 2840 ut
217 2805 250 2838 in
265 2805 323 2849 illo
338 2805 462 2848 Virgilii
484 2805 607 2837 AEneid.
630 2804 701 2837 VII.
728 2807 804 2844 vers.
829 2814 900 2847 791.

41 2852 253 2885 argumentum
270 2846 400 2889 jugans,
421 2847 452 2880 ’δε
472 2847 505 2880 in
520 2847 578 2880 illo
595 2847 717 2880 Lucani
736 2848 843 2886 Phar).
862 2848 902 2880 L.

41 2886 132 2930 Vin.
154 2887 326 2961 vet-1286}
351 2887 484 2929 &8691
507 2890 653 2930 mortique
664 2891 830 2930 peribunt,
854 2899 904 2921 [ιν-ῥ

37 2935 183 2971 gramenta
200 2935 267 2965 tua.
287 2968 290 2971 Δ
309 2939 397 2970 ,πη
410 2931 536 2962 ,mundo
555 2931 681 2972 legato,
705 2941 799 2964 omne
815 2941 905 2963 mun-

39 2970 129 3013 ditia:
146 2969 384 3007 instnumeutum
398 2970 529 3005 debetur
535 2971 611 3011 ,etii
628 2982 692 3004 non
709 2973 906 3016 argenteum,

40 3019 78 3046 ut
93 3010 116 3044 fi
129 3021 255 3046 aureum
264 3032 275 3053 ,
290 3010 448 3053 ;fi,ae¹·eum
460 3012 517 3051 fit,
528 3013 681 3054 debentur
695 3014 725 3046 ἃ
739 3015 799 3047 alia
809 3024 905 3056 ‚prae-

42 3061 91 3084 ter
104 3061 267 3094 argentum
276 3072 295 3093 q
304 3052 343 3087 ad
360 3052 568 3098 mundandum
575 3061 700 3096 parata,
713 3062 750 3087 ut
768 3065 905 3098 unguen-

41 3102 132 3134 tum,-
154 3091 297 3141 specula,
322 3092 353 3126 δι
366 3093 505 3140 reliqua,
526 3105 595 3136 quae
613 3096 753 3129 recenset
776 3099 839 3129 d.-l.
854 3105 904 3141 25.

40 3134 70 3213 P
99 3145 149 3168 10.»
171 3134 402 3181 rusi-dreatnus5
423 3134 567 3181 Titiam„
589 3144 662 3175 ουρ-β’
679 3137 798 3181 legavit
816 3139 849 3176 jn
873 3140 901 3170 d.

53 3201 61 3208 .
86 3187 137 3218 32.
163 3176 191 3219 §.
217 3183 247 3219 7.
264 3186 336 3216 -non
347 3175 433 3210 ahud
449 3175 688 3211 instrumentum
697 3178 903 3213 balneare're-

1088 99 1174 135 LIB.
1201 99 1250 136 V.
1304 99 1406 137 CAP.
1436 95 1555 138 XVII.
1730 97 1799 138 163

925 179 1067 222 liquill'e,
1094 189 1186 221 quam
1203 186 1402 220 argenteum,-
1421 180 1495 220 quin
1511 187 1626 221 praeter
1645 178 1676 211 id
1690 177 1802 220 argeti*

925 230 992 254 tuin
1012 221 1157 253 balneare
1183 220 1261 252 nihil
1283 221 1454 261 quiequam
1470 245 1479 259 ,
1506 222 1591 262 quod
1614 220 1732 253 mundo
1752 217 1803 250 ad-

923 263 1078 295 numerari
1102 261 1194 304 poffir
1211 260 1237 301 ‚'
1255 262 1298 293 ait
1321 271 1404 293 enim
1421 284 1432 300 ,
1457 270 1610 294 auntaxat
1641 268 1805 304 argentum

926 308 1063 337 balneare
1080 307 1186 336 munao
1204 304 1343 335 muliebri
1363 305 1532 342 contineri,
1549 303 1599 335 sed
1609 305 1671 343 ait,
1690 314 1726 335 ex
1741 304 1806 341 his,

926 358 989 390 quae
1002 353 1245 388 proponerentur
1260 368 1269 384 ,
1295 354 1364 386 qua:
1389 344 1542 387 singulare
1567 344 1686 386 filetum
1707 344 1804 386 stipi-⁴

927 390 1026 421 ciunt.
1054 388 1203 429 Cujaeius
1225 389 1256 418 tl.
1279 386 1315 418 L.
1336 385 1380 418 X.
1408 387 1438 418 C.
1462 397 1508 428 17.
1534 386 1802 425 existimat,aun-

929 438 1017 463 taxat
1038 431 1177 462 balneare
1194 436 1355 472 argentum
1373 429 1530 470 exprimi,
1554 438 1618 460 non
1637 428 1674 460 ad
1696 428 1805 459 exelu-

928 473 1028 505 denda
1047 473 1169 514 reliqua
1183 470 1292 503 mundi
1309 470 1491 507 muliebris,
1512 470 1563 502 sed
1579 470 1617 502 ad
1636 469 1807 501 excluden-

929 515 1003 546 dum
1020 515 1178 555 reliquum
1194 512 1474 554 m·gentui11‚qu0d
1482 521 1546 544 non
1557 510 1663 543 fuerat
1681 511 1806 542 balnea-

930 566 973 589 re.
997 556 1058 588 Seu
1075 556 1115 587 de
1134 555 1198 586 alio
1213 561 1346 595 argento
1364 553 1526 593 quaesitum
1550 562 1615 585 non
1633 560 1719 591 erat3
1737 551 1806 584 fim-

930 598 1060 640 pliciter
1076 597 1173 639 igitur
1190 605 1231 627 ex
1249 596 1334 628 fatto
1353 602 1460 636 putem
1470 594 1534 626 ell'e
1548 595 1744 626 mentionem
1756 604 1806 625 ar-

929 641 1016 681 genti
1039 640 1091 671 vel
1116 639 1290 680 argumenti
1310 639 1483 676 hotmaris,
1509 645 1699 678 quocunque
1721 636 1808 667 enim

933 681 1030 713 modo
1055 681 1138 722 legas
1155 704 1164 720 ‚
1197 689 1248 711 me
1277 688 1342 711 non
1371 678 1535 710 difficilem
1567 677 1697 710 habebis
1725 677 1806 709 arbi-

937 730 1030 754 trum.

977 763 1083 795 Probo
1100 770 1225 800 autem,
1249 762 1335 804 quod
1352 761 1501 802 Cujacius
1519 786 1529 801 ‚
1553 762 1649 794 etiam
1669 761 1711 793 ob
1735 762 1763 793 d.
1786 761 1807 792 l.

936 816 987 848 32.
1013 804 1040 846 ᾗ.
1067 815 1094 845 7.
1121 804 1223 836 servet
1248 806 1431 836 lavationem
1455 804 1485 835 in
1516 806 1544 835 b.
1570 804 1591 835 l.
1617 813 1667 843 25.
1701 803 1729 844 §.
1758 813 1809 836 10.

936 857 1015 888 ιμια,
1040 846 1163 887 inquit,
1185 848 1363 884 mulieresse
1377 848 1540 878 enntmlant
1562 847 1594 878 in
1616 847 1737 885 balneo,
1760 846 1808 879 ni-

937 888 982 920 hil
998 897 1095 929 porro
1111 887 1235 919 addens.
1280 888 1340 920 Sed
1358 888 1455 929 magis
1471 888 1573 929 probo
1589 911 1600 926 ,
1624 887 1710 930 quod
1731 887 1784 919 alii
1797 908 1809 926 ‚

936 929 1207 969 interpretationis
1234 929 1308 960 loeo
1326 953 1335 968 ,
1369 929 1431 960 huc
1456 929 1623 961 attulerint
1643 929 1808 961 testamen-

935 979 1004 1001 tum
1024 968 1258 1010 patrisfamilias
1276 970 1357 1011 apud
1366 970 1531 1002 Phaedrum
1557 970 1664 1003 LIV.
1690 970 1806 1012 Fah.4.

931 1011 985 1042 ubi
1010 1019 1110 1042 mater
1126 1034 1136 1050 ,
1161 1012 1362 1043 voluntatem
1377 1034 1387 1051 ,
1412 1020 1448 1042 ut
1465 1011 1616 1052 putabat,
1641 1013 1748 1045 mariti
1764 1011 1808 1045 se-

932 1060 1049 1094 quuta,
1073 1051 1150 1091 vers.
1174 1061 1226 1084 21.
1251 1053 1288 1087 ξεῖ
1305 1063 1355 1084 22.

974 1095 1094 1135 Seponit
1116 1096 1230 1126 moechae
1246 1092 1375 1135 vestem,
1399 1095 1544 1127 mnndum
1561 1095 1757 1133 muliebrem,

973 1135 1217 1168 LAVATIONEM
1232 1145 1473 1176 ARGENTEAM,
1483 1138 1786 1180 eunuchor,glahros.

974 1176 1020 1208 Ut
1038 1177 1080 1208 ibi
1107 1178 1299 1209 enumerarit
1316 1187 1412 1210 omne
1430 1177 1674 1211 instrumentum
1697 1180 1808 1211 mulie-

932 1219 988 1250 bre
1002 1242 1012 1258 ,
1038 1218 1101 1250 hoc
1122 1219 1166 1251 est
1185 1244 1195 1259 ‚
1219 1219 1339 1252 vestem
1355 1244 1365 1259 ,
1391 1220 1544 1252 mundum
1564 1244 1574 1260 ,
1601 1222 1631 1253 ὃς
1650 1220 1778 1253 servitia
1795 1246 1807 1260 ,

935 1260 1055 1292 mundo
1074 1262 1242 1293 accensens
1259 1262 1443 1293 lavationem
1460 1270 1636 1304 argenteam
1649 1287 1659 1303 ,
1684 1272 1810 1305 appara-

935 1309 1003 1348 tum
1019 1310 1131 1343 nempe
1150 1303 1343 1343 balnearem,
1365 1304 1419 1345 qui
1437 1305 1536 1346 vulgo
1553 1314 1593 1339 ex
1611 1311 1811 1347 argento,ut

934 1343 1074 1375 mchcant
1089 1345 1182 1384 loca,
1206 1355 1275 1386 quae
1295 1346 1399 1377 attuli.
1445 1346 1510 1378 Sub
1529 1348 1637 1378 mundo
1665 1347 1694 1378 δε
1719 1356 1810 1378 orna-·

934 1393 1040 1430 menta
1057 1386 1318 1428 comprehendit,
1343 1387 1374 1418 id
1389 1385 1453 1426 est,
1479 1389 1622 1427 uniones,
1647 1395 1683 1419 ut
1697 1388 1812 1420 deinde

936 1426 1095 1467 explicat,
1109 1427 1237 1475 &Ulaepe
1252 1428 1328 1460 alias
1345 1428 1525 1470 promiscue
1542 1430 1611 1462 haee
1622 1437 1812 1479 occurrunt„

935 1477 971 1499 ut
988 1477 1066 1499 mox
1083 1469 1199 1502 aud1es.

976 1509 1005 1542 A
1030 1511 1149 1542 mundo
1174 1512 1329 1554 Ulpianus
1355 1512 1462 1545 transit
1483 1512 1521 1545 ad
1537 1523 1742 1554 ornamenta,
1766 1512 1811 1545 fic

934 1558 1104 1599 pertexens
1123 1554 1237 1594 telam,
1262 1563 1355 1596 quam
1378 1554 1585 1588 inchoaverat
1603 1557 1635 1588 in
1655 1557 1811 1597 principio

935 1599 1028 1640 nujus
1052 1592 1081 1635 §.
1095 1604 1143 1626 10.
1168 1605 1240 1628 narn
1256 1597 1300 1628 ibi
1317 1605 1502 1630 ornamenta
1516 1598 1703 1630 definiverat
1719 1598 1811 1630 &va-

934 1645 995 1667 rias
1012 1644 1122 1667 eorum
1135 1634 1253 1678 species
1267 1638 1430 1678 adjecerat.
1456 1639 1542 1672 Mox
1554 1640 1709 1680 interjicit
1724 1648 1810 1681 quae-

935 1676 1006 1708 dam
1029 1676 1068 1708 de
1093 1679 1223 1711 mundo.
1269 1678 1366 1711 Nunc
1382 1679 1458 1712 alias
1484 1679 1602 1722 species
1618 1681 1748 1722 adjicit,
1774 1688 1811 1711 ut

935 1721 1046 1750 mitras
1061 1743 1071 1758 ‚
1095 1719 1134 1750 de
1158 1721 1273 1762 quibus
1292 1743 1304 1759 ,
1328 1721 1414 1762 quod
1436 1720 1509 1754 satis
1533 1723 1600 1762 est,
1625 1722 1812 1755 Pancirolus

936 1763 963 1793 d.
990 1760 1029 1792 L.
1054 1760 1094 1792 ll.
1122 1761 1153 1793 C.
1178 1772 1229 1800 99·
1276 1761 1388 1794 Petrus
1400 1761 1498 1796 Faber
1521 1764 1560 1797 L.
1573 1764 1597 1796 Ι.
1623 1762 1762 1805 Senzeftr.
1775 1765 1813 1796 C.

941 1811 988 1842 15.
1015 1802 1045 1834 ὅ(
1060 1801 1245 1836 Francil'cus
1260 1803 1377 1836 Schott
1392 1803 1501 1838 Itiner.
1518 1806 1592 1839 Ital.
1617 1807 1656 1838 L.
1672 1806 1712 1839 Il.
1725 1812 1754 1847 p.
1768 1816 1809 1838 m.

936 1854 1008 1886 307.
1054 1843 1153 1876 Addit
1168 1845 1281 1877 deinde
1298 1855 1384 1877 acum
1402 1856 1468 1878 cum
1493 1851 1665 1890 margarita
1682 1872 1691 1887 ,
1721 1858 1812 1890 quam

937 1887 1078 1932 tnztlieres
1096 1888 1202 1920 habere
1217 1888 1324 1929 solent.
1370 1887 1528 1931 Intelligit
1551 1900 1645 1923 acum
1668 1897 1812 1922 comato-

937 1937 1023 1959 riam.
1069 1928 1129 1960 Sed
1144 1929 1213 1960 haee
1231 1938 1295 1961 non
1312 1932 1505 1963 ornamentis
1521 1956 1531 1971 ,
1556 1939 1588 1963 at
1602 1932 1722 1964 mundo
1742 1941 1811 1963 mu-

936 1969 1028 2001 liebri
1044 1968 1230 2002 adscribitur
1249 1971 1281 2001 in
1302 1968 1408 2012 Gloffis
1425 1970 1589 2012 Petronii,
1615 1974 1716 2005 verbo
1738 1983 1812 2005 acus

936 2013 1110 2043 comatoria.
1157 2012 1266 2050 Acus,
1292 2013 1415 2054 inquit,
1441 2023 1652 2048 coMATomA
1675 2022 1730 2047 aut
1750 2017 1811 2047 cri-

937 2054 1037 2092 nalis,
1059 2053 1366 2095 calanzislratorium‚
1390 2057 1428 2086 ad
1454 2058 1554 2088 crines
1569 2057 1812 2098 ddifflguendos,

937 2098 970 2127 in
985 2097 1093 2127 mundo
1109 2097 1259 2128 muliebri.
1300 2097 1332 2128 Si
1352 2096 1580 2135 discerniculum
1596 2101 1678 2141 apud
1696 2100 1812 2132 Varro-

937 2147 1010 2170 nem
1033 2141 1067 2170 de
1089 2138 1129 2170 L.
1155 2139 1196 2170 L.
1218 2139 1260 2170 L.
1290 2137 1345 2170 IV.
1367 2145 1398 2177 ρ.
1422 2150 1461 2172 m.
1487 2150 1538 2182 32.
1564 2141 1647 2173 idem
1673 2141 1711 2174 fit
1737 2151 1812 2173 eum

939 2190 996 2226 acu
1010 2182 1189 2220 comatoria,
1214 2187 1250 2211 ut
1269 2180 1299 2212 ὃς
1321 2180 1387 2222 ipse
1405 2190 1485 2223 puto
1507 2191 1548 2215 ex
1569 2183 1733 2225 utriusque
1757 2182 1811 2216 de-.

939 2221 1131 2263 scriptione,
1157 2231 1221 2254 tam
1235 2222 1318 2263 apud
1338 2222 1510 2256 Varronem
1523 2248 1533 2264 ,
1558 2233 1651 2265 quarn
1669 2225 1701 2257 in
1725 2225 1813 2257 Glos÷

937 2263 996 2302 lis,
1020 2274 1080 2306 pro
1103 2271 1292 2296 ornamento
1316 2263 1410 2296 habet
1431 2265 1533 2298 Varro
1549 2288 1560 2304 ,
1586 2274 1621 2297 ut
1642 2266 1695 2297 hie
1717 2266 1814 2298 habet

939 2305 1117 2347 Ulpianus,
1141 2315 1207 2338 non
1222 2314 1281 2347 pro
1305 2306 1433 2339 mundo.
1480 2307 1539 2339 Sed
1565 2316 1635 2348 quae
1658 2307 1695 2339 ad
1721 2318 1812 2340 orna-

940 2355 1033 2387 tum,
1059 2357 1129 2389 quae
1143 2347 1180 2379 ad
1196 2346 1347 2378 mundum
1367 2348 1553 2380 muliebrem
1572 2350 1733 2389 pertinent
1748 2374 1758 2389 ,
1783 2359 1814 2381 a-

939 2389 1129 2421 nimadverti
1152 2390 1182 2421 &
1205 2387 1279 2420 alias
1301 2389 1480 2430 promiscue
1503 2389 1667 2431 usurpari,
1693 2391 1723 2423 ἅ
1742 2390 1817 2423 sane'

941 2430 1011 2475 quis
1031 2431 1113 2462 inter
1133 2437 1316 2462 ornamenta
1339 2440 1403 2462 non
1427 2430 1546 2463 referat
1571 2442 1678 2471 acum,
1702 2440 1738 2465 ut
1754 2432 1814 2464 Ul-

940 2480 1050 2512 pianus
1070 2473 1132 2512 ait,
1157 2483 1224 2503 cum
1244 2475 1416 2512 margarita
1432 2474 1449 2506 ἱ)

983 2513 1165 2554 Sequuntur
1187 2514 1317 2546 reticula
1336 2537 1349 2553 ,
1379 2517 1582 2557 crorufantia.
1629 2515 1757 2548 Nonius
1783 2515 1817 2547 in

942 2554 1119 2591 ‚Reticulztm
1141 2557 1207 2595 ait,
1231 2558 1393 2588 reticulum
1408 2557 1470 2589 ess'e
1489 2564 1606 2599 tegmen
1624 2559 1732 2597 capitis
1752 2567 1814 2588 mu-

943 2597 1054 2634 liebre,
1079 2598 1109 2629 &
1129 2598 1169 2630 sse
1190 2597 1252 2636 est,
1277 2597 1334 2630 nifi
1354 2608 1561 2631 ornamentum
1582 2600 1687 2632 dicere
1704 2598 1814 2637 malis,

944 2638 1018 2712 ῗιιίῑι
1033 2649 1098 2671 non
1114 2647 1179 2672 tam
1194 2641 1292 2682 tegit,
1317 2650 1410 2682 quam
1430 2649 1521 2673 ornat
1538 2649 1634 2683 caput
1651 2638 1816 2677 muliebre,

958 2689 998 2711 eu
1012 2681 1121 2722 potius
1137 2682 1283 2714 continet
1301 2682 1434 2723 capillos
1451 2683 1641 2715 diffluentes.
1688 2680 1816 2711 Reticu-

944 2723 987 2754 tos
1004 2723 1086 2755 dixit
1098 2723 1235 2762 Paulus,
1260 2732 1373 2764 genere
1392 2724 1506 2763 virili,
1531 2725 1569 2756 J..
1594 2723 1649 2755 Ill.
1675 2723 1816 2754 Sentent.

946 2764 977 2796 C.
1002 2767 1032 2797 6.
1057 2764 1085 2805 §.
1113 2769 1163 2806 84.
1189 2763 1241 2803 De
1256 2765 1305 2796 his
1319 2765 1463 2801 reticulis
1482 2766 1512 2797 ot
1529 2765 1651 2802 Varro,
1677 2763 1707 2795 &
1725 2763 1818 2803 Juve—

944 2805 1045 2845 nahs,
1071 2806 1101 2838 &
1118 2806 1191 2844 alii,
1215 2805 1284 2837 aliis
1300 2807 1426 2848 prolixe
1447 2805 1562 2838 laudati
1582 2829 1591 2844 ‚
1617 2804 1690 2836 satis
1712 2803 1816 2846 super-

947 2856 1008 2889 que
1023 2848 1184 2879 dixerunt.
1229 2846 1336 2887 Atque
1349 2856 1391 2879 ex
1409 2847 1457 2879 his
1478 2846 1637 2887 intelliges
1652 2870 1661 2885 ‚
1686 2847 1820 2877 reticula

948 2889 1001 2922 hic
1016 2899 1080 2921 non
1099 2888 1161 2920 effe
1169 2889 1289 2928 fascias
1307 2911 1317 2927 ,
1342 2888 1426 2927 quod
1447 2887 1499 2919 alii
1524 2886 1652 2919 suadent
1670 2897 1680 2925 7,
1705 2889 1815 2919 reticu-

948 2931 1010 2963 lum
1030 2940 1089 2972 pro
1106 2930 1205 2970 fascia
1228 2929 1352 2970 accipio
1370 2930 1402 2961 in
1428 2929 1446 2960 Ι.
1471 2939 1501 2970 5.
1527 2927 1555 2968 §.
1587 2938 1633 2960 12.
1652 2928 1693 2971 ff.
1712 2929 1818 2962 cleHis

945 2973 1000 3017 quti
1020 2972 1113 3015 effud.
1136 2972 1185 3003 vel
1201 2972 1327 3011 dejecer.
1354 2970 1406 3002 ubi
1425 2969 1579 3012 Ulpianus
1593 2971 1738 3003 meminit
1755 2981 1817 3002 am-

948 3014 1057 3056 phorae
1075 3022 1112 3043 ex
1128 3014 1254 3044 reticulo
1272 3009 1423 3053 suspensae
1443 3023 1451 3042 z
1476 3020 1576 3050 neque
1595 3012 1679 3043 enim
1706 3013 1748 3044 ibi
1772 3023 1819 3044 re-

943 3056 1053 3097 sticulo
1072 3054 1164 3095 lego,
1191 3061 1225 3086 ut
1243 3053 1339 3094 legit,
1365 3055 1395 3085 ὅ(
1411 3053 1531 3084 utinam
1556 3053 1588 3084 in
1609 3062 1719 3085 necem
1735 3053 1821 3086 suain

949 3095 1080 3139 parass'et
1095 3095 1277 3127 emendator
1293 3094 1404 3126 malus.
1448 3094 1477 3126 A
1495 3093 1584 3134 restis
1601 3094 1769 3127 dicendum
1791 3104 1820 3127 ea

946 3145 994 3170 rat
1014 3136 1179 3178 resticula,-
1202 3136 1232 3168 ὅε
1249 3135 1294 3166 ita
1310 3136 1482 3174 dixerunt,
1506 3135 1560 3177 qui
1579 3134 1692 3168 Latine
1709 3137 1820 3177 loquu-
1844 3175 1849 3177 ,

948 3179 973 3213 ti
989 3177 1070 3212 sunt.
1096 3177 1301 3222 Boxhornius
1315 3177 1352 3210 ad
1373 3177 1498 3219 Lempr.
1517 3177 1692 3219 Alexandr.
1714 3179 1821 3210 Sever.

1090 3219 1124 3253 X
1146 3230 1167 3262 3
1699 3222 1732 3262 p.
1749 3218 1822 3254 8ch.
