2008 3436
149 124 218 167 356
394 117 794 155 CORNELM

149 196 217 239 effe,
237 198 267 230 ἃς
285 197 326 231 fic
350 198 415 238 est,
449 209 484 231 ut
507 208 560 240 per
579 206 682 240 partes
710 193 860 238 exposui,
883 204 954 241 curn
976 194 1016 226 de

148 240 318 271 liberorum
339 241 544 279 venditione,
570 249 636 271 tum
653 240 692 270 de
713 238 854 280 pignoris
868 237 1015 274 datione3

148 281 171 313 fi
195 291 342 313 neutrum
371 282 463 313 licuit
480 306 489 321 ,
523 283 562 313 de
583 281 777 318 donatione,
797 279 848 310 vel
865 279 929 309 alio
952 286 1016 318 quo

150 323 246 354 inodo
265 322 469 364 transferendi
489 323 622 355 dominii
639 331 702 354 non
723 320 767 352 est
785 341 794 360 ‚
820 328 854 351 ut
870 328 994 360 agamus
1006 341 1016 356 ,

149 363 290 402 neceffe‚
322 366 391 396 nam
419 365 483 396 duo
513 365 634 406 priores
658 363 794 403 reliquos
817 370 929 406 omnes
950 369 1016 390 mo-

150 406 207 437 dos
227 404 300 438 satis
323 406 506 451 excludunt.
553 404 743 437 Rescribunt
767 403 863 442 igitur
887 400 1018 445 Diocle-

151 447 255 478 cianus
276 448 306 479 ὅ(
329 448 544 480 Maximianus
567 447 605 478 de
626 446 693 485 jure
717 451 849 485 aperto,
882 449 918 487 ut
939 443 1019 487 iaepe

154 487 257 520 solent
300 488 507 529 Imperatores
539 497 579 519 ex
615 487 700 518 fatto
717 508 734 524 ,
759 485 842 524 quod
863 483 1018 530 *incidit,

153 529 301 562 consulti.
347 530 390 562 Et
411 530 552 571 quamvis
569 527 738 559 rescribant
756 527 951 565 Pupiniam,
974 530 1018 568 at-

154 580 215 611 que
236 571 280 603 ita
302 570 463 609 foemina’,
485 570 586 601 nolim
609 578 648 599 ex
672 577 711 598 eo
733 567 835 605 effici,
859 565 898 597 de
911 572 1021 611 *matri-

154 612 213 642 bus
237 613 388 644 duntaxat
418 619 566 653 oportere
600 609 756 650 intelligi,
780 607 865 649 quod
886 606 938 637 hic
958 615 1019 651 ma-

154 652 329 695 nifefiiffimi
346 655 424 695 juris
447 651 508 683 css'e
532 651 732 692 perhibetur,
751 659 787 680 ac
808 648 829 680 fi
851 656 964 693 nempe
976 646 1020 693 ‘il-

154 694 214 733 lis,
247 703 360 735 utpote
389 693 488 735 patria
520 691 675 733 potestate
707 690 891 728 destitutis,
924 688 1023 733 κὶμιε

156 745 221 767 non
245 742 462 776 competeret,
493 733 513 765 si
549 733 630 764 enim
656 734 699 764 ita
719 731 875 772 intelligas
895 753 906 768 ,
928 737 1023 760 etiam

156 778 244 808 nulla
265 777 303 807 de
327 776 466 817 patribus
487 774 563 806 ess'et
585 774 780 816 prohibitio,
804 780 916 803 contra
932 778 1024 810 quam

156 817 212 858 ipfi
237 817 388 850 Mai-cilio
411 817 440 848 &
461 812 622 857 Giphanio
646 815 747 847 visum
772 813 824 846 est.
856 813 960 860 Ut1ut
975 820 1025 842 au-

160 861 337 899 teinlmatri
363 857 510 898 inscripta
534 857 570 889 sit
593 859 621 889 cl.
645 857 666 888 b:
684 867 711 889 1.
728 857 766 887 de
789 855 963 888 Parentibus
982 860 1024 883 ta-

158 909 231 932 men
256 899 302 931 est
325 899 424 941 ipsum
447 898 665 945 Rescriptum,
697 899 726 930 ἃ
747 897 831 938 quod
851 896 889 928 de
910 895 1022 941 Paren-

159 943 236 973 tibus
256 941 459 980 rescribitur,
484 940 522 972 de
546 940 620 972 iolis
642 940 781 980 patribus
794 938 854 970 esse
873 944 1027 983 accipiew

158 982 252 1022 dum,
277 992 341 1015 non
378 991 499 1014 tantum
529 981 636 1013 Tituli
659 980 823 1021 inscriptio
845 978 1026 1020 fignificat,

159 1023 213 1056 sed
246 1025 275 1056 &
305 1024 344 1056 de
375 1023 526 1055 matribus
558 1023 663 1063 inepta
690 1021 821 1063 quaestio
838 1044 849 1060 ,
872 1021 913 1051 ob
937 1026 1028 1063 quam

160 1065 322 1107 Principes
346 1066 522 1103 adirentur,
555 1074 649 1096 nemo
682 1064 764 1095 enim
790 1072 868 1094 unus
891 1060 953 1106 est?
975 1068 1029 1104 qui

159 1106 198 1138 de
223 1108 271 1139 his
294 1116 428 1148 unquam
451 1105 531 1137 serio
563 1105 791 1137 deliberaverit.
838 1103 999 1148 Papiniani
1019 1122 1029 1138 ‚

159 1149 212 1190 pia
235 1157 354 1188 mater,
376 1148 415 1179 de
437 1146 522 1179 fafito
545 1146 632 1178 forte
652 1146 753 1178 mariti
773 1144 880 1186 questa
895 1167 905 1183 ,
929 1143 960 1189 id
982 1151 1027 1173 re-

160 1189 309 1232 sponsum
334 1189 429 1227 tulit,
460 1189 545 1230 quod
578 1189 617 1219 de
640 1187 779 1229 patribus
801 1184 938 1218 consulti
960 1206 971 1222 ,
994 1192 1027 1213 o-

161 1241 272 1270 mnes,
308 1230 362 1263 nisi
391 1229 508 1269 fallor,
540 1229 610 1270 thi
636 1228 811 1267 dedissent,
833 1236 873 1258 ex
896 1233 1030 1267 quorum

163 1273 316 1316 symbolis
340 1272 501 1304 Pandeftae
524 1271 680 1303 constant.

208 1315 260 1346 Sic
289 1313 436 1345 habemus
462 1313 599 1353 reguiam
625 1313 664 1343 de
683 1311 843 1352 prohibita
861 1309 1033 1340 liberorum

164 1355 350 1388 venditione
379 1356 409 1386 ὅ(
433 1355 713 1394 oppigneratione,
732 1361 795 1383 non
814 1358 848 1381 ut
861 1359 928 1380 eam
947 1348 1034 1380 indu-

165 1404 282 1431 xerunt
308 1394 529 1428 Diocletianus
554 1395 583 1425 ἃ
608 1393 840 1430 Maximianus,
872 1390 922 1423 sed
938 1398 973 1421 ut
994 1399 1034 1420 ex

165 1439 240 1481 jure
268 1437 368 1468 veteri
393 1435 629 1467 confirmarunt.
681 1434 782 1466 Unam
810 1433 1033 1473 exceptionem

166 1480 254 1513 dabit
275 1477 389 1510 Paulus
417 1477 457 1508 L.
483 1476 522 1508 V.
556 1476 688 1507 Sentent.
717 1475 751 1507 T.
777 1475 799 1507 I.
822 1475 850 1516 §.
878 1483 914 1506 1.-
952 1472 1036 1520 Qui,

166 1522 233 1559 ait,
265 1518 503 1559 contemplatione
529 1523 662 1549 extremae
687 1516 859 1559 neceffitatis
875 1537 886 1554 ,
907 1521 959 1546 aut
979 1514 1034 1545 alz-

168 1567 329 1595 mentcrum
343 1563 465 1602 gratia,
483 1558 564 1598 filios
574 1562 643 1599 jaos
659 1559 847 1590 vendicierint
863 1580 872 1596 ,
886 1555 982 1598 statui
991 1557 1037 1586 in-

169 1603 333 1647 genuitatis
347 1611 441 1632 eorum
457 1611 514 1631 non
524 1601 742 1642 praejadiccznt:
772 1600 851 1631 homo
868 1600 945 1629 em'm
965 1598 1038 1628 liber

169 1645 249 1677 nullo
261 1644 355 1684 pretio
373 1640 538 1683 aesbiinatur.
586 1642 700 1681 Vides,
722 1642 775 1683 qui
799 1641 852 1672 hic
878 1639 1037 1680 loquitur,

168 1687 301 1719 Paulum
329 1683 391 1715 esse
409 1707 418 1723 ,
452 1685 481 1715 ὅ(
512 1684 600 1724 loqui
631 1684 669 1715 de
691 1684 785 1720 filiis,
810 1691 872 1713 non
896 1680 1039 1726 diiiintta

170 1735 273 1760 aetate.
303 1724 355 1757 De
378 1725 498 1766 legibus
522 1724 721 1757 Constantini
741 1725 935 1763 aliorumque
955 1721 1040 1753 Prin-

171 1769 297 1810 cipum,
322 1767 350 1798 &
372 1766 457 1797 omni
482 1766 548 1806 ejus
569 1766 646 1806 juris
666 1765 844 1808 progreffu,
871 1765 900 1796 oc
915 1763 989 1805 quid
1002 1763 1041 1794 de

171 1808 394 1843 recens'natis
425 1806 620 1839 statuendum
651 1808 710 1846 iit,
734 1804 840 1849 postea
863 1804 1039 1851 accuratius

172 1852 234 1883 erit
256 1849 432 1881 dicendum.
478 1848 575 1880 Vides
596 1849 710 1887 etiam,
733 1859 797 1880 non
814 1848 951 1879 damnari
967 1855 1041 1877 ven-

170 1892 328 1924 ditionem
351 1890 489 1922 filiorum
524 1889 540 1931 (
551 1891 581 1922 δε
601 1880 645 1922 de*
663 1890 785 1922 filiabus
809 1888 922 1930 procul
944 1887 1042 1919 dubio

173 1932 357 1966 tantundem
390 1931 479 1973 erit)
509 1931 531 1963 si
562 1940 691 1973 urgeat,
709 1932 821 1964 durum
844 1931 964 1968 telum,
989 1936 1041 1959 ne-

173 1974 294 2007 ceflitas
311 1995 323 2011 ,
356 1972 377 2004 fi
411 1981 500 2014 pater
530 1975 668 2012 vendat,
701 1982 765 2014 quo
789 1972 820 2005 se
842 1971 872 2004 ἀ
897 1969 1043 2015 suos,·&

172 2017 258 2048 hunc
297 2013 396 2055 ipsum
413 2037 423 2053 ,
456 2023 547 2055 quem
583 2015 713 2054 vendit,
735 2013 838 2046 salvos
857 2012 919 2044 esse
938 2011 1040 2057 velit,

174 2057 217 2095 fi,
240 2065 304 2096 quo
326 2054 356 2087 se
380 2056 410 2087 &
434 2054 506 2086 suos
529 2055 697 2095 exhibeat,
731 2065 790 2089 nec
809 2054 932 2087 aliunde
954 2061 1040 2093 quic·

173 2107 265 2140 quam
288 2096 416 2135 habeat,
438 2105 496 2127 nec
520 2096 631 2129 habere
650 2097 761 2138 poffit,
784 2104 881 2134 tunc,
904 2095 1042 2135 inquam,

174 2139 265 2170 vides
288 2137 504 2169 venditionem
525 2147 588 2170 non
612 2139 769 2178 damnari,
800 2137 850 2169 sed
868 2137 912 2167 ita
928 2144 1044 2173 tamen,

175 2190 216 2212 ne
245 2179 320 2220 quid
352 2178 490 2210 filiorum
522 2179 708 2220 ingenuitati
740 2178 923 2220 praejudicet
944 2184 1041 2218 pater.

177 2221 259 2266 Quae
289 2219 448 2260 a‘djeffio,
477 2229 548 2251 cum
576 2220 613 2252 ad
642 2221 909 2257 manumiffionem
931 2217 1044 2249 refera-

178 2271 249 2301 tur,
286 2270 322 2294 ut
352 2270 428 2292 mox
452 2261 574 2301 dicam,
610 2260 682 2293 satis
706 2262 856 2303 fignificat
874 2285 884 2300 ,
908 2258 1044 2301 potuisse

176 2311 298 2345 patrem
314 2325 325 2341 ,
356 2301 377 2334 fi
402 2302 465 2334 alio
490 2303 542 2334 uin
563 2303 616 2335 fibi
642 2302 764 2344 suisque
786 2302 977 2344 pei-eundum
999 2310 1045 2346 es⁴

178 2345 243 2384 set,
269 2344 385 2376 liberos
409 2344 440 2375 in
478 2344 647 2376 ervitutem
673 2344 824 2376 vendere:
848 2351 1046 2383 nequeenim

179 2386 312 2419 Paulum
342 2385 489 2426 intelligo
519 2385 558 2417 de
587 2385 673 2418 facto
702 2386 819 2418 illicito
840 2384 939 2426 patris
960 2393 1045 2415 com-

179 2435 393 2466 mentantem,
417 2434 451 2457 ut
472 2436 530 2458 nec
545 2427 612 2468 quis
637 2437 705 2459 uam
721 2427 817 2466 alius,
841 2426 925 2467 quod
940 2424 1045 2463 sciam,

181 2469 226 2501 ita
249 2467 379 2500 Paulum
400 2468 571 2500 intellexit.
646 2477 658 2500 t
678 2469 743 2501 noli
766 2475 896 2510 putare,
918 2476 982 2498 non
1007 2465 1048 2496 sa-

183 2510 225 2542 tis
249 2509 279 2540 id
304 2509 476 2540 convenire
497 2510 606 2550 pietati
622 2519 764 2541 veterum
780 2509 953 2550 JCtorum,
975 2507 1048 2548 quia

180 2550 246 2592 ipsa
282 2549 484 2582 humanitatis
515 2551 596 2582 ratio
624 2550 768 2583 defendit
807 2550 1047 2588 venditionem,

183 2602 244 2634 qua
273 2591 352 2631 fibi,
386 2600 446 2631 qua
479 2591 607 2632 reliquis
628 2592 734 2624 liberis
757 2593 848 2623 unice
867 2589 1046 2623 consultum

181 2634 244 2665 ivit
266 2639 373 2674 pater,
396 2631 418 2663 fi
442 2632 524 2662 enim
548 2632 627 2664 nihil
651 2634 678 2664 ei
701 2633 846 2674 superfit,
870 2642 934 2673 quo
957 2631 1047 2663 mise-

182 2684 248 2706 ram
274 2673 406 2705 animam
437 2673 539 2704 trahat
558 2696 567 2711 ,
589 2672 611 2704 si
632 2674 762 2714 publico
787 2673 911 2714 sumptu
934 2671 1050 2713 egestas

182 2724 247 2748 non
267 2715 395 2755 juvetur
418 2713 505 2755 (quae
529 2722 604 2746 cura
623 2723 659 2746 ut
677 2715 824 2756 deinceps
849 2714 975 2753 audies,
993 2724 1048 2755 po-

872 125 979 152 VAN

787 2809 1057 2846 CAPU

1056 108 1685 150 BYNKERSHOEK‘

1058 194 1195 228 sterioris
1229 191 1379 233 temporis
1407 191 1502 233 fuit)
1523 192 1631 233 ecquis
1653 192 1778 233 negabit
1803 190 1919 234 aequius

1057 236 1169 269 melius
1189 234 1269 274 esse,
1291 235 1426 272 liberos,
1447 243 1511 274 quo
1531 234 1662 272 vivant,
1682 234 1714 265 in
1740 233 1920 267 servitutem

1058 277 1217 314 vendere,
1241 277 1270 308 &
1295 276 1338 308 ita
1362 275 1533 306 necestitati
1556 275 1687 314 cedere,
1711 285 1802 316 quam
1819 275 1922 316 fame·²

1059 318 1233 352 miserrimo
1264 317 1376 349 mortis
1407 325 1540 358 genere,
1566 316 1596 347 in
1620 317 1705 356 sinu,
1731 317 1761 348 in
1783 317 1924 357 lectulo,

1060 360 1096 392 ad
1120 358 1228 390 focum
1250 367 1416 400 pereuntes
1438 357 1569 389 videre?
1599 358 1704 389 Etiam
1728 357 1800 398 Jure
1824 358 1922 398 judai-

1062 411 1122 440 co,
1145 401 1368 432 alimentorum
1387 400 1440 431 vel
1468 399 1538 430 aeris
1557 398 1647 430 aliani
1677 399 1787 438 causa,
1809 399 1923 432 liberos

1062 443 1092 474 ἂ
1112 442 1357 474 venundatos&
1376 441 1599 482 oppigneratos
1613 439 1706 472 fuisse
1723 441 1854 482 legimus
1869 441 1926 472 Ge-

1061 483 1121 525 nes.
1145 484 1175 515 C.
1196 482 1331 515 XLVII.
1357 481 1384 524 ἓ.
1408 488 1456 517 18.
1479 491 1526 518 19.
1549 481 1584 516 δ’
1606 491 1655 522 25.
1681 482 1712 514 ἃ
1736 481 1922 525 L.11.Reg.

1066 526 1099 556 C.
1121 524 1177 556 IV.
1201 524 1229 565 §.
1257 533 1283 555 1.
1330 524 1397 556 Lex
1414 523 1569 555 Thebana
1583 524 1656 563 quid
1676 525 1777 564 patri,
1796 523 1832 554 ad
1841 533 1925 555 men—

1063 566 1227 597 dicitatem
1241 574 1361 606 cgenO,
1383 565 1468 597 circa
1489 564 1605 596 liberos
1623 564 1799 606 permiserit
1815 573 1855 595 ex
1873 565 1928 597 [Έ-

1065 607 1137 638 liani
1172 607 1211 638 L.
1245 607 1284 638 ii.
1310 606 1389 638 Var.
1423 603 1536 645 Hister.
1566 607 1598 637 C.
1622 616 1652 646 7.
1676 606 1772 638 video
1797 606 1827 638 &
1848 606 1928 638 alios

1064 647 1195 679 notasse.
1240 646 1368 678 Gothos
1398 656 1523 688 quoque
1548 647 1579 678 in
1606 646 1706 679 Dacia
1724 670 1735 686 ,
1764 647 1877 679 Moefia
1901 647 1932 680 δε

1065 689 1206 721 Thracia
1231 688 1406 720 habitantes
1425 710 1435 725 ,
1466 697 1538 718 cum
1564 687 1648 719 fame
1675 689 1871 728 laborarent,
1896 698 1931 720 o-

1066 730 1210 770 mniaque
1235 729 1512 770 consumpfiffent,
1539 729 1662 761 tandein
1678 731 1708 762 ὅ(
1726 731 1806 762 datis
1823 729 1933 761 liberis

1068 771 1085 803 s
1083 772 1129 802 uis
1146 770 1264 801 vitium
1282 780 1299 802 a
1316 771 1466 802 Romanis
1483 770 1673 810 comparasse
1688 771 1796 803 au6tor
1813 771 1931 812 estjor-

1067 813 1182 845 nandes
1200 809 1313 852 Hstor.
1341 813 1437 843 Getic.
1463 811 1503 842 L.
1530 810 1615 842 VIII.
1637 818 1669 852 p.
1690 822 1729 844 m.
1753 817 1843 848 1088.
1866 813 1934 854 plu-

1067 865 1100 887 ra
1118 855 1148 885 in
1169 853 1247 884 hanc
1275 862 1340 885 rem
1362 853 1507 893 exempla
1535 850 1677 893 suggeflit
1695 853 1886 886 Solorzanus
1900 855 1935 885 cie

1068 896 1235 929 Parricidia
1258 895 1297 927 L.
1322 894 1359 926 ll.
1388 896 1418 926 C.
1438 893 1508 925 Vll.
1528 903 1598 934 quae
1619 904 1683 926 non
1703 893 1856 927 describo.
1885 895 1936 928 Sa·

1069 938 1110 969 tis
1122 961 1131 975 ‚
1155 936 1289 977 opinor,
1311 935 1380 968 haec
1395 935 1500 968 omnia
1518 934 1741 976 persuaserint,
1767 937 1798 967 in
1821 935 1892 968 casu
1909 945 1938 967 e-

1069 978 1215 1020 gestatis,
1247 978 1299 1009 ubi
1323 978 1430 1009 deficit
1450 978 1577 1018 publica
1590 977 1778 1016 liberalitas,
1797 986 1861 1009 non
1882 977 1936 1010 nifi

1070 1019 1165 1061 impia
1179 1019 1297 1059 pietate
1318 1019 1486 1050 liberorum
1517 1018 1732 1050 venditionem
1753 1018 1938 1060 prohiberi,

1072 1069 1228 1102 quumque
1247 1060 1332 1091 Pauli
1350 1068 1443 1092 aetate
1460 1059 1586 1100 publica
1605 1060 1795 1099 liberalitas,
1820 1060 1851 1092 in
1869 1069 1938 1092 eam

1072 1101 1192 1134 causam
1205 1125 1214 1140 ‚
1239 1100 1411 1140 defecerit,
1434 1101 1517 1132 recte
1539 1110 1607 1132 „tm
1625 1111 1643 1132 a
1660 1111 1766 1143 regma
1782 1101 1940 1144 excepisse

1071 1150 1231 1176 extremam
1248 1141 1449 1184 neceffitatem.

1113 1184 1326 1216 Romanorum
1356 1192 1459 1215 tamen
1486 1184 1672 1224 clementia,
1706 1185 1801 1217 etiam
1826 1184 1884 1216 hac
1907 1185 1942 1218 in

1073 1236 1112 1267 pa
1206 1225 1295 1255 statui
1316 1225 1432 1256 liberor
1457 1235 1485 1255 m
1503 1225 1682 1265 consuluit,
1706 1228 1890 1269 ingenuitati
1910 1237 1942 1258 e-

1075 1268 1139 1300 nim
1165 1275 1260 1297 eorum
1280 1275 1337 1296 non
1361 1267 1550 1307 praejzcdicari
1577 1266 1690 1298 Paulus
1712 1266 1850 1309 scripfit,
1872 1270 1943 1310 qaia

1077 1309 1150 1340 liber
1170 1311 1248 1338 tomo
1276 1307 1355 1338 nullo
1377 1308 1471 1347 pretio
1492 1307 1658 1348 affirmatur.
1705 1307 1801 1354 Quod
1815 1309 1859 1341 ita
1877 1319 1944 1342 non

1075 1348 1268 1390 acceperim,
1293 1357 1387 1389 atque
1408 1349 1427 1380 li
1446 1350 1490 1380 ita
1506 1349 1653 1380 venditus
1667 1349 1750 1381 filius
1770 1359 1876 1382 veram
1885 1349 1946 1382 ser·

1077 1392 1213 1422 vitutem
1233 1399 1297 1421 non
1315 1388 1477 1429 servierit,
1502 1390 1553 1422 vel
1578 1389 1641 1431 ipse
1665 1391 1806 1432 potuerit
1827 1401 1885 1433 pro
1902 1402 1947 1424 ar-

1076 1432 1175 1464 bitrio
1193 1431 1230 1462 ad
1251 1431 1431 1462 libertatem
1453 1432 1647 1473 proclamare
1662 1456 1671 1471 ‚
1694 1433 1747 1465 vel
1762 1440 1870 1474 pater,
1893 1433 1946 1466 vel

1078 1483 1174 1512 avus,
1195 1472 1247 1503 vel
1269 1472 1347 1504 alus
1366 1473 1519 1504 ubertatis
1533 1472 1682 1512 assertor,
1704 1483 1767 1515 quo
1777 1475 1859 1506 enim
1870 1482 1948 1506 tunc

1078 1516 1196 1547 bonum
1214 1513 1290 1545 esset
1309 1514 1463 1552 vendere,
1487 1515 1516 1546 &
1540 1514 1608 1555 quis
1625 1524 1751 1557 emptor
1768 1515 1947 1556 hujusmodi

1080 1565 1216 1589 mercem
1232 1555 1489 1596 comparaverit?
1513 1565 1623 1586 verum
1644 1557 1705 1596 ita,
1730 1565 1766 1588 ut
1782 1558 1947 1590 manumis-

1080 1597 1130 1630 sus
1148 1598 1202 1629 ille
1221 1597 1301 1628 illius
1319 1606 1382 1627 non
1402 1596 1455 1628 fiat
1473 1596 1605 1629 libertus
1622 1615 1634 1636 ,
1664 1597 1714 1629 sed
1728 1599 1783 1637 fit,
1808 1599 1861 1639 qui
1877 1606 1949 1631 ante

1081 1639 1165 1679 fuit,
1193 1647 1360 1677 ¹ngenuus,
1396 1636 1455 1678 susi
1466 1637 1536 1669 ensa
1556 1638 1597 1669 sic
1618 1639 1656 1670 ad
1673 1648 1796 1681 tempus
1811 1641 1950 1682 ingenui—

1085 1688 1168 1720 tate,
1194 1679 1477 1721 quaescuantovs
1501 1679 1605 1719 pretio
1623 1680 1858 1721 intercedente,
1881 1680 1952 1724 post

1084 1721 1349 1754 manumissionem
1370 1730 1433 1753 non
1454 1720 1663 1762 exstinguitur
1677 1747 1687 1762 ,
1714 1722 1764 1754 sed
1782 1723 1890 1764 potius
1906 1733 1953 1754 re-

1084 1762 1226 1795 viV1scit.
1260 1763 1292 1794 Id
1309 1761 1408 1803 ipsum
1429 1761 1542 1794 Paulus
1559 1772 1635 1794 mox
1652 1764 1770 1796 indicat
1791 1765 1820 1796 d.
1845 1765 1885 1797 L.
1909 1764 1951 1797 V.

1087 1805 1218 1837 Sentent.
1255 1804 1288 1836 T.
1311 1804 1335 1836 l.
1367 1813 1439 1835 cum
1460 1803 1529 1836 infit
1554 1804 1584 1845 S.
1609 1815 1638 1837 9..
1685 1806 1820 1838 Veritati
1839 1805 1875 1841 ἃ
1893 1807 1950 1837 ori-

1083 1849 1150 1889 gmz'
1170 1846 1365 1889 ingenuitatis
1379 1844 1553 1887 manumiffio
1563 1866 1575 1884 ,
1595 1856 1757 1889 quocunque
1774 1848 1852 1878 modo
1860 1846 1952 1886 fabia

1078 1889 1178 1930 fuerit
1195 1910 1207 1927 ,
1236 1897 1293 1918 non
1316 1887 1500 1930 praejudicat.
1530 1887 1569 1918 de
1594 1897 1658 1928 quo
1686 1888 1754 1929 jure
1771 1886 1817 1919 est
1837 1888 1952 1920 Titulus

1088 1931 1153 1962 cod.
1179 1931 1212 1961 de
1231 1930 1372 1971 ingenuis
1397 1927 1582 1970 manumiffis.
1626 1929 1732 1970 Atque
1756 1929 1801 1960 ita
1821 1928 1953 1962 Paulum

1085 1980 1212 2013 quoque
1228 1970 1350 2011 accepit
1368 1969 1560 2001 Theodorus
1567 1970 1734 2002 Marcilius
1745 1970 1952 2012 Interpretam.

1086 2014 1126 2045 L.
1145 2011 1220 2045 XII.
1248 2011 1336 2043 Tabb.
1364 2011 1396 2042 C.
1417 2011 1526 2044 XXV.
1569 2011 1638 2043 lane
1655 2020 1691 2043 ut
1710 2010 1953 2045 Constantinum

1085 2055 1118 2086 in
1142 2054 1162 2086 l.
1181 2053 1235 2084 alt.
1262 2053 1293 2084 C.
1312 2054 1345 2083 de
1364 2051 1450 2083 Patr.
1462 2052 1544 2094 potes
1557 2077 1563 2084 .
1597 2053 1649 2093 qui
1666 2075 1678 2091 ,
1698 2053 1792 2084 etiam
1808 2062 1858 2084 me
1875 2053 1952 2094 judi-

1084 2105 1143 2169 ἷξε,
1165 2093 1328 2126 obscurius
1346 2093 1450 2132 dixit,
1473 2094 1557 2134 quod
1584 2093 1637 2125 hic
1654 2094 1793 2136 apertius
1808 2093 1953 2137 expreffit

1110 2137 1210 2167 aulus.

1129 2177 1209 2209 Haec
1227 2184 1332 2208 autem
1350 2177 1517 2218 exceptio,
1542 2187 1635 2219 quam
1664 2177 1779 2211 Paulus
1798 2178 1925 2212 tradidit
1941 2201 1954 2218 ,

1088 2218 1215 2251 tradidit
1242 2227 1282 2249 ex
1307 2217 1553 2259 jurisprudentia
1581 2219 1626 2251 sui
1656 2221 1830 2262 temporis,
1859 2221 1890 2253 ἁ
1911 2220 1954 2252 ita

1087 2260 1226 2301 regulam
1253 2259 1421 2291 confirmat
1439 2283 1448 2298 ,
1484 2269 1575 2300 quam
1594 2260 1632 2292 ab
1647 2260 1715 2302 ipso
1732 2262 1762 2293 δι
1780 2262 1850 2294 aliis
1869 2271 1956 2294 acce-

1089 2302 1191 2344 pimus
1207 2300 1246 2331 de
1261 2300 1422 2342 prohibita
1452 2301 1593 2343 alioquin
1610 2302 1781 2334 liberorum
1799 2303 1956 2335 venditio-

1089 2352 1129 2375 ne
1160 2343 1189 2374 &
1220 2342 1489 2383 oppigneratione.
1546 2341 1623 2375 Non
1647 2343 1740 2375 ausim
1762 2343 1925 2375 adfirmare
1943 2369 1955 2385 ,

1089 2383 1332 2417 Diocletianum
1353 2382 1384 2414 in
1408 2385 1437 2415 d.
1462 2384 1522 2416 ΑΙ.
1548 2385 1578 2415 C.
1604 2385 1637 2416 de
1660 2384 1808 2425 Patr.qui
1826 2383 1957 2426 fihfitm·

1090 2425 1213 2467 distrax.
1240 2425 1318 2456 hanc
1335 2425 1557 2465 exceptionem
1574 2424 1744 2463 sustuliss'e,
1767 2435 1837 2457 nam
1852 2425 1890 2457 de
1909 2435 1956 2458 re-

1090 2467 1183 2508 gula,
1208 2475 1277 2507 quae
1305 2465 1462 2497 manifesti
1495 2466 1570 2506 juris
1591 2465 1657 2503 est,
1679 2465 1823 2498 rescribit
1845 2467 1957 2499 dunta-

1090 2516 1165 2547 xat,
1190 2507 1229 2539 de
1258 2507 1447 2548 exceptione
1476 2515 1578 2546 tacet,
1603 2506 1654 2538 sed
1677 2507 1744 2538 haec
1765 2517 1837 2539 cum
1862 2509 1892 2540 δι
1912 2518 1956 2541 ra-

1091 2550 1170 2581 tioni
1204 2549 1400 2586 conveniat,
1429 2548 1459 2579 &
1492 2547 1534 2579 ibi
1564 2547 1711 2590 abrogata
1742 2558 1807 2581 non
1829 2549 1867 2582 fit
1884 2572 1896 2589 ,
1925 2550 1955 2582 &

1090 2590 1275 2622 confirmata
1302 2589 1413 2620 deinde
1428 2612 1437 2627 ,
1470 2589 1580 2628 utique
1631 2589 1693 2620 uod
1725 2590 1762 2621 ad
1796 2589 1956 2632 sanguino-

1092 2633 1214 2669 lentos,
1248 2629 1374 2668 nesci0,
1408 2639 1464 2660 cur
1485 2639 1502 2660 a
1526 2629 1611 2662 Dioc
1626 2631 1722 2663 etiani
1746 2630 1864 2664 saeculo
1886 2631 1958 2664 alie·

1091 2681 1162 2705 nam
1182 2678 1339 2713 putemus.

1105 2807 1140 2844 T
1238 2807 1349 2842 V11.

298 2904 350 2940 De
378 2916 451 2941 nece
475 2903 662 2951 infantum,
688 2901 729 2944 ἐξ
756 2903 896 2950 nunquid
917 2902 953 2937 de
978 2914 1014 2938 ea
1038 2903 1127 2938 aliud
1148 2903 1256 2948 prior,
1280 2902 1370 2936 aliud
1389 2900 1541 2949 ptsterior
1568 2910 1648 2938 aetas
1674 2901 1843 2949 cenfiierit.

199 3000 213 3079 Ι
251 3000 404 3081 {asterius
432 3001 475 3033 ita
489 3001 634 3042 processit
659 3001 762 3033 oratio
780 2999 903 3039 nosti-a,
928 3008 964 3031 ut
983 2999 1051 3031 nul-

301 3042 334 3073 lo
353 3043 456 3074 aetatis
472 3042 651 3074 discrimine
663 3043 702 3074 de
722 3042 960 3083 quibuscunque
976 3040 1052 3073 libe-

189 3083 398 3127 ris-'egerimus
409 3107 418 3123 ,
440 3084 470 3116 ἃ
488 3084 571 3125 quod
585 3084 622 3115 ad
639 3093 747 3116 necem
758 3104 770 3121 ,
792 3085 822 3114 ὅ(
837 3083 922 3122 quod
932 3082 970 3114 ad
978 3091 1052 3114 ven-

188 3122 362 3161 ditionem,
396 3134 453 3155 nee
478 3125 574 3156 etiam
599 3125 726 3157 memini
751 3125 782 3155 in
802 3124 957 3164 Legibus,
977 3132 1051 3164 quas

189 3161 277 3202 supi-a
294 3164 441 3203 exposui,
466 3166 547 3197 inter
569 3173 693 3198 aetatein
713 3165 880 3206 quicquam
892 3163 1048 3204 distingui.

190 3199 225 3236 In
242 3203 426 3236 venundatis
453 3205 594 3239 distinxit
620 3207 774 3249 posterior
791 3213 887 3243 aetas,
911 3206 943 3239 in
958 3214 1047 3239 neca-

1096 2999 1137 3030 tis
1153 3008 1216 3030 non
1232 2997 1324 3036 item,
1348 2998 1458 3039 utique
1473 2998 1494 3031 fi
1510 2997 1575 3040 ipse
1591 2999 1674 3031 reste
1688 3000 1805 3040 judico.
1851 2998 1956 3032 Dene-

1096 3040 1174 3071 catis
1190 3038 1323 3081 primum
1339 3040 1508 3072 videamus.
1554 3037 1737 3082 Priusquam
1756 3049 1859 3073 autem
1871 3049 1957 3082 agani

1093 3081 1132 3112 de
1156 3089 1247 3121 partu
1264 3102 1275 3117 ,
1301 3080 1363 3120 J'am
1387 3082 1494 3120 edito,
1524 3081 1564 3113 de
1576 3091 1640 3123 quo
1659 3083 1816 3123 praecipua
1834 3082 1893 3112 erit
1914 3081 1957 3112 di-

1093 3121 1249 3163 sputatio,
1271 3131 1334 3153 non
1353 3126 1406 3153 ahs
1423 3132 1456 3153 re
1474 3123 1534 3154 erit
1553 3122 1662 3164 paucis
1687 3123 1809 3163 praefari
1826 3123 1864 3153 de
1886 3131 1958 3153 vcn-

1093 3170 1140 3194 tre
1157 3163 1219 3195 live
1238 3163 1430 3205 cmbryone,
1453 3163 1483 3195 &
1503 3173 1540 3195 an
1563 3163 1646 3195 hunc
1663 3164 1788 3204 abigei-e
1806 3162 1958 3194 licuerit?

1091 3213 1180 3244 nam,
1204 3204 1226 3239 si
1242 3213 1305 3237 non
1322 3205 1469 3245 licuerit,
1494 3212 1636 3244 tempore
1659 3204 1894 3243 Pandectarurn,
1921 3209 1956 3232 ur
2001 3224 2003 3227 .

1889 3251 1952 3274 non
