2008 3436
0 357 3 359 ’
52 363 198 399 putavu,
224 355 255 385 in
277 353 344 395 ipso

0 406 3 424 ἐ
54 408 171 443 puum,
195 406 258 437 quo
288 395 325 427 ad

1 439 4 475 Ξ
50 441 198 484 agebatur
212 439 251 470 de
277 437 367 471 causa
384 441 521 474 minoris.

299 104 866 156 QUAEST JUR18
914 109 1269 156 PRIVATI,
1320 114 1450 153 Lini.
1481 119 1598 156 0111.

55 187 93 221 ad
115 186 264 220 Rotulam
288 184 488 229 sedebamus,
511 190 616 224 Curiae
645 191 830 224 sententiam
856 201 927 234 pro-

54 230 195 261 bavimus
211 249 223 266 ‚
260 227 291 259 δε
319 237 394 276 curn
424 232 461 263 ad
489 234 646 276 integrum
678 234 827 266 Senatum
849 234 926 267 esset

53 276 285 315 provocatum,
308 278 406 302 etiam
423 273 553 308 Senatus
565 275 714 316 probavit
729 275 760 307 d.
788 285 833 312 19-
857 276 924 317 Jan.

57 310 237 359 1708.·(2).
282 311 344 343 Sed
362 313 430 360 noli
456 317 486 348 id
511 317 671 358 objicere,
694 316 766 358 quia
791 317 923 349 Senatus

384 356 486 391 uidem
501 359 609 399 Judaeo
624 357 703 389 nihil
729 357 792 390 esse
811 359 921 399 praeci-

354 365 482 432 gutiam
508 399 613 431 vocari
630 398 741 440 ponit,
776 398 828 431 sed
850 401 923 473 qiliia

566 439 689 481 Judaeus
711 439 834 472 scilicet
893 451 923 473 a-

2 501 4 527 1
48 494 96 527 gae
113 480 249 514 Comitis
266 483 431 522 puerulum
453 482 585 520 militis,
608 481 640 512 in
662 481 792 522 publico
811 483 919 515 luden-

2 539 3 542 ¹
49 534 132 562 tem,
155 532 284 554 carruca
302 524 431 563 pensili,
455 533 516 565 qua
532 522 725 562 vehebatur,
748 524 917 563 obruerat,

0 1443 1 1470 l
37 1445 98 1470 tur.
145 1437 226 1469 Cum
248 1437 358 1469 Titius
377 1460 386 1475 ‚

49 567 80 599 &
103 573 204 597 mater
222 574 262 596 eo
283 566 412 597 nomine
438 565 550 606 agebat
573 564 612 596 ad
635 572 754 597 certam
775 566 919 606 pecuniae

46 607 194 643 summam
207 629 216 644 ,
241 615 282 637 ex
295 606 426 638 arbitrio
441 606 560 647 Judicis
576 605 758 639 solvendam
774 616 832 648 pro
849 607 919 639 vul-

46 648 172 683 neribus
187 647 216 678 &
229 648 431 680 cicatricibus
449 647 592 686 inflictis,
617 657 676 688 pro
696 648 839 680 toleratis
861 648 918 680 do-

45 690 180 726 loribus,
206 689 236 721 &
253 698 311 730 pro
331 688 504 731 sumptibus
523 689 554 721 in
576 689 772 721 curationem
797 689 917 721 adhibi-

46 733 98 765 tis.
143 730 186 762 Et
205 731 316 772 agebat
337 740 377 763 ex
395 730 567 772 privilegio
585 731 743 762 minorum
773 731 804 762 in
828 730 858 772 §.
884 736 914 766 8.

46 773 141 807 Form.
163 772 231 805 Cur.
252 771 335 804 Holl.
365 781 456 814 1531.
481 781 552 804 iiam
569 781 610 803 ex
627 781 666 803 eo
688 771 715 814 §.
740 771 836 804 Curia
859 782 913 804 co-

43 814 166 857 gnoscit
183 823 244 845 van
253 814 348 856 stikeiz
362 814 534 856 oizliejczcirde
551 814 691 845 kinderen
711 815 888 856 aangaande
898 837 908 853 ,

42 866 137 899 atque
167 856 214 887 illi
241 857 376 888 minores
403 856 446 887 ibi
469 854 701 896 distinguuntur
725 865 741 886 a
763 855 909 895 pupillis,

41 908 81 931 ne
98 896 184 932 forte
200 897 325 931 eosdem
343 904 442 939 putes.
489 896 596 939 Apage
620 896 716 937 igitur
738 896 826 929 illam
852 897 908 928 ob-

40 939 222 982 iectionem.

81 982 171 1024 Saepe
189 980 270 1013 solet
286 981 420 1014 Senatus
435 980 474 1013 de
495 980 590 1022 plano
609 980 750 1021 judicare
774 980 814 1011 de
834 979 909 1011 foro

39 1033 170 1063 eorum,
204 1032 338 1065 quorum
357 1023 440 1054 bona
463 1024 516 1054 vel
542 1022 731 1054 hereditates
758 1021 911 1052 solvendo

41 1074 106 1098 non
126 1064 215 1104 sunt,
238 1074 308 1097 nam
331 1074 372 1096 ex
393 1064 422 1104 §.
446 1074 497 1104 23.
521 1062 618 1094 Form.
644 1063 744 1093 Sentit.
773 1062 843 1102 Sap.
866 1062 912 1094 so-

38 1107 88 1139 lus
107 1106 234 1148 quidem
259 1107 390 1138 Senatus
416 1105 605 1144 Supremus,
630 1103 702 1134 vice
726 1103 828 1142 sacra,
853 1103 910 1134 lar-

39 1149 124 1190 gitur
142 1147 315 1187 diplomata
337 1145 490 1179 Cessionis
508 1145 538 1177 &
552 1145 744 1184 inventarii,
771 1143 822 1176 sed
841 1144 910 1176 haec

37 1189 117 1222 nihil
134 1190 302 1230 quicquain
323 1188 430 1220 valent
442 1211 452 1227 ,
477 1186 533 1219 nisi
550 1186 722 1234 probentur
737 1186 819 1227 apud
840 1185 910 1218 Ma-

37 1229 220 1273 gistramm,
246 1230 299 1261 ubi
318 1229 479 1268 habitant,
503 1238 557 1270 qui
574 1228 667 1260 bonis
692 1228 832 1264 cedunt,
857 1226 910 1259 vel

38 1281 171 1314 quorum
198 1271 388 1303 hereditates
422 1270 580 1310 suspeclae:
598 1268 678 1301 sunt.
700 1269 729 1310 §.
758 1279 789 1309 5.
815 1268 852 1303 ὃ
877 1271 908 1300 6.

37 1313 198 1354 Amplicitae
216 1312 311 1344 Form.
331 1313 425 1344 Curia:
442 1312 526 1344 Holl.
552 1321 604 1344 21.
626 1310 701 1342 Dec.
730 1320 819 1352 1579.
846 1309 910 1342 Un-

33 1355 72 1387 de
88 1355 159 1396 plus
175 1353 268 1386 semel
291 1353 454 1395 quaesitum
473 1352 518 1385 est
536 1353 575 1385 de
598 1352 695 1384 tertio
717 1353 775 1384 illo
792 1360 907 1394 genere

37 1396 221 1433 hominum,
242 1396 295 1437 qui
321 1394 419 1437 Hagte
442 1397 534 1433 ἅπρφ
556 1394 672 1426 vivunt
693 1394 745 1425 vel
770 1394 908 1425 moriun-

419 1438 470 1478 qui
499 1436 663 1468 dicebatur
684 1434 778 1467 fuiss'e
804 1433 906 1466 Nobi-

0 1487 1 1509 ι
35 1479 75 1512 lis
96 1478 208 1511 Gallus
225 1479 255 1511 δε
273 1478 351 1511 oliui
368 1479 450 1519 apud
468 1477 605 1510 Ordines
630 1475 799 1508 Generales
824 1476 906 1508 mili-

34 1528 177 1559 taverat,
210 1520 340 1559 deinde,
374 1529 434 1561 qua
461 1519 632 1558 emeritus,
657 1517 756 1560 Hagae
781 1518 908 1550 vixerat

35 1563 66 1595 ἀ
85 1562 257 1594 decell'etat
274 1585 284 1601 ‚
313 1561 420 1594 relicta
445 1560 618 1592 hereditate
647 1558 784 1601 suspecta
800 1583 810 1599 ,
842 1560 907 1600 ejus

34 1604 164 1637 heredes
187 1604 336 1637 Senatum
357 1603 473 1634 adeunt
504 1602 535 1634 δί
567 1600 737 1643 implorant
768 1601 907 1643 diploma

34 1645 227 1684 Inventarii‚
252 1644 447 1686 probandum
469 1644 549 1684 apud
575 1642 724 1681 Curiam,
746 1649 804 1674 met
831 1653 905 1674 coin-

35 1689 180 1720 mittimus
198 1696 257 1718 aun
274 1689 294 1717 ’t
314 1685 392 1727 Hof.
436 1684 658 1718 Deliberatum
681 1684 746 1723 est,
772 1694 810 1717 an
839 1694 904 1717 non

33 1729 174 1770 diploma
196 1727 319 1770 probari
338 1734 502 1769 oporteret
523 1725 605 1767 apud
627 1726 779 1758 Scabinos
801 1725 904 1768 Haga-

33 1770 120 1804 nos?
144 1770 186 1802 Et
212 1770 256 1801 ita
298 1769 429 1811 lerisque
451 1766 655 1801 Senatoribus
678 1766 781 1799 visum
804 1766 849 1800 est
871 1777 903 1808 5.

34 1811 115 1852 Maj.
144 1821 156 1843 1
184 1820 236 1844 22.
279 1812 319 1853 3)
342 1812 432 1853 quia,
455 1810 477 1843 fi
494 1810 547 1841 vel
565 1807 694 1841 Nobilis
716 1808 824 1841 fuiffet
846 1809 905 1841 Ti-

34 1854 98 1886 tius
127 1852 145 1894 (
177 1862 195 1884 e
220 1862 285 1899 quo
308 1861 412 1884 tamen
437 1862 500 1884 non
528 1849 691 1897 constabat
701 1850 905 1897 >peregrina

33 1894 196 1928 Nobilitas
212 1894 264 1926 hic
281 1904 347 1927 non
364 1894 461 1926 utitur
481 1893 652 1935 privilegio
668 1891 755 1932 fori,
778 1901 814 1924 ut
832 1902 903 1934 pro-

33 1937 143 1970 babam
162 1934 253 1977 supra
272 1936 306 1968 C.
325 1935 347 1968 I.
374 1936 405 1967 δι
421 1935 494 1976 quia
515 1934 652 1971 milites,
676 1943 738 1974 qua
762 1934 907 1973 milites,

35 1979 68 2010 in
94 1976 186 2009 causa
210 1977 302 2009 civili
328 1986 392 2009 uon
415 1977 598 2008 eximuntur
627 1974 703 2007 foro
727 1975 902 2014 domicilii,

30 2018 86 2052 nifi
103 2018 188 2051 aliud
205 2019 328 2060 paClum
344 2018 396 2050 vel
414 2017 565 2050 statutum
574 2015 629 2054 fit,
648 2016 760 2056 utjiire
776 2016 901 2049 noviffi-

31 2070 87 2093 mo
108 2059 154 2092 est
176 2060 208 2092 in
235 2060 417 2101 quibusdam
439 2057 556 2098 causis,
582 2056 632 2089 sed
657 2067 725 2098 quae
751 2057 815 2089 huc
838 2068 902 2090 non

55 2102 203 2134 ertinent.
255 2100 348 2134 Nihil
376 2102 471 2143 igitur
492 2099 743 2141 proponebatur,
773 2109 815 2131 ex
837 2109 902 2140 quo

68 2144 143 2176 itius
159 2144 253 2175 vivus
269 2142 377 2175 forum
401 2142 507 2175 Curiae
532 2140 638 2173 sortiri
656 2148 793 2181 poterat.
839 2141 901 2172 Ve-

32 2194 102 2217 rum
121 2184 266 2225 equidem
287 2183 352 2216 erat
364 2208 374 2224 ,
399 2184 550 2220 Titium,
571 2182 646 2214 dum
666 2182 810 2222 vixerat,
837 2181 902 2214 Ha-

54 2236 80 2258 ae
97 2235 163 2257 non
176 2225 352 2257 exercuiffe
365 2233 446 2258 artes
466 2223 674 2257 Mechanicas
686 2246 697 2262 ,
727 2223 779 2255 sed
797 2224 852 2265 qui
872 2233 902 2255 e-

29 2266 168 2310 jusmodi
189 2274 272 2299 artes
295 2276 360 2299 non
385 2273 536 2298 exercent
551 2289 561 2304 ‚
593 2265 631 2297 ad
655 2265 901 2298 ‘urisdictionem

33 2308 140 2342 Curiae
156 2308 331 2349 pertinere,
354 2307 459 2340 Curiae
476 2306 602 2347 quidem
619 2316 640 2348 p
654 2309 755 2346 acuit,
779 2306 831 2339 sed
848 2307 900 2339 Se-

29 2349 117 2383 natui
134 2348 257 2391 semper
271 2348 443 2391 displicuit.
489 2347 597 2393 Quare
616 2348 645 2380 d.
658 2357 691 2388 5.
706 2348 787 2388 Mai.
806 2358 896 2390 1722.

32 2390 212 2423 conceffum
239 2390 366 2432 quidem
391 2390 437 2423 est
460 2390 489 2422 di
516 2395 599 2424 loma
628 2388 817 2429 Iuventarii,
847 2389 899 2422 sed

31 2433 225 2476 probandum
240 2432 322 2474 apud
336 2432 461 2473 Judices
514 2440 637 2473 aganos.

75 2474 213 2513 Maevia‚
234 2483 304 2515 quae
327 2473 425 2516 Hagae
443 2473 582 2506 Comitis
603 2472 683 2504 ludis
709 2472 842 2505 scenicis
868 2482 901 2504 o-

31 2524 135 2557 peram
149 2516 261 2555 dabat‚
286 2516 434 2547 mandato
452 2514 557 2547 Curiae
572 2523 589 2545 a
606 2513 822 2546 Creditoribus
839 2513 901 2546 suis

30 2556 194 2598 arrestata,
236 2557 382 2598 implorat
404 2556 545 2598 diploma
565 2554 736 2594 Ceffionis,
769 2555 901 2597 proban-

30 2598 104 2630 dum
121 2598 202 2641 apud
221 2598 364 2638 Curiam,
389 2597 440 2630 sed
459 2598 590 2630 Senatus
611 2596 641 2628 id
659 2597 810 2638 largitur,
827 2606 899 2638 pro-

30 2640 165 2673 bandum
179 2640 401 2681 apudJudices
427 2639 586 2680 Haganos.
633 2638 728 2672 Curia
749 2649 796 2680 14.
823 2639 898 2681 Apr.

0 2696 1 2701 ¹
33 2691 123 2724 1723.
148 2691 203 2723 per
218 2681 436 2722 Graphiarium
454 2680 542 2712 suum
559 2680 641 2721 apud
656 2682 802 2714 Senatum
819 2690 895 2713 con-

0 2731 1 2735 *
32 2724 138 2763 questa
157 2722 202 2755 est
227 2723 266 2754 de

313 2722 496 2760 robatione,
518 2722 556 2754 ad
579 2721 729 2764 Haganos
753 2722 894 2762 remissa,

31 2764 104 2806 quia
121 2764 244 2797 Maevia
299 2772 365 2804 agae
381 2773 445 2796 non
466 2763 636 2795 exercebat
656 2772 739 2796 artes
762 2764 894 2796 Mecha-

30 2805 133 2845 meas,
171 2806 202 2837 &
226 2805 299 2846 quia
322 2805 522 2837 detinebatur
554 2814 596 2836 ex
628 2806 750 2838 arresto*
778 2804 896 2838 Curiae.

31 2845 121 2880 Prior
134 2847 217 2878 ratio
235 2846 278 2878 ob
296 2855 331 2877 ea
343 2869 352 2884 ,
378 2855 447 2886 quae
467 2846 551 2886 dixi,
567 2847 648 2879 nihil
664 2848 811 2880 Senatum
831 2857 896 2879 mo-

32 2888 99 2926 vit,
123 2887 176 2920 sed
199 2897 258 2920 nec
282 2886 460 2928 posterior,
482 2889 554 2928 quia
579 2889 670 2921 locus
686 2888 794 2921 arresti
815 2889 895 2921 nihil

31 2930 118 2962 valet
141 2929 174 2961 in
197 2929 258 2961 hoc
275 2936 479 2969 argumento,
508 2928 559 2961 sed
579 2927 663 2961 solus
683 2931 774 2962 locus
798 2930 899 2962 domi-

30 2970 98 3004 cilii
124 2971 154 3004 &
174 2970 418 3011 jurisdictionis,
453 2970 714 3012 quemadmodum
744 2973 775 3006 &
803 2971 897 3004 Ordi-

72 3104 135 3141 (2)
155 3103 294 3142 Obftrvat.
314 3104 430 3133 Tumuli.
446 3104 546 3134 Rerum
556 3103 653 3144 Judi'c.
664 3106 782 3137 Tom.11.
797 3118 823 3138 η.
835 3112 899 3145 365.

68 3143 130 3182 (3)
150 3142 290 3182 Olgl'ervat.
315 3143 434 3173 Tumuii.
460 3143 525 3173 Rer.
545 3143 672 3184 Judi'cat.
702 3145 736 3177 T.
761 3148 841 3178 vni.
871 3157 900 3178 ri.

0 3167 1 3197 ᾖ
37 3184 118 3217 1844.

71 3219 134 3257 (4)
154 3218 230 3248 Plac.
253 3220 305 3250 lv.
327 3228 354 3256 4.
380 3228 405 3250 1.
426 3228 455 3258 p.
481 3223 547 3256 463.

79 3258 157 3290 Τοηι.
181 3257 222 3290 li.

1768 131 1838 166 305

969 203 1024 226 nes
1040 192 1223 227 Hollandiae
1243 196 1454 229 decreverunt
1472 208 1522 241 23.
1546 203 1631 243 Sept.
1655 206 1745 237 1688.
1768 200 1839 240 (4).

968 235 1011 268 Et
1036 235 1139 268 visum
1166 236 1211 268 est
1234 238 1383 277 Senatui,
1414 239 1492 271 hanc
1522 243 1684 276 foeminam
1702 252 1837 285 pertine-

967 286 1002 309 re
1028 277 1065 309 ad
1095 278 1342 318 jurisdittionem
1374 281 1577 321 Magistratus
1609 284 1753 326 Hagzini,
1791 283 1835 314 id-

967 328 1029 360 que
1051 318 1157 401 CigriSe
1180 319 1360 353 Hollandiae
1383 321 1590 363 significatum
1612 325 1657 357 est
1683 336 1731 366 15.
1757 327 1832 367 Apr.

970 370 982 392 1
1011 370 1027 391 2
1054 386 1059 391 .
1104 370 1123 400 5
1149 385 1156 393 .

983 370 1068 449 .ῖὸἓά
1085 403 1135 441 ei,
1159 403 1243 444 quod
1261 403 1328 436 dixi
1345 405 1384 437 de
1408 405 1521 446 Judaeis
1534 430 1544 445 ‚
1569 405 1668 448 Hagae
1695 407 1833 440 habitan-

966 444 1049 475 tibus
1061 465 1072 482 ,
1095 444 1125 476 &
1142 444 1181 476 de
1199 455 1262 477 non
1281 447 1474 478 attendendo
1492 448 1565 479 loco
1582 447 1685 479 arresti
1697 471 1705 485 ,
1724 450 1833 479 adver-

965 483 995 516 sa
1010 484 1121 517 fronte
1139 486 1261 527 putabis
1282 487 1492 526 adversarier‚
1514 489 1597 535 quod
1624 489 1747 529 Judaeus
1768 491 1834 530 qui-

963 526 1055 566 dam,
1075 527 1117 558 ob
1138 535 1257 559 metum
1284 528 1368 570 ftigae
1393 539 1433 561 ex
1454 529 1559 562 Curiae
1583 529 1701 562 arresto
1725 531 1832 562 deten-

964 576 1032 607 tus,
1063 569 1214 601 Senatum
1242 570 1425 610 Supremum
1455 572 1591 603 adiverit
1623 570 1728 603 mense
1759 572 1835 611 Apr.

966 618 1055 650 1721.
1080 610 1110 641 ὅ(
1125 610 1342 650 imploraverit
1359 613 1498 654 diploma
1516 612 1686 650 Ceffionis,
1703 613 1834 654 proban-

961 650 1033 697 dum
1060 650 1141 692 apud
1168 650 1312 692 Curiam,
1338 653 1375 685 ad
1405 654 1494 694 cujus
1519 654 1771 694 iurisdistioncm
1801 653 1832 685 se

960 691 1062 731 ajebat
1084 693 1260 733 pertinere,
1280 695 1309 726 ἃ(
1325 696 1409 736 quod
1426 696 1559 728 Senatus
1576 707 1593 728 2
1620 721 1625 727 .
1641 695 1716 736 Apr.
1738 704 1829 736 1721.

958 732 1018 779 (6)
1041 732 1072 765 id
1099 733 1238 775 diploma
1264 736 1454 768 concesserit
1474 738 1503 769 δε
1533 737 1569 769 ad
1620 737 1718 768 uriam
1741 737 1831 768 remi-

958 776 1044 821 serit.
1085 775 1145 807 Sed
1165 776 1475 810 animadvertendum
1494 778 1558 818 est,
1583 779 1723 820 Judaeum
1741 778 1834 810 illum

956 814 1047 862 fuisse
1063 816 1280 858 vagabundum
1291 842 1302 857 ,
1318 829 1420 860 neque
1434 819 1512 851 adeo
1529 821 1630 852 ullum
1647 819 1740 851 fuiss'e
1759 820 1830 851 Ma-

953 856 1141 904 gistratum‚
1166 859 1203 890 ad
1226 860 1316 900 cujus
1335 860 1439 892 forum
1462 862 1656 902 pertineret,
1679 862 1709 894 &
1731 862 1831 901 prius-

953 908 1046 940 quam
1063 899 1142 931 illud
1155 899 1295 941 diploma
1310 902 1486 941 obtineret,
1510 903 1538 934 ci
1555 913 1571 935 a
1592 903 1710 935 Senatu
1727 902 1836 936 fuiffe-

953 940 1162 987 imperatum,
1193 942 1303 975 libello
1324 942 1378 975 suo
1406 943 1573 984 insereret,
1599 944 1711 976 nullibi
1736 943 1766 976 se
1791 943 1827 976 fi-

953 990 1029 1013 xum
1043 981 1241 1015 domicilium
1257 984 1370 1016 habere
1380 1007 1391 1023 ,
1413 986 1444 1017 &
1462 994 1526 1017 non
1550 985 1605 1018 nisi
1627 985 1771 1017 cori-etto
1796 985 1828 1017 in

954 1022 1038 1068 hunc
1058 1024 1188 1069 modum
1211 1025 1320 1056 libello
1336 1026 1476 1066 diploma
1495 1026 1648 1059 Ceffionis
1666 1027 1829 1068 impetras-

954 1065 1003 1102 ie,
1029 1062 1157 1096 Curiam
1177 1073 1283 1098 autem
1299 1066 1531 1099 Provincialem
1552 1069 1645 1099 etiam
1671 1069 1828 1110 vagabun-

952 1104 1066 1136 dorum
1083 1104 1145 1136 esse
1164 1105 1325 1148 judicem,
1349 1117 1442 1140 nemo
1461 1118 1538 1140 unus
1554 1108 1755 1151 Magistratus
1773 1109 1826 1142 vel

953 1153 1067 1187 negat,
1091 1147 1142 1178 vel
1160 1147 1292 1181 invidet.

996 1188 1201 1236 Sempronius
1216 1214 1225 1230 ‚
1256 1191 1310 1233 qui
1333 1193 1366 1226 Si
1391 1191 1472 1225 ,iser
1498 1201 1565 1226 erat
1589 1193 1620 1225 in
1653 1192 1796 1235 Legione
1811 1215 1824 1231 ‚

953 1239 1024 1271 quae
1041 1230 1190 1276 excubias
1204 1233 1315 1274 agebat
1377 1235 1511 1274 amurci,
1538 1235 1686 1276 cujusque
1703 1243 1802 1266 mater
1813 1257 1824 1272 .

952 1279 1037 1317 nunc
1064 1271 1179 1310 Vidua,
1200 1282 1297 1319 nupta
1316 1275 1421 1308 fuerat
1445 1277 1588 1308 Senatori
1615 1277 1721 1309 Curiae
1745 1275 1825 1307 Hol-

952 1313 1082 1359 landiae,
1106 1322 1271 1354 pecuniam
1285 1318 1450 1357 quamdam
1469 1318 1603 1350 debebat
1619 1317 1712 1358 GaJ'o.
1758 1316 1821 1348 Ga-

950 1363 1019 1394 Jus,
1046 1362 1081 1385 ut
1107 1354 1195 1387 suum
1217 1358 1484 1400 consequeretur,
1517 1369 1571 1402 per
1600 1358 1823 1401 Magistratum

951 1394 1119 1442 I-laganum
1137 1396 1218 1429 bona
1234 1401 1384 1432 nonnulla
1401 1401 1577 1442 Sempronii
1594 1401 1710 1432 arresto
1722 1400 1822 1432 inclu—

950 1437 1016 1475 dit,
1040 1446 1195 1479 eumque,
1218 1448 1252 1471 ut
1268 1440 1427 1480 solveret,
1452 1443 1482 1474 in
1504 1442 1573 1483 jure
1594 1443 1768 1480 convenit,
1791 1451 1822 1472 a-

950 1478 1011 1519 pud
1035 1479 1169 1512 cundem
1198 1481 1430 1523 Magistratum.
1476 1484 1679 1525 Sempronius
1703 1483 1772 1516 exci'
1798 1483 1824 1514 it

949 1520 989 1551 de
1005 1518 1080 1552 foro
1095 1531 1159 1568 non
1177 1526 1390 1566 competenti,
1414 1526 1443 1558 ὅ(
1460 1534 1563 1568 partes
1579 1525 1698 1557 remitti
1716 1535 1758 1566 po
1787 1535 1821 1556 u-

950 1561 995 1593 lat
1017 1562 1055 1593 acl
1077 1561 1227 1609 §ui-iam,
1257 1565 1382 1606 Judices
1409 1566 1532 1609 Hagani
1558 1577 1624 1598 eam
1654 1567 1821 1607 exceptio-

949 1612 1020 1635 nem
1041 1612 1189 1644 reJiciunt
1206 1615 1276 1638 cum
1292 1607 1433 1649 expensis
1449 1618 1500 1640 21.
1518 1608 1579 1648 Jul.
1607 1613 1697 1649 1728.
1722 1609 1821 1639 ordon-

947 1646 1070 1691 iierencle
1096 1647 1130 1677 de
1152 1648 1229 1688 gede.
1256 1656 1291 1680 ut
1308 1659 1470 1690 perperam
1490 1650 1628 1688 addunt,
1651 1655 1699 1680 ten
1723 1655 1823 1682 tween

942 1688 1031 1733 jinen.
1046 1692 1073 1717 te
1089 1690 1300 1729 asztzuoorden,
1325 1691 1397 1722 ideo
1415 1700 1521 1723 autem
1538 1700 1698 1733 perperam
1708 1692 1820 1732 ,quia‚

947 1737 984 1760 ut
1001 1728 1088 1775 duffii>
1114 1731 1338 1805 exceptionem
1357 1733 1420 1773 Jam
1436 1733 1630 1774 reJ'ecerant,
1662 1742 1727 1774 quo
1745 1732 1820 1764 casu

947 1769 1129 1811 simpliciter
1156 1781 1190 1803 re
1203 1772 1403 1815 pondendum
1429 1783 1494 1806 erat
1511 1774 1548 1806 ad
1565 1774 1708 1807 libellum
1719 1797 1730 1813 ,
1754 1784 1819 1807 non

947 1821 1024 1843 vero
1042 1818 1091 1844 ten
1111 1818 1210 1845 tween
1233 1812 1339 1855 flnen,
1369 1823 1405 1848 ut
1429 1815 1700 1858 Pragmaticorum
1729 1816 1820 1857 pueri

947 1861 1074 1886 norunt.
1117 1854 1199 1887 Cum
1218 1857 1408 1898 appellatum
1426 1857 1504 1889 effet
1528 1858 1565 1889 ad
1584 1855 1729 1897 Curiam,
1753 1857 1819 1889 duo

947 1895 1114 1928 Senatores
1144 1897 1181 1929 ad
1207 1897 1358 1931 Rotulam
1383 1899 1520 1940 delegati
1547 1908 1597 1940 25.
1623 1898 1687 1939 Jan.
1726 1907 1816 1940 1729.

946 1936 1132 1983 sententiam
1160 1938 1212 1971 Ha
1235 1949 1325 1972 anam
1351 1940 1531 1973 rescindunt
1550 1964 1561 1981 ,
1593 1940 1819 1982 exceptionem

945 1978 1133 2026 admittunt,
1160 1980 1190 2012 &
1240 1981 1321 2022 ajum
1340 1982 1550 2015 condemnant
1567 1983 1598 2014 in
1616 1981 1765 2023 expensas
1786 1991 1820 2013 u·

946 2027 1088 2061 triusque
1109 2021 1240 2062 judicii,
1274 2032 1404 2065 eamque
1430 2022 1616 2056 sententiam
1643 2024 1675 2055 in
1702 2024 1818 2054 reaudi-

946 2062 1043 2100 tione,
1062 2071 1155 2103 quam
1174 2065 1311 2104 Vocant,
1334 2065 1400 2097 inte
1423 2075 1455 2096 ra
1477 2065 1573 2097 Curia
1592 2065 1740 2106 probavit
1768 2068 1818 2096 16.

946 2102 1044 2135 Mart.
1074 2113 1163 2150 1729.
1210 2104 1309 2146 Gajus
1326 2116 1404 2148 appe
1419 2108 1462 2138 lat
1478 2107 1515 2138 ad
1535 2107 1682 2139 Senatum
1705 2106 1817 2147 Supre-

945 2153 1053 2183 mum,
1077 2145 1107 2177 &
1128 2146 1171 2178 ibi
1213 2146 1353 2179 uaefitum
1377 2147 1445 2187 est,
1471 2156 1541 2179 utra
1563 2147 1717 2180 sententia
1740 2147 1819 2179 ess‘et

944 2183 1148 2232 praeserenda.
1214 2189 1393 2230 empronius
1415 2190 1579 2231 excipiens
1598 2189 1707 2222 Curiae
1725 2189 1818 2230 juris-

944 2226 1114 2273 dictionem
1130 2227 1339 2269 defendebat,
1356 2232 1441 2272 quod
1460 2239 1532 2263 ante
1548 2231 1700 2272 plurimos
1717 2240 1816 2263 annos

943 2277 1009 2314 ejus
1025 2269 1115 2301 Pater
1130 2270 1203 2302 albo
1220 2270 1459 2304 Advocatoruni
1476 2273 1557 2314 apud
1582 2272 1709 2305 Curiam
1736 2272 1815 2304 ess'et

942 2308 1117 2351 inscriptus.
1163 2311 1207 2343 Et
1228 2312 1270 2344 fic
1289 2320 1373 2352 erat,
1397 2313 1449 2346 sed
1468 2312 1575 2355 postea
1593 2314 1646 2346 ille
1671 2312 1736 2355 ipse
1758 2313 1814 2345 Pa-

942 2359 1011 2390 ter,
1043 2353 1193 2398 translato
1216 2353 1468 2388 Amsterdamum
1488 2355 1673 2395 domicilio,
1698 2355 1742 2386 ibi
1760 2355 1816 2386 ali·

941 2394 1090 2432 quamdiu
1123 2394 1319 2428 habitaverat
1334 2421 1344 2436 ‚
1380 2397 1516 2438 primurn
1544 2396 1653 2428 officio
1686 2397 1813 2438 aliquo,

941 2434 1054 2466 deinde
1071 2433 1140 2468 fato
1167 2435 1223 2467 suo
1247 2437 1292 2468 ibi
1317 2438 1453 2471 funftus.
1500 2438 1643 2470 Addebat
1666 2438 1813 2478 Sempro-

943 2477 1033 2514 nius,
1056 2485 1187 2522 matrem
1202 2476 1287 2510 suam
1301 2479 1414 2511 deinde
1427 2478 1521 2510 fuisse
1538 2486 1667 2520 nuptam
1682 2478 1812 2510 Senato-

944 2518 971 2549 ri
987 2516 1091 2548 Curiae
1107 2517 1289 2550 Hollandiae
1299 2543 1310 2559 ,
1335 2520 1365 2551 &
1381 2529 1436 2561 per
1451 2519 1505 2552 has
1524 2520 1650 2561 nuptias
1667 2519 1698 2553 se
1715 2527 1813 2552 trans-

944 2558 1012 2591 iiss'e
1031 2560 1064 2591 in
1081 2568 1148 2591 eam
1166 2560 1326 2592 Senatoris
1341 2559 1514 2593 familiam:
1538 2570 1616 2600 nec,
1642 2563 1819 2603 quominus,

943 2601 975 2633 id
992 2610 1101 2633 verum
1123 2601 1243 2640 fuerit,
1269 2602 1437 2644 quicquam
1461 2602 1632 2635 intercessit
1658 2603 1809 2644 Senatus,

943 2642 1014 2680 sed,
1037 2642 1189 2675 Senatore
1211 2643 1270 2675 illo
1289 2642 1460 2683 defuneto,
1484 2643 1578 2676 vidua
1596 2644 1719 2685 Hagam
1738 2646 1810 2678 reli-

937 2684 1030 2757 guit,
1056 2684 1086 2716 &
1107 2685 1170 2716 alio
1192 2684 1367 2717 habitatum
1392 2684 1553 2718 conceffit.
1604 2685 1716 2718 Postea
1737 2687 1806 2728 qui-

959 2735 1009 2757 em
1027 2725 1173 2758 cubicula
1190 2726 1229 2757 ali
1253 2734 1310 2759 uot
1333 2725 1435 2768 Hagae
1455 2727 1668 2766 conduxerat,
1695 2735 1730 2758 ut
1754 2737 1808 2759 ne-

937 2767 1101 2809 gotiorum
1118 2766 1210 2800 causa
1261 2777 1349 2809 agam
1369 2777 1539 2800 excurrens
1560 2768 1593 2799 in
1613 2777 1650 2799 ea
1673 2767 1704 2800 se
1722 2767 1806 2800 suos-

940 2818 1002 2851 que
1019 2809 1194 2851 reciperet,
1219 2808 1270 2841 sed
1286 2818 1349 2840 non
1364 2808 1498 2840 solverat
1517 2809 1581 2841 ulla
1594 2817 1807 2849 onera‚quae‚

939 2850 993 2892 qui
1011 2849 1110 2892 Hagae
1129 2851 1291 2889 habitant,
1317 2849 1419 2882 solent
1438 2850 1468 2881 ὅς
1484 2850 1599 2881 debent
1617 2848 1760 2889 solvere,
1784 2851 1808 2883 fi

937 2892 1058 2924 animus
1075 2891 1120 2924 est
1137 2892 1178 2924 ibi
1197 2891 1395 2924 domicilium
1411 2890 1610 2923 constituere.
1649 2889 1735 2935 Quin
1747 2901 1809 2924 nec

962 2932 1092 2965 robabat
1115 2933 1336 2974 Sempronius,
1368 2931 1400 2963 se
1422 2931 1514 2964 fuiss‘e
1538 2939 1656 2972 partem
1675 2931 1807 2964 familiae

939 2942 1119 3015 Riaternae,
1142 2984 1214 3007 nam
1235 2982 1312 3005 ecce
1330 2972 1430 3012 major
1449 2981 1515 3005 erat
1533 2981 1653 3012 aetate„¹
1668 2973 1807 3047 Signitl‘er

1745 3025 1762 3046 e
1776 3024 1807 3046 e-

981 3108 1044 3146 (ς)
1065 3106 1204 3147 observat.
1233 3105 1350 3136 Tumuli'.
1375 3106 1440 3135 Rer.
1457 3105 1556 3146 Judi'c.
1587 3105 1658 3137 Tom.
1677 3105 1757 3137 VUL
1779 3114 1807 3135 n,

946 3150 1044 3222 ¹⁹22)
1064 3184 1165 3214 Ibidem
1179 3183 1293 3213 T.v11.
1312 3192 1339 3214 η.
1362 3191 1444 3222 1732.

1174 3260 1242 3306 Qq
