2008 3436
171 82 216 139 σε
425 93 828 139 CORNELil

170 182 346 221 theiiticas,
381 191 527 224 tanquam
555 182 765 224 subrepticios
789 181 914 219 servos,
939 179 978 211 de
993 178 1038 211 fa-

169 224 257 254 milia
281 224 453 263 ejiciendos
478 225 637 265 putaverit
657 235 663 254 :
703 223 821 254 etenim
845 221 961 261 scopo,
984 220 1038 261 qui

170 264 274 296 bonus
291 275 377 305 erat,
405 274 465 297 tam
483 265 561 296 bene
590 264 778 296 satisfactum
790 286 800 301 ,
825 270 859 293 ut
876 262 959 294 bona
977 262 1038 294 fide

169 305 294 337 credam
306 330 316 346 ,
341 309 496 339 neminem
512 307 563 338 vel
579 305 713 338 existere
724 328 733 343 ,
755 305 804 336 vel
816 328 825 343 ,
851 313 890 335 ex
906 312 970 342 quo
983 303 1033 343 Ju-

170 346 380 387 risprudentia
396 348 489 379 etiam
509 348 629 379 litteras
646 347 777 383 didicit,
799 344 957 383 extitiss'e,
981 344 1033 384 qui

169 388 280 428 majori
297 399 411 431 opera,
431 389 587 420 brevitate
599 412 608 427 ,
633 388 784 420 fidelitate
802 385 1032 422 Novellarum,

169 429 218 468 jus
243 439 333 462 vetus
358 430 545 462 mutantium
564 454 574 468 ,
606 429 772 461 sententias
795 428 959 464 redderet,
981 426 1034 456 vel

170 470 349 503 redditurus
366 471 491 509 fuiffet,
515 480 605 510 quam
624 471 692 501 heic
712 469 829 500 factum
854 467 1035 508 reperimus.

171 510 224 543 De
245 512 398 544 fidelitate
415 513 484 544 sunt
506 512 558 552 qui
583 511 820 548 contradicant,
855 509 885 541 ἃ
903 509 1038 548 integi-as

172 553 261 585 nialae
291 555 363 586 fidei
394 553 529 596 syllogas
555 552 731 583 corradant.
791 551 850 583 Sed
873 553 936 581 no'n
965 547 1010 580 est
1027 571 1036 587 ,

172 595 257 634 quod
287 603 349 626 tam
377 595 475 626 altum
502 594 658 630 clament,
682 592 739 624 sint
756 592 818 624 loci
837 592 887 622 vel
906 591 969 622 duo
986 590 1039 621 vel

171 636 287 668 nullus.
334 636 452 668 Verum
469 635 535 666 hacc
557 644 619 665 non
639 633 708 665 sunt
728 633 819 673 liujus
843 642 958 672 operae.

217 676 268 709 De
285 677 410 708 auftore
426 677 579 711 duntaxat
610 675 696 707 illius
715 674 957 715 compendiariae
974 672 1039 703 col-

174 717 317 750 lectionis
345 718 437 749 nobis
466 717 645 748 videndum.
698 716 803 756 Atque
839 715 922 746 hunc
948 713 1041 745 fuiffe

174 758 346 798 Irnerium,
379 759 432 799 qui
461 757 578 789 saeculo
603 756 678 789 XII.
704 756 760 788 sub
777 755 932 788 Lothario
946 755 1042 787 Saxo-

177 810 217 831 ne
230 824 238 840 ‚
261 800 408 832 Conrado
425 799 479 831 III.
506 800 536 831 ὃς
558 798 719 830 Friderico
732 820 743 836 ‚
775 796 869 828 barba
888 795 968 827 rossa
985 804 1041 827 no-

173 849 230 881 to,
255 841 308 882 Jus
328 841 434 873 Civile
452 841 552 881 coepit
570 839 710 881 profiteri
725 863 734 878 ‚
761 839 789 870 ὃ(
808 839 877 870 aliis
895 836 1043 878 profiten-

173 883 204 914 di
232 882 340 914 austor
365 882 427 914 suit
444 904 456 920 ‚
488 890 538 913 tot
569 888 714 922 tantaque
730 879 938 920 Interprctum
958 876 1040 909 testi-

172 924 283 956 monia
299 924 457 955 declarant
468 947 478 962 ,
503 930 583 964 quot
601 923 630 954 ὅ(
641 929 754 963 quanta
769 919 909 952 sufficere
926 920 1042 951 dixeris

174 965 212 996 ad
230 965 436 996 inducendam
461 965 639 1004 opiizi'onem,
671 970 705 994 ut
725 962 827 1002 ajunt,
856 970 1040 992 communem.

176 1006 223 1038 Ut
241 1006 278 1037 iis
297 1004 492 1038 recensendis
510 1014 638 1042 vacem,
661 1014 725 1036 non
744 1001 937 1043 exspectabit
953 1002 1042 1043 quis3

174 1047 390 1079 recentiorum
423 1047 539 1088 quippe
563 1045 654 1087 plena
678 1045 748 1077 sunt
766 1044 890 1082 omnia,
915 1044 944 1075 ὃ(
964 1043 1041 1074 anti-

176 1089 269 1130 quis,
291 1096 405 1130 utpote
421 1089 505 1120 veris
524 1088 553 1119 ὅ(
572 1087 647 1119 solis
665 1096 701 1118 ea
723 1086 761 1118 dc
777 1094 810 1116 re
825 1085 970 1123 arbitris,
985 1084 1042 1129 *lo-

176 1139 251 1161 cum
267 1130 348 1161 dabo
369 1129 578 1171 peculim-cina
603 1137 736 1169 namque
761 1127 823 1158 hoc
844 1126 930 1165 fieri,
949 1133 1042 1156 etiam

176 1170 341 1203 sententiae
357 1170 469 1203 nossrae
487 1169 633 1208 interest,
657 1177 691 1200 ut
714 1178 790 1200 mox
807 1167 923 1198 audies.

220 1212 313 1244 Hane
332 1220 438 1243 autem
457 1211 494 1242 de
513 1210 632 1243 Irnerio
650 1210 870 1247 traditionem,
897 1217 931 1239 ut
949 1216 984 1239 ut
999 1216 1044 1238 re-

177 1263 303 1295 ceptam
326 1254 425 1295 vulgo
443 1275 455 1291 ,
477 1253 640 1284 molimine
666 1261 729 1283 non
758 1251 866 1290 inepto
889 1248 1045 1290 adgreffus

177 1296 223 1327 est
249 1294 383 1327 Carolus
410 1294 583 1326 Molinaeus
616 1292 701 1324 Lect.
721 1291 791 1323 Dol.
812 1289 869 1322 III.
893 1299 971 1321 num.
993 1299 1042 1320 20.

180 1346 233 1369 21.
253 1346 301 1368 22.
320 1335 355 1371 ἐξ)
372 1346 422 1377 23.
446 1335 488 1366 ibi
508 1335 609 1373 enim,
645 1334 717 1364 dum
737 1332 957 1372 antiquitatem
976 1339 1044 1376 ver-

177 1377 272 1411 sionis
288 1376 497 1409 Novellarum
514 1376 649 1417 vulgatae
669 1382 780 1405 contra
801 1372 959 1404 Alciatum
978 1380 1046 1402 vm-

180 1419 286 1457 dicat,
310 1428 376 1449 eam
388 1440 399 1456 ,
421 1418 451 1449 ἃ
467 1426 509 1448 ex
527 1427 562 1448 ea
578 1415 771 1456 desumptam
796 1413 876 1445 auth.
893 1413 1045 1454 Presbyte-

179 1471 224 1491 ros
253 1460 289 1494 &2⁹
312 1459 460 1490 Diaconos
486 1459 517 1489 C.
543 1460 576 1489 cle
594 1457 692 1498 Episc.
713 1455 749 1491 ὃ)
767 1456 842 1487 Cler.
860 1455 897 1486 ad
913 1453 1045 1486 verbum

177 1500 319 1533 recitasse
340 1499 446 1531 scribit
462 1499 653 1542 Gregorium
672 1498 824 1538 Magnum
844 1496 914 1528 Lib.
926 1494 988 1527 XI.
1003 1494 1045 1526 E-

175 1541 247 1584 pist.
268 1551 319 1581 50.
347 1541 382 1576 δέ’
405 1551 457 1582 54.
483 1549 639 1582 quumque
662 1539 718 1570 ille
739 1538 857 1570 saeculo
875 1538 936 1578 J'am
954 1535 1045 1582 sexto

180 1584 290 1615 Romae
307 1582 420 1614 sederit
436 1582 628 1624 Episcopus,
652 1580 756 1612 ‘altius
774 1580 868 1620 longe
887 1577 1044 1610 authenti-

178 1633 286 1656 carum
304 1625 456 1665 originem
474 1624 535 1656 effe
551 1621 749 1664 repetendam
777 1620 952 1652 Molinaeus
966 1619 1044 1650 edis-

180 1666 271 1698 serit:
297 1665 378 1707 Ergo
405 1665 516 1707 liquet,
546 1664 669 1705 inquit,
694 1663 765 1704 qnod
776 1662 841 1704 jam
859 1667 981 1701 tempore
991 1660 1045 1701 suo

180 1706 348 1748 (Gregorii
365 1710 459 1747 puta)
477 1707 563 1747 paulo
577 1703 641 1746 post
662 1701 887 1745 Justiiiz'anum,
919 1703 974 1733 vix
992 1703 1045 1732 rri-

183 1750 271 1792 ις’ἱηῑα
295 1750 383 1779 annis
406 1749 441 1779 ab
470 1749 531 1790 ejus
558 1748 652 1785 obitu,
682 1744 855 1776 authenticae
871 1743 929 1774 illae
947 1753 961 1774 e
982 1743 1046 1774 vul-

182 1791 263 1832 gatis
277 1788 381 1829 nostris
388 1789 512 1830 sumptae
528 1813 537 1828 ,
566 1798 625 1829 quae
634 1787 708 1827 sitiit
724 1787 757 1817 in
778 1786 810 1817 C.
828 1783 1017 1830 Justiniaiieo
1034 1807 1044 1823 ,

176 1833 305 1873 suerum
320 1837 439 1862 extunc
461 1832 551 1862 eidem
580 1830 677 1861 Codici
694 1827 814 1868 inserite.
860 1828 903 1858 Su
926 1825 1045 1857 erditto

184 1874 247 1904 hoc
273 1874 450 1906 ἐπιφωνῆμητι
473 1882 481 1903 :
516 1871 559 1903 Ut
581 1871 764 1902 vehementer
785 1873 882 1899 errent
936 1866 978 1898 D.
995 1876 1044 1898 no-

176 1912 254 1955 stri,
277 1915 327 1955 qui
357 1913 441 1944 illam
463 1913 594 1944 authent.
615 1910 798 1953 insertionem
814 1910 980 1940 attribuunt
999 1908 1044 1940 Ir-

183 1956 281 1994 neris),
315 1964 379 1986 cum
400 1954 467 1994 plur
480 1954 631 1995 sexcentis
654 1953 741 1983 annis
756 1956 824 1982 ante
844 1956 946 1981 natum
965 1949 1046 1981 [rne-

183 1997 261 2027 rium
285 1995 397 2036 insertae
414 1995 535 2035 fuerint
567 1995 665 2026 Codici
681 2017 690 2033 ,
724 1998 757 2023 ut
778 1997 862 2032 patet
879 1991 1049 2032 exscriptis

189 2037 329 2078 Gregorii
349 2037 407 2068 Ma
431 2038 463 2067 izi
487 2061 494 2069 .
587 2060 594 2067 .
619 2036 656 2067 ad
682 2035 753 2076 quod
768 2043 847 2064 nemo
855 2033 1049 2073 scribentium

184 2079 277 2109 adhuc
302 2079 401 2109 anima
422 2079 523 2110 vertit.
576 2076 628 2108 De
657 2075 809 2108 sententia
828 2083 911 2105 nova
928 2074 1047 2114 liquet,

183 2119 222 2150 de
240 2126 424 2160 argumento
441 2118 508 2160 ipso
533 2118 708 2150 videbimus
731 2116 888 2156 deinceps.
931 2114 974 2146 Et
995 2124 1049 2156 pu-

187 2168 222 2191 to
249 2169 358 2191 verum
378 2183 387 2199 ,
420 2159 503 2200 quod
531 2160 574 2191 ait
589 2159 782 2195 Molinaeus,
806 2156 961 2188 neminem
975 2163 1048 2188 ante

187 2200 219 2232 se
238 2200 268 2232 id
287 2200 555 2240 animadverti-sse,
579 2199 655 2231 licet
672 2199 779 2230 itidem
794 2207 903 2229 verum
919 2196 973 2235 iit,
994 2196 1048 2238 qui

185 2250 259 2274 ante
283 2251 354 2273 eum
380 2242 561 2273 dubitarunt
599 2240 655 2281 (ut
679 2239 782 2272 sumus
806 2237 951 2280 praefati)
981 2237 1048 2270 suas

186 2283 268 2314 haud
282 2283 376 2314 dubie
393 2282 531 2314 habuiffe
551 2281 712 2313 dubitandi
730 2280 878 2312 rationes.

157 2322 159 2324 ’
229 2324 289 2356 Sed
308 2323 473 2362 Germani,
498 2333 576 2364 quos
594 2323 749 2361 diximus,
768 2322 896 2362 propius
912 2330 975 2352 rem
985 2330 1049 2352 cer-

160 2373 163 2376 *
188 2374 279 2397 nunt.
323 2365 392 2404 Illi,
417 2373 578 2406 utcunque
594 2364 790 2395 authenticas
804 2362 912 2394 Irnerii
930 2361 1050 2393 ess'ene-

188 2414 284 2448 gent,
309 2406 374 2446 ejus
395 2415 498 2438 tamen
517 2406 660 2447 quasdam
677 2404 822 2444 lacinias,
845 2404 985 2446 quaedam
1002 2412 1049 2435 ea-

900 102 1012 135 νΛΝ

814 2501 1168 2539 CAPUT

1086 96 1687 137 BYNKERSHOEK

1081 188 1150 210 rum
1168 178 1354 211 emblemata
1379 178 1561 221 agnoscunt.
1607 180 1713 222 Atque
1736 180 1780 213 ita
1794 181 1941 220 Irneriuiit

1081 220 1278 252 authenticas
1299 220 1498 262 interpolasse
1514 221 1650 260 volunt,
1674 232 1738 254 non
1750 222 1854 263 scena,
1880 235 1942 258 cre*

1080 261 1141 300 do,
1176 271 1213 292 ac
1238 262 1277 292 de
1301 261 1502 293 Triboniano
1521 285 1531 300 ,
1564 261 1784 295 pandectarum
1805 264 1942 299 Codicis-

1080 311 1141 343 que
1169 302 1420 344 interpolatore,
1452 303 1542 344 vulgi
1567 302 1673 336 fabula
1702 305 1758 336 est.
1802 306 1861 337 Sed
1885 307 1944 340 hoc

1076 343 1146 381 illi,
1170 352 1205 375 ut
1228 344 1429 376 velificentur
1453 344 1614 376 nonnullis
1635 345 1756 387 gloffis,
1788 355 1945 388 perperam

1075 384 1254 417 intelieetis.
1298 385 1452 427 Exspecta
1469 384 1633 425 pufilium,
1659 387 1688 419 ἃ
1704 387 1834 420 videbis.

1122 426 1192 467 Ego
1222 426 1346 458 interim
1373 428 1459 459 heic:
1485 428 1532 458 ἔτί
1555 430 1661 465 πάντα,
1683 430 1729 457 ἔτι
1747 441 1877 466 vra-rut,
1900 428 1944 461 ἔτι

1080 469 1155 506 παρὰ
1178 468 1282 498 πάντων.
1315 468 1354 498 de
1379 468 1582 500 Authcnticis
1610 469 1693 502 enim
1716 469 1758 502 sic
1784 469 1946 503 existimo:

1081 507 1233 540 lrnerium
1261 518 1362 550 neque
1386 510 1527 541 omnium
1545 533 1555 548 ,
1588 519 1689 551 neque
1713 511 1868 543 nullarum
1887 511 1948 544 esse

1081 549 1260 595 auctorem3
1284 550 1430 591 quasdam
1457 550 1518 582 esse
1534 550 1662 590 Irnerii,
1687 552 1833 593 quasdam
1854 553 1948 585 ctiam

1080 590 1213 622 Martini
1243 590 1273 621 &
1299 591 1418 623 Azonis
1450 592 1508 632 (de
1532 592 1579 624 his
1600 593 1684 625 enim
1712 592 1777 625 sum
1799 593 1946 635 probatu-

1083 630 1168 676 rus).
1188 631 1217 676 ᾃ
1240 630 1325 662 forte
1350 633 1494 673 quasdam
1525 633 1675 676 Rogerii,
1711 635 1858 677 Bulgari,
1880 634 1948 667 Pla-

1083 680 1203 718 centini
1225 695 1235 710 ,
1270 672 1348 704 Pilei
1364 697 1374 712 ,
1405 673 1553 713 joannis,
1583 676 1765 716 Bagarotti‚
1788 675 1919 708 Rofredi
1936 698 1949 714 ‚

1083 713 1191 752 jacobi
1211 714 1240 744 ἃ
1258 712 1404 754 Hugonis
1419 715 1456 745 de
1474 714 1568 746 Porta
1584 715 1789 757 Ravegnana,
1811 717 1948 759 Hugoli-

1085 754 1138 791 ni,
1170 754 1301 785 Antonii
1324 754 1407 797 Lyi,
1440 756 1470 787 &
1486 756 1638 795 aliorum,
1668 758 1719 798 qui
1737 758 1951 804 jurispr-uden-
1971 755 1986 778 Γ

1086 795 1140 825 tiae
1166 794 1369 827 restaurandae
1398 796 1523 828 Saeculo
1548 796 1623 829 XII.
1654 798 1684 830 &
1712 798 1803 830 XIII.
1829 808 1947 831 leere.

1085 835 1173 882 Quin
1192 836 1239 874 δε,
1264 843 1300 867 ut
1318 846 1383 868 non
1410 847 1489 869 vane
1511 837 1661 876 dixerim,
1697 839 1747 870 vel
1767 838 1907 871 Graeculi
1927 840 1950 871 i-

1085 885 1146 918 pio
1162 877 1323 917 Justiniani
1347 888 1418 909 aevo
1443 879 1619 919 hujusmodi
1640 879 1850 912 Novellarum
1867 890 1952 912 com-

1086 918 1207 959 pendiis
1232 918 1274 949 usi
1292 941 1304 957 ‚
1333 919 1401 950 aliis
1421 920 1451 951 in
1474 920 1632 961 posterum
1652 920 1785 960 utendi,
1810 921 1840 953 &
1855 931 1955 963 porro

1087 959 1259 1000 colligendi
1277 960 1420 992 auci-ores
1439 960 1540 994 fuere.

1128 1000 1310 1046 Priusquam
1339 1001 1419 1033 hanc
1444 1000 1629 1035 sententiam
1657 1004 1786 1045 probem
1807 1028 1816 1045 ‚
1857 1003 1952 1038 scien-

1085 1041 1158 1074 dum
1178 1041 1243 1079 est,
1276 1040 1355 1082 ipsas
1377 1043 1576 1076 authenticas
1591 1054 1654 1077 non
1678 1045 1762 1078 aliud
1781 1045 1857 1078 mihi
1875 1045 1952 1079 sem-

1085 1093 1140 1125 per
1164 1081 1257 1114 fuiffe
1284 1081 1364 1114 visas
1380 1108 1389 1123 ,
1421 1094 1512 1125 quam
1537 1085 1655 1117 scholia
1679 1087 1820 1128 quaedam
1836 1111 1845 1127 ,
1870 1088 1952 1128 post-

1087 1133 1179 1164 quam
1197 1124 1281 1169 leges
1291 1126 1434 1169 *novellae
1452 1126 1670 1167 innotuerant,
1697 1127 1830 1168 subjesta
1843 1128 1952 1161 velad-

1087 1165 1165 1206 jecta
1184 1163 1297 1210 Codici
1315 1166 1351 1210 ab
1374 1167 1589 1208 antiquissimis
1604 1168 1685 1208 Juris
1702 1168 1953 1210 professoribus,

1088 1208 1120 1238 in
1138 1206 1270 1237 Oriente
1291 1215 1447 1246 primum,
1469 1208 1543 1240 dein
1561 1210 1592 1240 in
1608 1209 1792 1242 Occidente.
1832 1211 1955 1244 Eorum

1088 1246 1231 1293 quisquis
1249 1246 1285 1277 ad
1305 1245 1436 1279 Codicis
1454 1247 1498 1279 sui
1517 1250 1706 1291 marginem,
1729 1252 1782 1283 vel
1801 1252 1834 1284 in
1853 1251 1954 1285 Com-

1088 1296 1245 1334 mentario
1261 1309 1273 1326 ,
1304 1296 1373 1328 quae
1401 1288 1567 1331 abrogata,
1599 1291 1752 1332 quibusve
1767 1291 1954 1334 derogatum

1088 1327 1337 1367 animadvertat,
1359 1329 1509 1362 adnotare
1524 1355 1534 1370 ,
1558 1331 1637 1363 alius
1654 1331 1743 1364 hasce
1759 1342 1848 1365 notas
1866 1334 1897 1365 in
1917 1334 1955 1365 li-

1089 1371 1181 1402 brum
1199 1368 1287 1401 suum
1311 1369 1547 1412 transscribere,
1572 1372 1651 1404 alius
1671 1382 1734 1405 non
1753 1373 1829 1406 item
1842 1397 1852 1413 ‚
1877 1374 1958 1407 alius

1089 1411 1165 1452 quid
1175 1410 1285 1442 addere
1295 1433 1306 1449 ,
1327 1412 1407 1444 alius
1423 1413 1499 1454 quid
1511 1413 1690 1454 detrahere,
1715 1414 1904 1457 ficgdenique
1921 1426 1952 1447 a-

1088 1462 1183 1500 gere,
1206 1452 1468 1499 quemadmodum
1489 1455 1521 1486 in
1540 1453 1657 1488 Gloffis
1679 1455 1750 1498 ipfis
1763 1455 1879 1488 faCtum
1896 1466 1951 1489 no-

1087 1503 1202 1526 Vimus.
1247 1492 1403 1536 Quinimo
1419 1495 1473 1527 has
1491 1495 1570 1538 ipsas
1588 1497 1839 1529 authenticarum
1859 1498 1952 1531 adno-

1089 1536 1226 1567 tationes
1241 1534 1420 1567 Gloss'arum
1437 1546 1569 1570 numero
1592 1537 1685 1570 fuisse
1703 1539 1844 1578 habitas,
1866 1549 1952 1582 argu·

1088 1585 1199 1609 mento
1219 1575 1283 1614 est,
1307 1577 1391 1623 quod
1409 1577 1563 1618 joannes,
1589 1578 1751 1612 Gloffator
1770 1580 1826 1612 ille
1842 1588 1933 1613 vetus
1941 1603 1958 1621 ,-

1089 1618 1152 1650 hoc
1167 1627 1219 1649 eas
1238 1617 1346 1657 elogio
1369 1619 1510 1661 insigniat
1538 1621 1570 1652 in
1590 1621 1697 1653 Szmzm.
1716 1623 1754 1653 ad
1775 1622 1878 1654 Collat.
1894 1621 1949 1655 VI.

1092 1657 1212 1700 Constit.
1231 1669 1260 1701 3.
1286 1660 1342 1706 (ut
1358 1659 1424 1706 ipse
1443 1662 1605 1703 numerat)
1626 1662 1690 1694 five
1707 1664 1746 1694 ad
1763 1663 1886 1696 Novell.
1902 1673 1957 1705 72«

1089 1700 1191 1739 Illud,
1215 1708 1277 1739 ait,
1300 1710 1332 1731 zn
1341 1704 1459 1742 summa
1477 1709 1535 1735 not.
1555 1705 1628 1745 quod
1643 1714 1679 1735 ex
1694 1703 1747 1735 hac
1769 1705 1953 1746 Constitutio-

1088 1752 1123 1773 ne
1151 1743 1211 1773 dziae
1241 1750 1443 1775 GLOSSELLAE
1460 1766 1471 1783 ‚
1486 1743 1550 1783 five
1575 1746 1656 1777 auth.
1675 1747 1707 1777 in
1728 1746 1758 1777 C.
1779 1751 1925 1787 ponuntur
1939 1769 1950 1786 ,

1083 1785 1182 1830 prima
1191 1783 1320 1823 sumitur
1337 1784 1396 1815 &c.
1441 1786 1648 1819 Authenticas
1671 1785 1818 1834 glqffellar
1831 1796 1926 1819 vocat
1938 1809 1952 1827 ‚

1089 1833 1136 1871 uti
1160 1824 1309 1864 fuerunt,
1339 1834 1398 1856 una
1422 1835 1494 1859 cum
1517 1828 1645 1869 reliquis
1671 1828 1710 1860 ab
1725 1828 1838 1867 initio,
1862 1828 1951 1860 utita

1088 1866 1190 1897 dicam
1205 1886 1216 1902 ‚
1247 1874 1497 1907 extravagantes.
1551 1869 1824 1914 Quemadmodum
1845 1877 1951 1901 autem

1089 1906 1207 1953 Glossze
1231 1906 1302 1938 sunt
1327 1917 1484 1941 variorum
1501 1933 1510 1949 ,
1535 1910 1578 1942 ita
1598 1911 1628 1942 &
1645 1910 1804 1943 variorum
1821 1909 1882 1943 esse
1898 1919 1951 1942 au-

1090 1949 1244 1980 thenticas
1256 1970 1273 1986 ,r
1292 1957 1386 1988 porro
1404 1951 1463 1981 erit
1479 1951 1682 1992 probandum.

1134 1989 1210 2021 Hoc
1241 1989 1372 2035 interim
1388 1990 1584 2032 observabis,
1608 1994 1799 2026 Sententiam
1815 1992 1951 2025 nostram

1092 2040 1109 2062 a
1123 2040 1283 2062 communi
1310 2030 1456 2070 differre,
1485 2043 1553 2074 quae
1570 2043 1695 2073 omnes,
1721 2034 1750 2066 ὅ(
1769 2044 1785 2066 a
1801 2034 1950 2067 Molinaei

1093 2073 1124 2104 ὅτ.
1147 2070 1376 2118 Germanorum
1394 2095 1403 2112 ,
1436 2083 1508 2114 quae
1533 2074 1634 2106 nullas
1661 2075 1779 2107 lrnerio
1795 2075 1951 2107 authenti-

1092 2123 1142 2144 cas
1165 2113 1292 2143 tribuit:
1317 2122 1391 2152 quin
1409 2114 1438 2145 ὅ(
1458 2114 1544 2154 poffe
1567 2124 1625 2147 nos
1645 2116 1812 2156 Molinaei,
1839 2116 1869 2148 &
1885 2116 1952 2157 ejus

1090 2153 1277 2186 sectatorum
1301 2154 1476 2186 rationibus
1505 2156 1550 2187 uti
1575 2156 1611 2187 ad
1627 2156 1842 2197 fulciendam,
1860 2166 1952 2199 quam

1091 2205 1149 2227 nos
1166 2203 1314 2233 tuemur,
1339 2193 1544 2235 sententiam3
1574 2197 1721 2238 fiquidem
1739 2199 1785 2230 illi
1801 2198 1864 2230 hoc
1885 2197 1951 2230 fere

1091 2243 1187 2278 agunt
1204 2235 1296 2281 unice
1308 2257 1319 2274 ‚
1351 2245 1386 2267 ut
1412 2245 1515 2269 certas
1537 2239 1682 2278 quasdam
1698 2239 1893 2271 authenticas
1908 2238 1950 2271 Ir-

1090 2278 1180 2310 nerio
1203 2278 1393 2317 antiquiores
1419 2277 1480 2309 effe
1504 2279 1649 2311 doceant.
1705 2280 1766 2313 Sed
1787 2280 1896 2312 necin
1912 2289 1956 2312 eo

1093 2319 1171 2352 tanti
1197 2317 1258 2349 css'e
1282 2317 1395 2357 fidem,
1426 2329 1517 2359 quam
1539 2321 1728 2361 implorant,
1752 2321 1951 2363 chronologi-

1092 2370 1179 2399 cam,
1201 2359 1351 2405 peculiari
1378 2362 1480 2401 capite
1507 2360 1685 2401 ostendam,
1704 2363 1840 2404 propriis
1857 2363 1950 2395 inter-

1093 2412 1128 2434 ea
1147 2411 1240 2434 arinis
1258 2401 1500 2444 depugnaturus.

1270 2502 1329 2537 ΙΙ.

212 2592 482 2627 Authenticarum
517 2593 624 2625 varios
645 2590 750 2637 fuiffie
782 2592 922 2626 aridiores
956 2603 996 2626 ex
1024 2590 1175 2633 Joanne,
1201 2592 1313 2626 Azone
1337 2587 1380 2629 δέ)
1403 2588 1550 2629 Accurfio
1572 2590 1747 2635 probatum
1773 2590 1871 2626 etiam
1899 2591 1933 2625 in

376 2641 531 2683 Oriente,
559 2651 599 2674 ex
613 2639 809 2686 fragmento
834 2642 962 2686 quodam
989 2640 1146 2685 Jccliani‚
1171 2638 1374 2686 anbecqffoiis
1401 2637 1752 2685 Constantinopolitani.

257 2742 457 2782 'estimonia‚
481 2743 592 2784 quibus
609 2744 718 2774 usurus
736 2742 822 2782 sum,
847 2753 941 2775 nemo
963 2743 1057 2775 facile

292 2784 497 2822 refutaverit,
513 2783 581 2815 sunt
598 2785 681 2816 enim
693 2785 907 2825 antiquissima.
934 2785 1053 2825 Agmen

191 2828 315 2859 claudet
334 2825 397 2867 ipse
414 2825 598 2865 Aoeurfius,
619 2825 707 2865 cujus
732 2834 825 2857 aetate
842 2826 1054 2866 jurispruden-

194 2869 236 2900 tia
255 2870 380 2914 integro
405 2867 460 2898 vix
485 2865 602 2898 i'aeculo
632 2867 662 2898 in
682 2866 859 2899 Occidente
877 2868 1051 2898 revixerat:

192 2920 302 2950 inagna
328 2909 425 2949 igitur
455 2908 520 2948 ejus
546 2908 732 2946 auctoritas,
766 2909 796 2940 ὅ(
818 2908 916 2947 majOr
931 2907 1054 2946 adhuc,

193 2951 213 2983 fi
242 2950 370 2991 gloffam
398 2959 437 2980 ex
463 2949 674 2989 antiquiorum
701 2949 808 2990 aliquo
826 2950 950 2980 referat.
995 2949 1055 2980 Sed

194 2993 246 3032 qui
272 2991 423 3032 JCtorum
449 2990 649 3022 barbarorum
673 2988 833 3022 historiam
862 2990 972 3028 novit,
1009 2998 1054 3020 et-

194 3033 254 3064 iam
286 3032 352 3063 haec
375 3032 485 3070 novit,
520 3032 571 3072 qui
597 3030 803 3069 non,·discat
820 3041 860 3063 ex
878 3030 1057 3063 Pancii·ollo

195 3075 228 3103 cle
253 3074 343 3104 clarii·
369 3073 441 3104 LL.
465 3074 690 3113 interpretibus,
721 3072 750 3104 ἃ
782 3072 929 3106 forstero
945 3072 976 3103 in
997 3071 1056 3103 Hi-

188 3112 259 3154 flor.
279 3114 348 3154 Jur.
369 3114 460 3145 civil.
484 3114 624 3154 aliisque.

240 3153 289 3185 De
313 3154 359 3185 liis
381 3155 484 3194 primo
501 3154 725 3196 despiciamus,
755 3156 808 3196 qui
827 3165 891 3187 non
912 3155 985 3187 huic
1001 3162 1055 3186 aut

192 3194 262 3233 illi,
296 3193 346 3226 scd
370 3199 425 3224 :aim
442 3209 491 3232 ..ιι
526 3196 555 3227 &
583 3197 683 3227 ‚taedae
699 3196 881 3237 quibusdam
897 3196 1052 3230 authenti-

1098 2753 1168 2783 cas,
1201 2751 1348 2774 earumve
1370 2748 1490 2784 partem
1517 2742 1651 2782 aliquam
1678 2742 1866 2776 adscribunt.
1910 2743 1961 2777 Ita·-

1097 2785 1178 2825 agit‚
1203 2793 1296 2825 quem
1313 2793 1384 2814 cuni
1402 2783 1553 2825 gloss'cllis
1569 2784 1629 2816 suis
1653 2785 1776 2816 laudare
1791 2787 1871 2827 coepi
1883 2809 1892 2825 ,
1909 2785 1956 2826 Jo-

1096 2835 1190 2857 annes
1210 2849 1219 2865 ,
1253 2825 1304 2865 qui
1323 2825 1440 2856 dicitur
1464 2825 1605 2857 Basianus
1635 2825 1685 2857 vel
1721 2825 1867 2858 Ronanus
1885 2848 1896 2864 ,
1924 2826 1961 2858 in'

1099 2866 1208 2898 Summ.
1230 2866 1381 2897 aciCollat.
1401 2865 1486 2897 VII-I.
1525 2864 1619 2906 Confi.
1644 2876 1691 2898 10.
1714 2865 1766 2897 seu
1782 2868 1819 2898 ad
1837 2867 1959 2900 Novell,

1101 2917 1173 2948 114.
1216 2907 1252 2939 liz
1261 2907 1377 2948 sicinina
1397 2914 1456 2938 nor.
1482 2907 1584 2948 inquit
1602 2929 1612 2945 ,
1642 2909 1714 2948 quod
1730 2912 1767 2938 ex
1785 2908 1839 2938 hac
1855 2905 1955 2951 confli-

1098 2955 1206 2980 zutzone
1226 2957 1367 2989 quinam
1384 2948 1491 2979 hahent
1517 2950 1549 2979 in
1577 2948 1609 2980 C.
1627 2950 1659 2980 in
1678 2950 1725 2980 tic.
1739 2948 1894 2988 praedifto,
1907 2948 1956 2991 fit-

1095 2996 1148 3030 per
1165 2990 1184 3020 l.
1201 2990 1290 3030 praed.
1337 2989 1422 3020 Sacri
1443 2989 1555 3031 affatus
1573 3014 1582 3028 ‚
1613 2990 1662 3021 vel
1675 2992 1766 3030 super
1792 2990 1814 3022 l.
1826 2989 1883 3030 fin.
1907 2999 1961 3027 aur

1099 3031 1192 3062 chent.
1238 3030 1311 3078 Quae
1330 3028 1374 3068 fic
1398 3032 1528 3071 incipit:
1565 3029 1760 3072 Gloriosiffimi
1776 3040 1882 3073 quoque
1897 3031 1962 3063 &cr

1101 3072 1131 3103 &
1157 3071 1237 3103 idem
1261 3073 1299 3102 acl
1322 3073 1407 3103 eund.
1431 3072 1534 3103 Collat.
1557 3069 1677 3113 Constit.
1696 3071 1735 3103 II.
1760 3071 1821 3103 five
1839 3070 1956 3104 Novell.

1104 3121 1173 3154 113.
1221 3112 1258 3145 Iri
1275 3112 1352 3153 sum.
1380 3119 1439 3145 not.
1468 3114 1540 3155 quod
1566 3122 1604 3144 ex
1627 3113 1679 3144 hac
1699 3110 1898 3152 constitutione
1910 3113 1959 3144 ba‘

1098 3155 1165 3184 benc
1191 3162 1332 3194 QUiDAM
1361 3155 1393 3185 in
1417 3155 1448 3186 C.
1475 3160 1508 3185 uc
1531 3154 1584 3185 lite
1603 3154 1727 3194 penden.
1756 3163 1793 3184 ex
1808 3153 1836 3195 §.
1855 3155 1904 3195 qui
1918 3150 1957 3195 as}

1097 3195 1171 3235 infr.
1197 3195 1236 3228 E.
1257 3195 1338 3228 auch.
1364 3195 1551 3238 utrobique,
1567 3195 1683 3228 liabent
1699 3195 1815 3236 quidam
1835 3194 1959 3240 arithmi-

1926 3240 1962 3266 ΕΙ-

2005 210 2008 223 l

2000 239 2008 265 κ’,
