2008 3436
252 101 534 152 QUAEST.
599 104 829 152 JURIS
884 105 1254 152 PRIVATI,

45 183 128 216 cavit
145 181 223 223 (6),
237 183 367 216 viduam
387 182 579 217 Hollandam
594 185 673 217 duos
690 184 848 218 Zelandos
865 196 912 217 rc-

44 225 93 257 Cte
108 223 145 255 ad
159 223 189 256 se
203 225 329 257 vocass'e
338 247 350 264 ,
362 225 475 265 reJesta
491 228 681 268 exceptione
692 227 910 259 declinatoria.

86 265 259 299 viduarum
281 267 312 299 δε
334 267 491 299 minorum
517 268 688 310 privilegio
714 268 819 300 locuni
847 278 912 301 non

42 307 122 346 effe,
146 307 198 339 ubi
214 307 317 349 agitur
338 308 378 339 de
395 308 590 351 adipiscenda
612 308 798 351 possessione
825 309 911 341 hcrc-

42 348 150 382 ditatis
166 358 204 382 ex
220 349 240 381 l.
254 348 311 390 fin.
340 350 373 382 C.
399 352 433 382 de
455 350 555 383 Ειίἱὲἶ.
579 350 622 383 D.
649 350 750 382 Hadr.
775 351 835 382 toll.
860 360 913 383 aut

42 390 94 423 ubi
111 390 248 432 pupillus
271 390 310 422 ad
334 391 473 424 rationes
499 391 670 424 reddendas
690 399 803 424 contra
828 400 912 424 tuto-

23 441 106 464 -rem
125 432 210 473 agit,
234 431 341 464 Curiae
365 432 548 465 Hollandiae
574 433 692 474 placuit
716 443 799 466 anno
819 439 910 475 1585.

39 473 99 515 (7)
131 473 217 514 quod
247 482 417 516 utrumque
441 475 523 506 unde
547 473 740 514 descendat,
771 484 911 508 meretur

39 514 168 556 despici.
214 514 257 547 Et
282 524 409 557 putem,
439 516 525 557 quod
547 516 585 547 ad
603 517 758 557 primum,
782 517 910 549 interdi-

38 557 106 595 eta,
129 556 243 598 quibus
267 567 326 589 nos
352 557 490 596 utimur,
514 558 645 599 antiquo
663 556 725 589 fori
747 558 823 596 usu,
846 568 909 590 non

39 597 131 631 fuisse
148 598 289 640 porresta
304 598 342 630 ad
364 599 585 639 acquirendam
612 599 829 641 poss'essionem
856 600 908 631 hc-

38 639 182 672 reditatis
192 661 204 678 ,
228 639 279 672 sed
302 639 342 670 de
358 649 398 671 eo
416 648 601 681 argumento
622 642 822 673 commodius
841 651 910 682 age-

41 689 91 714 tur
108 680 253 722 Cap.ftq.
298 680 362 719 Et,
390 683 475 723 quod
500 683 537 714 ad
561 682 752 721 secundum,
786 682 911 714 obstare

39 730 151 765 putant
170 722 192 753 l.
220 731 245 754 1.
273 723 306 754 C.
335 722 395 754 Uin·
422 725 455 754 cle
475 724 595 756 Ratioc.
618 734 667 767 ag.
692 734 732 756 cx
755 734 834 767 qua,
857 726 909 765 qui

39 765 139 797 aliena
155 763 282 805 negotia
298 763 545 805 administravit,
567 766 631 799 sive
649 776 687 799 cx
708 767 828 804 tutela,
847 766 910 798 five

39 806 101 838 alio
120 814 310 846 quocunque
326 806 454 846 titulo,¹
469 808 610 841 rationes
625 817 690 840 non
709 808 828 846 reddit,
853 807 909 839 nisi

37 857 76 878 eo
95 847 189 885 loco,
210 856 273 888 quo
292 848 419 888 negotia
439 849 524 890 gesta
549 849 631 882 sunt.
675 850 734 881 Sed
754 848 846 895 forte
861 849 907 880 di-

38 897 111 927 ces,
136 888 169 920 in
188 897 227 920 eo
251 887 450 922 Diocletiani
479 891 508 923 ὗε
531 891 724 924 Maximiani
742 889 907 931 Rescripto

38 930 117 962 nihil
137 929 199 962 effe
217 938 331 971 praetcr
347 933 725 975 regulani,antiquioi·cm
743 932 907 973 exceptio-

37 981 76 1004 ne
94 970 292 1011 Constantii,
317 982 386 1014 qua:
405 973 450 1005 est
471 975 502 1007 in
521 975 543 1006 l.
565 985 615 1007 wi.
643 974 675 1005 C.
737 975 828 1005 flando
847 973 906 1005 Ini-

33 1019 98 1054 per.
133 1015 212 1044 inter
230 1014 336 1054 piipill.
361 1015 409 1046 vel
435 1016 498 1047 vid.
529 1016 610 1048 nihil
643 1015 740 1060 igitur
767 1013 907 1052 obstare,

35 1055 204 1095 quominus
219 1055 375 1096 pupillus,
404 1057 499 1098 quive
519 1066 590 1089 curn
613 1057 835 1096 repraelentat,
862 1063 909 1086 tu-

36 1104 88 1128 tor
106 1095 192 1128 forte
210 1095 411 1136 honorarius,
436 1098 488 1129 vel
507 1097 643 1129 Cui-ator
654 1119 665 1135 ,
685 1097 716 1128 in
739 1096 819 1128 hanc
842 1106 909 1128 rem

37 1137 152 1175 datus,
176 1144 333 1176 tutorem,
357 1139 410 1178 qui
431 1138 673 1177 administravit,
700 1137 737 1169 ad
749 1139 906 1176 rationes,

36 1178 118 1220 apud
141 1177 270 1210 Curiam
295 1179 482 1218 reddendas,
507 1181 687 1222 compellat.
734 1180 840 1220 Magis
865 1186 908 1210 ta-

38 1230 111 1252 men
127 1218 191 1258 est,
215 1227 251 1251 ut
268 1220 430 1261 dicamus,
455 1222 521 1253 (1.1.
543 1232 594 1254 un.
615 1223 767 1253 duntaxat
782 1221 909 1258 valere,

37 1261 92 1294 ubi
110 1261 192 1293 ac‘tio
203 1285 213 1301 ,
237 1271 254 1292 a
271 1262 391 1303 pupillo
407 1272 514 1302 mota,
531 1273 621 1304 aeque
636 1264 717 1304 apud
732 1263 909 1308 supremum

36 1302 198 1345 Judicern,
221 1312 314 1344 quam
332 1303 513 1337 inferiorem
527 1327 537 1343 ,
553 1306 702 1346 explicari
716 1303 830 1346 potest.
853 1303 909 1335 Sin

36 1352 142 1376 autem
157 1344 230 1376 alibi
250 1345 348 1377 tutela
363 1345 447 1387 gesta
471 1345 517 1377 est
537 1369 546 1384 ‚
569 1346 686 1378 fortior
707 1346 789 1378 ratio
812 1346 909 1386 impe-

35 1386 179 1418 dimento
202 1384 266 1425 est,
296 1388 464 1427 quominus
491 1395 576 1419 tutor
607 1388 686 1429 apud
717 1387 908 1433 superiorem

37 1427 176 1469 judicem
203 1428 342 1460 rationes
365 1429 491 1466 reddat.
516 1439 587 1462 nain
611 1431 642 1461 in
668 1430 741 1462 loco
757 1427 907 1471 gestionis

38 1469 75 1505 ὅ)
92 1467 243 1510 insti-ustio
259 1469 418 1511 licffi‘cz'eris,
443 1470 479 1505 ὅ)
498 1477 566 1502 nota
591 1469 769 1512 testimonia,
798 1470 834 1505 ἐξ
855 1479 904 1515 ve·-

36 1509 150 1550 risfima
170 1509 285 1584 ptiffimt
314 1513 484 1543 documenta
500 1511 636 1553 prestari
652 1537 661 1552 ,
693 1521 727 1544 ut
755 1513 785 1544 in
814 1511 906 1543 simili

35 1552 142 1595 specie
160 1561 193 1584 re
210 1552 338 1584 cribunt
354 1553 561 1595 Imperatores
579 1555 610 1586 in
630 1555 650 1586 l.
670 1565 697 1586 2.
724 1554 754 1586 C.
785 1553 846 1585 Ubi
872 1553 905 1583 de

36 1596 140 1628 ratioc.
165 1603 214 1636 ag.
262 1593 328 1626 Usu
345 1604 471 1637 quoque
488 1595 553 1627 fori
572 1596 732 1635 obtinuit,
756 1605 796 1627 ne
819 1603 906 1626 tutor

36 1636 112 1668 alibi
141 1639 281 1667 rationes
309 1636 416 1668 reddat
435 1661 444 1676 ‚
478 1646 570 1678 quam
593 1637 646 1669 ubi
671 1638 800 1679 negotia
822 1635 907 1678 gesta

33 1678 124 1716 sunt,
151 1676 202 1709 sed
226 1677 493 1718 Pragmaticorum
512 1677 637 1710 versuta
656 1681 744 1711 natio
768 1678 827 1720 (8)
850 1687 905 1719 pu-

33 1718 121 1762 pillis
135 1718 313 1759 permittit,
337 1726 373 1750 ut
389 1728 510 1752 tutores
534 1721 615 1761 apud
640 1720 769 1752 Curiam
787 1729 905 1752 conve-

34 1762 144 1798 niant,
166 1768 230 1801 quo
256 1760 443 1793 damnentur
464 1761 602 1793 rationes
621 1762 750 1794 reddere
774 1762 806 1793 in
831 1762 906 1793 loco

36 1801 147 1834 tutelae
161 1800 267 1842 gestae.
312 1801 507 1841 Consentio,
530 1802 552 1835 fi
569 1805 639 1845 quis
655 1804 784 1836 nomine
803 1803 905 1844 pupil-

35 1844 79 1883 li,
107 1842 211 1874 adhuc
233 1843 384 1883 minoris,
410 1844 442 1876 in
469 1845 550 1877 hanc
571 1855 637 1877 rem
666 1853 759 1887 agat,
790 1845 841 1878 sed
863 1844 906 1884 fi,

33 1886 85 1927 qui
103 1885 208 1916 minoi·
224 1883 289 1917 fuit
315 1885 345 1916 δε
366 1895 450 1917 nunc
467 1887 566 1927 major
585 1886 686 1920 fastus
702 1886 765 1926 est,
789 1885 852 1928 ipse
878 1897 906 1918 a-

34 1934 87 1969 gat
101 1949 111 1964 ‚
142 1935 206 1958 non
233 1925 469 1966 animadverto,
491 1938 551 1969 qua
575 1929 699 1960 ratione
722 1929 754 1960 id
777 1927 907 1960 defendi

56 1968 126 2000 offit
137 1991 147 2007 ,
172 1976 242 1998 nam
258 1966 384 1999 simulac
401 1970 470 2009 quis
486 1969 586 2009 maJ'or
605 1969 707 2001 faetus
724 1970 768 2003 est
779 1991 790 2008 ,
811 1969 906 2011 privi-

47 2010 120 2051 egio
139 2008 271 2040 minoris
287 2010 389 2041 aetatis
404 2009 542 2050 excidit,
567 2009 619 2042 sed
638 2019 741 2044 tamen
758 2011 823 2043 alio
835 2011 906 2051 jure

33 2059 166 2083 utimur.

77 2091 130 2125 De
148 2091 252 2124 Vidua
271 2091 433 2134 qiiaefitum
458 2091 521 2131 est,
544 2103 602 2132 an,
624 2094 646 2126 fi
673 2094 814 2135 diploma
838 2105 905 2127 ces·

34 2132 128 2166 sionis
145 2134 381 2176 impetraverit,
411 2135 477 2175 ejus
501 2136 646 2176 cognitio
670 2136 752 2178 apud
777 2136 906 2168 Curiam

34 2174 217 2207 Hollandiae
234 2176 382 2208 ventilari
399 2176 517 2217 possit‘?
529 2177 570 2208 Et
588 2187 660 2209 curn
677 2178 817 2219 quaedam
830 2178 904 2210 Am-

33 2215 279 2249 sterdammenfis
293 2217 388 2249 vidua
406 2218 437 2249 in
458 2217 546 2251 causa
568 2218 712 2251 ceffionis
734 2220 904 2261 probandae

34 2257 208 2290 creditores
232 2256 303 2290 suos
325 2258 364 2290 ad
387 2258 515 2292 Curiam
538 2259 720 2292 Hollandiae
740 2260 904 2300 vocasset,

33 2299 73 2331 iis
91 2299 315 2340 exceptionem
330 2299 394 2331 fori
413 2301 668 2341 opponentibus,
683 2303 905 2344 exceptionem

34 2340 156 2372 admisit
177 2341 264 2371 curia
289 2350 340 2377 29·
362 2340 432 2381 Jun.
460 2345 548 2383 1675.
573 2342 631 2384 (9)
654 2344 749 2385 quia,
773 2352 809 2376 ut
825 2345 904 2376 rela-

33 2389 102 2413 tum
117 2381 183 2420 est,
205 2381 298 2414 vidua
311 2391 352 2414 ex
370 2381 399 2424 §.
420 2387 448 2417 8.
472 2382 580 2416 Form.
606 2382 679 2416 Cur.
706 2385 797 2418 Holl.
820 2385 905 2417 debi-

35 2431 123 2454 tores
149 2422 221 2455 suos
235 2423 274 2454 ad
300 2422 428 2455 Curiam
446 2434 562 2456 vocare
582 2426 704 2467 potest,
730 2427 905 2459 creditores

33 2473 97 2497 non
115 2464 241 2505 potest,
272 2463 323 2496 sed
340 2465 393 2506 qui
416 2466 583 2498 ceffionem
605 2468 710 2508 petit,
733 2468 799 2509 ipse
821 2468 905 2509 agit,

35 2514 129 2548 atque
146 2506 189 2537 ita
204 2505 372 2538 creditoris
389 2515 492 2548 partes
508 2509 541 2539 in
559 2517 598 2539 eo
616 2509 737 2549 judicio
754 2508 905 2548 sustinet,

35 2547 66 2580 ὅ(
81 2547 120 2578 de
137 2547 309 2586 viduabus,
335 2557 407 2589 quae
424 2558 537 2590 agunt,
562 2550 701 2591 loquitur
716 2552 744 2582 d.
770 2550 798 2591 §.
818 2556 847 2586 8.
873 2551 906 2583 C.

35 2598 66 2620 2.
110 2588 153 2620 Et
168 2589 298 2627 dubito,
323 2598 360 2621 an
380 2589 410 2621 id
425 2590 626 2631 privilegium
642 2591 680 2622 ad
698 2591 822 2624 causam
839 2601 904 2624 cre-

34 2629 94 2661 diti
111 2629 251 2672 restringi
272 2629 384 2671 poffit,
409 2641 478 2664 nam
496 2633 684 2673 generaliter
701 2635 764 2672 ait,
786 2633 826 2665 de
837 2643 905 2665 cazi-

28 2669 69 2710 fis
86 2671 251 2704 viduarum
266 2671 396 2705 Curiam
410 2672 472 2704 esse
487 2673 694 2714 judicaturam
705 2685 789 2713 ,non
807 2684 904 2714 vero,

35 2711 59 2744 fi
78 2721 169 2753 quam
189 2713 302 2744 crediti
326 2713 480 2746 afilionein
506 2715 648 2747 habeant.
694 2716 786 2748 Unde
813 2717 845 2748 <Sc
867 2716 906 2748 de

35 2752 126 2784 causa
141 2753 347 2786 restitutionis
367 2756 400 2787 in
416 2756 570 2797 integrum
585 2780 594 2795 ,
619 2767 637 2788 a
653 2758 748 2790 vidua
768 2757 906 2789 Ainster-

35 2794 203 2828 dammenfi
219 2794 320 2838 petita
329 2817 342 2834 ‚
364 2795 461 2829 Curia
477 2799 557 2830 citra
574 2799 670 2834 ullam
685 2799 904 2842 cognitionem

75 2912 138 2951 (7)
157 2911 296 2942 Neostad.
318 2911 406 2950 Decis.
429 2912 491 2942 Cur.
511 2914 586 2942 Holl.
608 2914 670 2944 LV.

1 2971 3 2973 -
76 2954 140 2989 (8)
159 2951 272 2980 Merula
291 2951 378 2980 Prax.
401 2950 483 2979 civit.
503 2952 538 2980 L.
559 2954 610 2982 lV.
633 2952 666 2982 T.
681 2961 708 2982 2.
730 2952 760 2982 C.
777 2961 805 2988 9.
825 2963 852 2982 n.
876 2961 904 2983 2.

38 2989 64 3019 ἂ
78 2992 293 3026 Gioenewegen
310 2991 345 3018 ad
362 2989 417 3018 Tin.
438 2989 468 3018 C.
488 2989 602 3030 Quando
615 2991 713 3029 Imper.
729 2994 798 3022 incer
808 2993 903 3030 papiu.

37 3029 151 3058 velvid.
171 3039 199 3057 n.
217 3037 264 3057 10.
287 3027 324 3063 85⁹
345 3037 388 3057 11.

76 3066 138 3103 (9)
157 3067 270 3095 Formul.
293 3066 325 3095 T.
342 3069 378 3096 ΙΙ.
398 3065 430 3096 C.
449 3075 492 3100 19.
513 3076 541 3104 p.
564 3076 630 3104 224.
652 3066 690 3103 ὅ)
707 3076 772 3104 225.

76 3105 158 3141 (ιο)
178 3105 279 3134 Ibidem
294 3105 366 3134 Tam.
389 3106 425 3134 ΙΙ.
445 3105 477 3134 C.
497 3114 545 3141 44.
567 3116 594 3143 p.
618 3115 682 3142 552.
704 3106 821 3145 &seqip

53 3158 56 3161 ›
79 3144 157 3179 (11)
176 3143 278 3172 Ibidem
299 3143 371 3173 Tum.
392 3145 428 3172 ΙΙ.
447 3144 477 3172 C.
497 3146 540 3174 18.
562 3153 590 3181 p.
613 3154 680 3174 221.
703 3144 818 3184 &seqq-

78 3181 159 3218 (η)
180 3181 268 3219 Decis.
289 3182 355 3219 Fris.
377 3182 414 3211 L.
435 3183 457 3210 1.
481 3181 513 3210 T.
533 3191 557 3211 1.
577 3182 671 3221 Defin.
701 3191 728 3212 2.

79 3220 159 3257 (13)
180 3220 227 3249 Ad
243 3219 349 3259 Tit.ff.
368 3221 400 3250 de
418 3219 518 3261 Judic.
539 3230 565 3251 η.
587 3226 634 3257 65.

1315 111 1417 148 LIB.
1445 115 1471 150 Ι.
1506 117 1544 153 C.
1573 119 1621 156 V.
1754 132 1823 168 309

955 185 1111 227 cognovit
1132 196 1181 219 12.
1205 187 1277 219 Otr.
1307 193 1386 224 1682
1410 192 1501 235 (ιο).
1546 197 1588 230 Et
1610 198 1680 231 sane
1702 201 1827 240 viduae,

955 227 976 259 si
998 236 1152 268 unquam,
1174 237 1261 260 certe
1285 231 1474 268 miserabiles
1494 236 1581 275 liint,
1605 249 1677 273 cuin
1702 242 1825 274 necell'e

955 268 1073 315 liabent
1088 270 1256 316 rin—plorare
1277 271 1450 306 miserabile
1470 277 1656 314 beneficium
1672 283 1825 316 ceflionis.

956 309 1073 356 Qui—dni
1093 319 1205 351 igitur,
1230 313 1372 353 inquies,
1397 317 1492 349 etiam
1509 319 1539 350 in
1556 321 1646 353 causa
1662 324 1825 363 cellioiiis‚

953 352 1056 384 statim
1081 351 1208 384 Curiam
1231 354 1340 386 adeant
1358 377 1368 393 ‚
1399 358 1471 397 quiri
1493 360 1606 392 cell'are
1625 364 1826 406 privilegium

953 402 1103 434 nusquam
1121 394 1296 441 expressum
1315 396 1386 429 cst?
1409 398 1508 431 Recte
1526 400 1566 431 sic
1584 402 1731 441 disputari
1751 416 1825 437 ante

954 444 1068 481 annum
1095 439 1182 476 1677.
1209 435 1282 468 satis
1307 439 1383 470 milii
1410 440 1585 481 persuasum
1611 443 1672 482 est,
1698 445 1748 477 sed
1776 456 1824 479 10.

951 476 1012 516 Jul.
1037 477 1174 516 ejusdcm
1195 477 1275 510 Anni
1302 479 1384 522 (ιι)
1408 481 1543 514 Ordines
1567 483 1750 517 Holiandiae
1771 487 1823 518 de—

952 527 1120 549 creverunt
1134 541 1144 556 ,
1165 528 1205 550 ne
1224 519 1338 560 Curia,
1363 532 1423 563 qua
1440 524 1558 564 primus
1571 525 1672 565 judex
1686 549 1695 564 ,
1720 526 1750 558 se
1768 528 1825 560 iin-

953 558 1088 605 miscere
1101 559 1198 592 vellet
1216 561 1287 592 ullis
1304 563 1547 604 quael'tionibus,
1571 576 1640 607 quae
1655 577 1825 601 moventur

952 600 991 631 de
1014 601 1106 633 bonis
1130 601 1181 647 vel
1201 601 1429 636 hereditatibus
1452 616 1582 647 eorum,
1604 609 1656 649 qui
1678 610 1708 640 in
1732 609 1824 641 Urbi-

953 642 1010 674 bus
1028 644 1120 681 idm&
1138 652 1252 675 Vivunt
1280 645 1330 676 vel
1348 647 1541 688 moriuntur,
1566 650 1652 690 quod
1668 650 1745 682 haud
1762 651 1824 682 dif-

953 683 1079 715 ficulter
1106 683 1294 731 transtuleris
1321 687 1358 718 ad
1382 687 1482 729 ipsum
1506 691 1680 729 judicium,
1711 692 1762 723 ubi
1786 693 1826 724 de

953 724 1110 766 probanda
1130 725 1264 771 cellionc
1280 729 1402 768 agitur,
1427 731 1455 762 v&
1476 732 1528 763 ubi
1553 733 1757 774 lelagistratus
1784 734 1824 765 de

953 767 1021 797 vita
1040 767 1069 797 ἅ
1086 767 1227 813 moribus
1246 769 1325 802 civis
1343 769 1386 802 sui
1405 773 1519 804 rectius
1536 774 1717 815 cognoscit,
1731 784 1825 816 quam

951 807 1054 854 Judcrt
1072 807 1221 849 superior.
1265 810 1325 842 Scd
1352 812 1403 844 vel
1431 813 1472 845 fic
1491 818 1587 855 quaeri
1614 815 1739 857 potest,
1762 826 1822 855 an,

951 849 1089 895 quodibi
1107 851 1268 882 decretum
1285 852 1329 884 cll:
1341 864 1398 889 ,ne
1414 854 1508 887 Curia
1525 857 1566 888 ob
1587 858 1823 890 continentiam

950 893 1048 922 caulae
1069 891 1124 923 sibi
1145 892 1197 923 has
1223 894 1409 934 quaestiones
1430 897 1582 938 adroget,
1605 899 1699 931 ctiam
1717 900 1824 931 valere

950 932 1043 973 polilt
1059 933 1095 964 ad
1115 933 1324 975 abrogandum
1344 935 1409 968 fori
1429 938 1648 981 privilegium,
1672 941 1755 982 quod
1775 941 1822 972 vi—

949 973 1069 1006 duabus
1093 976 1246 1016 competit
1266 977 1296 1008 in
1319 979 1347 1009 d.
1378 977 1405 1020 §.
1430 984 1458 1014 8.
1485 982 1513 1012 c&
1538 982 1595 1014 vix
1617 991 1728 1024 putem
1758 982 1823 1015 sine

951 1014 1010 1046 alia
1023 1037 1033 1053 ,
1059 1015 1089 1047 δι
1107 1017 1203 1057 magis
1219 1018 1359 1058 exprcll'a
1376 1020 1570 1054 auctoritate.

954 1096 960 1102 .
993 1056 1138 1102 Superest
1156 1057 1285 1104 illustris
1305 1060 1454 1100 quaestio,
1477 1072 1534 1103 an,
1559 1064 1580 1096 ss
1598 1065 1662 1097 duo
1684 1064 1744 1098 fint
1768 1067 1823 1107 qui

952 1096 1033 1128 idem
1048 1097 1113 1128 fori
1138 1099 1337 1140 priVilcgiuin
1364 1102 1498 1142 habent,
1523 1105 1602 1138 alter
1620 1107 1763 1140 adversus
1781 1108 1826 1140 al-

952 1146 1053 1184 terum
1072 1148 1112 1170 eo
1133 1140 1178 1171 riti
1195 1142 1313 1181 ponit?
1336 1142 1433 1183 Sunt,
1459 1145 1512 1186 qui
1530 1147 1703 1187 affirmant,
1727 1147 1824 1188 sunt,

951 1188 1003 1220 qui
1025 1189 1157 1221 negant,
1184 1182 1267 1222 &,fi
1284 1183 1489 1218 auctoritates
1507 1196 1673 1227 numeres,
1695 1189 1823 1230 nescio,

952 1221 1191 1263 affirmantium,
1235 1233 1274 1256 an
1305 1227 1488 1268 negantium
1521 1238 1670 1261 numerus
1701 1231 1822 1264 vincat.

951 1263 1075 1302 Sande‚
1106 1265 1248 1306 utrisque
1274 1269 1485 1308 enumeratis,
1514 1271 1698 1312 negantium
1716 1281 1821 1313 partes

951 1303 1110 1345 sequitur,
1144 1306 1174 1337 δε
1200 1307 1243 1338 ita
1270 1309 1351 1348 apud
1373 1309 1486 1342 Frisios
1513 1312 1686 1352 judicatum
1713 1313 1821 1347 refert.

946 1345 1042 1387 (12).
1065 1346 1109 1380 Et
1125 1347 1165 1378 de
1180 1352 1359 1382 recentiore
1375 1350 1431 1382 usu
1447 1354 1527 1394 apud
1544 1355 1669 1386 eosdem
1687 1355 1730 1387 ita
1768 1365 1822 1388 uo-

949 1396 1012 1428 que
1033 1387 1161 1435 testatur
1185 1388 1334 1423 Huberus
1354 1392 1390 1433 (Ι
1419 1393 1446 1433 ).
1491 1393 1563 1426 Alia
1587 1396 1720 1428 alioruin
1780 1397 1820 1429 ri-

949 1429 1109 1461 bunalium
1129 1430 1245 1470 judicia
1262 1442 1326 1465 non
1350 1434 1387 1464 ad
1411 1444 1442 1466 o.
1488 1435 1654 1469 Contraria
1672 1438 1768 1471 etiam
1784 1439 1824 1471 ad

949 1480 1075 1502 manum
1096 1470 1189 1512 sunt,
1213 1481 1250 1504 iit
1265 1474 1398 1507 Senatus
1422 1476 1607 1517 Sabaudici,
1628 1479 1713 1520 quod
1739 1481 1820 1512 reci-

951 1520 997 1543 tat
1015 1512 1044 1544 &
1062 1513 1175 1554 probat
1194 1513 1353 1548 Antonius
1370 1516 1470 1549 Faber
1488 1518 1589 1560 (14),
1618 1521 1649 1553 &
1672 1521 1819 1555 constan-

950 1562 998 1585 ter
1018 1563 1146 1595 quoque
1171 1556 1297 1589 tradunt
1323 1558 1512 1600 Pragmatici
1539 1560 1693 1594 Hollandi
1717 1562 1735 1603 (
1742 1564 1820 1604 15),

949 1595 1177 1642 apudCuriam
1195 1597 1375 1631 Hollandiae
1394 1600 1557 1642 obtinere,
1581 1612 1621 1635 ne
1639 1603 1735 1636 ceffet
1780 1606 1820 1638 ri-

948 1637 1122 1678 vilegium,
1139 1640 1284 1679 quamvis
1301 1649 1413 1673 contra
1428 1651 1498 1674 eum
1512 1651 1640 1685 agatur,
1664 1646 1717 1687 qui
1734 1646 1741 1677 i
1767 1656 1819 1680 em

949 1679 1151 1721 privilegium
1169 1680 1274 1713 habet.
1318 1682 1378 1714 Sed
1402 1684 1486 1716 malo
1504 1684 1674 1719 sententias
1698 1687 1817 1728 ponde-

948 1729 1035 1759 rare,
1060 1730 1152 1761 quam
1172 1731 1347 1756 numerare.
1373 1724 1439 1769 Qui
1459 1733 1573 1768 negant
1590 1728 1758 1769 privilegio
1773 1730 1821 1761 lo-

949 1772 1022 1794 cum
1048 1761 1128 1809 else,
1152 1762 1174 1796 fi
1198 1774 1253 1806 par
1276 1765 1312 1797 sit
1337 1767 1542 1809 privilegium
1566 1769 1631 1809 rei,
1672 1770 1822 1803 adhibent

949 1813 1133 1846 paroemiam
1159 1806 1321 1838 valum-em
1339 1831 1349 1846 ‚
1387 1809 1439 1840 cui
1467 1818 1571 1842 tamen
1600 1810 1821 1844 auftoritatem

949 1845 1071 1888 praebet
1096 1846 1117 1878 l.
1145 1856 1195 1878 11.
1222 1849 1249 1888 §-
1273 1851 1304 1881 6.
1323 1848 1364 1890 ff.
1389 1851 1423 1881 de
1447 1850 1563 1883 Minor.
1587 1852 1617 1884 ὅ(
1641 1852 1662 1884 l.
1681 1857 1710 1887 8.
1728 1853 1768 1895 ff.
1786 1855 1821 1885 de

950 1887 1092 1927 Excusat.
1129 1889 1202 1929 quod
1232 1899 1345 1931 nempe
1371 1892 1586 1934 privilegiatus
1614 1900 1716 1927 contra
1743 1905 1820 1937 aeque

943 1930 1176 1971 privilegiatum
1201 1932 1364 1975 privilegio
1383 1933 1437 1974 fiio
1468 1944 1528 1965 non
1561 1939 1679 1971 utatur.
1727 1935 1817 1968 Dico

948 1980 1022 2012 aeque
1038 1971 1290 2014 privilegiatum,
1314 1974 1387 2015 quia
1403 1973 1474 2006 sunt
1491 1976 1544 2016 qui
1561 1975 1755 2018 distinguunt
1774 1978 1819 2010 in-

948 2019 995 2044 ter
1013 2013 1109 2054 magis
1128 2015 1158 2044 c&
1176 2014 1280 2046 minus
1295 2015 1514 2058 privilegiatos
1527 2040 1536 2056 ,
1561 2016 1613 2050 sed
1637 2020 1738 2050 nolim
1763 2019 1820 2052 has

948 2053 1096 2085 minutias
1114 2053 1242 2094 sestari,
1266 2056 1338 2097 quia
1356 2056 1395 2088 de
1421 2058 1533 2098 maj0ri
1552 2059 1602 2091 vel
1621 2061 1734 2092 minori
1760 2061 1821 2102 pri-

949 2095 1068 2136 vilegio
1090 2095 1161 2136 plus
1179 2095 1259 2137 saepe
1283 2098 1470 2139 litigandum
1489 2099 1584 2139 esset,
1608 2110 1700 2142 quain
1723 2101 1762 2133 de
1785 2112 1820 2134 re

946 2136 1021 2178 ipsa.
1064 2136 1135 2178 Ego
1154 2145 1283 2178 putem,
1307 2140 1475 2182 privilegio
1491 2141 1599 2173 locum
1614 2141 1695 2182 effe,
1713 2153 1820 2184 quam-

948 2179 998 2210 vis
1020 2187 1091 2210 reus
1113 2178 1206 2211 simili
1229 2180 1399 2222 privilegio
1427 2182 1579 2223 gaudeat,
1602 2182 1653 2215 sed
1680 2185 1818 2225 vellem,

949 2220 1003 2262 qui
1023 2219 1132 2251 eadem
1152 2219 1308 2253 sententia
1329 2230 1484 2262 utuntur,
1506 2233 1575 2256 eam
1598 2223 1694 2266 ipsam
1718 2235 1820 2267 paroe-

948 2261 1042 2294 miam
1058 2260 1261 2303 remcassent,
1287 2264 1317 2296 &
1333 2273 1398 2296 non
1414 2264 1590 2297 attulissent
1601 2266 1818 2306 ratiunculas,

948 2313 1017 2344 quae
1041 2303 1074 2335 in
1100 2302 1181 2335 hanc
1210 2313 1277 2336 rem
1302 2305 1382 2338 nihil
1406 2306 1576 2347 quicquam
1599 2307 1753 2348 probant,
1783 2317 1820 2340 ut

947 2354 1019 2376 cuin
1034 2344 1139 2385 ajunt,
1161 2345 1363 2388 privilegium
1379 2345 1444 2378 fori
1467 2348 1644 2380 adversario
1666 2359 1730 2381 non
1756 2357 1820 2381 tarn

969 2395 1043 2418 rave
1059 2384 1122 2417 esse
1131 2408 1143 2424 ,
1164 2387 1237 2427 quia
1253 2388 1326 2420 lites
1343 2388 1478 2428 minuit,
1503 2389 1533 2421 ὅ(
1554 2389 1668 2421 liberat
1686 2401 1703 2422 a
1720 2391 1819 2423 mole-

947 2429 960 2460 1
978 2428 1014 2459 iis
1033 2427 1193 2459 inferioris
1206 2428 1316 2468 judicii
1337 2429 1427 2470 (16).
1473 2429 1505 2462 Si
1522 2430 1567 2462 ita
1581 2430 1718 2473 disputes
1730 2455 1740 2471 ,
1765 2441 1821 2464 cur

947 2479 1010 2501 non
1032 2469 1062 2500 &
1087 2469 1234 2500 omnibus
1253 2470 1365 2502 licebit
1378 2470 1484 2502 statim
1501 2470 1629 2504 Curiam
1655 2473 1758 2513 adire,
1787 2474 1819 2506 dc

948 2509 1139 2542 adversarios
1159 2508 1230 2542 suos
1244 2511 1282 2542 ab
1298 2511 1457 2543 ordinario
1473 2511 1582 2551 Judice
1598 2522 1743 2547 avocare.
1774 2514 1817 2546 A·

948 2561 1027 2598 page
1045 2550 1142 2591 igitur
1159 2551 1229 2582 illas
1243 2552 1457 2592 ratiunculas,
1480 2562 1548 2594 quae
1564 2563 1687 2587 merum
1709 2565 1762 2587 rus
1777 2555 1820 2588 sa-

971 2601 1050 2624 iunt.

947 2603 968 2634 p
990 2634 1061 2675 Ego
1088 2634 1196 2675 potius
1214 2634 1369 2675 dixerim,
1393 2635 1580 2678 privilegia,
1604 2637 1746 2679 personis
1768 2638 1821 2670 da-

950 2684 998 2715 ta,
1022 2677 1053 2707 in
1077 2675 1216 2717 personis
1233 2676 1413 2718 subsistere,
1439 2678 1469 2709 &
1484 2677 1649 2719 separatim
1667 2680 1728 2711 effe
1747 2690 1821 2712 con-

948 2717 1115 2749 fideranda.
1159 2717 1303 2759 Pupillus
1330 2729 1370 2751 ex
1391 2719 1561 2761 privilegio
1580 2721 1684 2761 potest
1711 2721 1821 2752 adver-

948 2757 1062 2791 sarium
1085 2758 1124 2790 ad
1148 2759 1278 2792 Curiam
1300 2770 1434 2800 vocare,
1467 2759 1519 2792 sed
1543 2770 1582 2792 an
1607 2762 1636 2793 ὃς
1661 2762 1787 2794 viduam
1802 2761 1820 2794 ‘2

948 2799 1095 2847 Quidni?
1119 2801 1180 2833 Sed
1195 2801 1289 2834 habet
1306 2802 1337 2834 <St
1353 2811 1389 2834 ea
1405 2801 1503 2835 fimile
1520 2801 1732 2843 privilegium.
1746 2803 1819 2875 ἆξε-

1778 2853 1818 2884 e,

987 2915 1063 2953 (14)
1084 2916 1145 2946 Cod.
1160 2916 1274 2947 Sabazia.
1288 2917 1334 2946 .L.
1354 2918 1405 2946 111.
1430 2916 1462 2946 T.
1487 2924 1531 2952 13.
1551 2913 1664 2953 Definit.
1686 2924 1712 2945 1.

985 2955 1066 2992 (15)
1088 2957 1303 2992 Groenewegen
1326 2955 1357 2983 de
1383 2955 1445 2984 LL.
1462 2956 1594 2991 Arrogac.
1615 2955 1649 2983 ad
1675 2953 1728 2983 Tic.
1753 2954 1816 2984 eod.

949 2992 1063 3034 Quando
1082 2994 1177 3031 Impar.
1198 2996 1268 3022 inter
1278 2995 1376 3032 pupitl.
1395 2995 1437 3021 vel
1455 2993 1511 3021 vid.
1533 3002 1560 3021 n.
1578 3001 1603 3027 7.
1649 2994 1714 3022 Van
1730 2993 1822 3022 Leeu-

948 3041 1012 3061 wen
1028 3032 1064 3061 R.
1082 3032 1122 3061 H.
1138 3032 1174 3061 R.
1194 3032 1232 3060 L.
1246 3034 1284 3062 V.
1305 3033 1335 3060 C.
1357 3035 1384 3060 6.
1406 3041 1433 3060 n.
1457 3040 1483 3065 5.
1543 3032 1684 3059 Vromans
1708 3031 1738 3059 de
1758 3031 1822 3060 Foro

948 3072 1101 3108 competenti
1115 3070 1191 3099 L.'1.
1212 3071 1242 3099 C.
1260 3078 1286 3106 3.
1308 3080 1335 3099 n.
1354 3072 1397 3099 18.
1437 3071 1564 3098 Notator
1577 3069 1612 3097 ad
1628 3070 1769 3099 Merulam
1786 3070 1823 3099 L.

948 3110 1001 3138 IV.
1025 3108 1057 3137 T.
1074 3117 1101 3137 2.
1123 3108 1154 3137 C.
1170 3116 1198 3142 9.
1219 3118 1247 3137 n.
1265 3111 1310 3138 16.
1349 3108 1475 3136 Loenius
1495 3107 1561 3146 Casu
1572 3108 1647 3138 CXI.
1665 3106 1702 3145 ὃ)
1717 3108 1751 3139 ad
1766 3117 1823 3139 eum

948 3147 1031 3177 Boni.

989 3184 1068 3223 (16)
1089 3185 1306 3221 Groenewegen
1326 3183 1352 3213 δι
1367 3183 1416 3215 alii
1438 3183 1464 3214 d.
1484 3184 1555 3215 locis.

1223 3260 1334 3305 Qq3
