2008 3436
204 116 645 162 ossstnvri‘rmNUM
694 113 828 164 JURIS
879 111 1091 151 RoMANJ
1150 112 1244 152 Lm.
1270 115 1374 154 vni.
1424 117 1566 155 exx.
1593 118 1688 156 xxi.

57 207 175 244 britas,
197 205 376 243 ammittis,
403 200 634 237 commoditas,
659 197 828 244 &propter
839 194 918 234 haec,

59 257 196 280 unumve
217 256 256 278 cx
275 247 336 284 nis,
359 246 455 285 majus
472 243 614 275 minusve
632 249 674 271 rei
693 245 838 279 pretium.
885 235 921 269 In

57 299 134 320 auro
149 298 185 319 :in
209 288 244 320 li:
263 297 373 328 purum
396 289 424 318 «ί.
448 287 467 316 l.
492 294 538 316 ιο.
555 283 594 324 ff.
620 282 653 312 de
677 279 919 324 Cenavin-emm.

58 330 89 360 in
120 328 228 368 serm,
255 340 291 360 an
320 329 355 360 ii:
380 326 513 359 vitiosus
540 327 567 355 d.
590 323 611 354 l.
635 332 685 364 34.
710 320 737 362 §.
762 330 796 366 3..
818 330 847 351 in
872 329 922 350 an-

58 371 152 409 cilla,
184 381 221 402 an
248 370 337 412 polilt
364 369 531 409 concipere
549 366 582 396 (l.
605 364 627 394 l.
649 373 700 394 21.
716 369 766 403 pr.
790 372 821 392 in
838 370 922 407 prat<

57 412 132 450 dio,
153 422 190 443 an
214 411 249 443 iit
271 412 400 442 liberum
423 411 451 441 tl.
475 409 494 439 l.
518 415 567 438 21.
589 405 619 447 §.
640 414 671 452 J.
694 403 729 436 In
749 402 923 444 pi·aedioet-

56 453 117 484 iou-n
144 452 271 484 inst-:eit
290 476 298 490 ,
328 460 450 492 pratum
471 449 508 481 fit
522 469 533 485 ,
555 457 592 479 an
615 455 726 483 Vinea,
748 453 812 485 quo
837 443 924 475 sensu

50 495 145 535 famuli
169 495 340 535 istilirafevz
371 492 452 523 dlxit
487 489 620 527 lulianus
649 487 680 518 in
707 487 730 517 l.
750 495 801 517 22.
827 485 866 526 ff.
889 487 922 516 de

56 535 178 567 Action.
201 546 213 565 c
228 541 285 573 asir..
341 525 488 577 Qualitas
511 540 573 562 non
592 528 637 561 est
653 528 735 560 idem
757 533 842 572 quoti
860 536 922 559 ma-

56 577 135 608 teria
165 577 213 607 vel
244 574 410 607 l'u'ostintia
428 596 438 612 ,
471 581 505 604 ut
536 571 625 609 l'unt,
649 570 702 611 qui
728 568 784 601 sibi
803 570 833 599 a&
855 569 924 600 aliis

55 616 239 659 persuadent
266 627 305 648 ex
337 617 355 647 l.
383 626 428 656 14.
449 614 490 655 ff.
517 614 550 644 (ie
586 611 721 644 Comi-ah.
745 615 830 650 empt.
853 619 924 642 nain

56 658 184 691 materia
208 658 238 690 ἃ
266 659 399 699 quilitas
423 657 452 688 in
479 657 508 687 cl.
539 655 558 686 l.
586 652 730 685 distincte
744 661 802 692 pro
812 660 923 698 ionun-

56 707 127 738 tur,
151 699 182 731 6:
199 709 276 731 mox
293 699 436 730 distincte
453 697 623 728 tradantur
637 696 705 726 duae
727 696 808 734 quael
826 702 925 730 iones,

54 741 155 783 prima
179 740 225 772 cst
257 741 294 772 de
321 749 427 772 errore
442 739 474 770 in
492 738 664 779 qualitate,
684 744 722 766 an
740 743 847 780 aurum
867 743 922 775 pu-

55 791 126 814 rum
152 781 188 814 sit
207 806 216 819 ‚
250 792 288 813 an
314 782 342 813 ei
369 792 411 814 ως
434 781 608 811 admixtum
636 779 668 810 in
691 779 763 816 veis
794 781 920 816 utputa.

57 824 135 870 Quo
155 821 228 854 casu
248 822 379 855 sublil'rit
397 821 559 859 venditio;
585 817 715 851 secunda
739 815 840 862 Pst-de
860 825 922 847 ma-

58 864 139 896 teria
164 863 216 896 scu
242 863 408 897 substantia
437 864 479 894 rei
499 862 634 893 vendita:
646 882 658 898 ,
679 868 717 889 an
734 858 855 890 lcilicet
875 867 923 888 au-

58 915 129 938 rum
147 905 205 944 sit,
228 916 265 938 an
288 916 347 943 ως,
375 905 440 937 five
463 913 505 934 ωε
524 902 675 939 solidum,
698 908 774 929 aui-0
790 908 854 944 non
871 898 922 929 ad-

59 948 217 985 mixtum,
241 948 269 978 &
289 947 366 978 hanc
397 945 559 976 secundani
578 941 783 984 quaestionem
798 949 830 970 in
848 949 922 971 con-

60 988 191 1020 trarium
221 987 330 1020 delinit
363 986 512 1026 Ulpianus
531 985 561 1015 in
578 984 651 1024 vers
669 982 826 1026 Sinnium..
866 980 923 1012 At-

60 1039 121 1071 que
146 1029 212 1061 haec
243 1028 338 1059 velim
362 1026 431 1058 addi
459 1025 514 1063 iis,
536 1034 605 1065 quae
622 1024 659 1056 ad
673 1022 924 1063 explicationem

59 1073 89 1103 d.
105 1070 130 1102 1.
153 1078 201 1109 14.
223 1068 312 1109 supi-a
327 1068 394 1099 dixi
419 1067 459 1098 L.
482 1065 538 1098 VI.
564 1067 594 1097 C.
621 1075 668 1106 14.
835 1105 841 1110 .
871 1105 877 1111 ·

98 1110 151 1144 Ex
177 1110 226 1142 his
247 1110 393 1141 omnibus
416 1116 495 1150 puto
518 1117 664 1149 apparere
679 1131 689 1147 ,
711 1106 795 1139 reete
812 1104 924 1137 dixisse

59 1151 188 1190 Paulum
216 1151 248 1182 in
276 1151 303 1182 h.
329 1151 348 1182 l.
371 1160 421 1183 21.
452 1150 482 1191 §.
505 1159 534 1180 2.
555 1149 576 1180 ii
597 1149 777 1190 incorpore
794 1147 924 1180 consen-

59 1195 189 1230 ciamus,
219 1192 296 1224 licet
324 1193 355 1225 in
379 1192 530 1233 qualitate
555 1189 786 1229 diss'entiainus,
806 1191 923 1230 emptio-

57 1245 124 1267 nem
137 1233 198 1275 effe.
245 1233 424 1266 Halotlnder
438 1257 448 1272 ‚
487 1232 589 1263 addita
609 1231 776 1272 negatione
792 1255 801 1269 ‚
827 1231 923 1272 legit,

56 1277 230 1316 emptionem
251 1284 309 1306 non
335 1275 405 1316 effe,
434 1276 464 1306 δε
483 1273 550 1314 ejus
565 1273 733 1305 lectionem
756 1271 925 1312 Cujacius,

57 1315 263 1350 Hotomanus
285 1340 294 1354 ‚
328 1318 357 1348 dt
390 1315 450 1347 alia
473 1324 582 1355 magna
598 1315 725 1346 nomina
745 1313 926 1355 sequuntur.

55 1357 222 1399 Perperam
234 1381 244 1396 ,
271 1357 293 1398 fi
321 1358 394 1398 quid
413 1356 521 1397 judico
538 1368 544 1387 :
575 1365 647 1387 nam
663 1355 748 1397 quod
763 1365 817 1396 per
833 1355 926 1397 quali-

57 1404 148 1430 tatem
168 1399 200 1431 in
219 1399 246 1430 h.
272 1398 299 1440 §.
324 1399 501 1439 intelligant
521 1399 673 1428 materiam
691 1420 703 1436 ,
730 1397 856 1438 prolixe
868 1395 926 1428 fal-

55 1439 175 1473 luntur.
222 1440 293 1473 Alia
313 1440 478 1482 utriusque
497 1439 588 1471 vocis
606 1439 795 1481 iignificatio
809 1437 872 1478 est,
893 1447 924 1470 a-

1766 128 1833 165 275

964 194 1025 227 lius
1042 193 1121 241 ’usus
1134 218 1143 234 ‚
1178 195 1263 227 aliud
1290 196 1384 236 juris,
1409 196 1430 229 fi
1455 198 1487 229 in
1508 200 1661 238 materia,
1681 198 1766 232 aliud
1784 221 1797 237 ,
1816 197 1840 230 fi

964 236 1118 277 qualitate
1133 244 1271 269 erratum
1289 237 1348 277 lit,
1373 245 1408 269 ut
1428 240 1512 270 recle
1533 241 1563 272 dt
1583 241 1782 278 Autumnus,
1808 239 1839 271 ἃ

966 277 1124 310 Hei-aldus
1148 277 1357 310 observarunt
1387 280 1424 311 iis
1437 303 1446 319 ,
1469 289 1549 321 quos
1568 279 1657 321 supra
1673 282 1815 313 dicebam
1827 303 1841 319 ,

966 320 1056 352 locis.
1102 319 1134 351 Si
1153 318 1304 352 desideras
1324 321 1505 362 exemplum
1519 346 1528 360 ‚
1549 330 1614 354 non
1634 323 1718 355 aliud
1737 323 1839 360 dal-0,

967 370 1060 403 quum
1077 360 1128 392 hic
1144 361 1231 392 dedit
1248 361 1373 394 Paulus.
1420 362 1485 409 Qui
1505 370 1617 404 mensas
1634 363 1716 405 qiiufi
1733 367 1842 396 ciii-eas

967 404 1058 441 emit,
1088 412 1147 443 quae
1168 412 1225 434 non
1239 402 1315 444 stant
1327 426 1339 442 ,
1369 413 1432 436 non
1448 412 1531 436 errat
1555 406 1585 437 in
1605 414 1761 446 corpore,
1787 416 1840 439 ne—

967 454 1028 485 que
1042 452 1125 489 errat
1143 445 1173 476 in
1195 445 1345 484 materia,
1366 455 1437 477 narn
1456 445 1495 477 de
1511 456 1648 488 corpore
1662 447 1771 480 consta
1786 458 1839 489 vat,

968 488 998 517 o:
1023 485 1135 517 menia:
1163 486 1273 531 utique
1299 485 1429 519 fuerunt
1456 487 1590 528 ligneae,
1615 488 1692 521 licet
1712 500 1776 522 non
1797 490 1843 522 ci-

968 535 1063 565 ti-cae,
1082 525 1137 572 *sed
1155 535 1238 572 errat
1255 527 1286 559 in
1308 529 1460 569 qualitate
1479 529 1553 571 ligni
1564 553 1576 569 ,
1605 531 1719 563 citi-eas
1735 539 1841 570 ratus,

967 577 1037 608 quae
1056 568 1182 600 vilioris
1209 571 1350 601 materiae
1374 579 1474 602 erant.
1519 570 1596 604 Non
1621 571 1780 605 adsentior
1799 581 1845 605 ta-

966 618 1038 640 men
1068 608 1253 649 Autumno,
1287 611 1486 651 adfirmanti,
1511 614 1629 646 nullam
1650 614 1712 646 esse
1730 615 1841 647 vendi·

968 651 1089 696 tio-nem
1101 674 1111 690 ,
1135 650 1157 682 si
1174 652 1282 697 eitreae
1298 653 1409 685 mensae
1424 664 1482 695 pro
1504 655 1684 696 cupreffinis
1695 665 1846 694 veneant,

967 701 1044 738 quin.
1062 701 1125 723 non
1151 692 1231 724 alius
1260 693 1313 725 liic
1332 693 1377 726 est
1400 704 1508 735 error,
1532 707 1624 738 quam
1643 697 1674 729 in
1689 700 1845 739 qualitate

967 734 1066 774 ligni,
1094 734 1178 774 quod
1204 734 1422 768 venditionem
1453 747 1516 770 non
1548 739 1645 780 inagis
1666 737 1746 772 facit
1775 741 1846 772 irri-

968 782 1031 805 tam
1052 798 1062 814 ‚
1102 784 1194 816 quain
1224 775 1246 807 fi
1269 785 1406 809 erratum
1422 776 1530 810 fuiffet
1549 780 1579 812 in
1602 781 1754 822 qualitate
1775 781 1846 814 auri

968 816 1019 846 vel
1035 817 1167 858 argenti.
1212 815 1327 858 Neque
1355 819 1450 861 igitur
1478 829 1544 852 erat
1562 832 1661 863 opus,
1687 832 1721 855 ut
1739 822 1843 856 Autu-

967 867 1080 903 mnus,
1108 859 1244 889 multum
1275 860 1406 893 tricatus
1426 861 1465 892 de
1490 872 1572 895 voce
1593 863 1692 905 quast,
1720 865 1844 899 mensas

967 900 1048 940 quasi
1071 901 1178 930 uitreas
1206 899 1258 930 hic
1286 902 1447 943 acciperet
1474 912 1532 944 pro
1556 906 1684 946 mensis,
1708 917 1768 949 quw
1785 910 1843 940 ali-

967 941 1036 981 quid
1055 942 1126 971 citri
1142 947 1256 988 turnum
1275 942 1391 975 habent.
1439 943 1535 976 Dixit
1553 946 1635 988 quast
1656 950 1763 981 cici-eas
1782 960 1843 992 pro

968 987 1109 1025 tanquam
1135 988 1262 1021 citreas,
1293 993 1362 1024 quae
1387 993 1491 1017 tamen
1519 996 1582 1018 non
1602 998 1690 1022 erant
1711 991 1820 1024 citreae

967 1023 1093 1068 uulgari
1119 1029 1220 1054 veruo
1235 1047 1244 1062 ,
1274 1024 1305 1055 &
1325 1024 1414 1057 fimul
1429 1026 1532 1066 dixit,
1557 1038 1696 1063 errorem
1716 1032 1747 1064 in
1767 1017 1842 1075 qua3

967 1063 1058 1096 litate
1078 1073 1149 1111 non.
1165 1063 1330 1111 sufficere,
1356 1075 1391 1097 ut
1405 1069 1599 1109 emptionem
1615 1071 1756 1106 dicamus
1773 1075 1844 1107 nul-

966 1106 1038 1138 lam.
1084 1107 1117 1138 Si
1132 1115 1201 1147 quis
1232 1114 1336 1140 tamen
1358 1117 1423 1140 rem
1444 1112 1576 1151 emerit,
1603 1121 1696 1153 quam
1714 1117 1846 1156 qualita-

969 1154 1000 1178 te
1029 1148 1195 1179 meliorem
1219 1150 1375 1189 putabat,
1400 1159 1493 1191 quam
1510 1162 1620 1184 revera
1637 1163 1727 1194 erat,
1753 1158 1782 1189 δε
1798 1158 1844 1190 di—

967 1197 1058 1220 xerat
1086 1190 1234 1221 venditor
1254 1214 1264 1230 ‚
1301 1193 1439 1233 emptori
1479 1193 1638 1234 praestabit
1674 1198 1845 1238 venditor,

968 1231 1077 1272 quanti
1094 1231 1249 1272 emptoris
1270 1232 1417 1272 interest,
1443 1232 1474 1265 se
1496 1245 1561 1268 non
1580 1236 1642 1268 effe
1662 1237 1828 1280 deceptum

969 1280 1005 1303 ut
1034 1273 1159 1313 prolixe
1187 1272 1329 1315 explicat
1350 1273 1507 1308 Heraldus
1530 1279 1559 1309 d.
1583 1279 1616 1310 C.
1642 1289 1693 1312 2⁶.
1719 1266 1845 1321 Observs

970 1313 1006 1348 ὅ)
1028 1314 1153 1346 Ευιεηά.
1199 1314 1400 1347 Praeferenda
1418 1316 1514 1357 igitur
1531 1319 1576 1352 est
1593 1319 1703 1354 Tulca
1724 1317 1819 1355 lettio
1832 1347 1843 1362 ,

969 1364 1063 1429 attpie
1079 1365 1114 1388 ea
1131 1356 1229 1388 etiam
1253 1363 1323 1388 tota
1339 1358 1504 1391 tribuenda
1520 1360 1642 1402 Paulo,
1666 1372 1732 1397 non
1747 1365 1844 1397 inter·-

967 1406 1011 1438 po
1026 1404 1091 1430 ate.

661 1537 1023 1576 CAPUT
1095 1538 1238 1577 XXI.

110 1635 114 1640 '
145 1634 182 1669 A
202 1645 297 1670 manu
322 1632 512 1669 Triboniani
538 1644 599 1669 non
626 1631 686 1679 effe
707 1629 898 1678 postremam
921 1628 1094 1677 clausulam
1120 1632 1156 1667 in
1181 1632 1223 1667 L.
1253 1641 1311 1668 21.
1337 1642 1390 1678 pr.
1418 1633 1457 1671 ff.
1481 1635 1527 1672 de
1550 1637 1678 1685 Legat.
1702 1639 1767 1678 111.

121 1741 179 1764 cce
196 1731 292 1764 verba
307 1731 395 1765 Pauli
413 1731 446 1763 in
470 1730 500 1762 d.
523 1730 543 1761 l.
566 1739 617 1763 21.
634 1735 682 1771 pr.
730 1728 820 1761 Nutu
833 1731 923 1762 etiam

140 1773 320 1816 relinquitur
341 1770 610 1814 fideicommiffuin‚
643 1772 789 1803 dummodo
804 1773 831 1803 is
849 1777 923 1803 nutu

55 1817 202 1857 relinquat
208 1817 278 1857 ,qui
293 1814 330 1850 δέ’
343 1816 420 1857 loqui
433 1814 545 1855 potest‚·
561 1813 838 1855 nifisuperveniens
851 1823 923 1845 mor-

55 1859 108 1890 bus
130 1858 157 1889 ei
182 1858 384 1897 impedimento
403 1854 453 1895 fit.
500 1856 572 1897 Jure
594 1856 696 1887 veteri
715 1863 841 1894 mutus,
862 1853 922 1887 sur-

52 1898 134 1938 dus,
153 1896 312 1937 furiosus,
333 1899 484 1939 prodigus
503 1896 722 1930 testamentum
736 1896 842 1928 facere
859 1906 925 1928 non

54 1947 223 1982 poterant3
246 1939 306 1978 sic,
338 1939 459 1971 reddita
480 1948 589 1970 eorum
605 1939 748 1970 omnium
770 1938 894 1969 ratione
913 1962 922 1977 ‚

55 1980 102 2014 est
121 1981 204 2023 apud
220 1980 394 2022 Ulpianum
417 1980 538 2023 Fragm.
575 1980 634 2012 Tic.
657 1979 737 2012 XX.
762 1979 792 2020 §.
816 1989 863 2021 13.
886 1979 925 2010 de

55 2031 148 2055 muto
170 2023 200 2054 &
221 2021 313 2053 surdo
339 2022 369 2054 id
389 2021 491 2063 ipsum
513 2021 656 2053 adfirmat
677 2019 775 2062 Gajus
792 2021 824 2052 in
851 2021 871 2052 l.
892 2024 924 2052 6.

58 2062 89 2105 §.
101 2072 127 2095 ι.
136 2063 177 2105 ff.
180 2062 251 2136 lgul
265 2061 374 2104 testam.
390 2063 534 2104 fac.poffi
556 2063 791 2103 nisiiinpetrato
803 2062 834 2093 in
846 2061 926 2093 hanc

56 2114 125 2137 rem
144 2115 162 2136 a
206 2104 325 2146 rincipe
349 2105 518 2147 privilegio
548 2105 569 2136 l.
591 2114 619 2145 7.
639 2104 679 2145 ff.
703 2103 777 2135 an.
823 2103 854 2135 Si
880 2111 924 2134 te-

58 2145 130 2178 stari
148 2155 212 2177 non
226 2153 391 2186 poterant,
416 2155 480 2178 non
495 2154 643 2187 poterant
652 2145 748 2176 etiam
764 2144 926 2176 fideicom-

58 2186 182 2220 miss'um
203 2186 395 2227 relinquere,
418 2188 489 2228 quia
509 2188 576 2219 haec
596 2188 836 2228 reciprocantur
851 2186 870 2217 l.
894 2196 923 2219 2.

52 2228 95 2270 ff.
117 2229 151 2259 de
178 2227 288 2270 Legat.
314 2228 338 2259 Ι.
384 2226 462 2260 Non
486 2228 696 2270 distinguebat
723 2223 846 2260 {cilicet
871 2227 925 2268 Jns

57 2279 152 2301 vetus
173 2270 255 2300 inter
271 2278 392 2301 mutum
413 2270 442 2300 ἀ
458 2268 602 2309 surdum,
632 2278 736 2301 utrum
754 2269 799 2301 ita
814 2277 927 2308 natus,

56 2321 96 2344 an
120 2309 191 2352 post
213 2310 315 2342 factus
343 2309 442 2348 cll'et,
471 2310 520 2342 sed
545 2310 707 2350 Julliniani
727 2309 925 2342 constitutio

57 2353 92 2386 in
119 2353 140 2384 1.
166 2361 214 2384 10.
243 2352 276 2383 C.
309 2351 372 2400 Qui*
401 2349 514 2392 testam.
535 2352 602 2391 fac.
620 2352 687 2393 poff.
713 2351 838 2384 surdum
857 2361 923 2383 mu-

58 2402 126 2426 tum
143 2393 250 2433 fimul,
272 2393 315 2424 ita
332 2401 461 2433 natum,
493 2394 595 2425 testari
625 2394 792 2434 prohibet,
813 2391 925 2424 sedita

56 2435 194 2474 faetum,
220 2435 397 2476 permittit,
422 2434 444 2467 fi
463 2434 539 2466 sciat
549 2434 691 2467 scribere.
735 2433 924 2466 Surdumso-

56 2477 123 2510 lum
131 2500 142 2516 ,
165 2476 229 2509 five
250 2476 294 2507 ita
324 2484 453 2514 natum,
485 2476 548 2508 five
567 2476 708 2517 factum,
730 2474 833 2508 testari
857 2485 925 2516 per-

57 2518 181 2556 mittit,
203 2518 233 2550 &
253 2527 342 2558 aeque
362 2526 486 2549 mutum
503 2517 621 2557 solum,
654 2518 718 2550 five
738 2519 782 2550 ita
796 2524 925 2556 natum,

59 2558 126 2592 five
143 2557 280 2597 facium,
302 2558 323 2590 si
340 2559 446 2591 literas
458 2560 596 2592 noverit.

56 2599 166 2638 vides,
191 2598 386 2632 Constitutio
403 2601 534 2642 largitur
559 2600 735 2633 testamenti
753 2599 925 2632 fal-‘tionem

55 2639 152 2673 surdo
170 2648 279 2679 muto,
303 2640 347 2672 ita
364 2640 470 2680 facto,
489 2651 556 2674 non
570 2644 665 2675 etiam
682 2644 726 2675 ita
740 2649 834 2681 natO,
857 2641 925 2672 haec

55 2682 138 2723 legis
162 2684 277 2720 verba,
307 2680 364 2720 m'fi
376 2682 590 2756 suget-veniens
616 2686 728 2718 morbus
750 2685 778 2715 ei
803 2684 924 2724 impedi-

57 2729 152 2754 mento
173 2721 215 2761 fit
233 2745 246 2761 ,
275 2732 315 2754 ex
341 2732 376 2754 ea
433 2724 643 2757 onstitutione
676 2736 694 2757 a
721 2724 924 2757 Triboniano

59 2761 247 2804 transcripta
262 2763 342 2802 effe,
363 2764 484 2805 Cujacii
500 2765 654 2799 sententia
668 2767 713 2799 est
734 2766 809 2799 Not.
817 2766 855 2798 ad
868 2765 922 2797 Ul-

54 2806 142 2845 piani
162 2806 192 2836 d.
217 2803 252 2835 T.
270 2804 348 2837 XX.
369 2804 397 2846 §.
423 2816 472 2849 13.
502 2807 532 2838 ἀ
556 2808 710 2840 Commeat.
734 2808 772 2840 ad
796 2809 826 2840 d.
846 2807 867 2839 l.
889 2810 920 2840 6.

59 2845 87 2887 §.
117 2855 145 2876 1.
173 2845 258 2917 ςὶιοᾱ
284 2844 384 2886 ipsum
412 2847 443 2879 &
466 2848 620 2880 Balduino
637 2851 756 2891 placuit
775 2850 807 2881 in
825 2847 923 2890 Just-i-

58 2888 148 2918 nmo
215 2911 222 2917 -
246 2884 269 2917 1.
297 2892 329 2926 p.
350 2896 400 2927 49.
430 2889 460 2920 ει
479 2889 530 2921 ei.
552 2890 752 2933 senuitingio
770 2892 808 2922 aa
832 2891 924 2922 Pauli·

61 2928 194 2959 Sement.
216 2926 257 2971 I}-
282 2926 338 2959 IV.
364 2928 399 2959 Τ.
424 2937 450 2960 1.
481 2930 551 2971 post
571 2930 599 2971 §.
625 2937 674 2967 18.
698 2937 728 2964 <St
751 2933 789 2964 ad
816 2933 921 2972 Ulpia-

58 2971 92 3000 ni
119 2968 154 3000 T.
177 2967 286 3000 XXV.
313 2967 342 3009 ἓ.
363 2979 394 3010 3.

103 3009 282 3056 Videamus.
326 3009 382 3057 Ait
407 3011 435 3042 h.
465 3011 487 3043 l.
506 3021 556 3044 21.
579 3013 608 3054 §.
633 3023 659 3046 1.
680 3021 755 3047 nutu
772 3017 862 3047 etiam
879 3025 923 3046 re-

59 3051 153 3092 linqui
173 3048 441 3097 fideiconimzffiam3
488 3053 550 3084 uod
571 3064 680 3088 vei-uin
706 3057 770 3096 est,
795 3057 826 3089 &
847 3057 921 3088 toti-

57 3091 130 3124 dem
137 3090 205 3137 fere
212 3091 318 3136 yerbis
324 3092 472 3134 expresfit
515 3093 635 3134 lpianus
642 3098 671 3131 d.
689 3097 722 3128 T.
732 3098 844 3130 XXV.
854 3098 883 3138 §.
892 3108 921 3139 3.

60 3142 134 3165 cum
153 3131 233 3164 nihil
256 3133 394 3174 interfit,
429 3134 577 3168 voluntas
592 3137 769 3170 declaretur
790 3139 896 3170 verbis
912 3161 922 3174 ‚

58 3183 99 3206 an
113 3173 224 3214 signis,
247 3183 353 3215 aperta
385 3174 572 3216 testatione,
596 3188 634 3210 an
647 3187 728 3210 nutu
745 3179 858 3220 capitis
873 3179 926 3210 vel

56 3215 154 3247 vultu
169 3223 335 3249 annuente.
379 3217 412 3250 Si
435 3217 505 3259 quis
532 3225 636 3252 tamen
653 3219 720 3258 ejus
739 3219 776 3252 fit
794 3220 896 3252 aetatis
914 3243 925 3257 ‚

643 2559 729 2606 Quia
745 2566 869 2598 autem,
891 2566 926 2589 ut
943 2568 948 2573 ·

965 1739 1036 1772 quae
1048 1753 1059 1770 ,
1083 1735 1119 1761 ut
1139 1729 1243 1776 inquit
1261 1730 1336 1771 ille,
1355 1735 1453 1766 omnia
1470 1735 1600 1767 omnibus
1618 1740 1746 1779 annuit,
1764 1742 1844 1782 peri-

967 1772 1075 1803 culum
1094 1770 1171 1818 ess'et
1187 1780 1219 1803 in
1241 1772 1304 1804 hoc
1319 1782 1434 1815 genere
1449 1775 1600 1817 testandi;
1626 1778 1677 1811 sed
1701 1781 1764 1813 hoc
1781 1783 1844 1823 jam

967 1822 1031 1845 non
1057 1822 1206 1860 agimus*-
1234 1812 1386 1847 Ceterum
1415 1816 1569 1859 Ulpianus
1602 1821 1630 1852 d.
1665 1821 1698 1854 T.
1731 1823 1844 1857 XXV.

967 1854 998 1897 §.v
1021 1865 1052 1897 3.
1075 1854 1258 1896 iimpliciter
1274 1855 1376 1897 dixit,
1399 1858 1455 1890 usu
1469 1868 1633 1902 receptum
1651 1863 1732 1904 effe,
1753 1873 1788 1896 ut
1798 1873 1844 1897 et-

968 1899 1030 1928 iam
1048 1904 1129 1942 nutu
1147 1896 1343 1942 relinquatur
1373 1899 1666 1944 fideicommiffum,
1701 1904 1751 1938 scd
1769 1906 1847 1938 Pau-

969 1939 1017 1970 lus
1039 1938 1090 1985 liic
1106 1937 1212 1977 add1t‚
1237 1940 1384 1972 dummodo
1410 1943 1435 1972 is
1453 1949 1528 1974 ‘nutu
1546 1945 1717 1988 relinquat,
1740 1949 1789 1989 qui
1807 1948 1844 1984 &³

969 1976 1174 2025 loqukpotesp,
1195 1979 1257 2025 lioc
1273 1979 1336 2027 est,
1361 1991 1396 2014 ut
1412 1992 1557 2026 apparet,
1587 1987 1760 2021 dummodo
1778 2000 1845 2021 mu-

968 2028 1101 2067 tus-non
1122 2023 1176 2059 iit,
1202 2020 1257 2052 ille
1271 2030 1377 2062 enim,
1402 2033 1436 2056 ut
1455 2027 1610 2067 diximus,
1635 2029 1708 2070 quia
1728 2029 1843 2063 testan-

967 2062 998 2093 di
1021 2071 1070 2102 Jus
1098 2070 1162 2093 non
1191 2061 1306 2108 habet,
1335 2074 1437 2106 neque
1452 2067 1548 2100 etiam
1565 2068 1845 2104 fideicommittere

967 2101 1081 2145 potest.
1099 2144 1104 2149 ι
1129 2103 1285 2151 Sequitur·
1309 2115 1394 2138 nunc
1415 2108 1573 2148 verficulus
1591 2135 1601 2150 ,
1642 2121 1735 2154 quem
1763 2114 1812 2146 illi
1831 2140 1842 2155 ‚

968 2155 1047 2192 quos
1074 2144 1214 2176 diximus
1234 2168 1244 2184 ,
1276 2149 1493 2182 intercalarem
1519 2160 1650 2193 putant,
1673 2153 1844 2197 nifistcper-

968 2196 1091 2218 vemens
1117 2187 1230 2233 morliugt
1254 2189 1281 2219 ei
1309 2189 1511 2230 impedimento
1531 2192 1582 2233 fit.
1637 2195 1697 2227 Sed
1725 2196 1797 2237 hie,
1819 2197 1844 2230 fi

969 2237 1126 2270 unquam,
1152 2227 1224 2268 passi
1240 2227 1311 2261 sunt
1330 2229 1401 2264 suos
1417 2237 1543 2267 'manes
1587 2235 1664 2269 Non
1683 2247 1699 2268 a
1724 2237 1748 2268 it
1767 2238 1796 2270 h.
1820 2239 1842 2271 l.

969 2279 1020 2316 2?-
1040 2276 1089 2311 pr.
1111 2270 1150 2315 de
1163 2270 1373 2317 ⁴muto-surdo
1398 2274 1507 2316 simul,
1530 2277 1563 2309 in
1582 2287 1646 2319 quo
1664 2277 1698 2310 so
1714 2288 1734 2310 o
1751 2278 1845 2320 Justi-

969 2320 1080 2342 nianus
1099 2309 1244 2357 distinxit
1265 2320 1349 2344 inter
1369 2324 1510 2350 naturam
1537 2319 1568 2350 δε
1594 2318 1697 2351 casum
1710 2343 1721 2358 ‚
1743 2328 1775 2352 at
1804 2322 1845 2353 de

968 2361 1061 2398 muto
1073 2352 1238 2398 duntaxat.
1285 2353 1337 2385 De
1351 2364 1391 2387 eo
1409 2367 1514 2390 autem
1539 2360 1600 2391 alia
1627 2360 1673 2392 est
1688 2360 1844 2395 sententia

969 2392 1131 2440 justiniani
1158 2403 1199 2425 in
1220 2395 1248 2426 d.
1284 2395 1305 2427 l.
1341 2406 1390 2444 19.
1420 2400 1481 2432 alia
1506 2400 1594 2433 Pauli
1617 2402 1649 2434 in
1670 2403 1721 2434 hoc
1739 2407 1843 2444 princ.

968 2433 1158 2475 -JustlnlanUS
1186 2434 1362 2470 testamenti
1390 2439 1561 2474 factionem
1585 2445 1735 2476 concedit
1752 2447 1842 2478 omni

968 2485 1082 2515 muto,
1099 2476 1169 2523 'slve
1194 2485 1306 2509 natura
1330 2479 1429 2514 fuerit
1456 2491 1584 2525 mutus,
1609 2485 1673 2517 five
1692 2485 1764 2518 casu
1785 2488 1842 2518 ob-

969 2526 1144 2564 mutuerit,
1177 2517 1350 2552 dummodo
1377 2523 1483 2557 literas
1510 2527 1658 2566 noverit,
1691 2528 1736 2559 ita
1756 2529 1842 2560 enim

969 2558 1086 2590 scribet
1105 2559 1251 2606 heredem
1265 2585 1275 2600 ,
1304 2572 1396 2604 quein
1423 2575 1604 2608 nuncupare
1623 2578 1688 2600 non
1705 2572 1807 2610 potell
1830 2580 1841 2609 3

969 2600 1086 2647 Paulus·
1106 2610 1194 2633 omnl
1220 2611 1324 2635 muto'
1341 2605 1515 2640 testamenti
1536 2608 1707 2641 faffionem
1724 2620 1840 2652 negat,

967 2649 1061 2683 atque
1079 2649 1123 2674 ita
1141 2643 1276 2688 &tmuto
1288 2667 1300 2684 ,
1324 2649 1377 2687 qui
1393 2649 1497 2689 potest
1510 2648 1673 2690 scribere,
1693 2651 1756 2682 hoc
1775 2661 1840 2683 uno

967 2691 1124 2731 excepto,
1149 2683 1264 2730 fflfi.0b
1284 2689 1447 2730 morbum,
1471 2690 1741 2733 qui'supervenit,
1765 2691 1839 2725 usus

967 2725 1084 2767 linguae
1101 2726 1301 2767 impediatur.
1335 2729 1500 2763 Differunt
1517 2732 1586 2763 haec
1600 2732 1736 2763 immane
1745 2743 1841 2774 quan-

967 2775 1035 2798 tum
1051 2789 1063 2805 ,
1095 2767 1125 2798 ἀ
1151 2776 1216 2799 non
1243 2777 1367 2802 tantum
1396 2781 1460 2804 non
1488 2774 1596 2804 eadem
1623 2772 1715 2811 sunt,
1735 2773 1787 2807 sed
1807 2777 1840 2808 <Sc

965 2809 1152 2855 contraria..
1182 2808 1353 2855 ,Accui-fius
1378 2815 1482 2845 tamen
1509 2814 1638 2845 Paulum
1654 2814 1807 2858 intelligit
1823 2841 1837 2857 ,

965 2858 1061 2892 atque
1083 2850 1106 2882 ss
1121 2850 1265 2895 dntisset:
1281 2849 1311 2890 fi
1326 2863 1344 2883 a
1365 2859 1474 2884 natura
1486 2853 1528 2892 fit
1549 2861 1644 2886 mutus
1665 2855 1836 2899 &Jisrdzcs‚

964 2899 1046 2923 nutu
1062 2891 1338 2923 fideicommittere
1353 2903 1417 2924 non
1435 2896 1556 2935 potest,
1572 2894 1602 2934 fi
1614 2906 1652 2927 ex
1668 2900 1837 2941 accidenti,

965 2932 1079 2974 potest.
1126 2932 1267 2965 Omnino
1286 2942 1457 2974 pei-peram.
1502 2935 1579 2968 Non
1598 2938 1683 2978 agit,
1705 2949 1741 2971 uc
1755 2941 1836 2982 dixi,

965 2974 1080 3006 Paulus
1095 2973 1134 3003 de
1153 2982 1244 3004 muto
1263 2974 1293 3005 δε
1311 2973 1403 3006 surdo
1423 2976 1531 3016 simul,
1553 2976 1605 3010 sed
1620 2979 1659 3011 de
1681 2989 1771 3014 muto
1789 2982 1838 3015 so-

964 3016 1025 3061 193
1059 3014 1090 3045 ὃς
1114 3022 1186 3045 eum
1209 3023 1301 3055 negat
1323 3023 1402 3046 nutu
1431 3017 1514 3049 reete
1533 3018 1810 3056 fideicommittere
1824 3049 1837 3066 ‚

963 3057 1041 3094 nili,
1065 3064 1142 3100 *quae
1168 3064 1229 3101 una
1249 3057 1401 3102 exceptio
1425 3058 1493 3098 est,
1517 3058 1737 3101 superveniens
1750 3075 1835 3098 moi·-

965 3098 1022 3142 biis
1050 3096 1190 3141 linguam
1219 3097 1439 3139 impediverit,
1466 3110 1538 3133 nam
1555 3102 1586 3134 ὅτ.
1607 3111 1682 3135 tunc
1700 3106 1785 3138 recte
1802 3108 1837 3140 fi-

965 3138 1194 3183 deicommittnit
1225 3147 1317 3170 nutu.
1359 3139 1420 3172 Sed
1455 3142 1621 3183 largiamur
1648 3154 1716 3178 eam
1745 3147 1849 3182 Pauli'

969 3186 1106 3224 mentem
1123 3178 1185 3209 elle
1198 3202 1207 3217 ‚
1237 3188 1380 3225 mutum,
1409 3190 1519 3216 natura
1540 3185 1654 3225 talem,
1675 3187 1837 3222 fideicom-

969 3228 1096 3252 nnttere
1112 3228 1176 3252 non
1192 3220 1299 3295 pffile,
1323 3223 1395 3256 casu
1422 3225 1516 3257 talem
1543 3226 1649 3267 polle,
1673 3230 1781 3271 utique
1800 3241 1837 3263 ea

1266 3271 1298 3295 m
1321 3273 1341 3296 2
1774 3271 1839 3305 sen-
