2008 3436
88 121 238 159 CORN.
267 130 336 158 νΛΝ
363 118 732 157 BYNKERSHOEK
766 118 932 155 OPUSC.
969 119 1035 155 DE
1069 120 1348 158 RELIGIONE
1376 124 1681 170 FEREGMNA.

17 224 21 229 -
38 205 114 234 eece
139 203 263 234 Librum
274 200 434 242 fiet-undum
456 199 523 240 ejus
542 198 656 240 Operis
672 197 777 230 laudat
794 196 834 228 L.
848 195 904 228 VI.

37 243 83 276 N.
111 243 180 275 Art.
208 243 239 274 C.
269 252 316 274 12.
339 244 369 275 «St
393 241 499 273 Libros
521 241 653 273 omnino
674 248 776 270 novem
791 239 826 268 de
845 237 905 268 Re-

37 286 197 326 ligionibus
221 283 368 325 scripfiss‘e
394 281 582 314 Trebatium
615 279 744 312 testatur
761 278 869 319 Porpli
895 297 905 302 -

35 327 106 358 rion
133 327 170 358 ad
206 325 313 358 Horat.
345 324 384 357 L.
409 323 447 356 ΙΙ.
481 323 581 365 Satyr.
605 321 628 353 I.
669 320 769 359 addo,
794 320 846 361 qui
889 329 907 350 e

36 367 130 400 rebus
147 367 238 399 sacris
255 365 435 398 tractaverit
446 387 457 404 ,
478 364 622 397 Servium
638 362 832 402 Sulpicium,
849 360 908 400 JC-

36 416 124 447 turn,
146 410 235 450 cujus
258 407 384 440 Librum
397 407 557 448 secundum
586 406 619 436 de
645 404 744 434 Sacris
765 402 908 442 detestan-

35 451 82 481 dis
101 450 228 482 adducit
247 448 310 490 ipse
327 448 382 480 illc
399 446 523 479 Gellius
543 445 654 477 eodem
679 444 718 475 L.
736 443 790 476 Vl.
808 444 839 474 C.
858 453 906 475 12.

36 491 126 538 Quid
153 501 198 522 ier
231 491 323 522 Sacra
345 486 514 530 detestanda
536 486 731 518 intellexerit
757 485 907 523 Servius,

35 542 102 565 non
118 542 135 564 e
180 531 362 573 expeditum
375 529 498 568 dicere,
530 537 568 559 an
586 525 755 568 detestanda
764 526 858 566 sacra
875 535 906 556 e-

35 583 110 606 runt
137 573 300 606 infernalia
330 572 360 604 &
384 570 503 611 magica
519 568 536 601 ’ἒ
575 577 610 601 ut
636 568 716 610 apud
741 567 906 600 Lucanum

35 615 170 656 Pharsal.
198 614 238 646 L.
262 612 318 645 VI.
342 622 384 643 vs.
408 621 482 653 430.

52 672 53 675 ¹
76 654 261 697 Detestanda
284 653 359 685 Deis
369 653 513 694 Jievorum
533 660 645 683 arcana
668 650 840 694 IiIagorum.

77 699 127 730 An
151 695 334 737 fiinpliciter
369 695 461 726 Sacra
483 691 653 734 detestanda
674 700 767 724 erunt
784 692 906 733 impia?

34 746 72 771 ut
93 743 164 770 vota
185 734 354 778 detestanda
375 745 435 777 pro
458 735 546 767 votis
570 734 675 775 impiis
698 733 835 765 Tacitus
857 733 903 764 di-

34 780 85 854 {Iiit
106 777 222 827 flislor.
247 778 288 810 L.
314 778 337 810 Ι.
371 778 403 810 C.
436 785 489 816 50.
524 776 553 808 ὃ(
579 775 610 808 in
634 776 696 807 hoc
716 774 811 807 ess'em
832 783 903 816 pro-

79 831 162 853 vior.

76 862 169 904 Apud
191 860 290 902 JCtos
315 860 412 902 igitur
432 868 505 891 cum
536 857 657 891 steterit
678 858 842 899 utriusque
856 856 906 897 Ju-

35 905 79 938 ris
96 903 267 946 profeffio,
288 902 431 934 intererit
449 899 545 939 scire,
564 909 629 941 quo
646 900 693 931 illi
712 900 818 931 animo
836 898 904 930 fue-

34 947 100 979 rint
120 943 266 977 adversus
283 944 423 975 cultores
449 941 623 983 Religionis
638 950 733 972 novae
751 940 803 972 vel
820 948 904 980 pere-

73 988 155 1025 inae;
180 986 211 1018 δι
227 995 265 1027 ap
288 984 407 1023 arebit,
429 992 484 1014 eos
506 991 564 1023 pro
587 981 672 1012 avita
688 982 905 1012 Romanorum

35 997 204 1074 {religione
221 1027 260 1058 de
278 1025 416 1058 endenda
430 1024 524 1055 novis
541 1022 639 1055 settis
656 1021 687 1053 se
701 1021 833 1052 fortiter
848 1030 903 1062 op-

32 1069 170 1112 posuiss‘e
180 1091 191 1107 ,
213 1066 385 1109 praesertim
397 1088 407 1103 ‚
427 1063 449 1095 fi
466 1064 498 1095 in
515 1062 713 1104 Reipublicae
732 1062 904 1103 perniciem

32 1111 86 1142 vel
105 1110 327 1141 detrimentum
356 1106 539 1137 viderentur
565 1113 703 1145 vergere.
749 1103 904 1145 Polybius

33 1151 74 1183 L.
100 1149 154 1182 v1.
180 1147 294 1190 Histor.
329 1147 360 1179 C.
383 1156 436 1187 54.
464 1146 551 1178 nulla
574 1154 608 1176 re
627 1146 787 1178 Romanos
807 1153 902 1179 caete-

31 1193 75 1225 ris
99 1190 258 1223 Gentibus
306 1189 353 1220 lus
376 1186 552 1229 praestitiffe
576 1185 694 1226 refert,
717 1195 809 1228 quam
826 1187 904 1225 illa,

33 1241 126 1275 quam
143 1233 182 1264 de
198 1231 270 1264 Diis
309 1230 464 1268 abebant,
488 1228 662 1270 opinione,
685 1229 716 1260 ὅ(
738 1228 820 1259 inter
840 1227 902 1258 Ro-

32 1283 142 1308 manos
161 1273 232 1314 JCti
247 1271 376 1312 reliquis
392 1270 539 1302 omnibus
554 1268 650 1300 facile
671 1278 706 1300 ea
726 1269 757 1301 in
774 1278 808 1300 re
828 1278 904 1309 prze—

32 1315 189 1349 stiterunt.
236 1314 342 1355 Atque
364 1312 395 1344 id
415 1335 424 1351 ,
457 1311 495 1342 ad
530 1310 681 1342 tuendum
707 1309 903 1351 Reipublicae

32 1357 168 1395 statum,
197 1364 290 1398 quam
314 1354 452 1386 maxime
472 1362 527 1384 eos
550 1352 705 1391 decebat,
739 1352 803 1384 [ive
819 1351 904 1383 Reli-

32 1400 180 1442 gionem,
214 1405 250 1428 ut
277 1396 404 1427 credere
427 1403 481 1436 par
505 1394 570 1434 est,
603 1392 684 1425 serio
701 1394 731 1425 &
747 1393 829 1425 bona
845 1392 905 1425 fide

33 1439 201 1473 retulerint
227 1438 264 1470 ad
292 1436 400 1476 Deos,
429 1436 493 1468 five
508 1436 660 1468 duntaxat
677 1435 715 1466 ad
732 1434 904 1466 institutio-

33 1490 106 1514 nem
136 1481 287 1518 civilem,
319 1478 370 1511 sed
386 1477 604 1516 neceffariam,
629 1484 664 1508 ut
681 1475 779 1508 refert
799 1475 905 1508 Numa

33 1523 210 1565 Pompilius
236 1521 317 1563 apud
341 1520 470 1552 Livium
496 1519 541 1552 L,
561 1518 585 1551 Ι.
622 1519 655 1550 C.
681 1528 726 1556 19.
763 1518 792 1549 δι
811 1517 910 1559 Poly..

33 1565 105 1597 hius
130 1566 159 1597 d.
192 1565 246 1596 loc.
280 1563 310 1594 &
337 1561 473 1593 Ovidius
507 1561 547 1594 L.
573 1560 598 1593 Ι.
629 1561 663 1592 de
685 1561 761 1592 Arte
786 1560 903 1591 amand.

29 1613 120 1648 prope
139 1605 195 1647 fin.
218 1605 281 1637 hoc
296 1602 470 1635 vcrficulo:

47 1666 51 1668 -
79 1648 210 1689 Expedit
226 1646 276 1688 effe
285 1644 381 1683 Deos,
405 1644 463 1683 ἃ,
486 1650 520 1676 ut
535 1645 675 1685 expedit,
698 1642 748 1684 effi
761 1649 904 1685 putemus.

32 1689 129 1728 Sive,
150 1690 297 1731 inquam,
312 1686 395 1728 Juris
409 1684 507 1718 nostri
526 1685 679 1717 AuCtores
690 1684 909 1726 Theologiam-

32 1739 75 1762 ex
90 1732 214 1771 animo,
237 1729 299 1762 five
315 1737 356 1759 ex
375 1727 563 1769 praescripto
576 1726 715 1769 Legum,
741 1727 905 1768 &quidem

32 1772 223 1812 necessario,
256 1769 437 1808 coluerint,
469 1777 563 1801 nemo
584 1768 766 1808 mirabitur,
791 1777 846 1800 eos
870 1777 903 1800 u-

33 1814 138 1848 trovis
151 1814 281 1846 nomine
304 1810 497 1852 Religionis,
525 1810 562 1842 in
580 1810 690 1851 primis
705 1809 833 1851 publice
857 1819 902 1842 re-

436 1883 1255 1942 Di'ssERTATro

1759 136 1827 169 εξ.ἶῖ

949 207 1073 238 ceptae,
1096 198 1190 231 fuiffe
1209 201 1430 233 tenaciffimos.
1466 202 1571 235 Etiam
1588 204 1756 237 Christiani
1770 205 1822 247 μ’,

949 248 1020 279 tos,
1051 247 1196 286 veterum
1221 241 1389 273 Sacrorum
1416 243 1566 275 Vindices
1585 269 1595 283 ,
1635 246 1829 278 adversarios.-

949 280 1028 328 suos·
1049 289 1175 328 experti
1206 281 1306 320 suiit3
1342 292 1444 324 neque
1477 286 1547 316 aliae
1577 288 1693 328 injustae
1719 295 1831 319 contra

952 320 1148 355 Christianos
1189 322 1438 363 Jurisperitorum
1474 325 1705 367 disputationes,
1752 339 1828 369 quas

951 371 1106 410 memorat
1126 362 1306 410 Lactantius
1326 363 1459 406 Instincti
1477 366 1588 398 Divt‘n.
1615 369 1655 400 L.
1669 370 1707 401 V.
1732 372 1762 401 C.
1778 380 1824 401 ii.

952 405 1039 449 Quin
1052 414 1110 436 nec
1126 405 1206 444 alia,
1231 407 1366 447 opinor,
1389 407 1478 438 *causa
1495 407 1577 447 fuit,
1601 410 1685 449 quod
1704 411 1810 442 i'oectlii

951 447 988 478 da
1007 447 1060 478 illa
1075 445 1229 487 JCtorum
1249 447 1348 479 mellis
1360 470 1369 485 ,
1399 458 1462 479 *uae
1484 449 1650 481 Alexandri
1668 452 1774 483 Severi
1789 463 1823 484 a·-

949 498 996 534 vo
1014 488 1234 520 celebrabatur
1252 511 1262 527 ,
1292 498 1369 521 mox
1407 490 1446 520 ub
1479 490 1690 523 Constantino
1720 493 1768 525 M.
1795 495 1824 525 ὅ(

948 529 1097 576 deinceps
1116 551 1128 568 ,
1166 537 1288 575 tantum
1313 541 1375 563 non
1401 533 1560 563 exaruerit
1581 557 1590 573 ,
1622 543 1714 574 quam
1740 535 1825 574 quod

949 578 1079 617 mutatis
1095 571 1196 603 Sacris
1216 581 1279 603 non
1301 573 1457 604 continuo
1475 575 1571 605 etiam
1588 574 1741 615 JCtorum
1760 576 1820 606 ani-

948 621 991 643 mi
1009 620 1226 658 mutarentur3
1265 614 1310 645 illi
1342 613 1461 647 stabant
1485 624 1543 656 pro
1563 617 1700 657 antiquis
1715 617 1776 647 aris
1793 617 1824 647 v&

948 652 1053 692 focis,
1074 653 1104 685 δε
1123 653 1198 699 lime
1215 655 1338 686 occidit
1358 655 1425 697 spes
1444 657 1548 688 omnis
1572 658 1602 689 ὃς
1620 657 1751 689 fortuna
1770 667 1822 688 co-

948 703 1016 740 rum
1044 704 1190 740 nominis.
1214 696 1346 742 'Quum
1374 705 1479 729 aurem
1501 707 1591 730 antea
1618 699 1799 739 Principum
1815 723 1823 736 ,

947 745 1000 776 qui
1015 744 1132 782 aVitam
1151 736 1348 778 Religionem
1361 737 1590 776 defendebant,
1610 740 1748 772 consiliis
1760 750 1823 771 non

948 784 1069 808 tantum
1087 777 1288 818 interess'eiit,
1315 779 1365 811 sed
1392 781 1421 811 ἃ
1446 781 1629 821 precedent,
1652 782 1748 813 facile
1766 782 1820 812 im-

947 827 1110 859 petrarunt
1124 818 1240 865 ,Edicta
1257 822 1286 852 <St
1305 820 1489 862 Rescripta,
1521 823 1633 863 quibus
1654 824 1780 854 obviam
1800 824 1821 853 i-

948 867 1034 905 retur
1052 869 1146 905 novis
1167 860 1283 900 Sectis,
1307 862 1326 893 ii
1350 863 1424 903 quid
1444 873 1483 894 ex
1504 863 1551 895 liis
1574 865 1761 905 Respublica
1773 864 1823 895 de-

949 908 1090 931 trimenti
1128 911 1263 942 caperet.
1311 902 1476 936 Domitius
1506 905 1544 936 L.
1572 906 1643 937 vll.
1673 909 1707 937 (le
1733 904 1818 946 OffiC.

947 941 1083 982 Procons.
1128 941 1290 995 Rescripta
1320 945 1372 976 illa
1400 947 1552 988 collegit,
1579 955 1613 978 iit
1640 942 1821 980 [affranium

948 981 1079 1014 testatur
1098 983 1126 1014 d.
1151 984 1192 1016 L.
1218 985 1256 1016 W.
1285 986 1317 1017 C.
1346 996 1392 1018 11.
1419 998 1488 1019 nani
1507 989 1548 1019 ibi
1567 991 1698 1020 omnino
1716 990 1817 1023 leiseri-

946 1024 1020 1055 dum
1038 1023 1100 1070 effe
1121 1024 1213 1072 Lim
1238 1026 1309 1058 Vll.
1333 1028 1362 1059 ὃ(
1379 1028 1417 1059 de
1440 1029 1587 1061 Doni-iiio
1613 1021 1753 1071 Ulpiano
1770 1031 1819 1068 id,

947 1065 1031 1106 quod
1050 1066 1209 1112 lbi-dreit,
1234 1067 1296 1099 ess'e
1327 1069 1590 1112 intelligendum,
1613 1081 1724 1102 conti-:i
1742 1081 1819 1112 quo-

947 1107 1077 1153 rundam
1095 1116 1216 1149 ineptas
1232 1110 1455 1142 cavillationes
1467 1134 1475 1150 ,
1499 1122 1515 1142 a
1535 1112 1619 1143 Viris
1636 1114 1767 1144 cruditis
1779 1112 1820 1144 sa-

947 1155 987 1180 tis
1001 1158 1085 1180 nunc
1102 1149 1147 1196 est
1165 1149 1327 1182 defensum
1347 1152 1377 1183 ὅ(
1393 1152 1570 1192 probatum.

989 1189 1048 1236 Sed
1073 1189 1147 1230 JCti
1169 1199 1293 1223 veteres
1324 1192 1356 1224 in
1374 1192 1460 1225 hisce
1475 1195 1624 1227 omnibus
1645 1205 1710 1227 non
1731 1195 1822 1227 aliter

947 1230 1106 1273 sapiebant
1128 1255 1137 1271 ‚
1171 1242 1263 1274 quarn
1285 1233 1322 1264 ad
1345 1244 1487 1267 normam
1505 1234 1644 1278 Legum,
1670 1247 1760 1279 quat,
1787 1244 1823 1268 ut

947 1280 983 1304 ut
1002 1271 1148 1319 faverent
1162 1274 1301 1306 libertati
1322 1274 1521 1318 Religionis,
1540 1278 1822 1317 cavebanttamen‚
1862 1276 1866 1279 ’

948 1323 987 1345 ne
1003 1314 1079 1355 quid
1097 1324 1190 1347 novae
1211 1317 1262 1348 vel
1281 1319 1454 1359 peregrinae
1471 1319 1648 1361 Religionis
1675 1321 1821 1352 admitte-

948 1363 1035 1387 retur
1047 1377 1065 1402 ,ι
1083 1357 1173 1404 quod·
1185 1357 1424 1400 Rempublicam
1442 1361 1567 1393 turbare
1586 1361 1699 1403 posset.
1746 1361 1821 1393 Infi-

947 1406 1008 1438 gne
1038 1406 1104 1438 ejus
1131 1407 1174 1430 rei
1201 1408 1419 1441 argumentum
1443 1401 1537 1434 estin
1560 1403 1636 1435 SCto
1658 1403 1820 1436 Marciano

947 1440 981 1469 de
1006 1438 1262 1485 Bacchanalibus,
1285 1443 1370 1488 quod
1399 1444 1556 1485 integrum
1573 1454 1615 1477 ex
1631 1445 1822 1488 antiquitate

947 1480 1041 1511 nobis
1067 1479 1204 1529 superest
1221 1505 1232 1521 ,
1265 1483 1295 1515 δε
1323 1493 1353 1515 in
1388 1484 1493 1517 Edita
1514 1485 1609 1527 Impp.
1634 1486 1823 1519 Diocletiani

949 1521 984 1568 62⁹
1005 1521 1192 1571 Maximiani
1206 1528 1315 1557 >contra
1336 1524 1538 1566 Manichaei,
1561 1529 1646 1569 quod
1663 1552 1672 1568 ‚
1701 1538 1741 1560 ex
1756 1528 1820 1560 Co-

947 1563 1018 1594 dice
1045 1562 1244 1606 Gregoriano
1260 1589 1271 1605 ,
1305 1565 1445 1600 servavit
1474 1569 1591 1611 Legum
1618 1569 1823 1612 Ilffosaicarum

949 1604 986 1641 ἐξ
1009 1605 1211 1654 Romanarum
1244 1608 1370 1641 Collator
1407 1610 1468 1642 Tit.
1492 1610 1566 1642 XV.
1593 1610 1620 1653 ᾗ.
1645 1622 1675 1653 3.
1724 1611 1829 1656 Quod¹

949 1654 1118 1694 utrumque
1133 1657 1317 1695 priusquam
1333 1652 1492 1693 explicem
1503 1676 1513 1691 ,
1529 1653 1638 1693 paucis
1655 1653 1726 1685 inda
1748 1653 1822 1691 ab0,

949 1687 988 1734 de
1008 1688 1229 1735 Religionibus
1262 1694 1380 1725 exteris
1406 1694 1481 1735 quid
1508 1695 1696 1735 generaliter
1738 1694 1820 1726 ense-

947 1737 1031 1768 rint,
1056 1730 1131 1776 quid
1154 1731 1353 1765 decreverint
1377 1734 1532 1774 Romani,
1564 1743 1600 1767 ut
1619 1737 1692 1768 inde
1708 1736 1747 1767 ad
1764 1735 1824 1767 Le-

947 1780 1000 1811 ges
1016 1770 1277 1819 speciales-‚quae
1297 1782 1433 1817 utroque
1448 1776 1472 1808 F
1474 1785 1639 1818 ragmento
1656 1777 1823 1810 contineri·-

948 1820 1018 1852 tur‚
1039 1814 1241 1847 commodior
1254 1815 1293 1848 fit
1311 1817 1465 1850 tranfitus.

1352 1910 1423 1945 11.

65 1993 143 2044 ,Quo
166 1995 228 2031 Ioco
252 1993 338 2041 apud
361 1991 525 2027 Romanos
539 1988 674 2035 fuerint
701 1989 891 2037 Religiones
914 1994 1116 2039 peregrim,
1148 1992 1190 2034 E?
1215 2006 1257 2030 an
1282 2007 1390 2032 earum
1416 1997 1513 2046 causa
1540 2000 1623 2033 coir-e
1649 1998 1789 2034 licuerit.

80 2088 83 2090 ’
127 2092 213 2124 dium
240 2091 416 2133 Religionis
442 2098 506 2121 non
533 2097 681 2130 peraeque
697 2087 777 2119 olim
794 2096 904 2119 omnes

150 2132 270 2165 Gentes
295 2131 466 2170 infecerat,
494 2137 530 2162 ut
545 2139 631 2162 nunc
650 2127 776 2161 infecit.
821 2128 903 2175 Quae

34 2176 140 2217 aliqua
158 2175 252 2206 animi
267 2173 482 2215 magnitudine
508 2170 713 2203 censebantur
724 2192 736 2209 ,
756 2179 822 2202 non
840 2178 903 2201 tam

35 2217 198 2259 proclives
222 2216 254 2247 in
282 2215 360 2248 illud
380 2215 506 2253 odium,
537 2222 629 2254 quam
646 2221 716 2253 quae
734 2211 904 2253 pusillioris

34 2266 124 2297 erant
147 2256 268 2295 animi,
300 2257 348 2288 liis
375 2256 458 2287 enim
481 2254 623 2286 naturale
641 2252 686 2285 est
706 2252 823 2292 odisse,
849 2252 903 2293 qui

33 2309 53 2332 a
74 2298 105 2331 se
123 2296 325 2336 diss'entiunt,
346 2305 419 2329 cum
449 2296 585 2328 maxime
603 2295 634 2326 in
653 2293 744 2326 causa
762 2294 902 2334 Religio-

34 2340 93 2373 nis.
139 2340 190 2372 Ex
205 2339 348 2381 AEgypto
365 2339 457 2379 origo
475 2336 569 2375 mali;
592 2336 632 2367 de
653 2335 880 2378 AEgyptiorum
891 2358 901 2374 ,

34 2382 93 2456 Rae
110 2381 139 2413 in
160 2391 209 2420 re,
233 2382 309 2412 odio
323 2389 396 2421 erga
411 2379 537 2411 vicinos
553 2376 659 2409 facete
674 2377 758 2409 dixit
770 2376 901 2417 Juvena-

61 2433 77 2456 s
99 2423 198 2464 Saty-r.
224 2422 300 2454 XV.
322 2422 365 2463 vs.
389 2431 440 2463 34.
466 2419 503 2456 ὅ)
515 2420 596 2466 seqq.

45 2494 49 2497 .
123 2464 206 2497 Inter
223 2463 386 2504 finitimos,
411 2464 441 2494 ὀί
463 2471 532 2503 quae
556 2464 737 2501 lequuntur.

78 2504 154 2539 Hoc
169 2506 279 2538 odium
304 2515 344 2537 ex
368 2504 511 2546 AEgypto
526 2502 626 2544 Judaei
640 2501 847 2542 deportarunt
869 2500 903 2533 in

36 2541 57 2580 S
83 2548 179 2586 riam3
210 2547 249 2578 de
265 2547 381 2588 Judaeis
405 2546 468 2577 hoc
489 2544 617 2576 nomine
636 2542 772 2575 Tacitus
796 2542 837 2573 L.
861 2541 901 2573 V.

38 2557 152 2630 J-Liftor.
188 2589 221 2620 C.
249 2592 281 2620 6.
309 2587 445 2628 adversus
470 2595 566 2618 ovines
587 2585 660 2616 alius
678 2582 778 2625 hostile
796 2585 901 2614 odium.

37 2630 203 2665 Christiani
217 2651 228 2668 ,
249 2630 362 2671 partim
384 2638 401 2659 a
418 2627 532 2669 Judaeis
548 2627 631 2665 orti,
655 2626 751 2657 etiam
767 2626 798 2658 in
818 2623 904 2656 hisce

37 2671 93 2713 fit-i
122 2671 252 2703 nimium
278 2669 453 2710 indulsere,
485 2677 598 2701 contra
625 2666 842 2699 dissentientes
865 2665 903 2696 ad

38 2712 134 2754 ipsam
151 2710 272 2744 fua-cam
291 2712 322 2744 &
338 2720 463 2743 crucem
479 2710 590 2743 rabiosi
605 2709 731 2750 potius,
754 2718 846 2750 quam
858 2716 903 2739 re-

38 2751 152 2795 ligiosi.
197 2753 246 2784 Ex
271 2752 334 2784 illis
349 2775 361 2792 ,
396 2752 461 2784 odii
491 2751 675 2794 AEgyptiaci
701 2750 875 2782 haeredibus
891 2771 904 2788 ,

39 2793 184 2838 prognati
200 2793 336 2833 Turcae,
367 2794 422 2836 qui
450 2793 584 2826 aliorum
603 2792 826 2833 impatientes,
847 2790 903 2823 fibi

39 2836 132 2875 solis,
153 2844 194 2867 ne
212 2834 377 2880 Religione
391 2835 514 2877 quidem
536 2842 688 2875 excepta,
713 2833 819 2866 omnia
834 2832 903 2864 vin-

41 2879 147 2910 dicant
181 2875 275 2907 avidi.
319 2876 411 2908 Unde
435 2877 466 2909 &
494 2876 662 2909 Mohamet
689 2874 745 2907 III.
781 2875 904 2906 Turca-

43 2928 112 2951 rum
137 2918 309 2959 Imperator
329 2940 340 2956 ,
368 2917 540 2959 conspeftis
562 2917 653 2949 donis
671 2940 681 2956 ,

44 2967 279 2992 croioctxvm.
301 2958 339 2990 ad
359 2958 457 2999 ipsum
477 2959 632 2991 detulerat
656 2957 794 3000 Legatus
810 2957 904 2990 Ordi-

43 3010 119 3034 num
137 2999 160 3031 F
162 2998 291 3031 oederati
308 3000 407 3040 Belgii
419 3021 432 3038 ‚
453 3009 549 3041 quum
564 3000 729 3041 Belgarum
747 2999 906 3032 solertiam

44 3040 194 3087 laudasset
214 3064 224 3079 ‚
255 3040 358 3072 mirari
384 3040 414 3072 se
439 3040 556 3073 addidit
572 3065 583 3081 ,
610 3041 739 3083 Belgas,
765 3042 908 3075 homines

48 3083 128 3115 adeo
143 3081 340 3123 ingeniosos,
361 3081 559 3123 Religionem
574 3082 658 3114 suam
676 3083 816 3114 nondum
831 3083 908 3116 fuis-

49 3122 80 3156 se
99 3124 281 3196 amplexos,
306 3130 342 3154 ut
358 3123 515 3165 Aytzema
538 3122 636 3156 refert
657 3125 828 3157 Annalibus
843 3125 909 3157 Bel-

74 3167 130 3212 icis
183 3189 191 3196 .
214 3163 477 3212 XLVfflnl'am·
499 3170 572 3207 583.
615 3165 810 3205 Hisautem‚
829 3177 910 3208 quos

73 3215 206 3246 inimus,
239 3205 299 3239 1110
325 3205 402 3239 odio
422 3207 604 3248 innutritis,
632 3207 688 3241 ina
700 3208 786 3241 labes
805 3217 860 3249 per
878 3217 911 3240 u-

719 2926 789 2957 quae
821 2925 905 2948 anno
920 2946 923 2949 .

947 2090 1103 2138 niversam
1128 2091 1309 2138 Europam,
1341 2103 1528 2138 magnasque
1550 2096 1629 2128 Afiae
1646 2120 1656 2136 ‚
1677 2095 1820 2136 Africae,

948 2133 978 2163 &
1000 2142 1078 2164 now
1096 2133 1192 2179 Orbis
1208 2143 1311 2175 partes
1331 2135 1466 2177 dispersa
1485 2137 1559 2170 fuit.

989 2173 1065 2206 Plus
1078 2174 1157 2220 olim
1184 2177 1396 2217 magnanimi,
1424 2188 1517 2221 atque
1540 2179 1618 2211 adeo
1633 2179 1820 2212 clementio-

947 2224 996 2247 res
1012 2215 1070 2263 liac
1098 2225 1131 2248 in
1152 2224 1241 2263 pai-te
1268 2217 1389 2258 Persae,
1421 2219 1549 2260 Graeci,
1573 2221 1729 2260 Romani,
1751 2221 1821 2252 fei-e

947 2265 997 2303 ut·
1014 2257 1106 2298 hujus
1127 2258 1200 2290 mali
1225 2268 1377 2292 immunes
1392 2260 1487 2294 fuisse
1501 2263 1631 2294 dixeris.
1675 2262 1727 2294 Illi
1748 2262 1820 2294 suos

946 2308 1063 2346 quique
1081 2299 1230 2332 colebant
1249 2300 1338 2333 Deos
1353 2324 1365 2341 9
1399 2304 1428 2335 &
1445 2303 1529 2336 ferre
1546 2312 1694 2345 poterant
1707 2326 1717 2341 ,
1742 2304 1764 2336 fi
1787 2304 1820 2336 &

946 2341 999 2387 alii
1019 2340 1091 2387 suos
1107 2350 1233 2383 quoque
1251 2343 1394 2376 colerent
1407 2368 1418 2384 ,
1445 2345 1475 2377 ὅ(
1501 2346 1616 2384 Sacra,
1640 2345 1784 2386 quamvis
1803 2355 1822 2376 a

945 2381 1009 2414 suis
1027 2382 1168 2421 diversa,
1183 2382 1255 2430 'suo
1274 2393 1374 2430 'more
1388 2395 1594 2428 peragerent3
1613 2387 1673 2418 rati
1693 2385 1820 2418 scilicet

944 2423 1008 2456 fine
1021 2422 1166 2457 Deorum
1180 2425 1301 2472 invidia
1319 2427 1348 2457 ὃς
1367 2428 1530 2470 zelotypia
1545 2428 1575 2460 id
1594 2428 1678 2467 fieri,
1703 2428 1746 2460 fin
1765 2428 1821 2459 mi-

946 2475 1026 2504 nus,
1049 2465 1179 2515 Deorum
1202 2469 1349 2512 injurias,
1382 2468 1404 2500 fi
1427 2478 1496 2510 quae
1518 2469 1637 2509 essent,
1660 2469 1732 2501 Diis
1747 2479 1821 2501 curoe

946 2506 996 2548 effe
1008 2529 1027 2553 ,Π
1043 2515 1080 2539 ut
1098 2507 1266 2539 'liberium
1280 2509 1392 2542 dixiss‘e
1407 2511 1548 2552 legimus.
1594 2511 1646 2543 De
1665 2511 1740 2543 solis
1755 2510 1820 2542 Ro-

946 2558 1045 2580 manis
1069 2558 1154 2595 nunc
1178 2549 1272 2581 nobis
1299 2550 1402 2583 sermo
1425 2554 1507 2592 erit,
1533 2563 1597 2585 non
1615 2553 1740 2595 quidem
1762 2558 1817 2593 ptr

946 2599 1056 2622 omnes
1079 2599 1146 2630 ejus
1171 2590 1286 2632 Populi
1308 2600 1433 2633 aetates,
1466 2595 1497 2626 id
1513 2596 1598 2627 enim
1616 2596 1746 2635 longum
1770 2604 1818 2624 ομ

945 2630 1014 2671 set,
1042 2630 1094 2662 sed
1119 2631 1201 2672 quasi
1226 2642 1282 2673 per
1301 2634 1444 2677 Satyram
1457 2660 1467 2676 ‚
1500 2637 1538 2668 ad
1556 2646 1654 2677 usque
1671 2636 1819 2667 mutatio-

945 2682 1017 2704 nem
1036 2673 1202 2705 Sacrorum
1217 2674 1273 2706 sub
1291 2675 1511 2710 Constantino.
1538 2678 1672 2716 Fateor,
1699 2685 1735 2708 ut
1754 2686 1819 2708 non

946 2714 1053 2746 eadem
1068 2722 1167 2761 aetas,
1198 2715 1240 2748 fic
1263 2726 1327 2749 non
1350 2718 1480 2751 candem
1505 2718 1624 2761 semper
1649 2719 1713 2750 illis
1732 2727 1817 2749 men-

947 2764 1013 2802 tem
1028 2755 1139 2796 fuiffe,
1166 2757 1195 2789 δι
1209 2757 1386 2800 Religionis
1401 2761 1575 2802 peregrinae
1593 2759 1715 2791 eausam
1733 2768 1817 2790 nunc

946 2797 1053 2830 durius
1065 2820 1077 2836 ,
1097 2807 1182 2845 nune
1204 2800 1369 2841 benignius
1394 2801 1533 2833 habitam
1555 2811 1613 2842 pro
1631 2801 1727 2832 variis
1745 2809 1816 2831 cau-

946 2838 1002 2878 fis,
1023 2849 1094 2879 quoe
1119 2840 1299 2873 incidebant
1319 2865 1328 2880 ‚
1365 2842 1416 2874 sed
1432 2843 1526 2874 ausim
1543 2841 1708 2883 praestare,
1733 2850 1819 2872 vete-

946 2890 995 2927 res
1022 2881 1183 2913 Romanos
1202 2906 1212 2921 ,
1244 2883 1342 2914 modo
1361 2883 1479 2915 abess‘et
1501 2884 1583 2914 ratio
1599 2882 1679 2915 laesae
1701 2883 1817 2924 Reipu-

945 2921 1038 2968 b.hcae
1050 2946 1060 2961 ‚
1083 2932 1148 2968 non
1166 2923 1263 2955 modo
1278 2923 1405 2964 singulis
1425 2925 1628 2962 hominibus,
1651 2924 1702 2955 sed
1720 2925 1750 2956 ἃ
1769 2933 1815 2956 to-

947 2971 987 3009 tis
1007 2964 1223 3005 Corporibus,
1244 2963 1399 2997 indulsisse
1421 2966 1543 2997 cultum
1568 2965 1738 3005 cujuslibet
1756 2966 1815 2998 Re-

949 3005 1093 3046 ligionis‚
1120 3005 1150 3037 &
1166 3005 1261 3037 facile
1284 3005 1345 3036 ess'e
1367 3006 1488 3047 paffos,
1515 3014 1550 3038 ut
1570 3007 1701 3048 quisque
1721 3016 1757 3038 ea
1773 3008 1815 3038 le—

950 3056 988 3092 ge
1000 3047 1091 3079 saluti
1103 3045 1121 3077 s
1118 3055 1164 3076 uae
1171 3045 1349 3078 consuleret
1358 3070 1368 3085 ,
1379 3056 1440 3087 qua
1449 3048 1585 3079 maxime
1592 3055 1717 3089 putaret
1725 3073 1734 3088 ,
1746 3048 1776 3080 sc
1786 3058 1815 3079 e-

950 3097 998 3126 Jus
1025 3096 1210 3127 compotem
1236 3087 1305 3118 fieri
1325 3088 1422 3128 post'e.
1469 3089 1566 3136 Quod
1594 3099 1628 3120 ut
1658 3090 1788 3130 probem
1807 3114 1817 3127 ,

951 3128 1032 3159 dabo
1052 3128 1190 3174 regulam
1208 3137 1249 3159 ex
1265 3127 1338 3168 Jure
1363 3129 1509 3162 Romano
1531 3131 1562 3162 in
1579 3131 1706 3162 eandem
1728 3131 1821 3172 plane
1848 3144 1849 3148 ¹

952 3168 1159 3216 sententiam,
1183 3169 1265 3201 dabo
1286 3171 1507 3212 exceptionem
1525 3196 1534 3210 ,
1559 3182 1630 3208 (με
1646 3181 1758 3204 conti-a
1780 3174 1823 3204 izi-

953 3219 1048 3245 nuam
1066 3210 1385 3283 libertasserpfstatum
1410 3210 1749 3254 Reipublieaetuetur,

1290 3263 1308 3292 ‘3
1785 3256 1826 3285 bo
