2008 3436
453 100 857 139 CORNELII
927 111 1036 136 vAN

198 103 269 139 106

191 188 305 220 multis
325 188 356 221 in
376 188 457 221 lianc
472 199 537 222 rem
557 196 718 230 argutatur
736 187 870 228 Jacobus
889 185 1063 218 Gothofie-
1107 195 1127 227 p

192 229 251 260 dus
276 230 347 271 Cap.
361 230 417 263 IV.
440 231 478 263 ad
501 232 528 263 b.
546 231 567 263 l.
590 231 642 263 sed
661 230 795 272 argutari
813 229 852 260 de
871 238 904 260 re
921 229 1039 259 incerta
1051 251 1060 266 ,

192 279 285 310 quam
302 279 418 304 certam
435 273 562 304 reddere
579 282 643 304 non
664 271 839 312 poffumus,
863 269 998 309 argutari
1018 269 1059 300 le-

191 310 347 344 viffiinum
366 312 428 345 est:
466 313 610 355 equidem
631 313 765 354 plurima
782 311 874 353 fingit
896 311 970 349 ille,
996 319 1060 350 quo

191 351 231 383 de
256 353 367 386 causs'ae
392 355 544 396 qualitate
573 353 717 392 constet,
740 352 793 385 sed
808 354 899 394 fingit
917 359 1059 389 tantuin,

189 402 293 434 neque
310 396 393 427 enim
414 397 466 428 vel
483 405 523 427 ex
541 395 693 436 personis,
716 402 826 426 contra
849 404 923 436 quas
944 392 1058 433 suppli-

177 441 297 467 ‘catum
323 436 392 476 est,
424 438 476 469 vel
502 446 542 468 ex
566 435 714 477 responso
738 435 911 473 Antonini,
937 442 1059 479 certum

187 476 264 516 quid
286 478 325 509 de
349 488 384 510 ea
409 479 486 510 licet
510 478 711 518 intelligere,
744 485 779 508 ut
804 477 943 508 dicemus
970 475 1058 515 inje-

186 520 338 558 quentibur
362 520 498 560 reliqua,
523 529 592 558 quae
620 518 714 549 habet
738 517 977 554 (humfredus,
1007 516 1059 547 hic

185 558 463 601 persequeremur,
489 560 545 592 nisi
565 568 655 600 turpe
673 559 750 591 effet
770 559 895 599 singulis
911 566 974 589 tam
993 557 1057 589 exi-

185 599 268 631 libus
287 602 476 633 commentis
505 601 674 632 immorari.
721 600 872 632 Videmus
888 599 1055 631 Eudaemo-

186 650 258 672 nem
286 646 379 673 ἁπλῶς
403 642 515 674 dixisse
530 666 539 681 ,
575 641 605 673 se
629 642 658 674 ὃς
681 641 876 682 naufragium
895 641 926 672 in
945 640 1056 677 ltalia,

185 682 215 713 ἃ
235 683 347 715 deinde
362 684 499 724 rapinam
516 682 634 724 passum
652 682 734 720 esse3
759 693 795 714 an
816 683 905 723 plura
920 681 1054 719 dixerit,

183 723 266 754 unde
289 725 465 756 accuratius
488 725 527 756 de
546 723 632 755 fafito
647 723 789 755 constare
804 723 915 764 possit,
941 730 994 754 aut
1017 732 1054 755 an

185 773 221 794 ea
240 764 390 797 Actorum
418 765 537 804 scriba,
563 765 613 797 vel
640 765 757 797 Auctor
784 765 976 805 Praefationir
996 764 1053 796 Le-

183 814 254 846 gum
272 806 475 846 Rhodiarum,
499 807 551 838 vel
569 806 716 838 Volusius
742 806 919 838 Maecianus
942 815 981 837 ex
999 815 1050 838 ne-

181 846 352 887 gligentia,
378 849 429 880 vel
449 849 522 890 quia
534 848 571 879 ad
587 848 635 888 jus
652 857 716 879 non
734 848 950 889 pertinebant,
972 847 1051 878 omi-

181 887 297 928 serint,
322 889 453 921 definire
464 900 527 922 non
545 889 724 930 possumus,
743 898 843 929 neque
862 888 956 920 etiam
966 889 1051 930 quic>-

182 937 274 968 quam
300 930 337 962 ad
364 941 432 963 nos.
478 931 613 963 Talibus
632 940 727 971 atque
753 930 823 962 aliis
845 930 865 962 fi
891 930 1051 962 luxuriare

179 969 228 1001 fas
257 970 333 1003 ess'et
351 994 363 1010 ,
392 971 561 1005 confestim
579 981 704 1013 quoque
729 972 838 1003 liceret
863 972 986 1013 prolixe
1006 971 1051 1003 di-

179 1013 286 1043 vinare
302 1035 314 1051 ,
344 1014 547 1054 quamobrem
577 1022 708 1045 numero
735 1013 871 1054 plurium
900 1012 1050 1045 efferatur

179 1053 386 1091 ὣκςπένυμενῖ
407 1056 462 1096 qui
486 1055 515 1087 δε
531 1064 610 1095 quoc
627 1063 741 1094 praeter
758 1054 983 1086 Eudaemonem
1005 1054 1050 1085 di-

179 1095 260 1135 repti
278 1095 362 1128 sint?
385 1097 414 1128 ὅτ
435 1097 455 1128 fi
472 1096 546 1138 quid
570 1104 722 1137 praeterea
744 1105 896 1136 nugarum
913 1094 969 1127 est.
1014 1094 1049 1127 In

179 1135 220 1167 iis
237 1137 484 1179 usque&usq‚ue
502 1137 645 1178 quamvis
661 1136 789 1168 desudes
807 1159 818 1176 ,
841 1136 921 1168 nihil
944 1144 1048 1168 tamen

174 1177 370 1218 profeceris,
392 1179 421 1210 ἃ
440 1179 493 1211 has
512 1178 598 1210 dabis
618 1178 725 1210 niiniae
741 1178 914 1219 diligentiae
929 1187 1047 1218 peenas.

220 1217 370 1260 Direptio
394 1219 476 1252 faita
499 1220 563 1251 fuit
584 1220 636 1248 ἀπ’
654 1220 676 1247 2?
700 1220 818 1252 ἑημοσίω
835 1243 845 1258 ,
877 1229 895 1250 a
911 1219 1047 1250 Publica-

177 1260 246 1299 m's,
269 1269 305 1292 ut
331 1261 426 1293 habet
452 1261 616 1293 translatio
641 1269 745 1292 vetus.
790 1259 962 1301 Gregorius
983 1259 1047 1292 Ha-

177 1300 307 1333 loandei·
330 1303 430 1334 vertit
443 1304 542 1344 servis
559 1303 708 1342 publicis,-
739 1301 941 1340 Taurellius,
965 1301 1048 1341 quali

177 1341 337 1382 incertus,
363 1353 531 1384 utrumque
545 1342 662 1383 posuit.
707 1341 786 1375 Non
804 1343 900 1384 igitur
916 1342 972 1374 nifi
983 1342 1047 1374 Ha·

176 1383 342 1415 l-oandruin
369 1384 509 1425 sequitui·
539 1384 603 1424 jac.
632 1383 850 1416 Gothofredus
887 1384 956 1424 Cap.
984 1382 1046 1416 IV.

176 1434 249 1456 cum
274 1426 361 1456 omni
385 1435 482 1466 opere
505 1426 623 1462 δημοοέες
647 1425 699 1457 hic
718 1425 880 1457 transferri
900 1425 972 1458 vult
981 1424 1046 1465 Jer-

176 1475 227 1497 vos
255 1467 420 1498 Civitatum
436 1467 589 1508 publicos,
620 1476 685 1499 non
708 1467 892 1508 publicanos.
937 1466 1046 1498 Multa

174 1506 323 1539 debemus
339 1507 448 1549 priscis
466 1509 559 1542 Inter
582 1508 722 1547 retibus,
756 1508 856 1540 inulta
872 1507 969 1539 variis
990 1506 1046 1539 Le-

175 1548 332 1581 {tionibus
359 1550 389 1582 ἃ
414 1518 731 1590 Editioniiius,quae
749 1549 834 1591 quafi
854 1559 895 1580 ex
920 1549 1046 1590 ingenio

173 1588 231 1621 fuo
256 1590 384 1631 peffime
408 1591 463 1623 fibi
491 1600 638 1633 arrogant
665 1591 801 1632 plurimi.
854 1591 934 1623 Sane
966 1590 1046 1631 apud

173 1630 306 1663 Giraecos
322 1631 430 1665 servos
447 1633 594 1674 publicos
609 1632 791 1673 simpliciter
806 1632 924 1667 inmo-1²⁸4
940 1631 1044 1672 appel—

173 1673 229 1705 lari
248 1672 391 1712 constat,
411 1675 511 1706 multa
536 1674 575 1705 de
594 1674 643 1706 his
661 1674 842 1706 Maussacus
860 1673 897 1705 ad
918 1673 1043 1713 Harpo—

174 1714 350 1747 crationem
368 1716 401 1748 in
423 1715 505 1748 verb.
523 1717 655 1748 Anubem.
702 1714 778 1747 Dici
797 1714 898 1756 poffet
917 1714 946 1746 ἀ
963 1713 1044 1755 apud

173 1755 306 1788 Latinos
319 1781 327 1795 ,
352 1766 424 1789 nain
440 1757 601 1798 Juvenalis
616 1757 725 1797 Satyra
739 1757 783 1789 X.
800 1757 873 1797 vers.
886 1766 928 1797 40
945 1755 980 1790 &³
989 1764 1042 1795 41.

173 1806 266 1837 quein
282 1798 386 1839 primo
405 1798 587 1840 simpliciter
598 1799 745 1839 publicum
760 1797 938 1830 nominavit
947 1804 1043 1836 ‚mox

162 1842 285 1880 servum
300 1839 397 1871 dicit:

217 1879 335 1957 Quippe
354 1881 546 1922 tenezfiidaizs
555 1882 630 1913 banc
639 1881 807 1913 Priaticus
817 1904 828 1920 ,
838 1879 930 1920 &fibi
941 1879 1042 1921 Consul

254 1934 268 1954 e
281 1924 421 1963 placeat,
446 1923 645 1962 ciirruservm
660 1929 795 1963 portatur
811 1924 914 1954 eodem.

170 1964 231 1997 Sed
254 1965 311 1997 etsi
335 1964 476 2006 alioquin
495 1964 656 1996 insolitum
675 1974 740 1995 non
762 1964 838 1995 ess'et
859 1963 1041 2005 simpliciter

165 2007 316 2046 publicum
341 2006 427 2044 dici,
451 2013 553 2037 tamen
579 2006 634 2037 ille
655 2006 746 2037 locus
766 2006 797 2036 id
813 2004 975 2047 probando
995 2004 1041 2037 so-

172 2048 222 2079 lus
245 2047 376 2079 omnino
400 2057 463 2078 non
488 2046 624 2085 sufficit,
648 2056 721 2078 cum
745 2047 840 2078 etiam
867 2046 1039 2087 sinat,ser—

170 2098 241 2121 vum
260 2088 410 2129 publicum
431 2088 473 2119 ibi
499 2088 692 2128 conjunffim
710 2087 871 2129 intelligi,
897 2088 1040 2128 quamvis

169 2130 323 2171 disjunsta
351 2129 450 2160 videri
477 2128 579 2169 poss'et
605 2129 718 2160 oratio.
764 2129 855 2161 Addo
875 2129 972 2170 igitur
989 2128 1040 2161 Li-

170 2173 258 2204 vium
284 2171 354 2202 Lib.
375 2170 502 2202 XXVI.
530 2170 599 2210 Cap.
618 2179 671 2210 47.
697 2170 793 2211 Scipio
809 2170 890 2202 vitici
911 2171 1033 2202 Cartba-

170 2216 240 2256 gine
260 2208 355 2251 iiova,
389 2211 502 2252 opifices
520 2214 558 2242 ad
576 2213 628 2242 cluo
646 2212 741 2243 millia
763 2212 908 2243 hominnm
924 2221 1038 2243 runn-
1081 2219 1100 2250 q

169 2266 228 2288 cos
249 2255 313 2294 fore
340 2254 446 2293 Populi
475 2253 600 2284 Romam·
624 2254 718 2284 edixit
738 2264 749 2291 ‚-
778 2254 870 2294 plane
893 2254 976 2285 enim
996 2253 1037 2284 ibi

164 2299 347 2339 publicorum
379 2296 410 2326 in
434 2295 561 2326 eandem
583 2293 769 2326 sententiam
794 2294 967 2326 mcminiffe
990 2295 1038 2325 vi-

167 2340 271 2371 detur.
316 2336 476 2368 Caeterum
495 2343 598 2367 tamen
613 2345 715 2377 neque
731 2335 752 2367 fi
778 2336 954 2367 Publicanos
970 2345 1038 2367 vcr-

169 2390 216 2413 tas
242 2379 470 2420 improbarem,
494 2387 681 2419 quamquam
701 2376 835 2417 Jacobus
862 2376 1036 2408 Gothofre-

168 2424 226 2454 dus
244 2428 356 2462 neget,
384 2418 414 2450 se
433 2418 529 2457 scire,
555 2419 645 2450 ullibi
661 2419 783 2453 δημοσίοις
801 2428 859 2460 pro
873 2419 1038 2459 publicanis

167 2463 289 2504 accipi,
314 2462 343 2493 &
359 2460 521 2493 Salmasius
539 2461 572 2491 de
591 2462 668 2491 modo
688 2459 775 2500 Uficr.
804 2461 834 2492 C.
861 2461 899 2492 V.
920 2466 951 2500 p.
965 2463 1037 2492 aco.

169 2513 205 2537 ut
231 2505 262 2536 hi
288 2502 505 2542 intelligantur
527 2502 557 2532 in
582 2502 611 2533 h.
630 2502 651 2534 l.
675 2502 756 2533 velit
777 2502 838 2543 legi
866 2502 896 2534 ὅτ.
920 2502 1037 2542 corrigi

167 2547 318 2581 ammai-zu
335 2566 345 2581 ,
369 2543 442 2584 quia
471 2543 502 2574 in
529 2540 645 2574 Glossis
671 2542 860 2576 Publicanus
884 2543 929 2575 est
951 2550 1037 2577 Ame-

167 2589 271 2623 σιῶιης,
296 2585 426 2618 τελώνης,
452 2593 515 2616 non
525 2586 657 2616 Δκμέσιος.
702 2583 801 2625 Hugo
818 2594 943 2626 quoque
955 2583 1036 2616 Gro-

169 2630 231 2661 tius
256 2629 288 2660 in
315 2625 396 2657 Flor.
426 2624 521 2665 SparsI
544 2625 582 2655 ad
609 2625 638 2656 b.
659 2625 680 2656 l.
711 2625 841 2657 exhibet
865 2626 1035 2660 §nmo-imai,

167 2671 297 2708 iisdem,
321 2675 357 2699 ut
381 2666 512 2706 opinor,
538 2672 643 2696 motus
670 2666 853 2698 rationibus.
900 2667 997 2714 Quod
1015 2667 1036 2699 fi

166 2713 236 2754 quis
260 2712 304 2742 ita
333 2708 414 2739 velit
435 2707 520 2738 omni
547 2706 664 2745 modo,
688 2716 751 2738 non
776 2707 837 2746 est,
862 2717 919 2739 cur
938 2707 1032 2739 refra-

166 2763 274 2794 geinui·
291 2750 446 2786 multum,
459 2757 532 2779 cuin
549 2748 611 2780 fine
626 2748 818 2779 detrimento
835 2748 865 2779 id
881 2749 946 2780 fieri
963 2758 1033 2789 pos-

165 2795 223 2833 sit,
247 2791 415 2833 duplicatis
436 2789 589 2821 duntaxat
611 2789 728 2821 duabus
749 2788 975 2830 posterioribus
999 2790 1034 2821 li-

168 2837 262 2875 tei-is,
286 2835 327 2866 fic
344 2842 384 2864 ex
399 2832 538 2862 δηιωσιΩΝ
558 2831 723 2872 proveniet
733 2831 901 2869 ἕψοι-φῶς
926 2831 1031 2862 literas

166 2878 250 2910 enim
268 2877 298 2908 in
316 2873 475 2906 pandectis
496 2872 688 2905 Florentinis
706 2873 735 2904 &
763 2872 837 2904 alias
855 2872 1029 2912 duplicari,

166 2921 196 2951 &z
211 2917 385 2959 duplicatas
401 2915 448 2946 bis
468 2914 528 2956 legi
545 2914 598 2955 qui
618 2912 717 2946 nescit
734 2922 828 2946 nemo
846 2912 907 2952 est,
931 2922 966 2944 ac
986 2913 1031 2944 ita

162 2961 319 3002 parcimus
335 2955 593 2988 correctionibus.

206 3001 319 3041 Neque
345 3007 447 3036 vei-o,
476 2997 497 3029 fi
525 2997 575 3028 vel
599 2997 768 3038 publicanos
791 2996 917 3036 serves,
952 3005 1029 3028 inox

162 3051 258 3083 usque
273 3049 394 3082 quaque
416 3038 537 3070 neccsse
553 3037 597 3070 est
614 3039 665 3070 vel
681 3039 826 3073 Arlane-mi
851 3038 953 3081 legere
977 3038 1027 3069 vel

160 3086 333 3119 ἕημωιωνῶν,
363 3081 472 3123 utique
498 3080 519 3112 fi
538 3089 647 3112 verum
675 3080 733 3120 fit,
767 3079 852 3121 quod
878 3079 1027 3112 Budaeum

162 3125 293 3170 probare
308 3122 421 3160 video,
445 3122 560 3153 δηαᾰσιυ
576 3121 757 3162 {impliciter
780 3131 796 3153 a
814 3120 1027 3152 Demosthene

162 3165 270 3201 vocari
290 3164 468 3201 ἀυπνςᾳφέκ,
491 3163 698 3204 observatorem
706 3164 836 3204 pecuniae
852 3161 1026 3204 vefflgcles,

162 3209 217 3253 qui
236 3213 348 3245 nempe
370 3203 401 3235 id
417 3213 543 3244 operam
559 3203 630 3243 dat,
651 3213 690 3236 ne
709 3213 768 3246 qua
782 3202 867 3236 fraus
884 3202 938 3236 fiat
954 3203 1024 3235 Rei-

1109 97 1711 139 BYNKERSHOEK,

1104 268 1211 300 Suidas
1235 269 1329 300 etiam
1353 268 1383 299 in
1402 272 1438 304 τῷ
1457 268 1575 300 saraba-aes
1594 266 1833 298 non‘clubitavic
1851 267 1889 298 de
1906 265 1963 303 Pu-

1103 309 1233 345 blicanis
1261 318 1367 350 agere,
1394 309 1422 340 &
1441 309 1668 350 pronunciare,
1693 316 1846 350 quatenus
1870 309 1966 350 publi-

1097 360 1143 383 co
1158 350 1277 391 prosint
1293 351 1345 382 vel
1363 359 1509 385 noceant.

1101 392 1135 437 in
1154 399 1241 433 parte
1259 391 1438 424 concedunt
1455 391 1579 430 Latini,
1604 400 1677 422 cum
1693 391 1861 431 publicanos
1875 391 1965 426 ᾴλτιλᾶε

1101 433 1213 465 dicunt
1226 434 1379 474 pitblicor,·
1402 432 1465 474 ipse
1491 433 1622 464 Marcus
1640 431 1771 464 Tullius
1791 442 1855 464 non
1877 430 1965 472 aliter
2001 432 2008 445 ''

1102 474 1227 506 locutus
1245 475 1370 506 videtur
1390 475 1420 506 in
1442 474 1531 505 Orat.
1542 480 1596 515 pro
1611 473 1711 515 ,Domo
1731 480 1795 514 cap.
1815 474 1972 516 742Prq-v

1101 517 1198 546 ximus
1221 514 1281 556 est,
1304 516 1407 556 inquit
1419 537 1433 553 „
1453 516 1518 546 huic
1553 517 1698 558 dignitati
1726 517 1792 546 ordo
1822 515 1964 562 equesters,
2003 534 2006 559 ς

1101 567 1195 588 omnes
1210 559 1337 588 omnium
1355 556 1585 595 Ponti-conum
1596 558 1751 598 jbciqtates
1775 558 1808 588 de
1826 568 1885 590 meo
1900 568 1962 603 coq-

1090 597 1195 639 sulam
1204 620 1215 637 ,
1234 608 1268 629 ac
1284 599 1317 629 de
1333 599 1403 628 meis
1421 599 1502 636 rebus
1515 596 1605 639 gestis
1621 596 1794 639 <impliffima
1814 605 1968 641 atqueoze-

1099 638 1244 680 ncitzffima
1260 640 1374 670 decreta
1383 639 1544 678 fecerimm
1569 639 1684 678 babent
1702 641 1770 679 liic,
1797 639 1862 671 scio
1871 663 1882 679 ,
1897 639 1964 682 qui-

1094 680 1169 714 ,dam
1188 680 1326 712 Codices
1341 680 1562 720 publicanorum
1573 677 1661 723 ‚js-edi
1676 682 1823 713 meliores
1835 683 1979 728 publico-¹

1098 732 1181 758 rum,
1202 722 1245 752 ita
1262 720 1413 759 testantur
1429 722 1569 756 αὐτέπΊιιι.
1590 717 1724 760 *Plautius
1739 723 1833 754 etiam
1851 724 1881 756 in
1896 724 1966 763 Tru-

1096 763 1209 794 culento
1227 762 1410 803 simpliciter
1424 761 1562 799 ,Publicos
1580 763 1662 801 dixit
1682 773 1740 804 pro
1758 764 1814 802 iis,
1839 765 1891 806 qui
1909 775 1982 807 pu--.

1095 804 1178 836 blica
1198 804 1406 835 redemerunt.

1137 845 1198 877 Sed
1217 854 1251 876 ut
1271 844 1367 876 securi
1387 844 1496 884 simus,
1522 845 1564 875 τες
1585 845 1704 878 δημοσίας
1721 846 1831 878 licebit
1858 846 1910 879 hic
1923 845 1963 886 ex
1998 848 2001 853 ¹

1093 888 1287 928 proprietate
1311 885 1461 921 vocabuli
1482 886 1666 927 {impliciter
1690 896 1813 925 vertere
1838 885 1975 927 homines¹

1088 929 1217 968 publicos
1237 952 1246 967 ‚
1281 937 1416 969 cosque,
1441 937 1480 958 ne
1505 937 1661 969 erremus,
1687 929 1884 970 interpretari
1910 930 1962 969 vel

1092 969 1297 1010 publicanos,
1321 969 1374 1010 qui
1399 969 1433 1001 in
1450 968 1848 1010 Cycladibusihabitabant
1865 992 1877 1009 ‚
1910 973 1962 1009 vel

1093 1010 1199 1043 servos
1217 1010 1380 1051 publicos,
1405 1011 1457 1050 qui
1481 1020 1538 1050 pro
1555 1011 1686 1050 civitate
1705 1011 1961 1053 Cycladenfium.‚

1092 1052 1145 1084 vel
1161 1053 1320 1093 privatos,
1344 1051 1395 1092 qui
1419 1060 1477 1092 pro
1496 1052 1672 1092 publicanis
1688 1053 1851 1094 publicum
1872 1062 1960 1093 exerg-

1093 1093 1227 1131 cebant;
1251 1092 1415 1133 vestigalia
1439 1092 1520 1124 eniin
1544 1103 1600 1134 pei·
1624 1093 1732 1132 servos
1752 1093 1820 1126 fere
1837 1104 1961 1135 exerce-

1092 1134 1206 1166 bantur
1236 1134 1256 1166 l.
1281 1143 1309 1167 1.
1337 1140 1386 1173 pr.
1409 1133 1445 1168 &²
1473 1132 1500 1174 ὃ.
1517 1143 1548 1174 5.
1582 1134 1604 1167 l.
1622 1128 1766 1176 gjffssdae
1789 1135 1905 1168 Public.
1924 1136 1960 1174 δ’
1979 1157 1981 1162 .

1091 1175 1199 1222 veeiig.
1234 1175 1308 1209 illos
1333 1182 1438 1210 autem
1465 1176 1571 1210 servos
1587 1198 1599 1214 ‚
1629 1177 1771 1216 quamvis
1798 1177 1959 1219 privatos,

1091 1216 1332 1257 publicanorum
1357 1214 1497 1254 scilicet,
1521 1226 1585 1247 non
1605 1215 1733 1256 absurde
1758 1227 1860 1251 tamen
1879 1219 1959 1255 δημο-

1091 1258 1145 1292 σίεςς
1167 1256 1393 1299 appellaveris,
1417 1257 1489 1297 quia
1515 1259 1545 1285 ni
1564 1259 1677 1295 ὃημόσνω
1694 1268 1805 1296 curant
1824 1259 1854 1292 ὅ(
1867 1269 1957 1296 exef.

1092 1309 1174 1332 cent.
1221 1299 1339 1330 Praeter
1355 1307 1432 1336 eOS,
1457 1307 1536 1338 quos
1557 1297 1642 1338 dixi,
1667 1299 1832 1341 homines,
1858 1302 1958 1342 publi-

1090 1351 1145 1372 cos
1165 1340 1186 1373 ii
1201 1340 1271 1381 quis
1290 1339 1391 1370 adhuc
1409 1338 1509 1377 alios,
1532 1340 1584 1380 qui
1600 1341 1684 1371 circa
1705 1341 1738 1369 πὶ
1756 1342 1867 1376 δημόσια
1888 1353 1957 1382 ver--

1089 1382 1216 1420 santur,
1239 1381 1332 1422 ionga
1357 1379 1610 1425 serie'nufflemre
1624 1382 1704 1413 vel-it
1727 1382 1756 1414 ἃ
1775 1383 1846 1416 heic
1866 1384 1958 1423 intel-

1089 1425 1209 1466 ligere,
1232 1431 1334 1463 neque
1354 1420 1441 1452 verbi
1459 1423 1655 1463 proprietas,
1677 1433 1780 1465 neque
1802 1425 1955 1467 obscum,

1090 1466 1121 1498 in
1146 1474 1206 1506 qua
1233 1462 1391 1496 versamur
1413 1486 1424 1501 ,
1459 1463 1534 1494 faeti
1564 1463 1684 1505 species
1709 1466 1848 1500 obstabit
1870 1467 1957 1509 quie,-

1087 1516 1201 1547 <quam3
1225 1515 1325 1546 neque
1341 1505 1419 1539 adeo
1437 1504 1466 1536 ἃ
1484 1514 1544 1546 ego
1561 1506 1763 1543 intercedam.
1795 1507 1958 1549 Namnet·

1089 1548 1162 1582 satis
1186 1546 1331 1579 demirari
1356 1555 1423 1578 non
1445 1546 1589 1586 poll'um,
1621 1547 1815 1590 Interpretes
1837 1560 1956 1589 non-›a-

1087 1590 1195 1623 liunde
1208 1588 1307 1630 inagis
1320 1598 1396 1626 eos,
1417 1587 1470 1628 qui
1496 1588 1723 1621 Eudaemonem
1739 1591 1956 1632 diripuerunt,

1087 1631 1171 1663 velle
1190 1629 1391 1672 dignoscere,
1403 1638 1493 1668 quam
1511 1639 1550 1662 ex
1569 1630 1730 1672 proposita
1746 1632 1784 1664 ab
1793 1632 1956 1672 Maec-iano

1086 1672 1162 1705 fasti
1190 1671 1292 1713 specie
1310 1695 1320 1711 ,
1353 1680 1424 1712 quae
1457 1679 1561 1703 tamen
1597 1673 1690 1704 unice
1723 1673 1897 1713 absolvitur
1922 1676 1956 1710 in

1086 1714 1248 1747 mentione
1266 1714 1287 1742 ’ἓ
1308 1712 1476 1751 Quaem.
1519 1713 1574 1745 Sin
1598 1713 1660 1750 hoc
1683 1723 1747 1747 non
1763 1717 1890 1757 praestet
1905 1717 1955 1751 vis

1088 1756 1117 1788 ὅ(
1135 1754 1206 1787 usus
1224 1754 1374 1786 vocabuli
1394 1754 1532 1792 δημοσίω,
1557 1754 1635 1787 nihil
1654 1755 1847 1796 praestiterit.
1888 1759 1953 1795 Ag-

1086 1797 1138 1835 di,
1158 1806 1250 1838 quam
1271 1797 1379 1828 inanes
1401 1795 1596 1836 comeum-as
1623 1796 1750 1834 ducant,
1792 1799 1954 1836 Sententia

1087 1838 1265 1870 communis
1284 1837 1336 1869 vel
1361 1836 1431 1868 ideo
1451 1838 1568 1871 &mamm
1594 1837 1740 1870 transfert
1758 1839 1953 1882 Publicanos,

1086 1881 1159 1921 quia
1176 1888 1268 1912 vetus
1287 1879 1340 1911 lex
1357 1887 1441 1916 erat,
1457 1878 1617 1920 naufragia
1635 1879 1672 1911 ad
1682 1879 1871 1914 Publicanos
1885 1892 1951 1923 per-

1086 1922 1207 1960 tinere,
1245 1922 1276 1949 πὶ
1289 1923 1399 1957 laudm
1415 1920 1436 1948 ²3²
1456 1925 1561 1948 ‘nm-05»
1576 1921 1645 1953 drus.
1690 1920 1760 1953 Inio
1779 1931 1891 1955 contra
1904 1924 1951 1964 Ja-

1085 1963 1184 1995 cobus
1209 1961 1449 1994 Gothofredus:
1471 1961 1646 2002 hujusmodi
1673 1961 1771 2002 legem
1790 1973 1848 1995 nec
1867 1965 1949 2006 effe,

1078 2013 1142 2036 nec
1167 2003 1261 2036 fuiss'e
1288 2002 1434 2043 scriptam
1459 2002 1515 2034 nifi
1541 2003 1571 2034 in
1605 2001 1721 2035 scholis
1747 2003 1921 2041 Rhetorum
1940 2032 1949 2046 ,

1082 2045 1153 2077 fieta
1176 2045 1213 2076 ad
1239 2043 1474 2077 declamandum
1505 2042 1642 2075 themata
1669 2043 1749 2076 nihil
1775 2049 1951 2080 aivuinenti

1083 2085 1224 2117 sufficere
1240 2109 1251 2124 ,
1283 2085 1357 2126 quin
1384 2091 1505 2115 tantuin
1533 2084 1633 2116 abesse
1652 2106 1663 2122 ‚
1704 2094 1739 2117 ut
1765 2072 1850 2119 dicio
1876 2081 1950 2124 huic

1082 2126 1277 2159 Scholastico
1295 2127 1326 2158 in
1345 2126 1412 2166 juro
1429 2126 1536 2157 nosti-o
1552 2126 1588 2158 iit
1614 2126 1722 2166 locus,
1748 2135 1783 2158 ut
1803 2132 1949 2170 tempori-

1082 2169 1139 2200 bus
1157 2168 1410 2204 Antoninorum,
1436 2167 1549 2207 quibus
1574 2166 1612 2198 de
1628 2167 1766 2207 agimus,
1791 2169 1857 2209 ipse
1874 2181 1950 2212 quo-

1103 2219 1141 2241 ue
1166 2208 1257 2242 fiscus
1287 2218 1304 2240 a
1328 2208 1497 2248 naufragiis
1522 2208 1674 2240 abstinere
1687 2208 1783 2249 juiius
1801 2210 1856 2250 fit,
1881 2222 1949 2254 pro-

1081 2251 1154 2283 bare
1182 2251 1244 2282 hoc
1269 2250 1372 2282 varias
1390 2273 1400 2289 ,
1431 2260 1506 2290 quas
1528 2250 1660 2289 recitat,
1693 2250 1798 2292 leges,
1819 2255 1950 2293 probare

1081 2301 1209 2324 exteros
1235 2291 1406 2330 Auum-es,
1430 2301 1494 2323 non
1515 2291 1611 2333 igitur
1628 2291 1697 2327 heic
1718 2293 1826 2332 agivde
1844 2293 1948 2328 Publi-

1081 2334 1178 2367 canis.
1225 2333 1345 2374 Inepcae
1363 2333 1522 2373 utrimque
1543 2331 1794 2373 consequentiae!
1817 2344 1950 2376 namque

1081 2385 1116 2409 ut
1137 2376 1197 2407 alia
1219 2383 1390 2412 transeam,
1415 2373 1467 2405 seu
1494 2372 1593 2409 fuerit
1617 2374 1767 2414 ejusmodi
1785 2375 1838 2408 lex
1856 2400 1865 2416 ,
1897 2378 1950 2410 seu

1080 2428 1144 2450 non
1159 2416 1280 2455 fuerit,
1310 2416 1394 2456 quod
1420 2415 1467 2447 illi
1497 2416 1604 2455 ajunt,
1628 2415 1681 2450 iiic
1699 2415 1812 2448 rectius
1837 2427 1946 2460 negat,

1080 2459 1158 2492 nihil
1178 2466 1280 2489 tamen
1325 2458 1466 2498 uicquain
1488 2466 1527 2488 ex
1547 2466 1586 2487 eo
1603 2455 1805 2497 proficimus3
1829 2461 1947 2492 etenim

1080 2510 1152 2533 cum
1172 2509 1212 2530 ex
1232 2500 1258 2530 b.
1279 2499 1298 2530 l.
1334 2498 1376 2530 X.
1404 2498 1473 2529 sciri
1498 2504 1630 2537 nequeat
1643 2519 1654 2535 ,
1677 2496 1723 2529 illi
1741 2498 1860 2529 olnuo‘m,
1878 2501 1948 2541 jure

1078 2552 1116 2575 an
1144 2541 1257 2581 injuria
1281 2539 1507 2572 Eudaemonem
1529 2537 1734 2578 diripuerint,
1765 2540 1837 2580 quid
1856 2542 1946 2581 juvat

1077 2584 1117 2615 de
1133 2592 1241 2614 eorum
1268 2582 1336 2622 jiire
1358 2588 1421 2611 tam
1446 2580 1543 2611 ultum
1562 2587 1726 2625 perorare,
1750 2580 1780 2612 δι
1802 2581 1875 2614 hinc
1894 2585 1946 2617 vel

1077 2625 1182 2657 dicere
1207 2623 1258 2655 vel
1287 2630 1417 2662 negare,
1441 2621 1560 2651 amorim
1586 2627 1668 2651 vcrti
1690 2630 1836 2662 oportere
1874 2626 1944 2662 ubli-

1077 2676 1172 2697 canos.
1217 2664 1246 2696 Si
1265 2663 1334 2703 J'ure
1353 2662 1515 2700 venerint,
1540 2661 1652 2701 injuste
1676 2664 1817 2703 queritur
1833 2630 1944 2698 [sudat-

1077 2717 1178 2744 mon;
1205 2705 1228 2737 fi
1247 2704 1383 2744 injuria,
1413 2712 1523 2734 contra
1546 2704 1594 2743 jus
1621 2702 1730 2745 fasque
1756 2704 1944 2740 Publicanos

1076 2749 1176 2780 multa
1193 2746 1323 2779 inolitos
1335 2743 1428 2776 fuiffe
1442 2745 1583 2776 omnium
1602 2752 1779 2785 temporum
1801 2748 1944 2781 constans

1077 2790 1203 2829 querela
1230 2785 1292 2824 cst,
1315 2791 1430 2827 quantae
1453 2787 1581 2817 ambiciae
1596 2811 1605 2825 ,
1633 2793 1747 2828 ιμιαηῐιε
1768 2791 1942 2822 temeritatis

1070 2831 1132 2870 filit
1152 2829 1375 2862 Piihlz‘ccznoiiim
1394 2826 1560 2867 fabii‘ifici',
1583 2838 1662 2859 izemo
1682 2827 1721 2868 est
1758 2831 1789 2860 ui
1812 2832 1939 2871 nesciat,

1074 2872 1219 2913 inquiunt
1243 2869 1338 2900 etiam
1362 2868 1457 2900 nostri
1487 2870 1516 2900 in
1541 2870 1560 2900 l.
1585 2878 1630 2901 12.
1652 2875 1699 2910 pr.
1748 2894 1755 2901 .
1775 2872 1808 2902 de
1823 2871 1938 2905 Public.

1074 2914 1110 2950 &²
1127 2912 1246 2954 Vefflg.
1293 2909 1400 2952 Quare
1427 2910 1477 2942 fac
1501 2911 1728 2942 Eudaemonem
1755 2921 1882 2952 revera,
1906 2922 1940 2946 ut

1073 2954 1223 2996 proponit
1239 2975 1248 2990 ,
1279 2951 1436 2992 direptum
1464 2951 1525 2983 ell'c
1541 2953 1609 2992 jure
1626 2952 1712 2990 uilo,
1738 2951 1809 2985 satis
1832 2955 1940 2996 utique

1071 2995 1233 3029 Publicani
1251 2994 1365 3034 rapinis
1383 2992 1450 3025 sunt
1467 2994 1593 3032 idonei3
1617 2993 1726 3025 Suidas
1743 3003 1851 3027 eorum
1872 3005 1938 3028 mo-

1070 3047 1118 3069 res
1139 3034 1350 3075 descripturus
1380 3034 1428 3065 vel
1453 3034 1586 3067 maxime
1611 3037 1731 3073 ἁρπαγη-
1747 3035 1810 3068 illis
1827 3037 1937 3069 tribuit

1070 3079 1100 3110 in
1121 3078 1220 3110 verbo
1235 3078 1355 3107 ἰἐκώκης.
1402 3075 1519 3107 Verum
1536 3075 1578 3115 ii,
1601 3074 1821 3116 Gotliofrcde,
1841 3079 1935 3118 publi-

1070 3129 1155 3151 Cl:7205
1176 3119 1249 3150 hinc
1272 3127 1397 3156 arceas,
1420 3118 1504 3157 quod
1527 3117 1571 3148 cis
1596 3126 1659 3148 non
1674 3117 1800 3149 licuerit
1815 3117 1935 3152 naufra-

1069 3161 1128 3203 giis
1155 3160 1296 3198 inhiare,
1321 3158 1460 3199 nunquid
1486 3159 1582 3199 igitur
1607 3158 1704 3198 inagis
1730 3159 1821 3191 licuit
1850 3161 1934 3199 tuis,

1069 3213 1149 3244 quos
1176 3203 1227 3234 liic
1248 3200 1418 3243 intelligis,
1434 3199 1532 3241 servis
1547 3199 1699 3239 publicis?
1730 3209 1798 3240 quae
1822 3201 1872 3232 lcx
1893 3201 1932 3231 iis

1863 3250 1929 3281 pei·-

1130 186 1241 218 ublicae
1264 186 1301 217 ab
1326 185 1395 222 his,
1419 186 1471 226 qui
1495 182 1644 224 cogendis
1671 183 1799 215 tributis
1817 183 1964 225 praesunte
1996 178 2006 218 ’.ῑ

1106 227 1258 259 habentur
1273 227 1341 264 illi,
1367 235 1401 258 ut
1423 226 1589 263 novimus,
1607 224 1849 265 publicanorum
1866 224 2003 261 instar-‘i

1556 348 1627 387 Nec
1641 341 1765 384 Graecis
1778 350 1892 382 iteruin
1909 351 1963 385 hac
2002 384 2006 394 .

1984 3422 1987 3436 l
