<?xml version="1.0" encoding="UTF-8"?>
<!DOCTYPE html PUBLIC "-//W3C//DTD XHTML 1.0 Transitional//EN"
    "http://www.w3.org/TR/xhtml1/DTD/xhtml1-transitional.dtd">
<html xmlns="http://www.w3.org/1999/xhtml" xml:lang="en" lang="en">
 <head>
  <title>
</title>
<meta http-equiv="Content-Type" content="text/html;charset=utf-8" />
  <meta name='ocr-system' content='tesseract 3.04.00' />
  <meta name='ocr-capabilities' content='ocr_page ocr_carea ocr_par ocr_line ocrx_word'/>
</head>
<body>
  <div class='ocr_page' id='page_1' title='image "./corneliivanbynke00bijn_0592.png"; bbox 0 0 2008 3436; ppageno 0'>
   <div class='ocr_carea' id='block_1_1' title="bbox 174 106 837 156">
    <p class='ocr_par' dir='ltr' id='par_1_1' title="bbox 174 106 837 156">
     <span class='ocr_line' id='line_1_1' title="bbox 174 106 837 156; baseline -0.011 -7"><span class='ocrx_word' id='word_1_1' title='bbox 174 123 244 156; x_wconf 80' lang='lat'>114</span> <span class='ocrx_word' id='word_1_2' title='bbox 440 106 837 147; x_wconf 79' lang='lat' dir='ltr'>CORNELII</span> 
     </span>
    </p>
   </div>
   <div class='ocr_carea' id='block_1_2' title="bbox 168 186 1043 1343">
    <p class='ocr_par' dir='ltr' id='par_1_2' title="bbox 168 186 1043 1343">
     <span class='ocr_line' id='line_1_2' title="bbox 168 186 1031 231; baseline -0.007 -8"><span class='ocrx_word' id='word_1_3' title='bbox 168 191 290 230; x_wconf 79' lang='lat' dir='ltr'>Naxii,</span> <span class='ocrx_word' id='word_1_4' title='bbox 313 190 419 229; x_wconf 89' lang='lat' dir='ltr'>Delii,</span> <span class='ocrx_word' id='word_1_5' title='bbox 441 190 523 222; x_wconf 86' lang='lat' dir='ltr'>Parii</span> <span class='ocrx_word' id='word_1_6' title='bbox 546 191 575 222; x_wconf 70' lang='grc' dir='ltr'>δε</span> <span class='ocrx_word' id='word_1_7' title='bbox 601 189 724 231; x_wconf 69' lang='lat' dir='ltr'>reliqui,</span> <span class='ocrx_word' id='word_1_8' title='bbox 769 189 821 220; x_wconf 66' lang='lat' dir='ltr'>Sin</span> <span class='ocrx_word' id='word_1_9' title='bbox 844 195 948 219; x_wconf 70' lang='lat' dir='ltr'>antem</span> <span class='ocrx_word' id='word_1_10' title='bbox 967 186 1031 218; x_wconf 62' lang='lat' dir='ltr'>cxi&lt;</span> 
     </span>
     <span class='ocr_line' id='line_1_3' title="bbox 169 229 1032 271; baseline -0.008 -6"><span class='ocrx_word' id='word_1_11' title='bbox 169 232 362 271; x_wconf 78' lang='lat' dir='ltr'>stimaveris,</span> <span class='ocrx_word' id='word_1_12' title='bbox 385 231 482 264; x_wconf 74' lang='lat' dir='ltr'>&amp;est</span> <span class='ocrx_word' id='word_1_13' title='bbox 503 232 668 268; x_wconf 86' lang='lat' dir='ltr'>nonnihil,</span> <span class='ocrx_word' id='word_1_14' title='bbox 703 237 758 262; x_wconf 86' lang='lat' dir='ltr'>cur</span> <span class='ocrx_word' id='word_1_15' title='bbox 779 229 958 267; x_wconf 76' lang='lat' dir='ltr'>existimes,</span> <span class='ocrx_word' id='word_1_16' title='bbox 983 238 1032 268; x_wconf 79' lang='lat' dir='ltr'>ap-</span> 
     </span>
     <span class='ocr_line' id='line_1_4' title="bbox 168 272 1032 316; baseline -0.008 -10"><span class='ocrx_word' id='word_1_17' title='bbox 168 275 373 316; x_wconf 80' lang='lat' dir='ltr'>pellationem</span> <span class='ocrx_word' id='word_1_18' title='bbox 404 274 582 315; x_wconf 72' lang='lat' dir='ltr'><em>Cycladum,</em></span> <span class='ocrx_word' id='word_1_19' title='bbox 605 282 675 304; x_wconf 77' lang='lat' dir='ltr'>aevo</span> <span class='ocrx_word' id='word_1_20' title='bbox 692 272 946 307; x_wconf 77' lang='lat' dir='ltr'>Antoninorum,</span> <span class='ocrx_word' id='word_1_21' title='bbox 968 278 1032 300; x_wconf 88' lang='lat' dir='ltr'>non</span> 
     </span>
     <span class='ocr_line' id='line_1_5' title="bbox 169 310 1034 351; baseline -0.009 -3"><span class='ocrx_word' id='word_1_22' title='bbox 169 314 451 348; x_wconf 73' lang='lat' dir='ltr'>fuiffeextensam</span> <span class='ocrx_word' id='word_1_23' title='bbox 477 315 514 346; x_wconf 79' lang='lat' dir='ltr'>ad</span> <span class='ocrx_word' id='word_1_24' title='bbox 532 314 682 351; x_wconf 75' lang='lat' dir='ltr'>Rhodum,</span> <span class='ocrx_word' id='word_1_25' title='bbox 706 313 783 343; x_wconf 70' lang='lat' dir='ltr'>nuni</span> <span class='ocrx_word' id='word_1_26' title='bbox 806 321 908 343; x_wconf 72' lang='lat' dir='ltr'>tamen</span> <span class='ocrx_word' id='word_1_27' title='bbox 929 310 1034 350; x_wconf 85' lang='lat' dir='ltr'>prohi-</span> 
     </span>
     <span class='ocr_line' id='line_1_6' title="bbox 170 352 1034 397; baseline -0.008 -9"><span class='ocrx_word' id='word_1_28' title='bbox 170 358 248 396; x_wconf 85' lang='lat' dir='ltr'>bet,</span> <span class='ocrx_word' id='word_1_29' title='bbox 271 356 440 397; x_wconf 85' lang='lat' dir='ltr'>quominus</span> <span class='ocrx_word' id='word_1_30' title='bbox 457 356 618 387; x_wconf 78' lang='lat' dir='ltr'>credamus</span> <span class='ocrx_word' id='word_1_31' title='bbox 637 353 846 395; x_wconf 68' lang='lat' dir='ltr'>Cyclzidenles</span> <span class='ocrx_word' id='word_1_32' title='bbox 870 352 1034 384; x_wconf 79' lang='lat' dir='ltr'>Eudaemo—</span> 
     </span>
     <span class='ocr_line' id='line_1_7' title="bbox 171 393 1035 438; baseline -0.008 -9"><span class='ocrx_word' id='word_1_33' title='bbox 171 398 203 435; x_wconf 79' lang='lat' dir='ltr'>ni</span> <span class='ocrx_word' id='word_1_34' title='bbox 229 398 367 438; x_wconf 86' lang='lat' dir='ltr'>rapinam</span> <span class='ocrx_word' id='word_1_35' title='bbox 397 397 504 428; x_wconf 75' lang='lat' dir='ltr'>feciss&#39;e</span> <span class='ocrx_word' id='word_1_36' title='bbox 530 397 561 427; x_wconf 91' lang='lat' dir='ltr'>in</span> <span class='ocrx_word' id='word_1_37' title='bbox 591 395 706 427; x_wconf 79' lang='lat' dir='ltr'>Rhodo</span> <span class='ocrx_word' id='word_1_38' title='bbox 730 395 781 425; x_wconf 75' lang='lat' dir='ltr'>vel</span> <span class='ocrx_word' id='word_1_39' title='bbox 805 394 845 425; x_wconf 82' lang='lat' dir='ltr'>ad</span> <span class='ocrx_word' id='word_1_40' title='bbox 867 393 1035 436; x_wconf 80' lang='lat' dir='ltr'>Rhodum,</span> 
     </span>
     <span class='ocr_line' id='line_1_8' title="bbox 170 433 1034 480; baseline -0.009 -9"><span class='ocrx_word' id='word_1_41' title='bbox 170 439 317 480; x_wconf 77' lang='lat' dir='ltr'>siquidem</span> <span class='ocrx_word' id='word_1_42' title='bbox 339 438 377 469; x_wconf 90' lang='lat' dir='ltr'>de</span> <span class='ocrx_word' id='word_1_43' title='bbox 396 439 470 470; x_wconf 90' lang='lat' dir='ltr'>loco</span> <span class='ocrx_word' id='word_1_44' title='bbox 488 437 673 478; x_wconf 80' lang='lat' dir='ltr'>direptionis</span> <span class='ocrx_word' id='word_1_45' title='bbox 691 436 770 466; x_wconf 81' lang='lat' dir='ltr'>nihil</span> <span class='ocrx_word' id='word_1_46' title='bbox 794 433 915 466; x_wconf 81' lang='lat' dir='ltr'>constet</span> <span class='ocrx_word' id='word_1_47' title='bbox 934 442 1034 463; x_wconf 85' lang='lat' dir='ltr'>omni-</span> 
     </span>
     <span class='ocr_line' id='line_1_9' title="bbox 171 473 1033 519; baseline -0.009 -7"><span class='ocrx_word' id='word_1_48' title='bbox 171 490 235 519; x_wconf 88' lang='lat' dir='ltr'>no,</span> <span class='ocrx_word' id='word_1_49' title='bbox 260 487 296 511; x_wconf 89' lang='lat' dir='ltr'>ut</span> <span class='ocrx_word' id='word_1_50' title='bbox 314 478 383 510; x_wconf 82' lang='lat' dir='ltr'>satis</span> <span class='ocrx_word' id='word_1_51' title='bbox 401 479 461 510; x_wconf 81' lang='lat' dir='ltr'>hoe</span> <span class='ocrx_word' id='word_1_52' title='bbox 481 478 625 510; x_wconf 77' lang='lat' dir='ltr'>videmur</span> <span class='ocrx_word' id='word_1_53' title='bbox 640 476 781 517; x_wconf 73' lang='lat' dir='ltr'>probail&#39;e</span> <span class='ocrx_word' id='word_1_54' title='bbox 806 478 874 515; x_wconf 71' lang='lat' dir='ltr'>Cup.</span> <span class='ocrx_word' id='word_1_55' title='bbox 896 474 950 505; x_wconf 80' lang='grc' dir='ltr'><strong>ΙΙΙ.</strong></span> <span class='ocrx_word' id='word_1_56' title='bbox 975 473 1033 505; x_wconf 78' lang='lat' dir='ltr'>At-</span> 
     </span>
     <span class='ocr_line' id='line_1_10' title="bbox 173 517 1033 563; baseline -0.009 -10"><span class='ocrx_word' id='word_1_57' title='bbox 173 531 235 563; x_wconf 88' lang='lat' dir='ltr'>que</span> <span class='ocrx_word' id='word_1_58' title='bbox 262 521 330 558; x_wconf 85' lang='lat' dir='ltr'>ita,</span> <span class='ocrx_word' id='word_1_59' title='bbox 361 520 503 561; x_wconf 60' lang='lat' dir='ltr'>quamvis</span> <span class='ocrx_word' id='word_1_60' title='bbox 529 519 703 550; x_wconf 83' lang='lat' dir='ltr'>Eudaemon</span> <span class='ocrx_word' id='word_1_61' title='bbox 728 517 827 548; x_wconf 86' lang='lat' dir='ltr'>fuerit</span> <span class='ocrx_word' id='word_1_62' title='bbox 855 517 1033 552; x_wconf 64' lang='grc' dir='ltr'>Νικομηδεὶις,</span> 
     </span>
     <span class='ocr_line' id='line_1_11' title="bbox 174 555 1035 599; baseline -0.009 -5"><span class='ocrx_word' id='word_1_63' title='bbox 174 561 266 595; x_wconf 86' lang='lat' dir='ltr'>causa</span> <span class='ocrx_word' id='word_1_64' title='bbox 289 561 493 593; x_wconf 79' lang='lat' dir='ltr'>nihilominus</span> <span class='ocrx_word' id='word_1_65' title='bbox 510 582 521 598; x_wconf 92' lang='lat'>,</span> <span class='ocrx_word' id='word_1_66' title='bbox 549 569 610 599; x_wconf 85' lang='lat' dir='ltr'>qua</span> <span class='ocrx_word' id='word_1_67' title='bbox 631 559 670 589; x_wconf 87' lang='lat' dir='ltr'>de</span> <span class='ocrx_word' id='word_1_68' title='bbox 690 559 791 597; x_wconf 54' lang='lat' dir='ltr'>agitur</span> <span class='ocrx_word' id='word_1_69' title='bbox 815 558 844 588; x_wconf 89' lang='lat' dir='ltr'>in</span> <span class='ocrx_word' id='word_1_70' title='bbox 872 558 900 588; x_wconf 75' lang='lat' dir='ltr'>h.</span> <span class='ocrx_word' id='word_1_71' title='bbox 929 556 949 587; x_wconf 86' lang='lat' dir='ltr'>l.</span> <span class='ocrx_word' id='word_1_72' title='bbox 976 555 1035 587; x_wconf 67' lang='lat' dir='ltr'>ix.</span> 
     </span>
     <span class='ocr_line' id='line_1_12' title="bbox 173 596 1035 642; baseline -0.009 -7"><span class='ocrx_word' id='word_1_73' title='bbox 173 603 235 635; x_wconf 88' lang='lat' dir='ltr'>erit</span> <span class='ocrx_word' id='word_1_74' title='bbox 259 603 403 642; x_wconf 82' lang='lat' dir='ltr'>Rhodia,</span> <span class='ocrx_word' id='word_1_75' title='bbox 426 604 461 633; x_wconf 69' lang='lat' dir='ltr'>ot..</span> <span class='ocrx_word' id='word_1_76' title='bbox 482 599 676 641; x_wconf 75' lang='lat' dir='ltr'>dijudicanda</span> <span class='ocrx_word' id='word_1_77' title='bbox 698 600 784 630; x_wconf 83' lang='lat' dir='ltr'>illius</span> <span class='ocrx_word' id='word_1_78' title='bbox 805 598 954 630; x_wconf 77' lang='lat' dir='ltr'>Civitatis</span> <span class='ocrx_word' id='word_1_79' title='bbox 978 596 1035 628; x_wconf 85' lang='lat' dir='ltr'>Le-</span> 
     </span>
     <span class='ocr_line' id='line_1_13' title="bbox 197 645 985 676; baseline -0.009 0"><span class='ocrx_word' id='word_1_80' title='bbox 197 645 276 676; x_wconf 84' lang='lat' dir='ltr'>ibus.</span> <span class='ocrx_word' id='word_1_81' title='bbox 983 661 985 663; x_wconf 67' lang='lat'>.</span> 
     </span>
     <span class='ocr_line' id='line_1_14' title="bbox 174 654 1035 722; baseline -0.008 -5"><span class='ocrx_word' id='word_1_82' title='bbox 174 654 195 686; x_wconf 74' lang='lat' dir='ltr'>g</span> <span class='ocrx_word' id='word_1_83' title='bbox 214 684 392 718; x_wconf 88' lang='lat' dir='ltr'>Secundum</span> <span class='ocrx_word' id='word_1_84' title='bbox 407 685 475 715; x_wconf 85' lang='lat' dir='ltr'>haec</span> <span class='ocrx_word' id='word_1_85' title='bbox 495 681 648 715; x_wconf 82' lang='lat' dir='ltr'>Antonini</span> <span class='ocrx_word' id='word_1_86' title='bbox 668 679 846 722; x_wconf 88' lang='lat' dir='ltr'>responsum</span> <span class='ocrx_word' id='word_1_87' title='bbox 863 680 1035 721; x_wconf 81' lang='lat' dir='ltr'>accipimus</span> 
     </span>
     <span class='ocr_line' id='line_1_15' title="bbox 175 721 1034 763; baseline -0.008 -5"><span class='ocrx_word' id='word_1_88' title='bbox 175 737 240 760; x_wconf 89' lang='lat' dir='ltr'>non</span> <span class='ocrx_word' id='word_1_89' title='bbox 257 727 376 763; x_wconf 64' lang='grc' dir='ltr'>καῖύλε,</span> <span class='ocrx_word' id='word_1_90' title='bbox 397 724 468 763; x_wconf 90' lang='lat' dir='ltr'>sed,</span> <span class='ocrx_word' id='word_1_91' title='bbox 493 732 529 754; x_wconf 89' lang='lat' dir='ltr'>ut</span> <span class='ocrx_word' id='word_1_92' title='bbox 546 722 652 754; x_wconf 82' lang='lat' dir='ltr'>Graeci</span> <span class='ocrx_word' id='word_1_93' title='bbox 671 722 775 762; x_wconf 85' lang='lat' dir='ltr'>ajunt,</span> <span class='ocrx_word' id='word_1_94' title='bbox 795 724 859 752; x_wconf 55' lang='lat' dir='ltr'>2sz</span> <span class='ocrx_word' id='word_1_95' title='bbox 880 723 919 760; x_wconf 71' lang='grc' dir='ltr'>τί,</span> <span class='ocrx_word' id='word_1_96' title='bbox 944 723 974 752; x_wconf 70' lang='grc' dir='ltr'>ὅ(</span> <span class='ocrx_word' id='word_1_97' title='bbox 991 721 1034 751; x_wconf 85' lang='lat' dir='ltr'>ita</span> 
     </span>
     <span class='ocr_line' id='line_1_16' title="bbox 175 761 1034 807; baseline -0.008 -8"><span class='ocrx_word' id='word_1_98' title='bbox 175 768 342 799; x_wconf 89' lang='lat' dir='ltr'>valuerunt</span> <span class='ocrx_word' id='word_1_99' title='bbox 362 766 464 807; x_wconf 81' lang='lat' dir='ltr'><strong>Leges</strong></span> <span class='ocrx_word' id='word_1_100' title='bbox 491 764 646 803; x_wconf 84' lang='lat' dir='ltr'>Rhodiae,</span> <span class='ocrx_word' id='word_1_101' title='bbox 671 763 722 794; x_wconf 88' lang='lat' dir='ltr'>sed</span> <span class='ocrx_word' id='word_1_102' title='bbox 748 763 778 794; x_wconf 89' lang='lat' dir='ltr'>in</span> <span class='ocrx_word' id='word_1_103' title='bbox 802 763 934 800; x_wconf 77' lang='lat' dir='ltr'>Rhod03</span> <span class='ocrx_word' id='word_1_104' title='bbox 961 761 1034 794; x_wconf 84' lang='lat' dir='ltr'>alibi</span> 
     </span>
     <span class='ocr_line' id='line_1_17' title="bbox 174 803 1035 845; baseline -0.008 -5"><span class='ocrx_word' id='word_1_105' title='bbox 174 809 243 840; x_wconf 89' lang='lat' dir='ltr'>vim</span> <span class='ocrx_word' id='word_1_106' title='bbox 261 807 380 839; x_wconf 82' lang='lat' dir='ltr'>nullam</span> <span class='ocrx_word' id='word_1_107' title='bbox 399 806 596 842; x_wconf 85' lang='lat' dir='ltr'>habuerunt,</span> <span class='ocrx_word' id='word_1_108' title='bbox 619 804 674 836; x_wconf 82' lang='lat' dir='ltr'>nisi</span> <span class='ocrx_word' id='word_1_109' title='bbox 692 803 779 835; x_wconf 83' lang='lat' dir='ltr'>forte</span> <span class='ocrx_word' id='word_1_110' title='bbox 795 812 890 845; x_wconf 88' lang='lat' dir='ltr'>caput</span> <span class='ocrx_word' id='word_1_111' title='bbox 908 803 1035 843; x_wconf 84' lang='lat' dir='ltr'>aliquod</span> 
     </span>
     <span class='ocr_line' id='line_1_18' title="bbox 175 844 1033 891; baseline -0.008 -10"><span class='ocrx_word' id='word_1_112' title='bbox 175 849 309 891; x_wconf 84' lang='lat' dir='ltr'>speciale</span> <span class='ocrx_word' id='word_1_113' title='bbox 330 856 384 879; x_wconf 90' lang='lat' dir='ltr'>aut</span> <span class='ocrx_word' id='word_1_114' title='bbox 408 848 478 889; x_wconf 80' lang='lat' dir='ltr'>lege</span> <span class='ocrx_word' id='word_1_115' title='bbox 502 854 557 878; x_wconf 88' lang='lat' dir='ltr'>aut</span> <span class='ocrx_word' id='word_1_116' title='bbox 581 845 807 877; x_wconf 87' lang='lat' dir='ltr'>consuetudine</span> <span class='ocrx_word' id='word_1_117' title='bbox 834 844 910 875; x_wconf 77' lang='lat' dir='ltr'>ess&#39;et</span> <span class='ocrx_word' id='word_1_118' title='bbox 927 853 1033 883; x_wconf 83' lang='lat' dir='ltr'>recep-</span> 
     </span>
     <span class='ocr_line' id='line_1_19' title="bbox 174 885 1038 930; baseline -0.008 -8"><span class='ocrx_word' id='word_1_119' title='bbox 174 898 243 922; x_wconf 84' lang='lat' dir='ltr'>tum</span> <span class='ocrx_word' id='word_1_120' title='bbox 254 914 263 929; x_wconf 95' lang='lat'>,</span> <span class='ocrx_word' id='word_1_121' title='bbox 287 889 388 921; x_wconf 91' lang='lat' dir='ltr'>veluti</span> <span class='ocrx_word' id='word_1_122' title='bbox 405 888 490 930; x_wconf 58' lang='lat' dir='ltr'>apud&lt;</span> <span class='ocrx_word' id='word_1_123' title='bbox 504 888 663 920; x_wconf 85' lang='lat' dir='ltr'>Romanos</span> <span class='ocrx_word' id='word_1_124' title='bbox 681 886 779 925; x_wconf 88' lang='lat' dir='ltr'>illud,</span> <span class='ocrx_word' id='word_1_125' title='bbox 803 886 888 926; x_wconf 86' lang='lat' dir='ltr'>quod</span> <span class='ocrx_word' id='word_1_126' title='bbox 903 886 941 916; x_wconf 89' lang='lat' dir='ltr'>de</span> <span class='ocrx_word' id='word_1_127' title='bbox 955 885 1038 925; x_wconf 76' lang='lat' dir='ltr'>jactu</span> 
     </span>
     <span class='ocr_line' id='line_1_20' title="bbox 174 925 1036 971; baseline -0.007 -8"><span class='ocrx_word' id='word_1_128' title='bbox 174 939 264 969; x_wconf 89' lang='lat' dir='ltr'>erat,</span> <span class='ocrx_word' id='word_1_129' title='bbox 290 931 320 962; x_wconf 87' lang='lat'>&amp;</span> <span class='ocrx_word' id='word_1_130' title='bbox 337 938 488 971; x_wconf 86' lang='lat' dir='ltr'>praeterea</span> <span class='ocrx_word' id='word_1_131' title='bbox 501 953 510 967; x_wconf 92' lang='lat'>,</span> <span class='ocrx_word' id='word_1_132' title='bbox 534 936 569 960; x_wconf 91' lang='lat' dir='ltr'>ut</span> <span class='ocrx_word' id='word_1_133' title='bbox 587 928 732 966; x_wconf 87' lang='lat' dir='ltr'>videtur,</span> <span class='ocrx_word' id='word_1_134' title='bbox 757 927 846 958; x_wconf 90' lang='lat' dir='ltr'>nihil.</span> <span class='ocrx_word' id='word_1_135' title='bbox 891 927 943 959; x_wconf 83' lang='lat' dir='ltr'>Sic</span> <span class='ocrx_word' id='word_1_136' title='bbox 963 925 1036 957; x_wconf 91' lang='lat' dir='ltr'>Am-</span> 
     </span>
     <span class='ocr_line' id='line_1_21' title="bbox 176 967 1037 1009; baseline -0.007 -5"><span class='ocrx_word' id='word_1_137' title='bbox 176 971 431 1005; x_wconf 83' lang='lat' dir='ltr'>sterdammenses</span> <span class='ocrx_word' id='word_1_138' title='bbox 454 981 472 1002; x_wconf 86' lang='lat' dir='ltr'>a</span> <span class='ocrx_word' id='word_1_139' title='bbox 493 969 587 1002; x_wconf 84' lang='lat' dir='ltr'>Duce</span> <span class='ocrx_word' id='word_1_140' title='bbox 601 969 724 1001; x_wconf 88' lang='lat' dir='ltr'>Albano</span> <span class='ocrx_word' id='word_1_141' title='bbox 740 968 840 1009; x_wconf 83' lang='lat' dir='ltr'><strong>Leges</strong></span> <span class='ocrx_word' id='word_1_142' title='bbox 857 967 924 1000; x_wconf 86' lang='lat' dir='ltr'>suas</span> <span class='ocrx_word' id='word_1_143' title='bbox 943 976 1037 999; x_wconf 87' lang='lat' dir='ltr'>trans-</span> 
     </span>
     <span class='ocr_line' id='line_1_22' title="bbox 176 1007 1036 1053; baseline -0.007 -8"><span class='ocrx_word' id='word_1_144' title='bbox 176 1015 306 1046; x_wconf 85' lang='lat' dir='ltr'>mittere</span> <span class='ocrx_word' id='word_1_145' title='bbox 324 1013 411 1053; x_wconf 87' lang='lat' dir='ltr'>juffi,</span> <span class='ocrx_word' id='word_1_146' title='bbox 433 1013 471 1044; x_wconf 90' lang='lat' dir='ltr'>de</span> <span class='ocrx_word' id='word_1_147' title='bbox 491 1011 627 1052; x_wconf 82' lang='lat' dir='ltr'><strong>Legibus</strong></span> <span class='ocrx_word' id='word_1_148' title='bbox 643 1010 778 1042; x_wconf 78' lang='lat' dir='ltr'>nauticis</span> <span class='ocrx_word' id='word_1_149' title='bbox 800 1007 1036 1050; x_wconf 79' lang='lat' dir='ltr'>Wisbuycenii-</span> 
     </span>
     <span class='ocr_line' id='line_1_23' title="bbox 176 1050 1037 1095; baseline -0.008 -8"><span class='ocrx_word' id='word_1_150' title='bbox 176 1056 235 1087; x_wconf 85' lang='lat' dir='ltr'>bus</span> <span class='ocrx_word' id='word_1_151' title='bbox 259 1054 353 1095; x_wconf 85' lang='lat' dir='ltr'>(quae</span> <span class='ocrx_word' id='word_1_152' title='bbox 380 1063 421 1085; x_wconf 86' lang='lat' dir='ltr'>ex</span> <span class='ocrx_word' id='word_1_153' title='bbox 446 1053 562 1085; x_wconf 92' lang='lat' dir='ltr'>Rhodo</span> <span class='ocrx_word' id='word_1_154' title='bbox 588 1050 723 1083; x_wconf 87' lang='lat' dir='ltr'>Gottica</span> <span class='ocrx_word' id='word_1_155' title='bbox 747 1050 887 1082; x_wconf 81' lang='lat' dir='ltr'>oriundae</span> <span class='ocrx_word' id='word_1_156' title='bbox 907 1050 1037 1081; x_wconf 88' lang='lat' dir='ltr'>multam</span> 
     </span>
     <span class='ocr_line' id='line_1_24' title="bbox 176 1090 1038 1135; baseline -0.008 -7"><span class='ocrx_word' id='word_1_157' title='bbox 176 1095 222 1129; x_wconf 86' lang='lat' dir='ltr'>sui</span> <span class='ocrx_word' id='word_1_158' title='bbox 236 1095 456 1127; x_wconf 69' lang='lat' dir='ltr'>auctoritatem</span> <span class='ocrx_word' id='word_1_159' title='bbox 472 1093 711 1135; x_wconf 87' lang='lat' dir='ltr'>propagarunt)</span> <span class='ocrx_word' id='word_1_160' title='bbox 724 1101 805 1123; x_wconf 88' lang='lat' dir='ltr'>anno</span> <span class='ocrx_word' id='word_1_161' title='bbox 827 1100 916 1132; x_wconf 85' lang='lat'>1570.</span> <span class='ocrx_word' id='word_1_162' title='bbox 932 1101 962 1128; x_wconf 92' lang='lat'>9.</span> <span class='ocrx_word' id='word_1_163' title='bbox 980 1090 1038 1133; x_wconf 77' lang='lat' dir='ltr'>Ja-</span> 
     </span>
     <span class='ocr_line' id='line_1_25' title="bbox 175 1131 1039 1177; baseline -0.008 -8"><span class='ocrx_word' id='word_1_164' title='bbox 175 1147 264 1169; x_wconf 73' lang='lat' dir='ltr'>naar.</span> <span class='ocrx_word' id='word_1_165' title='bbox 288 1137 321 1168; x_wconf 88' lang='lat' dir='ltr'>in</span> <span class='ocrx_word' id='word_1_166' title='bbox 342 1135 369 1177; x_wconf 83' lang='lat'>§.</span> <span class='ocrx_word' id='word_1_167' title='bbox 390 1146 440 1171; x_wconf 85' lang='lat'>20·</span> <span class='ocrx_word' id='word_1_168' title='bbox 468 1136 599 1175; x_wconf 73' lang='lat' dir='ltr'>Consuet.</span> <span class='ocrx_word' id='word_1_169' title='bbox 623 1134 712 1166; x_wconf 78' lang='lat' dir='ltr'>Civil.</span> <span class='ocrx_word' id='word_1_170' title='bbox 739 1132 886 1173; x_wconf 74' lang='lat' dir='ltr'>Amstera.</span> <span class='ocrx_word' id='word_1_171' title='bbox 912 1131 1039 1172; x_wconf 87' lang='lat' dir='ltr'>rescrip-</span> 
     </span>
     <span class='ocr_line' id='line_1_26' title="bbox 176 1173 1042 1217; baseline -0.009 -6"><span class='ocrx_word' id='word_1_172' title='bbox 176 1177 303 1217; x_wconf 87' lang='lat' dir='ltr'><strong>serunt,</strong></span> <span class='ocrx_word' id='word_1_173' title='bbox 326 1186 377 1209; x_wconf 85' lang='lat' dir='ltr'>eas</span> <span class='ocrx_word' id='word_1_174' title='bbox 401 1178 433 1210; x_wconf 91' lang='lat' dir='ltr'>in</span> <span class='ocrx_word' id='word_1_175' title='bbox 461 1177 553 1207; x_wconf 81' lang='lat' dir='ltr'>rebus</span> <span class='ocrx_word' id='word_1_176' title='bbox 579 1175 735 1212; x_wconf 74' lang='lat' dir='ltr'>nauticis,</span> <span class='ocrx_word' id='word_1_177' title='bbox 759 1182 910 1214; x_wconf 84' lang='lat' dir='ltr'>quatenus</span> <span class='ocrx_word' id='word_1_178' title='bbox 936 1174 993 1205; x_wconf 91' lang='lat' dir='ltr'>usu</span> <span class='ocrx_word' id='word_1_179' title='bbox 1011 1173 1042 1204; x_wconf 87' lang='lat'>&amp;</span> 
     </span>
     <span class='ocr_line' id='line_1_27' title="bbox 178 1214 1042 1258; baseline -0.009 -6"><span class='ocrx_word' id='word_1_180' title='bbox 178 1218 407 1252; x_wconf 88' lang='lat' dir='ltr'>consuetudine</span> <span class='ocrx_word' id='word_1_181' title='bbox 428 1225 567 1258; x_wconf 82' lang='lat' dir='ltr'>receptae</span> <span class='ocrx_word' id='word_1_182' title='bbox 592 1216 683 1255; x_wconf 91' lang='lat' dir='ltr'>sunt,</span> <span class='ocrx_word' id='word_1_183' title='bbox 708 1214 843 1253; x_wconf 82' lang='lat' dir='ltr'>servari3</span> <span class='ocrx_word' id='word_1_184' title='bbox 868 1222 1042 1255; x_wconf 86' lang='lat' dir='ltr'>quanquam</span> 
     </span>
     <span class='ocr_line' id='line_1_28' title="bbox 176 1257 1043 1300; baseline -0.008 -8"><span class='ocrx_word' id='word_1_185' title='bbox 176 1269 290 1292; x_wconf 84' lang='lat' dir='ltr'>verum</span> <span class='ocrx_word' id='word_1_186' title='bbox 306 1260 362 1298; x_wconf 89' lang='lat' dir='ltr'>fit,</span> <span class='ocrx_word' id='word_1_187' title='bbox 385 1259 465 1300; x_wconf 86' lang='lat' dir='ltr'>Juris</span> <span class='ocrx_word' id='word_1_188' title='bbox 478 1257 736 1300; x_wconf 69' lang='lat' dir='ltr'>Wisnuycenfis,</span> <span class='ocrx_word' id='word_1_189' title='bbox 756 1265 839 1287; x_wconf 89' lang='lat' dir='ltr'>nunc</span> <span class='ocrx_word' id='word_1_190' title='bbox 859 1264 964 1293; x_wconf 89' lang='lat' dir='ltr'>certe,</span> <span class='ocrx_word' id='word_1_191' title='bbox 984 1264 1043 1285; x_wconf 84' lang='lat' dir='ltr'>ma-</span> 
     </span>
     <span class='ocr_line' id='line_1_29' title="bbox 175 1296 1043 1343; baseline -0.012 -7"><span class='ocrx_word' id='word_1_192' title='bbox 175 1302 279 1343; x_wconf 78' lang='lat' dir='ltr'>iorem</span> <span class='ocrx_word' id='word_1_193' title='bbox 296 1300 359 1334; x_wconf 84' lang='lat' dir='ltr'>effe</span> <span class='ocrx_word' id='word_1_194' title='bbox 376 1300 596 1334; x_wconf 70' lang='lat' dir='ltr'>auCtoritatem</span> <span class='ocrx_word' id='word_1_195' title='bbox 614 1299 735 1337; x_wconf 86' lang='lat' dir='ltr'>videri,</span> <span class='ocrx_word' id='word_1_196' title='bbox 758 1305 794 1329; x_wconf 89' lang='lat' dir='ltr'>ut</span> <span class='ocrx_word' id='word_1_197' title='bbox 809 1297 840 1328; x_wconf 88' lang='lat' dir='ltr'>id</span> <span class='ocrx_word' id='word_1_198' title='bbox 853 1296 922 1328; x_wconf 86' lang='lat' dir='ltr'>fere</span> <span class='ocrx_word' id='word_1_199' title='bbox 938 1296 1043 1337; x_wconf 86' lang='lat' dir='ltr'>sequa-</span> 
     </span>
    </p>
   </div>
   <div class='ocr_carea' id='block_1_3' title="bbox 903 117 1009 144">
    <p class='ocr_par' dir='ltr' id='par_1_3' title="bbox 903 117 1009 144">
     <span class='ocr_line' id='line_1_30' title="bbox 903 117 1009 144; baseline -0.009 0"><span class='ocrx_word' id='word_1_200' title='bbox 903 117 1009 144; x_wconf 67' lang='lat' dir='ltr'>VAN</span> 
     </span>
    </p>
   </div>
   <div class='ocr_carea' id='block_1_4' title="bbox 790 1394 1056 1431">
    <p class='ocr_par' dir='ltr' id='par_1_4' title="bbox 790 1394 1056 1431">
     <span class='ocr_line' id='line_1_31' title="bbox 790 1394 1056 1431; baseline -0.008 0"><span class='ocrx_word' id='word_1_201' title='bbox 790 1394 1056 1431; x_wconf 83' lang='lat' dir='ltr'><strong>CAPU</strong></span> 
     </span>
    </p>
   </div>
   <div class='ocr_carea' id='block_1_5' title="bbox 233 1470 1566 1583">
    <p class='ocr_par' dir='ltr' id='par_1_5' title="bbox 233 1470 1566 1583">
     <span class='ocr_line' id='line_1_32' title="bbox 233 1470 1566 1531; baseline -0.004 -10"><span class='ocrx_word' id='word_1_202' title='bbox 233 1480 288 1521; x_wconf 84' lang='grc' dir='ltr'>Ἐν</span> <span class='ocrx_word' id='word_1_203' title='bbox 316 1479 363 1523; x_wconf 70' lang='grc' dir='ltr'>οἷς</span> <span class='ocrx_word' id='word_1_204' title='bbox 387 1476 493 1531; x_wconf 31' lang='lat' dir='ltr'>perime*</span> <span class='ocrx_word' id='word_1_205' title='bbox 515 1478 544 1518; x_wconf 61' lang='lat' dir='ltr'>&#39;r&#39;</span> <span class='ocrx_word' id='word_1_206' title='bbox 573 1474 732 1531; x_wconf 60' lang='grc' dir='ltr'>ἦμεπέρων</span> <span class='ocrx_word' id='word_1_207' title='bbox 757 1475 860 1529; x_wconf 65' lang='grc' dir='ltr'><strong><em>αὐτῷ’</em></strong></span> <span class='ocrx_word' id='word_1_208' title='bbox 885 1476 1002 1529; x_wconf 46' lang='grc' dir='ltr'>νὸμβῤ</span> <span class='ocrx_word' id='word_1_209' title='bbox 1031 1473 1257 1524; x_wconf 52' lang='grc' dir='ltr'>ὠωπῧταμ</span> <span class='ocrx_word' id='word_1_210' title='bbox 1287 1473 1383 1520; x_wconf 63' lang='grc' dir='ltr'>Ϊὲτο</span> <span class='ocrx_word' id='word_1_211' title='bbox 1413 1471 1452 1527; x_wconf 57' lang='lat'>55¹3</span> <span class='ocrx_word' id='word_1_212' title='bbox 1479 1470 1566 1516; x_wconf 59' lang='lat' dir='ltr'><em>ow&#39;w*</em></span> 
     </span>
     <span class='ocr_line' id='line_1_33' title="bbox 895 1530 1227 1583; baseline -0.003 -10"><span class='ocrx_word' id='word_1_213' title='bbox 895 1530 1067 1583; x_wconf 66' lang='lat' dir='ltr'>&#39;&#39;Auyuqos</span> <span class='ocrx_word' id='word_1_214' title='bbox 1100 1532 1227 1576; x_wconf 55' lang='lat' dir='ltr'>imm.</span> 
     </span>
    </p>
   </div>
   <div class='ocr_carea' id='block_1_6' title="bbox 202 1617 1061 1671">
    <p class='ocr_par' dir='ltr' id='par_1_6' title="bbox 202 1617 1061 1671">
     <span class='ocr_line' id='line_1_34' title="bbox 202 1617 1061 1671; baseline -0.002 -14"><span class='ocrx_word' id='word_1_215' title='bbox 202 1621 375 1671; x_wconf 59' lang='lat' dir='ltr'>Quatenus</span> <span class='ocrx_word' id='word_1_216' title='bbox 399 1622 488 1660; x_wconf 84' lang='lat' dir='ltr'>nulla</span> <span class='ocrx_word' id='word_1_217' title='bbox 513 1619 689 1668; x_wconf 82' lang='lat' dir='ltr'>nostrarum</span> <span class='ocrx_word' id='word_1_218' title='bbox 715 1620 839 1668; x_wconf 81' lang='lat' dir='ltr'><strong>Legum</strong></span> <span class='ocrx_word' id='word_1_219' title='bbox 863 1617 1061 1667; x_wconf 82' lang='lat' dir='ltr'>adversetur.</span> 
     </span>
    </p>
   </div>
   <div class='ocr_carea' id='block_1_7' title="bbox 171 1717 1055 3236">
    <p class='ocr_par' dir='ltr' id='par_1_7' title="bbox 171 1717 1055 3236">
     <span class='ocr_line' id='line_1_35' title="bbox 272 1717 1044 1759; baseline -0.003 -9"><span class='ocrx_word' id='word_1_220' title='bbox 272 1726 451 1751; x_wconf 88' lang='lat' dir='ltr'>evertamur</span> <span class='ocrx_word' id='word_1_221' title='bbox 468 1719 505 1750; x_wconf 90' lang='lat' dir='ltr'>ad</span> <span class='ocrx_word' id='word_1_222' title='bbox 524 1719 544 1750; x_wconf 89' lang='lat' dir='ltr'>l.</span> <span class='ocrx_word' id='word_1_223' title='bbox 568 1718 627 1751; x_wconf 86' lang='lat' dir='ltr'>IX.</span> <span class='ocrx_word' id='word_1_224' title='bbox 652 1717 825 1759; x_wconf 80' lang='lat' dir='ltr'>Supersunt</span> <span class='ocrx_word' id='word_1_225' title='bbox 842 1718 944 1749; x_wconf 90' lang='lat' dir='ltr'>adhuc</span> <span class='ocrx_word' id='word_1_226' title='bbox 960 1717 1044 1757; x_wconf 86' lang='lat' dir='ltr'>duo,</span> 
     </span>
     <span class='ocr_line' id='line_1_36' title="bbox 285 1759 1044 1801; baseline -0.004 -9"><span class='ocrx_word' id='word_1_227' title='bbox 285 1770 364 1801; x_wconf 87' lang='lat' dir='ltr'>quos</span> <span class='ocrx_word' id='word_1_228' title='bbox 393 1771 499 1792; x_wconf 86' lang='lat' dir='ltr'>coram</span> <span class='ocrx_word' id='word_1_229' title='bbox 526 1759 690 1798; x_wconf 82' lang='lat' dir='ltr'>videmus,</span> <span class='ocrx_word' id='word_1_230' title='bbox 711 1759 856 1800; x_wconf 82' lang='lat' dir='ltr'>verficuli.</span> <span class='ocrx_word' id='word_1_231' title='bbox 902 1759 1044 1798; x_wconf 78' lang='lat' dir='ltr'>Primus,</span> 
     </span>
     <span class='ocr_line' id='line_1_37' title="bbox 183 1799 1045 1842; baseline -0.003 -8"><span class='ocrx_word' id='word_1_232' title='bbox 183 1811 220 1834; x_wconf 91' lang='lat' dir='ltr'>ut</span> <span class='ocrx_word' id='word_1_233' title='bbox 236 1812 307 1834; x_wconf 87' lang='lat' dir='ltr'>eum</span> <span class='ocrx_word' id='word_1_234' title='bbox 326 1811 429 1842; x_wconf 76' lang='lat' dir='ltr'>graece</span> <span class='ocrx_word' id='word_1_235' title='bbox 449 1801 667 1839; x_wconf 82' lang='lat' dir='ltr'>exhibuimus,</span> <span class='ocrx_word' id='word_1_236' title='bbox 692 1801 808 1842; x_wconf 88' lang='lat' dir='ltr'>ubique</span> <span class='ocrx_word' id='word_1_237' title='bbox 831 1801 884 1832; x_wconf 86' lang='lat' dir='ltr'>sibi</span> <span class='ocrx_word' id='word_1_238' title='bbox 903 1799 1045 1838; x_wconf 80' lang='lat' dir='ltr'>constat,</span> 
     </span>
     <span class='ocr_line' id='line_1_38' title="bbox 183 1842 1043 1884; baseline -0.005 -8"><span class='ocrx_word' id='word_1_239' title='bbox 183 1844 239 1876; x_wconf 82' lang='lat' dir='ltr'>nifi</span> <span class='ocrx_word' id='word_1_240' title='bbox 257 1844 340 1884; x_wconf 85' lang='lat' dir='ltr'>quod</span> <span class='ocrx_word' id='word_1_241' title='bbox 358 1842 614 1883; x_wconf 69' lang='lat' dir='ltr'>unmCharondas</span> <span class='ocrx_word' id='word_1_242' title='bbox 629 1842 816 1883; x_wconf 76' lang='lat' dir='ltr'>&amp;Stephani</span> <span class='ocrx_word' id='word_1_243' title='bbox 835 1842 935 1873; x_wconf 89' lang='lat' dir='ltr'>editio</span> <span class='ocrx_word' id='word_1_244' title='bbox 954 1849 1043 1881; x_wconf 81' lang='lat'>1527.</span> 
     </span>
     <span class='ocr_line' id='line_1_39' title="bbox 184 1883 1044 1924; baseline -0.006 -6"><span class='ocrx_word' id='word_1_245' title='bbox 184 1885 298 1918; x_wconf 80' lang='lat' dir='ltr'>malint</span> <span class='ocrx_word' id='word_1_246' title='bbox 314 1883 415 1916; x_wconf 82' lang='lat' dir='ltr'>secare</span> <span class='ocrx_word' id='word_1_247' title='bbox 432 1886 464 1917; x_wconf 88' lang='lat' dir='ltr'>in</span> <span class='ocrx_word' id='word_1_248' title='bbox 480 1886 513 1919; x_wconf 65' lang='grc' dir='ltr'>μή</span> <span class='ocrx_word' id='word_1_249' title='bbox 529 1897 560 1916; x_wconf 71' lang='lat' dir='ltr'>m</span> <span class='ocrx_word' id='word_1_250' title='bbox 575 1894 585 1923; x_wconf 83' lang='lat'>3</span> <span class='ocrx_word' id='word_1_251' title='bbox 607 1884 697 1915; x_wconf 87' lang='lat' dir='ltr'>nullo</span> <span class='ocrx_word' id='word_1_252' title='bbox 715 1883 892 1916; x_wconf 84' lang='lat' dir='ltr'>discrimine</span> <span class='ocrx_word' id='word_1_253' title='bbox 904 1907 914 1923; x_wconf 92' lang='lat'>,</span> <span class='ocrx_word' id='word_1_254' title='bbox 925 1892 1044 1924; x_wconf 88' lang='lat' dir='ltr'>-quam-</span> 
     </span>
     <span class='ocr_line' id='line_1_40' title="bbox 183 1923 1045 1966; baseline -0.003 -9"><span class='ocrx_word' id='word_1_255' title='bbox 183 1927 235 1958; x_wconf 88' lang='lat' dir='ltr'>vis</span> <span class='ocrx_word' id='word_1_256' title='bbox 260 1935 370 1957; x_wconf 86' lang='lat' dir='ltr'>verum</span> <span class='ocrx_word' id='word_1_257' title='bbox 393 1926 455 1965; x_wconf 86' lang='lat' dir='ltr'>fit,</span> <span class='ocrx_word' id='word_1_258' title='bbox 486 1925 554 1959; x_wconf 77' lang='grc' dir='ltr'><strong><em>μνῖτις</em></strong></span> <span class='ocrx_word' id='word_1_259' title='bbox 584 1935 648 1956; x_wconf 92' lang='lat' dir='ltr'>uno</span> <span class='ocrx_word' id='word_1_260' title='bbox 676 1925 774 1956; x_wconf 87' lang='lat' dir='ltr'>verbo</span> <span class='ocrx_word' id='word_1_261' title='bbox 797 1934 855 1966; x_wconf 87' lang='lat' dir='ltr'>pro</span> <span class='ocrx_word' id='word_1_262' title='bbox 880 1926 937 1955; x_wconf 59' lang='grc' dir='ltr'>ἕως</span> <span class='ocrx_word' id='word_1_263' title='bbox 964 1923 1045 1964; x_wconf 83' lang='lat' dir='ltr'>apud</span> 
     </span>
     <span class='ocr_line' id='line_1_41' title="bbox 184 1964 1044 2006; baseline -0.002 -8"><span class='ocrx_word' id='word_1_264' title='bbox 184 1966 321 1998; x_wconf 85' lang='lat' dir='ltr'>Graecos</span> <span class='ocrx_word' id='word_1_265' title='bbox 341 1968 438 1999; x_wconf 87' lang='lat' dir='ltr'>rarius</span> <span class='ocrx_word' id='word_1_266' title='bbox 458 1967 539 2006; x_wconf 78' lang='lat' dir='ltr'>dici3</span> <span class='ocrx_word' id='word_1_267' title='bbox 563 1967 678 1998; x_wconf 87' lang='lat' dir='ltr'>dicitur</span> <span class='ocrx_word' id='word_1_268' title='bbox 699 1974 821 2005; x_wconf 87' lang='lat' dir='ltr'>tamen,</span> <span class='ocrx_word' id='word_1_269' title='bbox 847 1965 898 1997; x_wconf 88' lang='lat' dir='ltr'>sed</span> <span class='ocrx_word' id='word_1_270' title='bbox 915 1975 980 1997; x_wconf 85' lang='lat' dir='ltr'>non</span> <span class='ocrx_word' id='word_1_271' title='bbox 1000 1964 1044 1996; x_wconf 85' lang='lat' dir='ltr'>est</span> 
     </span>
     <span class='ocr_line' id='line_1_42' title="bbox 184 2007 1043 2046; baseline -0.003 -7"><span class='ocrx_word' id='word_1_272' title='bbox 184 2009 289 2046; x_wconf 84' lang='lat' dir='ltr'>tanti,</span> <span class='ocrx_word' id='word_1_273' title='bbox 313 2017 348 2039; x_wconf 92' lang='lat' dir='ltr'>ut</span> <span class='ocrx_word' id='word_1_274' title='bbox 371 2008 512 2039; x_wconf 61' lang='lat' dir='ltr'>auctores</span> <span class='ocrx_word' id='word_1_275' title='bbox 538 2008 657 2039; x_wconf 81' lang='lat' dir='ltr'>addam.</span> <span class='ocrx_word' id='word_1_276' title='bbox 703 2007 738 2039; x_wconf 87' lang='lat' dir='ltr'>In</span> <span class='ocrx_word' id='word_1_277' title='bbox 760 2017 800 2038; x_wconf 90' lang='lat' dir='ltr'>eo</span> <span class='ocrx_word' id='word_1_278' title='bbox 824 2016 928 2038; x_wconf 85' lang='lat' dir='ltr'>autem</span> <span class='ocrx_word' id='word_1_279' title='bbox 957 2015 1043 2037; x_wconf 88' lang='lat' dir='ltr'>com-</span> 
     </span>
     <span class='ocr_line' id='line_1_43' title="bbox 185 2047 1043 2081; baseline -0.003 0"><span class='ocrx_word' id='word_1_280' title='bbox 185 2057 272 2081; x_wconf 87' lang='lat' dir='ltr'><strong>mate</strong></span> <span class='ocrx_word' id='word_1_281' title='bbox 298 2049 394 2080; x_wconf 84' lang='lat' dir='ltr'>latine</span> <span class='ocrx_word' id='word_1_282' title='bbox 420 2047 635 2081; x_wconf 79' lang='lat' dir='ltr'>transferendo</span> <span class='ocrx_word' id='word_1_283' title='bbox 664 2049 749 2079; x_wconf 89' lang='lat' dir='ltr'>varie</span> <span class='ocrx_word' id='word_1_284' title='bbox 769 2048 922 2079; x_wconf 88' lang='lat' dir='ltr'>tricantur</span> <span class='ocrx_word' id='word_1_285' title='bbox 945 2047 1043 2079; x_wconf 88' lang='lat' dir='ltr'>Inter-</span> 
     </span>
     <span class='ocr_line' id='line_1_44' title="bbox 186 2089 1044 2131; baseline -0.001 -11"><span class='ocrx_word' id='word_1_286' title='bbox 186 2096 315 2131; x_wconf 82' lang='lat' dir='ltr'>pretes,‘</span> <span class='ocrx_word' id='word_1_287' title='bbox 339 2090 423 2130; x_wconf 89' lang='lat' dir='ltr'>quod</span> <span class='ocrx_word' id='word_1_288' title='bbox 445 2089 562 2121; x_wconf 69' lang='lat' dir='ltr'>faftum</span> <span class='ocrx_word' id='word_1_289' title='bbox 589 2099 652 2121; x_wconf 90' lang='lat' dir='ltr'>non</span> <span class='ocrx_word' id='word_1_290' title='bbox 675 2089 844 2130; x_wconf 90' lang='lat' dir='ltr'>oportuit:</span> <span class='ocrx_word' id='word_1_291' title='bbox 867 2098 960 2121; x_wconf 89' lang='lat' dir='ltr'>nemo</span> <span class='ocrx_word' id='word_1_292' title='bbox 981 2098 1044 2120; x_wconf 92' lang='lat' dir='ltr'>non</span> 
     </span>
     <span class='ocr_line' id='line_1_45' title="bbox 186 2130 1046 2171; baseline -0.002 -9"><span class='ocrx_word' id='word_1_293' title='bbox 186 2131 271 2162; x_wconf 67' lang='lat' dir='ltr'>reete</span> <span class='ocrx_word' id='word_1_294' title='bbox 296 2131 413 2169; x_wconf 82' lang='lat' dir='ltr'>vertit,</span> <span class='ocrx_word' id='word_1_295' title='bbox 438 2130 622 2162; x_wconf 82' lang='lat' dir='ltr'>sententiam</span> <span class='ocrx_word' id='word_1_296' title='bbox 648 2130 733 2171; x_wconf 88' lang='lat' dir='ltr'>quod</span> <span class='ocrx_word' id='word_1_297' title='bbox 758 2130 892 2169; x_wconf 80' lang='lat' dir='ltr'>attinet,</span> <span class='ocrx_word' id='word_1_298' title='bbox 917 2133 949 2167; x_wconf 64' lang='grc' dir='ltr'>,ᾧ</span> <span class='ocrx_word' id='word_1_299' title='bbox 966 2130 1046 2160; x_wconf 63' lang='grc' dir='ltr'><strong><em>πέδας</em></strong></span> 
     </span>
     <span class='ocr_line' id='line_1_46' title="bbox 188 2171 1043 2213; baseline -0.002 -10"><span class='ocrx_word' id='word_1_300' title='bbox 188 2172 311 2213; x_wconf 89' lang='lat' dir='ltr'>optime</span> <span class='ocrx_word' id='word_1_301' title='bbox 330 2193 341 2209; x_wconf 89' lang='lat'>,</span> <span class='ocrx_word' id='word_1_302' title='bbox 373 2171 513 2212; x_wconf 84' lang='lat' dir='ltr'>quisquis</span> <span class='ocrx_word' id='word_1_303' title='bbox 545 2181 585 2203; x_wconf 85' lang='lat' dir='ltr'>ex</span> <span class='ocrx_word' id='word_1_304' title='bbox 617 2171 753 2211; x_wconf 80' lang='lat' dir='ltr'>antiquis</span> <span class='ocrx_word' id='word_1_305' title='bbox 774 2171 845 2203; x_wconf 84' lang='lat' dir='ltr'>ita:</span> <span class='ocrx_word' id='word_1_306' title='bbox 879 2173 912 2203; x_wconf 75' lang='lat' dir='ltr'>in</span> <span class='ocrx_word' id='word_1_307' title='bbox 944 2172 1043 2213; x_wconf 73' lang='lat' dir='ltr'>quibus</span> 
     </span>
     <span class='ocr_line' id='line_1_47' title="bbox 188 2210 1043 2253; baseline -0.001 -9"><span class='ocrx_word' id='word_1_308' title='bbox 188 2210 459 2253; x_wconf 60' lang='lat' dir='ltr'>nulfflmfflrarum</span> <span class='ocrx_word' id='word_1_309' title='bbox 481 2213 508 2243; x_wconf 80' lang='lat' dir='ltr'>ei</span> <span class='ocrx_word' id='word_1_310' title='bbox 532 2212 581 2243; x_wconf 83' lang='lat' dir='ltr'>lex</span> <span class='ocrx_word' id='word_1_311' title='bbox 609 2212 805 2253; x_wconf 67' lang='lat' dir='ltr'>aclveijatzcr3</span> <span class='ocrx_word' id='word_1_312' title='bbox 836 2221 950 2245; x_wconf 69' lang='lat' dir='ltr'>caetera</span> <span class='ocrx_word' id='word_1_313' title='bbox 979 2222 1043 2244; x_wconf 90' lang='lat' dir='ltr'>non</span> 
     </span>
     <span class='ocr_line' id='line_1_48' title="bbox 178 2263 307 2286; baseline -0.008 0"><span class='ocrx_word' id='word_1_314' title='bbox 178 2263 307 2286; x_wconf 76' lang='lat' dir='ltr'>moror.</span> 
     </span>
     <span class='ocr_line' id='line_1_49' title="bbox 232 2294 1044 2336; baseline -0.002 -9"><span class='ocrx_word' id='word_1_315' title='bbox 232 2294 409 2327; x_wconf 88' lang='lat' dir='ltr'>Habuimus</span> <span class='ocrx_word' id='word_1_316' title='bbox 439 2295 576 2336; x_wconf 86' lang='lat' dir='ltr'>regulam</span> <span class='ocrx_word' id='word_1_317' title='bbox 609 2294 649 2327; x_wconf 89' lang='lat' dir='ltr'>de</span> <span class='ocrx_word' id='word_1_318' title='bbox 673 2294 894 2326; x_wconf 80' lang='lat' dir='ltr'>observatione</span> <span class='ocrx_word' id='word_1_319' title='bbox 924 2294 1044 2336; x_wconf 80' lang='lat' dir='ltr'>Legum</span> 
     </span>
     <span class='ocr_line' id='line_1_50' title="bbox 190 2336 1050 2376; baseline -0.002 -8"><span class='ocrx_word' id='word_1_320' title='bbox 190 2336 382 2376; x_wconf 84' lang='lat' dir='ltr'>Rhodiarum</span> <span class='ocrx_word' id='word_1_321' title='bbox 400 2360 410 2376; x_wconf 91' lang='lat'>,</span> <span class='ocrx_word' id='word_1_322' title='bbox 442 2345 526 2368; x_wconf 89' lang='lat' dir='ltr'>nunc</span> <span class='ocrx_word' id='word_1_323' title='bbox 553 2336 700 2367; x_wconf 87' lang='lat' dir='ltr'>habemus</span> <span class='ocrx_word' id='word_1_324' title='bbox 724 2337 965 2376; x_wconf 74' lang='lat' dir='ltr'>exceptionem,</span> <span class='ocrx_word' id='word_1_325' title='bbox 990 2345 1050 2376; x_wconf 88' lang='lat' dir='ltr'>qua</span> 
     </span>
     <span class='ocr_line' id='line_1_51' title="bbox 179 2376 1049 2419; baseline -0.001 -11"><span class='ocrx_word' id='word_1_326' title='bbox 179 2377 310 2419; x_wconf 45' lang='lat' dir='ltr'>*placuit</span> <span class='ocrx_word' id='word_1_327' title='bbox 331 2387 394 2409; x_wconf 91' lang='lat' dir='ltr'>non</span> <span class='ocrx_word' id='word_1_328' title='bbox 416 2378 507 2409; x_wconf 88' lang='lat' dir='ltr'>aliter</span> <span class='ocrx_word' id='word_1_329' title='bbox 525 2386 576 2409; x_wconf 88' lang='lat' dir='ltr'>eas</span> <span class='ocrx_word' id='word_1_330' title='bbox 600 2376 736 2416; x_wconf 86' lang='lat' dir='ltr'>servari,</span> <span class='ocrx_word' id='word_1_331' title='bbox 759 2387 850 2418; x_wconf 83' lang='lat' dir='ltr'>quam</span> <span class='ocrx_word' id='word_1_332' title='bbox 871 2377 891 2409; x_wconf 83' lang='lat' dir='ltr'>fi</span> <span class='ocrx_word' id='word_1_333' title='bbox 908 2386 971 2409; x_wconf 89' lang='lat' dir='ltr'>non</span> <span class='ocrx_word' id='word_1_334' title='bbox 994 2377 1049 2407; x_wconf 91' lang='lat' dir='ltr'>ob-</span> 
     </span>
     <span class='ocr_line' id='line_1_52' title="bbox 192 2417 1049 2460; baseline -0.002 -10"><span class='ocrx_word' id='word_1_335' title='bbox 192 2418 253 2450; x_wconf 89' lang='lat' dir='ltr'>stet</span> <span class='ocrx_word' id='word_1_336' title='bbox 269 2418 323 2450; x_wconf 76' lang='lat' dir='ltr'>lex</span> <span class='ocrx_word' id='word_1_337' title='bbox 338 2419 482 2460; x_wconf 77' lang='lat' dir='ltr'>dignior,</span> <span class='ocrx_word' id='word_1_338' title='bbox 507 2419 559 2450; x_wconf 77' lang='lat' dir='ltr'>lex</span> <span class='ocrx_word' id='word_1_339' title='bbox 584 2419 725 2450; x_wconf 82' lang='lat' dir='ltr'>Romana</span> <span class='ocrx_word' id='word_1_340' title='bbox 747 2417 878 2449; x_wconf 83' lang='lat' dir='ltr'>scilicet.</span> <span class='ocrx_word' id='word_1_341' title='bbox 924 2418 978 2449; x_wconf 76' lang='lat' dir='ltr'>Est</span> <span class='ocrx_word' id='word_1_342' title='bbox 995 2417 1049 2449; x_wconf 88' lang='lat' dir='ltr'>illa</span> 
     </span>
     <span class='ocr_line' id='line_1_53' title="bbox 192 2458 1050 2500; baseline 0 -9"><span class='ocrx_word' id='word_1_343' title='bbox 192 2460 340 2500; x_wconf 83' lang='lat' dir='ltr'>exceptio</span> <span class='ocrx_word' id='word_1_344' title='bbox 355 2469 372 2491; x_wconf 85' lang='lat' dir='ltr'>a</span> <span class='ocrx_word' id='word_1_345' title='bbox 396 2459 517 2491; x_wconf 81' lang='lat' dir='ltr'>Graecis</span> <span class='ocrx_word' id='word_1_346' title='bbox 541 2460 685 2491; x_wconf 86' lang='lat' dir='ltr'>certatim</span> <span class='ocrx_word' id='word_1_347' title='bbox 714 2469 840 2500; x_wconf 75' lang='lat' dir='ltr'>quoque</span> <span class='ocrx_word' id='word_1_348' title='bbox 862 2458 1000 2500; x_wconf 68' lang='lat' dir='ltr'>express&#39;a</span> <span class='ocrx_word' id='word_1_349' title='bbox 1019 2459 1050 2491; x_wconf 89' lang='lat' dir='ltr'>in</span> 
     </span>
     <span class='ocr_line' id='line_1_54' title="bbox 193 2499 1045 2541; baseline -0.002 -9"><span class='ocrx_word' id='word_1_350' title='bbox 193 2501 327 2532; x_wconf 89' lang='lat' dir='ltr'>eundem</span> <span class='ocrx_word' id='word_1_351' title='bbox 345 2499 475 2533; x_wconf 85' lang='lat' dir='ltr'>sensum.</span> <span class='ocrx_word' id='word_1_352' title='bbox 499 2500 754 2541; x_wconf 82' lang='lat' dir='ltr'>Harmenopulus</span> <span class='ocrx_word' id='word_1_353' title='bbox 775 2501 805 2532; x_wconf 90' lang='lat' dir='ltr'>in</span> <span class='ocrx_word' id='word_1_354' title='bbox 824 2504 958 2539; x_wconf 50' lang='lat' dir='ltr'>noyfflpea</span> <span class='ocrx_word' id='word_1_355' title='bbox 974 2501 1045 2532; x_wconf 79' lang='lat' dir='ltr'>Lib.</span> 
     </span>
     <span class='ocr_line' id='line_1_55' title="bbox 194 2541 1047 2583; baseline -0.006 -9"><span class='ocrx_word' id='word_1_356' title='bbox 194 2542 237 2574; x_wconf 85' lang='grc' dir='ltr'>Π.</span> <span class='ocrx_word' id='word_1_357' title='bbox 263 2541 390 2573; x_wconf 54' lang='lat' dir='ltr'>Tinde?</span> <span class='ocrx_word' id='word_1_358' title='bbox 409 2547 530 2571; x_wconf 70' lang='grc' dir='ltr'>ναυτικῶν</span> <span class='ocrx_word' id='word_1_359' title='bbox 549 2542 607 2574; x_wconf 78' lang='lat' dir='ltr'>XI,</span> <span class='ocrx_word' id='word_1_360' title='bbox 632 2542 659 2583; x_wconf 54' lang='grc' dir='ltr'>ᾗ,</span> <span class='ocrx_word' id='word_1_361' title='bbox 674 2551 700 2573; x_wconf 76' lang='grc'>1,</span> <span class='ocrx_word' id='word_1_362' title='bbox 724 2545 795 2570; x_wconf 68' lang='lat' dir='ltr'>‘Ow&#39;v</span> <span class='ocrx_word' id='word_1_363' title='bbox 812 2544 847 2575; x_wconf 64' lang='lat' dir='ltr'>par)</span> <span class='ocrx_word' id='word_1_364' title='bbox 866 2547 947 2572; x_wconf 54' lang='lat' dir='ltr'>mm&amp;</span> <span class='ocrx_word' id='word_1_365' title='bbox 968 2545 1047 2575; x_wconf 55' lang='lat' dir='ltr'>vlia&amp;</span> 
     </span>
     <span class='ocr_line' id='line_1_56' title="bbox 194 2581 1049 2625; baseline 0.001 -15"><span class='ocrx_word' id='word_1_366' title='bbox 194 2581 381 2620; x_wconf 53' lang='lat' dir='ltr'>cbmrffl&#39;ssp&amp;</span> <span class='ocrx_word' id='word_1_367' title='bbox 399 2587 448 2613; x_wconf 72' lang='grc' dir='ltr'>πἰς</span> <span class='ocrx_word' id='word_1_368' title='bbox 465 2583 486 2610; x_wconf 43' lang='grc' dir='ltr'><em>ἦ</em></span> <span class='ocrx_word' id='word_1_369' title='bbox 501 2583 594 2611; x_wconf 60' lang='grc' dir='ltr'>Ῥοδίων</span> <span class='ocrx_word' id='word_1_370' title='bbox 610 2588 691 2617; x_wconf 74' lang='grc' dir='ltr'><strong><em>νόμοις</em></strong></span> <span class='ocrx_word' id='word_1_371' title='bbox 715 2583 848 2623; x_wconf 55' lang='lat' dir='ltr'>AEssz&#39;comj</span> <span class='ocrx_word' id='word_1_372' title='bbox 860 2606 868 2619; x_wconf 78' lang='lat'>,</span> <span class='ocrx_word' id='word_1_373' title='bbox 892 2593 976 2625; x_wconf 70' lang='lat' dir='ltr'>quum</span> <span class='ocrx_word' id='word_1_374' title='bbox 993 2592 1049 2614; x_wconf 74' lang='lat' dir='ltr'>‘non</span> 
     </span>
     <span class='ocr_line' id='line_1_57' title="bbox 196 2623 1050 2666; baseline 0 -12"><span class='ocrx_word' id='word_1_375' title='bbox 196 2624 259 2655; x_wconf 74' lang='lat' dir='ltr'>alia.</span> <span class='ocrx_word' id='word_1_376' title='bbox 277 2623 326 2654; x_wconf 81' lang='lat' dir='ltr'>lex</span> <span class='ocrx_word' id='word_1_377' title='bbox 350 2625 497 2655; x_wconf 77' lang='lat' dir='ltr'>contraria</span> <span class='ocrx_word' id='word_1_378' title='bbox 511 2625 675 2663; x_wconf 71' lang='lat' dir='ltr'>reperiatur</span> <span class='ocrx_word' id='word_1_379' title='bbox 697 2624 873 2655; x_wconf 60' lang='lat' dir='ltr'>Rhodiorum</span> <span class='ocrx_word' id='word_1_380' title='bbox 902 2625 1050 2666; x_wconf 62' lang='lat' dir='ltr'>Legiliii53</span> 
     </span>
     <span class='ocr_line' id='line_1_58' title="bbox 195 2662 1050 2706; baseline -0.001 -10"><span class='ocrx_word' id='word_1_381' title='bbox 195 2674 264 2706; x_wconf 88' lang='lat' dir='ltr'>quae</span> <span class='ocrx_word' id='word_1_382' title='bbox 286 2662 351 2705; x_wconf 86' lang='lat' dir='ltr'>ipsa</span> <span class='ocrx_word' id='word_1_383' title='bbox 372 2662 417 2696; x_wconf 89' lang='lat' dir='ltr'>est</span> <span class='ocrx_word' id='word_1_384' title='bbox 441 2665 470 2696; x_wconf 83' lang='lat'>&amp;</span> <span class='ocrx_word' id='word_1_385' title='bbox 492 2663 622 2695; x_wconf 87' lang='lat' dir='ltr'>Docimi</span> <span class='ocrx_word' id='word_1_386' title='bbox 645 2665 807 2695; x_wconf 82' lang='lat' dir='ltr'>annotatio</span> <span class='ocrx_word' id='word_1_387' title='bbox 825 2665 855 2696; x_wconf 90' lang='lat' dir='ltr'>in</span> <span class='ocrx_word' id='word_1_388' title='bbox 879 2666 946 2706; x_wconf 80' lang='lat' dir='ltr'>jure</span> <span class='ocrx_word' id='word_1_389' title='bbox 971 2666 1050 2696; x_wconf 82' lang='lat' dir='ltr'>Grae-</span> 
     </span>
     <span class='ocr_line' id='line_1_59' title="bbox 197 2704 1049 2746; baseline 0 -10"><span class='ocrx_word' id='word_1_390' title='bbox 197 2704 389 2736; x_wconf 82' lang='lat' dir='ltr'>co-Romano</span> <span class='ocrx_word' id='word_1_391' title='bbox 408 2704 478 2746; x_wconf 87' lang='lat' dir='ltr'>post</span> <span class='ocrx_word' id='word_1_392' title='bbox 497 2704 619 2745; x_wconf 83' lang='lat' dir='ltr'>Leges,</span> <span class='ocrx_word' id='word_1_393' title='bbox 643 2714 717 2745; x_wconf 80' lang='lat' dir='ltr'>quas</span> <span class='ocrx_word' id='word_1_394' title='bbox 744 2714 879 2742; x_wconf 81' lang='lat' dir='ltr'>vocant,</span> <span class='ocrx_word' id='word_1_395' title='bbox 901 2706 1049 2736; x_wconf 81' lang='lat' dir='ltr'>Rhodias.</span> 
     </span>
     <span class='ocr_line' id='line_1_60' title="bbox 198 2745 1047 2786; baseline -0.001 -8"><span class='ocrx_word' id='word_1_396' title='bbox 198 2747 243 2779; x_wconf 90' lang='lat' dir='ltr'>Et</span> <span class='ocrx_word' id='word_1_397' title='bbox 268 2746 412 2778; x_wconf 75' lang='lat' dir='ltr'>Michael</span> <span class='ocrx_word' id='word_1_398' title='bbox 433 2746 600 2778; x_wconf 85' lang='lat' dir='ltr'>Attaliates</span> <span class='ocrx_word' id='word_1_399' title='bbox 623 2745 654 2776; x_wconf 92' lang='lat' dir='ltr'>in</span> <span class='ocrx_word' id='word_1_400' title='bbox 682 2745 799 2786; x_wconf 70' lang='lat' dir='ltr'>Synopsi</span> <span class='ocrx_word' id='word_1_401' title='bbox 822 2745 879 2776; x_wconf 71' lang='lat' dir='ltr'>Tit.</span> <span class='ocrx_word' id='word_1_402' title='bbox 900 2746 1047 2777; x_wconf 64' lang='lat' dir='ltr'>XLVIII.</span> 
     </span>
     <span class='ocr_line' id='line_1_61' title="bbox 198 2785 1050 2828; baseline -0.004 -11"><span class='ocrx_word' id='word_1_403' title='bbox 198 2791 226 2817; x_wconf 67' lang='grc' dir='ltr'>όν</span> <span class='ocrx_word' id='word_1_404' title='bbox 241 2785 275 2819; x_wconf 69' lang='grc' dir='ltr'>οἷς</span> <span class='ocrx_word' id='word_1_405' title='bbox 290 2789 362 2824; x_wconf 65' lang='grc' dir='ltr'>αὸτᾷ</span> <span class='ocrx_word' id='word_1_406' title='bbox 380 2787 475 2828; x_wconf 70' lang='lat' dir='ltr'>(puta</span> <span class='ocrx_word' id='word_1_407' title='bbox 492 2787 512 2814; x_wconf 54' lang='grc' dir='ltr'><strong>ῗ</strong></span> <span class='ocrx_word' id='word_1_408' title='bbox 530 2787 629 2815; x_wconf 65' lang='grc' dir='ltr'><strong><em>Ῥοᾶἳων</em></strong></span> <span class='ocrx_word' id='word_1_409' title='bbox 647 2788 728 2827; x_wconf 67' lang='grc' dir='ltr'><em>νίμῳ)</em></span> <span class='ocrx_word' id='word_1_410' title='bbox 746 2790 780 2819; x_wconf 59' lang='lat' dir='ltr'>ur]</span> <span class='ocrx_word' id='word_1_411' title='bbox 798 2786 889 2821; x_wconf 59' lang='lat' dir='ltr'>‘lv-p&amp;-</span> <span class='ocrx_word' id='word_1_412' title='bbox 910 2801 961 2814; x_wconf 65' lang='lat' dir='ltr'>mm</span> <span class='ocrx_word' id='word_1_413' title='bbox 970 2791 1050 2820; x_wconf 61' lang='grc' dir='ltr'>πέττιγ</span> 
     </span>
     <span class='ocr_line' id='line_1_62' title="bbox 197 2827 1053 2870; baseline -0.002 -11"><span class='ocrx_word' id='word_1_414' title='bbox 197 2829 296 2868; x_wconf 41' lang='lat' dir='ltr'>ducib,</span> <span class='ocrx_word' id='word_1_415' title='bbox 318 2830 351 2860; x_wconf 81' lang='lat' dir='ltr'>in</span> <span class='ocrx_word' id='word_1_416' title='bbox 368 2830 467 2870; x_wconf 77' lang='lat' dir='ltr'>quibui·</span> <span class='ocrx_word' id='word_1_417' title='bbox 482 2827 561 2870; x_wconf 78' lang='lat' dir='ltr'>Legi</span> <span class='ocrx_word' id='word_1_418' title='bbox 577 2827 709 2859; x_wconf 83' lang='lat' dir='ltr'>Rhodiae</span> <span class='ocrx_word' id='word_1_419' title='bbox 726 2837 781 2858; x_wconf 71' lang='lat' dir='ltr'>non</span> <span class='ocrx_word' id='word_1_420' title='bbox 802 2827 972 2866; x_wconf 68' lang='lat' dir='ltr'>ciclvcrfiiiitr</span> <span class='ocrx_word' id='word_1_421' title='bbox 991 2828 1053 2858; x_wconf 77' lang='lat' dir='ltr'>alia</span> 
     </span>
     <span class='ocr_line' id='line_1_63' title="bbox 199 2868 1053 2908; baseline -0.004 -6"><span class='ocrx_word' id='word_1_422' title='bbox 199 2871 258 2902; x_wconf 79' lang='lat' dir='ltr'>lex.</span> <span class='ocrx_word' id='word_1_423' title='bbox 302 2869 361 2901; x_wconf 86' lang='lat' dir='ltr'>Ille</span> <span class='ocrx_word' id='word_1_424' title='bbox 387 2872 469 2899; x_wconf 60' lang='lat' dir='ltr'>am&amp;</span> <span class='ocrx_word' id='word_1_425' title='bbox 496 2876 518 2901; x_wconf 65' lang='lat' dir='ltr'>us:</span> <span class='ocrx_word' id='word_1_426' title='bbox 542 2871 632 2908; x_wconf 54' lang='lat' dir='ltr'>dape»</span> <span class='ocrx_word' id='word_1_427' title='bbox 653 2871 736 2901; x_wconf 59' lang='grc' dir='ltr'>νᾰμὶῢν</span> <span class='ocrx_word' id='word_1_428' title='bbox 760 2868 920 2899; x_wconf 72' lang='lat' dir='ltr'>Antonino</span> <span class='ocrx_word' id='word_1_429' title='bbox 939 2869 989 2900; x_wconf 88' lang='lat' dir='ltr'>hie</span> <span class='ocrx_word' id='word_1_430' title='bbox 1009 2868 1053 2899; x_wconf 71' lang='lat' dir='ltr'>cit</span> 
     </span>
     <span class='ocr_line' id='line_1_64' title="bbox 199 2909 1054 2949; baseline -0.002 -8"><span class='ocrx_word' id='word_1_431' title='bbox 199 2913 331 2949; x_wconf 55' lang='lat' dir='ltr'>duim&amp;</span> <span class='ocrx_word' id='word_1_432' title='bbox 353 2910 462 2949; x_wconf 51' lang='lat' dir='ltr'>ibae»,</span> <span class='ocrx_word' id='word_1_433' title='bbox 498 2910 564 2942; x_wconf 78' lang='lat' dir='ltr'>Lex</span> <span class='ocrx_word' id='word_1_434' title='bbox 594 2909 745 2941; x_wconf 88' lang='lat' dir='ltr'>videlicet</span> <span class='ocrx_word' id='word_1_435' title='bbox 777 2909 940 2949; x_wconf 73' lang='lat' dir='ltr'>Romana3</span> <span class='ocrx_word' id='word_1_436' title='bbox 974 2909 1054 2940; x_wconf 83' lang='lat' dir='ltr'>inter</span> 
     </span>
     <span class='ocr_line' id='line_1_65' title="bbox 201 2950 1055 2993; baseline -0.004 -9"><span class='ocrx_word' id='word_1_437' title='bbox 201 2952 281 2984; x_wconf 83' lang='lat' dir='ltr'>hanc</span> <span class='ocrx_word' id='word_1_438' title='bbox 301 2952 330 2983; x_wconf 70' lang='grc' dir='ltr'>ἃ</span> <span class='ocrx_word' id='word_1_439' title='bbox 346 2952 501 2983; x_wconf 85' lang='lat' dir='ltr'>Rhodiam</span> <span class='ocrx_word' id='word_1_440' title='bbox 519 2951 540 2983; x_wconf 86' lang='lat' dir='ltr'>fi</span> <span class='ocrx_word' id='word_1_441' title='bbox 558 2960 660 2993; x_wconf 88' lang='lat' dir='ltr'>pugna</span> <span class='ocrx_word' id='word_1_442' title='bbox 675 2950 731 2990; x_wconf 87' lang='lat' dir='ltr'>fit,</span> <span class='ocrx_word' id='word_1_443' title='bbox 755 2951 924 2991; x_wconf 66' lang='lat' dir='ltr'>praevalere</span> <span class='ocrx_word' id='word_1_444' title='bbox 942 2950 1055 2981; x_wconf 85' lang='lat' dir='ltr'>volunt</span> 
     </span>
     <span class='ocr_line' id='line_1_66' title="bbox 204 2991 1054 3033; baseline -0.002 -9"><span class='ocrx_word' id='word_1_445' title='bbox 204 2994 387 3024; x_wconf 77' lang='lat' dir='ltr'>Romanam.</span> <span class='ocrx_word' id='word_1_446' title='bbox 433 2992 536 3023; x_wconf 84' lang='lat' dir='ltr'>Video</span> <span class='ocrx_word' id='word_1_447' title='bbox 557 2992 726 3024; x_wconf 90' lang='lat' dir='ltr'>nonnullos</span> <span class='ocrx_word' id='word_1_448' title='bbox 750 2992 779 3023; x_wconf 89' lang='lat' dir='ltr'>id</span> <span class='ocrx_word' id='word_1_449' title='bbox 803 2991 955 3033; x_wconf 80' lang='lat' dir='ltr'>exemplis</span> <span class='ocrx_word' id='word_1_450' title='bbox 984 2991 1054 3022; x_wconf 90' lang='lat' dir='ltr'>illu-</span> 
     </span>
     <span class='ocr_line' id='line_1_67' title="bbox 202 3031 1055 3075; baseline -0.002 -11"><span class='ocrx_word' id='word_1_451' title='bbox 202 3033 326 3073; x_wconf 83' lang='lat' dir='ltr'>strasse,</span> <span class='ocrx_word' id='word_1_452' title='bbox 350 3033 401 3065; x_wconf 89' lang='lat' dir='ltr'>sed</span> <span class='ocrx_word' id='word_1_453' title='bbox 417 3033 526 3075; x_wconf 85' lang='lat' dir='ltr'>petitis</span> <span class='ocrx_word' id='word_1_454' title='bbox 547 3042 588 3065; x_wconf 82' lang='lat' dir='ltr'>ex</span> <span class='ocrx_word' id='word_1_455' title='bbox 604 3033 736 3075; x_wconf 85' lang='lat' dir='ltr'>fuligine</span> <span class='ocrx_word' id='word_1_456' title='bbox 757 3034 809 3064; x_wconf 80' lang='lat' dir='ltr'>illa</span> <span class='ocrx_word' id='word_1_457' title='bbox 828 3032 944 3073; x_wconf 77' lang='lat' dir='ltr'>Legum</span> <span class='ocrx_word' id='word_1_458' title='bbox 973 3031 1055 3063; x_wconf 85' lang='lat' dir='ltr'>Rho-</span> 
     </span>
     <span class='ocr_line' id='line_1_68' title="bbox 204 3072 1054 3115; baseline 0 -11"><span class='ocrx_word' id='word_1_459' title='bbox 204 3074 341 3114; x_wconf 85' lang='lat' dir='ltr'>diarum,</span> <span class='ocrx_word' id='word_1_460' title='bbox 365 3084 440 3114; x_wconf 89' lang='lat' dir='ltr'>quas</span> <span class='ocrx_word' id='word_1_461' title='bbox 467 3083 530 3106; x_wconf 88' lang='lat' dir='ltr'>non</span> <span class='ocrx_word' id='word_1_462' title='bbox 557 3075 700 3115; x_wconf 85' lang='lat' dir='ltr'>equidem</span> <span class='ocrx_word' id='word_1_463' title='bbox 729 3075 780 3106; x_wconf 86' lang='lat' dir='ltr'>tali</span> <span class='ocrx_word' id='word_1_464' title='bbox 809 3074 970 3114; x_wconf 73' lang='lat' dir='ltr'>dignamur</span> <span class='ocrx_word' id='word_1_465' title='bbox 1000 3072 1054 3105; x_wconf 67' lang='lat' dir='ltr'>ho«</span> 
     </span>
     <span class='ocr_line' id='line_1_69' title="bbox 171 3114 1055 3162; baseline 0.001 -18"><span class='ocrx_word' id='word_1_466' title='bbox 171 3133 174 3137; x_wconf 41' lang='grc' dir='ltr'><em>ι</em></span> <span class='ocrx_word' id='word_1_467' title='bbox 205 3123 291 3146; x_wconf 85' lang='lat' dir='ltr'>nore.</span> <span class='ocrx_word' id='word_1_468' title='bbox 336 3114 423 3162; x_wconf 85' lang='lat' dir='ltr'>Quin</span> <span class='ocrx_word' id='word_1_469' title='bbox 447 3115 467 3147; x_wconf 82' lang='lat' dir='ltr'>si</span> <span class='ocrx_word' id='word_1_470' title='bbox 486 3115 536 3146; x_wconf 72' lang='lat' dir='ltr'>vel</span> <span class='ocrx_word' id='word_1_471' title='bbox 554 3116 697 3157; x_wconf 69' lang='lat' dir='ltr'>genuinae</span> <span class='ocrx_word' id='word_1_472' title='bbox 713 3116 808 3147; x_wconf 83' lang='lat' dir='ltr'>hodie</span> <span class='ocrx_word' id='word_1_473' title='bbox 826 3114 1001 3152; x_wconf 74' lang='lat' dir='ltr'>exstarent,</span> <span class='ocrx_word' id='word_1_474' title='bbox 1026 3114 1055 3145; x_wconf 62' lang='grc' dir='ltr'>ὅς</span> 
     </span>
     <span class='ocr_line' id='line_1_70' title="bbox 203 3155 1055 3197; baseline -0.001 -12"><span class='ocrx_word' id='word_1_475' title='bbox 203 3161 277 3185; x_wconf 89' lang='lat' dir='ltr'>cum</span> <span class='ocrx_word' id='word_1_476' title='bbox 308 3155 354 3186; x_wconf 88' lang='lat' dir='ltr'>his</span> <span class='ocrx_word' id='word_1_477' title='bbox 380 3156 594 3188; x_wconf 85' lang='lat' dir='ltr'>conferremus</span> <span class='ocrx_word' id='word_1_478' title='bbox 625 3156 779 3188; x_wconf 81' lang='lat' dir='ltr'>Romanas</span> <span class='ocrx_word' id='word_1_479' title='bbox 797 3180 806 3195; x_wconf 91' lang='lat'>‚</span> <span class='ocrx_word' id='word_1_480' title='bbox 840 3155 988 3197; x_wconf 86' lang='lat' dir='ltr'>quicquid</span> <span class='ocrx_word' id='word_1_481' title='bbox 1013 3155 1055 3185; x_wconf 90' lang='lat' dir='ltr'>ibi</span> 
     </span>
     <span class='ocr_line' id='line_1_71' title="bbox 204 3194 1055 3236; baseline 0.002 -10"><span class='ocrx_word' id='word_1_482' title='bbox 204 3194 281 3228; x_wconf 81' lang='lat' dir='ltr'>ess&#39;et</span> <span class='ocrx_word' id='word_1_483' title='bbox 301 3198 511 3236; x_wconf 85' lang='lat' dir='ltr'>contrarium,</span> <span class='ocrx_word' id='word_1_484' title='bbox 535 3198 572 3230; x_wconf 81' lang='lat' dir='ltr'>ad</span> <span class='ocrx_word' id='word_1_485' title='bbox 594 3197 736 3231; x_wconf 83' lang='lat' dir='ltr'>Rhodios</span> <span class='ocrx_word' id='word_1_486' title='bbox 767 3206 867 3230; x_wconf 85' lang='lat' dir='ltr'>tamen</span> <span class='ocrx_word' id='word_1_487' title='bbox 893 3197 923 3230; x_wconf 74' lang='grc' dir='ltr'>δι</span> <span class='ocrx_word' id='word_1_488' title='bbox 949 3194 1055 3228; x_wconf 81' lang='lat' dir='ltr'>causas</span> 
     </span>
    </p>
   </div>
   <div class='ocr_carea' id='block_1_8' title="bbox 1071 104 1677 142">
    <p class='ocr_par' dir='ltr' id='par_1_8' title="bbox 1071 104 1677 142">
     <span class='ocr_line' id='line_1_72' title="bbox 1071 104 1677 142; baseline -0.002 0"><span class='ocrx_word' id='word_1_489' title='bbox 1071 104 1677 142; x_wconf 82' lang='lat' dir='ltr'>BYNKERSHOEK</span> 
     </span>
    </p>
   </div>
   <div class='ocr_carea' id='block_1_9' title="bbox 1075 183 1978 1295">
    <p class='ocr_par' dir='ltr' id='par_1_9' title="bbox 1075 183 1978 1295">
     <span class='ocr_line' id='line_1_73' title="bbox 1075 183 1936 231; baseline 0.005 -14"><span class='ocrx_word' id='word_1_490' title='bbox 1075 195 1162 225; x_wconf 80' lang='lat' dir='ltr'>mur,</span> <span class='ocrx_word' id='word_1_491' title='bbox 1187 186 1240 217; x_wconf 82' lang='lat' dir='ltr'>ubi</span> <span class='ocrx_word' id='word_1_492' title='bbox 1261 184 1462 228; x_wconf 84' lang='lat' dir='ltr'>reprobatum</span> <span class='ocrx_word' id='word_1_493' title='bbox 1486 195 1551 217; x_wconf 83' lang='lat' dir='ltr'>non</span> <span class='ocrx_word' id='word_1_494' title='bbox 1572 183 1626 217; x_wconf 88' lang='lat' dir='ltr'>est.</span> <span class='ocrx_word' id='word_1_495' title='bbox 1671 184 1716 217; x_wconf 88' lang='lat' dir='ltr'>Et</span> <span class='ocrx_word' id='word_1_496' title='bbox 1738 185 1782 218; x_wconf 86' lang='lat' dir='ltr'>ita</span> <span class='ocrx_word' id='word_1_497' title='bbox 1807 185 1936 231; x_wconf 67' lang='lat' dir='ltr'>quoqird</span> 
     </span>
     <span class='ocr_line' id='line_1_74' title="bbox 1075 225 1934 272; baseline 0.002 -14"><span class='ocrx_word' id='word_1_498' title='bbox 1075 227 1242 268; x_wconf 81' lang='lat' dir='ltr'>deinceps,</span> <span class='ocrx_word' id='word_1_499' title='bbox 1264 228 1315 258; x_wconf 79' lang='lat' dir='ltr'>vel</span> <span class='ocrx_word' id='word_1_500' title='bbox 1339 235 1379 272; x_wconf 65' lang='lat' dir='ltr'>erg</span> <span class='ocrx_word' id='word_1_501' title='bbox 1402 235 1525 266; x_wconf 89' lang='lat' dir='ltr'>errore,</span> <span class='ocrx_word' id='word_1_502' title='bbox 1550 227 1604 268; x_wconf 90' lang='lat' dir='ltr'>qui</span> <span class='ocrx_word' id='word_1_503' title='bbox 1627 235 1690 258; x_wconf 90' lang='lat' dir='ltr'>non</span> <span class='ocrx_word' id='word_1_504' title='bbox 1711 225 1803 259; x_wconf 89' lang='lat' dir='ltr'>semel</span> <span class='ocrx_word' id='word_1_505' title='bbox 1821 228 1869 268; x_wconf 84' lang='lat' dir='ltr'>jus</span> <span class='ocrx_word' id='word_1_506' title='bbox 1887 229 1934 263; x_wconf 52' lang='lat' dir='ltr'>faa</span> 
     </span>
     <span class='ocr_line' id='line_1_75' title="bbox 1077 267 1936 306; baseline 0.003 -7"><span class='ocrx_word' id='word_1_507' title='bbox 1077 269 1141 306; x_wconf 94' lang='lat' dir='ltr'>cit,</span> <span class='ocrx_word' id='word_1_508' title='bbox 1163 269 1215 300; x_wconf 80' lang='lat' dir='ltr'>vel</span> <span class='ocrx_word' id='word_1_509' title='bbox 1237 278 1277 299; x_wconf 80' lang='lat' dir='ltr'>ex</span> <span class='ocrx_word' id='word_1_510' title='bbox 1295 268 1522 299; x_wconf 81' lang='lat' dir='ltr'>coniuctudine</span> <span class='ocrx_word' id='word_1_511' title='bbox 1552 268 1646 299; x_wconf 88' lang='lat' dir='ltr'>etiam</span> <span class='ocrx_word' id='word_1_512' title='bbox 1668 267 1707 298; x_wconf 86' lang='lat' dir='ltr'>ad</span> <span class='ocrx_word' id='word_1_513' title='bbox 1730 268 1847 301; x_wconf 72' lang='lat' dir='ltr'>caussas</span> <span class='ocrx_word' id='word_1_514' title='bbox 1867 275 1936 305; x_wconf 62' lang='lat' dir='ltr'>non</span> 
     </span>
     <span class='ocr_line' id='line_1_76' title="bbox 1077 307 1942 352; baseline 0.003 -12"><span class='ocrx_word' id='word_1_515' title='bbox 1077 308 1270 340; x_wconf 85' lang='lat' dir='ltr'>Rhodienses</span> <span class='ocrx_word' id='word_1_516' title='bbox 1289 309 1389 348; x_wconf 85' lang='lat' dir='ltr'>Leges</span> <span class='ocrx_word' id='word_1_517' title='bbox 1407 308 1539 340; x_wconf 86' lang='lat' dir='ltr'>Rhodiae</span> <span class='ocrx_word' id='word_1_518' title='bbox 1559 317 1733 350; x_wconf 87' lang='lat' dir='ltr'>potuerunt</span> <span class='ocrx_word' id='word_1_519' title='bbox 1753 307 1845 341; x_wconf 78' lang='lat' dir='ltr'>fuisse</span> <span class='ocrx_word' id='word_1_520' title='bbox 1861 313 1942 352; x_wconf 34' lang='lat' dir='ltr'>pot-³*</span> 
     </span>
     <span class='ocr_line' id='line_1_77' title="bbox 1077 348 1936 422; baseline -0.003 -41"><span class='ocrx_word' id='word_1_521' title='bbox 1077 350 1188 389; x_wconf 70' lang='lat' dir='ltr'>reetae;</span> <span class='ocrx_word' id='word_1_522' title='bbox 1210 351 1370 422; x_wconf 42' lang='lat' dir='ltr'>{uomodo</span> <span class='ocrx_word' id='word_1_523' title='bbox 1395 348 1527 380; x_wconf 83' lang='lat' dir='ltr'>fortasse</span> <span class='ocrx_word' id='word_1_524' title='bbox 1559 349 1733 390; x_wconf 82' lang='lat' dir='ltr'>accipiendi</span> <span class='ocrx_word' id='word_1_525' title='bbox 1756 348 1936 384; x_wconf 64' lang='lat' dir='ltr'>Harmenuu</span> 
     </span>
     <span class='ocr_line' id='line_1_78' title="bbox 1077 390 1938 431; baseline 0.006 -10"><span class='ocrx_word' id='word_1_526' title='bbox 1077 391 1187 431; x_wconf 71' lang='lat' dir='ltr'>pultis,</span> <span class='ocrx_word' id='word_1_527' title='bbox 1247 392 1369 423; x_wconf 88' lang='lat' dir='ltr'>ocimus</span> <span class='ocrx_word' id='word_1_528' title='bbox 1387 390 1418 421; x_wconf 72' lang='grc' dir='ltr'>δι</span> <span class='ocrx_word' id='word_1_529' title='bbox 1443 390 1616 429; x_wconf 84' lang='lat' dir='ltr'>Attaliata,</span> <span class='ocrx_word' id='word_1_530' title='bbox 1646 398 1726 431; x_wconf 89' lang='lat' dir='ltr'>quos</span> <span class='ocrx_word' id='word_1_531' title='bbox 1747 393 1938 426; x_wconf 60' lang='lat' dir='ltr'>memoravie</span> 
     </span>
     <span class='ocr_line' id='line_1_79' title="bbox 1078 431 1940 475; baseline 0.005 -13"><span class='ocrx_word' id='word_1_532' title='bbox 1078 440 1146 462; x_wconf 76' lang='lat' dir='ltr'>mus</span> <span class='ocrx_word' id='word_1_533' title='bbox 1173 433 1203 464; x_wconf 88' lang='lat' dir='ltr'>in</span> <span class='ocrx_word' id='word_1_534' title='bbox 1229 435 1326 472; x_wconf 73' lang='lat' dir='ltr'>princ.</span> <span class='ocrx_word' id='word_1_535' title='bbox 1358 432 1388 462; x_wconf 57' lang='lat' dir='ltr'>hi</span> <span class='ocrx_word' id='word_1_536' title='bbox 1415 431 1484 471; x_wconf 82' lang='lat' dir='ltr'>Cap.</span> <span class='ocrx_word' id='word_1_537' title='bbox 1531 432 1650 463; x_wconf 89' lang='lat' dir='ltr'>veteris</span> <span class='ocrx_word' id='word_1_538' title='bbox 1671 432 1760 466; x_wconf 80' lang='lat' dir='ltr'>enim</span> <span class='ocrx_word' id='word_1_539' title='bbox 1783 432 1940 475; x_wconf 72' lang='lat' dir='ltr'>jurisprutr</span> 
     </span>
     <span class='ocr_line' id='line_1_80' title="bbox 1077 472 1940 516; baseline 0.005 -13"><span class='ocrx_word' id='word_1_540' title='bbox 1077 472 1192 505; x_wconf 85' lang='lat' dir='ltr'>dentiae</span> <span class='ocrx_word' id='word_1_541' title='bbox 1217 482 1360 514; x_wconf 84' lang='lat' dir='ltr'>tempore</span> <span class='ocrx_word' id='word_1_542' title='bbox 1385 472 1416 503; x_wconf 86' lang='lat' dir='ltr'>id</span> <span class='ocrx_word' id='word_1_543' title='bbox 1439 474 1482 504; x_wconf 83' lang='lat' dir='ltr'>ita</span> <span class='ocrx_word' id='word_1_544' title='bbox 1500 472 1531 505; x_wconf 87' lang='lat' dir='ltr'>se</span> <span class='ocrx_word' id='word_1_545' title='bbox 1563 472 1701 505; x_wconf 83' lang='lat' dir='ltr'>habuiil&#39;e</span> <span class='ocrx_word' id='word_1_546' title='bbox 1724 472 1853 506; x_wconf 88' lang='lat' dir='ltr'>difficile</span> <span class='ocrx_word' id='word_1_547' title='bbox 1868 473 1940 516; x_wconf 63' lang='lat' dir='ltr'>est}</span> 
     </span>
     <span class='ocr_line' id='line_1_81' title="bbox 1078 514 1940 555; baseline 0.003 -11"><span class='ocrx_word' id='word_1_548' title='bbox 1078 521 1113 544; x_wconf 86' lang='lat' dir='ltr'>ut</span> <span class='ocrx_word' id='word_1_549' title='bbox 1128 514 1271 545; x_wconf 86' lang='lat' dir='ltr'>videatur</span> <span class='ocrx_word' id='word_1_550' title='bbox 1289 520 1417 555; x_wconf 84' lang='lat' dir='ltr'>propter</span> <span class='ocrx_word' id='word_1_551' title='bbox 1434 522 1468 544; x_wconf 83' lang='lat' dir='ltr'>ea</span> <span class='ocrx_word' id='word_1_552' title='bbox 1479 536 1491 552; x_wconf 92' lang='lat'>,</span> <span class='ocrx_word' id='word_1_553' title='bbox 1514 524 1583 555; x_wconf 84' lang='lat' dir='ltr'>quae</span> <span class='ocrx_word' id='word_1_554' title='bbox 1600 514 1754 546; x_wconf 74' lang='lat' dir='ltr'>diximus.v</span> <span class='ocrx_word' id='word_1_555' title='bbox 1933 521 1940 541; x_wconf 70' lang='grc' dir='ltr'>ί</span> 
     </span>
     <span class='ocr_line' id='line_1_82' title="bbox 1119 555 1938 596; baseline 0.004 -10"><span class='ocrx_word' id='word_1_556' title='bbox 1119 555 1180 586; x_wconf 84' lang='lat' dir='ltr'>Sed</span> <span class='ocrx_word' id='word_1_557' title='bbox 1205 555 1357 596; x_wconf 85' lang='lat' dir='ltr'>quicquid</span> <span class='ocrx_word' id='word_1_558' title='bbox 1385 555 1450 594; x_wconf 85' lang='lat' dir='ltr'>ejus</span> <span class='ocrx_word' id='word_1_559' title='bbox 1474 556 1518 587; x_wconf 90' lang='lat' dir='ltr'>rei</span> <span class='ocrx_word' id='word_1_560' title='bbox 1551 555 1609 594; x_wconf 79' lang='lat' dir='ltr'>fit,</span> <span class='ocrx_word' id='word_1_561' title='bbox 1633 556 1695 587; x_wconf 88' lang='lat' dir='ltr'>hoc</span> <span class='ocrx_word' id='word_1_562' title='bbox 1721 564 1843 588; x_wconf 89' lang='lat' dir='ltr'>certum</span> <span class='ocrx_word' id='word_1_563' title='bbox 1870 555 1938 596; x_wconf 53' lang='lat' dir='ltr'>est,</span> 
     </span>
     <span class='ocr_line' id='line_1_83' title="bbox 1078 595 1972 639; baseline 0.004 -13"><span class='ocrx_word' id='word_1_564' title='bbox 1078 595 1165 636; x_wconf 73' lang='lat' dir='ltr'>poss&#39;e</span> <span class='ocrx_word' id='word_1_565' title='bbox 1193 605 1250 628; x_wconf 87' lang='lat' dir='ltr'>nos</span> <span class='ocrx_word' id='word_1_566' title='bbox 1273 603 1344 627; x_wconf 87' lang='lat' dir='ltr'>tuto</span> <span class='ocrx_word' id='word_1_567' title='bbox 1361 604 1466 626; x_wconf 86' lang='lat' dir='ltr'>carere</span> <span class='ocrx_word' id='word_1_568' title='bbox 1489 595 1725 637; x_wconf 72' lang='lat' dir='ltr'>Legibustillis,</span> <span class='ocrx_word' id='word_1_569' title='bbox 1749 607 1826 639; x_wconf 88' lang='lat' dir='ltr'>quas</span> <span class='ocrx_word' id='word_1_570' title='bbox 1843 597 1939 630; x_wconf 68' lang='lat' dir='ltr'>hodie</span> <span class='ocrx_word' id='word_1_571' title='bbox 1969 635 1972 637; x_wconf 49' lang='grc'><em>,</em></span> 
     </span>
     <span class='ocr_line' id='line_1_84' title="bbox 1078 633 1973 676; baseline 0.004 -9"><span class='ocrx_word' id='word_1_572' title='bbox 1078 637 1247 676; x_wconf 84' lang='lat' dir='ltr'>habemus,</span> <span class='ocrx_word' id='word_1_573' title='bbox 1272 636 1468 668; x_wconf 83' lang='lat' dir='ltr'>Rhodiorum</span> <span class='ocrx_word' id='word_1_574' title='bbox 1493 638 1652 676; x_wconf 81' lang='lat' dir='ltr'>nauticis,</span> <span class='ocrx_word' id='word_1_575' title='bbox 1683 638 1713 670; x_wconf 70' lang='grc' dir='ltr'>δε</span> <span class='ocrx_word' id='word_1_576' title='bbox 1745 647 1816 670; x_wconf 89' lang='lat' dir='ltr'>tuto</span> <span class='ocrx_word' id='word_1_577' title='bbox 1843 633 1940 671; x_wconf 74' lang='lat' dir='ltr'>etiard</span> <span class='ocrx_word' id='word_1_578' title='bbox 1972 656 1973 659; x_wconf 65' lang='lat'><em>=</em></span> 
     </span>
     <span class='ocr_line' id='line_1_85' title="bbox 1078 676 1967 721; baseline 0.004 -13"><span class='ocrx_word' id='word_1_579' title='bbox 1078 676 1208 709; x_wconf 80' lang='lat' dir='ltr'>caruiss&#39;e</span> <span class='ocrx_word' id='word_1_580' title='bbox 1233 678 1405 709; x_wconf 85' lang='lat' dir='ltr'>Romanos.</span> <span class='ocrx_word' id='word_1_581' title='bbox 1449 677 1519 718; x_wconf 83' lang='lat' dir='ltr'>Ego</span> <span class='ocrx_word' id='word_1_582' title='bbox 1544 679 1642 710; x_wconf 85' lang='lat' dir='ltr'>nolim</span> <span class='ocrx_word' id='word_1_583' title='bbox 1668 679 1704 711; x_wconf 91' lang='lat' dir='ltr'>ad</span> <span class='ocrx_word' id='word_1_584' title='bbox 1731 688 1781 711; x_wconf 89' lang='lat' dir='ltr'>eas</span> <span class='ocrx_word' id='word_1_585' title='bbox 1806 679 1942 721; x_wconf 72' lang='lat' dir='ltr'>amplius</span> <span class='ocrx_word' id='word_1_586' title='bbox 1963 694 1967 699; x_wconf 95' lang='lat'><em>·</em></span> 
     </span>
     <span class='ocr_line' id='line_1_86' title="bbox 1077 717 1970 761; baseline 0.003 -11"><span class='ocrx_word' id='word_1_587' title='bbox 1077 718 1298 757; x_wconf 67' lang='lat' dir='ltr'>nauseare,&amp;</span> <span class='ocrx_word' id='word_1_588' title='bbox 1324 717 1496 757; x_wconf 88' lang='lat' dir='ltr'>sciscitari,</span> <span class='ocrx_word' id='word_1_589' title='bbox 1521 728 1616 760; x_wconf 81' lang='lat' dir='ltr'>ecqua</span> <span class='ocrx_word' id='word_1_590' title='bbox 1648 721 1773 761; x_wconf 82' lang='lat' dir='ltr'>propria</span> <span class='ocrx_word' id='word_1_591' title='bbox 1804 721 1871 753; x_wconf 88' lang='lat' dir='ltr'><strong>Lex</strong></span> <span class='ocrx_word' id='word_1_592' title='bbox 1902 719 1970 753; x_wconf 55' lang='lat' dir='ltr'>fit*</span> 
     </span>
     <span class='ocr_line' id='line_1_87' title="bbox 1077 758 1974 802; baseline 0.004 -11"><span class='ocrx_word' id='word_1_593' title='bbox 1077 761 1108 791; x_wconf 89' lang='lat' dir='ltr'>in</span> <span class='ocrx_word' id='word_1_594' title='bbox 1126 760 1179 790; x_wconf 86' lang='lat' dir='ltr'>illa</span> <span class='ocrx_word' id='word_1_595' title='bbox 1196 759 1371 800; x_wconf 85' lang='lat' dir='ltr'>farragine,</span> <span class='ocrx_word' id='word_1_596' title='bbox 1395 758 1563 790; x_wconf 84' lang='lat' dir='ltr'>secundum</span> <span class='ocrx_word' id='word_1_597' title='bbox 1580 759 1782 800; x_wconf 35' lang='lat' dir='ltr'>quamacausa</span> <span class='ocrx_word' id='word_1_598' title='bbox 1807 760 1943 802; x_wconf 69' lang='lat' dir='ltr'>praesens</span> <span class='ocrx_word' id='word_1_599' title='bbox 1957 759 1974 795; x_wconf 71' lang='grc' dir='ltr'>*Ί</span> 
     </span>
     <span class='ocr_line' id='line_1_88' title="bbox 1077 800 1940 844; baseline 0.005 -13"><span class='ocrx_word' id='word_1_600' title='bbox 1077 801 1208 842; x_wconf 84' lang='lat' dir='ltr'>judicari</span> <span class='ocrx_word' id='word_1_601' title='bbox 1238 800 1434 841; x_wconf 74' lang='lat' dir='ltr'>oporteret?</span> <span class='ocrx_word' id='word_1_602' title='bbox 1459 800 1592 840; x_wconf 87' lang='lat' dir='ltr'>primum</span> <span class='ocrx_word' id='word_1_603' title='bbox 1619 801 1786 842; x_wconf 50' lang='lat' dir='ltr'>Capitulum</span> <span class='ocrx_word' id='word_1_604' title='bbox 1808 811 1849 833; x_wconf 91' lang='lat' dir='ltr'>eo</span> <span class='ocrx_word' id='word_1_605' title='bbox 1874 803 1940 844; x_wconf 75' lang='lat' dir='ltr'>qui:</span> 
     </span>
     <span class='ocr_line' id='line_1_89' title="bbox 1080 841 1977 876; baseline 0.001 -3"><span class='ocrx_word' id='word_1_606' title='bbox 1080 843 1150 873; x_wconf 81' lang='lat' dir='ltr'>dein</span> <span class='ocrx_word' id='word_1_607' title='bbox 1176 841 1325 873; x_wconf 77' lang='lat' dir='ltr'>transfert</span> <span class='ocrx_word' id='word_1_608' title='bbox 1358 841 1515 873; x_wconf 89' lang='lat' dir='ltr'>Antonius</span> <span class='ocrx_word' id='word_1_609' title='bbox 1539 841 1727 874; x_wconf 75' lang='lat' dir='ltr'>Mor-nacius</span> <span class='ocrx_word' id='word_1_610' title='bbox 1751 843 1788 874; x_wconf 85' lang='lat' dir='ltr'>ad</span> <span class='ocrx_word' id='word_1_611' title='bbox 1811 843 1841 875; x_wconf 81' lang='lat' dir='ltr'>h.</span> <span class='ocrx_word' id='word_1_612' title='bbox 1865 843 1887 875; x_wconf 85' lang='lat' dir='ltr'>l.</span> <span class='ocrx_word' id='word_1_613' title='bbox 1906 849 1942 876; x_wconf 73' lang='lat' dir='ltr'>at</span> <span class='ocrx_word' id='word_1_614' title='bbox 1967 854 1977 874; x_wconf 83' lang='lat'>:-</span> 
     </span>
     <span class='ocr_line' id='line_1_90' title="bbox 1080 882 1972 924; baseline 0.003 -10"><span class='ocrx_word' id='word_1_615' title='bbox 1080 882 1162 916; x_wconf 83' lang='lat' dir='ltr'>illud</span> <span class='ocrx_word' id='word_1_616' title='bbox 1181 892 1275 923; x_wconf 89' lang='lat' dir='ltr'>quum</span> <span class='ocrx_word' id='word_1_617' title='bbox 1301 882 1339 913; x_wconf 90' lang='lat' dir='ltr'>de</span> <span class='ocrx_word' id='word_1_618' title='bbox 1365 891 1471 923; x_wconf 81' lang='lat' dir='ltr'>rapina</span> <span class='ocrx_word' id='word_1_619' title='bbox 1502 882 1706 914; x_wconf 81' lang='lat' dir='ltr'>anchorarum</span> <span class='ocrx_word' id='word_1_620' title='bbox 1734 891 1805 924; x_wconf 86' lang='lat' dir='ltr'>agat</span> <span class='ocrx_word' id='word_1_621' title='bbox 1821 907 1831 924; x_wconf 92' lang='lat'>‚</span> <span class='ocrx_word' id='word_1_622' title='bbox 1862 884 1972 920; x_wconf 60' lang='lat' dir='ltr'>hauet:</span> 
     </span>
     <span class='ocr_line' id='line_1_91' title="bbox 1081 922 1978 965; baseline 0.004 -10"><span class='ocrx_word' id='word_1_623' title='bbox 1081 923 1171 963; x_wconf 69' lang='lat' dir='ltr'>scio,</span> <span class='ocrx_word' id='word_1_624' title='bbox 1208 934 1246 955; x_wconf 90' lang='lat' dir='ltr'>an</span> <span class='ocrx_word' id='word_1_625' title='bbox 1275 923 1366 956; x_wconf 64' lang='lat' dir='ltr'>reete.</span> <span class='ocrx_word' id='word_1_626' title='bbox 1413 922 1588 965; x_wconf 85' lang='lat' dir='ltr'>Naufragio</span> <span class='ocrx_word' id='word_1_627' title='bbox 1607 923 1691 956; x_wconf 78' lang='lat' dir='ltr'>fatto</span> <span class='ocrx_word' id='word_1_628' title='bbox 1721 925 1776 956; x_wconf 89' lang='lat' dir='ltr'>vix</span> <span class='ocrx_word' id='word_1_629' title='bbox 1807 924 1877 965; x_wconf 85' lang='lat' dir='ltr'>est,</span> <span class='ocrx_word' id='word_1_630' title='bbox 1906 930 1943 959; x_wconf 69' lang='lat' dir='ltr'>ut</span> <span class='ocrx_word' id='word_1_631' title='bbox 1974 944 1978 951; x_wconf 77' lang='lat'>=</span> 
     </span>
     <span class='ocr_line' id='line_1_92' title="bbox 1081 964 1970 1005; baseline 0.004 -9"><span class='ocrx_word' id='word_1_632' title='bbox 1081 966 1215 1005; x_wconf 81' lang='lat' dir='ltr'>querelae</span> <span class='ocrx_word' id='word_1_633' title='bbox 1232 965 1272 996; x_wconf 87' lang='lat' dir='ltr'>de</span> <span class='ocrx_word' id='word_1_634' title='bbox 1294 965 1425 1005; x_wconf 84' lang='lat' dir='ltr'>direptis</span> <span class='ocrx_word' id='word_1_635' title='bbox 1441 966 1587 997; x_wconf 84' lang='lat' dir='ltr'>anchoris</span> <span class='ocrx_word' id='word_1_636' title='bbox 1605 966 1643 998; x_wconf 90' lang='lat' dir='ltr'>fit</span> <span class='ocrx_word' id='word_1_637' title='bbox 1663 966 1751 997; x_wconf 91' lang='lat' dir='ltr'>locus</span> <span class='ocrx_word' id='word_1_638' title='bbox 1761 986 1776 1005; x_wconf 65' lang='lat'>,›</span> <span class='ocrx_word' id='word_1_639' title='bbox 1793 964 1843 998; x_wconf 90' lang='lat' dir='ltr'>sed</span> <span class='ocrx_word' id='word_1_640' title='bbox 1867 975 1943 1000; x_wconf 75' lang='lat' dir='ltr'>tunc</span> <span class='ocrx_word' id='word_1_641' title='bbox 1964 971 1970 979; x_wconf 83' lang='lat'><em>&#39;</em></span> 
     </span>
     <span class='ocr_line' id='line_1_93' title="bbox 1081 1007 1965 1045; baseline 0.003 -12"><span class='ocrx_word' id='word_1_642' title='bbox 1081 1007 1205 1038; x_wconf 80' lang='lat' dir='ltr'>demum</span> <span class='ocrx_word' id='word_1_643' title='bbox 1223 1029 1234 1044; x_wconf 78' lang='lat'><em>2</em></span> <span class='ocrx_word' id='word_1_644' title='bbox 1265 1008 1305 1036; x_wconf 65' lang='grc' dir='ltr'>ἐὰν</span> <span class='ocrx_word' id='word_1_645' title='bbox 1329 1010 1418 1035; x_wconf 66' lang='grc' dir='ltr'>πᾏοῖον</span> <span class='ocrx_word' id='word_1_646' title='bbox 1441 1011 1510 1045; x_wconf 65' lang='grc' dir='ltr'>ὀξμςί</span> <span class='ocrx_word' id='word_1_647' title='bbox 1535 1011 1574 1035; x_wconf 74' lang='grc' dir='ltr'>ἐπι</span> <span class='ocrx_word' id='word_1_648' title='bbox 1593 1008 1684 1042; x_wconf 41' lang='grc' dir='ltr'>λιμένι</span> <span class='ocrx_word' id='word_1_649' title='bbox 1706 1012 1719 1039; x_wconf 64' lang='grc' dir='ltr'><strong>ἡ</strong></span> <span class='ocrx_word' id='word_1_650' title='bbox 1743 1014 1768 1036; x_wconf 58' lang='grc' dir='ltr'>ολ</span> <span class='ocrx_word' id='word_1_651' title='bbox 1798 1009 1884 1045; x_wconf 61' lang='lat' dir='ltr'>dal-i,</span> <span class='ocrx_word' id='word_1_652' title='bbox 1908 1012 1965 1041; x_wconf 60' lang='lat' dir='ltr'>m</span> 
     </span>
     <span class='ocr_line' id='line_1_94' title="bbox 1081 1047 1955 1088; baseline 0.006 -10"><span class='ocrx_word' id='word_1_653' title='bbox 1081 1047 1239 1079; x_wconf 83' lang='lat' dir='ltr'>balbutire</span> <span class='ocrx_word' id='word_1_654' title='bbox 1264 1047 1478 1088; x_wconf 77' lang='lat' dir='ltr'>incipitillud</span> <span class='ocrx_word' id='word_1_655' title='bbox 1519 1048 1697 1088; x_wconf 76' lang='lat' dir='ltr'>Capitulum.</span> <span class='ocrx_word' id='word_1_656' title='bbox 1743 1048 1819 1082; x_wconf 90' lang='lat' dir='ltr'>Non</span> <span class='ocrx_word' id='word_1_657' title='bbox 1848 1058 1955 1083; x_wconf 51' lang='lat' dir='ltr'>unum¹</span> 
     </span>
     <span class='ocr_line' id='line_1_95' title="bbox 1081 1088 1944 1130; baseline 0.005 -11"><span class='ocrx_word' id='word_1_658' title='bbox 1081 1088 1126 1120; x_wconf 85' lang='lat' dir='ltr'>est</span> <span class='ocrx_word' id='word_1_659' title='bbox 1140 1089 1332 1128; x_wconf 87' lang='lat' dir='ltr'>direptionis</span> <span class='ocrx_word' id='word_1_660' title='bbox 1358 1098 1474 1129; x_wconf 85' lang='lat' dir='ltr'>genus,</span> <span class='ocrx_word' id='word_1_661' title='bbox 1498 1090 1537 1121; x_wconf 89' lang='lat' dir='ltr'>de</span> <span class='ocrx_word' id='word_1_662' title='bbox 1562 1099 1626 1130; x_wconf 88' lang='lat' dir='ltr'>quo</span> <span class='ocrx_word' id='word_1_663' title='bbox 1648 1098 1750 1122; x_wconf 86' lang='lat' dir='ltr'>autem</span> <span class='ocrx_word' id='word_1_664' title='bbox 1771 1091 1944 1127; x_wconf 63' lang='lat' dir='ltr'>Eudaemon</span> 
     </span>
     <span class='ocr_line' id='line_1_96' title="bbox 1083 1130 1946 1171; baseline 0.005 -11"><span class='ocrx_word' id='word_1_665' title='bbox 1083 1130 1270 1171; x_wconf 85' lang='lat' dir='ltr'>conquestus</span> <span class='ocrx_word' id='word_1_666' title='bbox 1297 1130 1332 1162; x_wconf 85' lang='lat' dir='ltr'>fit</span> <span class='ocrx_word' id='word_1_667' title='bbox 1346 1153 1356 1169; x_wconf 92' lang='lat'>,</span> <span class='ocrx_word' id='word_1_668' title='bbox 1380 1139 1452 1161; x_wconf 88' lang='lat' dir='ltr'>cum</span> <span class='ocrx_word' id='word_1_669' title='bbox 1477 1130 1668 1169; x_wconf 74' lang='lat' dir='ltr'>nesciamus,</span> <span class='ocrx_word' id='word_1_670' title='bbox 1694 1132 1737 1162; x_wconf 88' lang='lat' dir='ltr'>uti</span> <span class='ocrx_word' id='word_1_671' title='bbox 1759 1131 1848 1171; x_wconf 76' lang='lat' dir='ltr'>supra</span> <span class='ocrx_word' id='word_1_672' title='bbox 1863 1132 1946 1164; x_wconf 58' lang='lat' dir='ltr'>dicet</span> 
     </span>
     <span class='ocr_line' id='line_1_97' title="bbox 1085 1172 1966 1214; baseline 0.005 -12"><span class='ocrx_word' id='word_1_673' title='bbox 1085 1175 1118 1203; x_wconf 75' lang='lat' dir='ltr'>re</span> <span class='ocrx_word' id='word_1_674' title='bbox 1136 1181 1193 1203; x_wconf 89' lang='lat' dir='ltr'>nos</span> <span class='ocrx_word' id='word_1_675' title='bbox 1210 1172 1429 1210; x_wconf 83' lang='lat' dir='ltr'>meminimus,</span> <span class='ocrx_word' id='word_1_676' title='bbox 1447 1172 1477 1204; x_wconf 91' lang='lat' dir='ltr'>in</span> <span class='ocrx_word' id='word_1_677' title='bbox 1494 1181 1559 1203; x_wconf 87' lang='lat' dir='ltr'>eam</span> <span class='ocrx_word' id='word_1_678' title='bbox 1579 1172 1731 1213; x_wconf 58' lang='lat' dir='ltr'>praecise,-</span> <span class='ocrx_word' id='word_1_679' title='bbox 1745 1183 1813 1214; x_wconf 67' lang='lat' dir='ltr'>quae</span> <span class='ocrx_word' id='word_1_680' title='bbox 1831 1174 1860 1204; x_wconf 81' lang='lat' dir='ltr'>id</span> <span class='ocrx_word' id='word_1_681' title='bbox 1879 1184 1947 1206; x_wconf 59' lang='lat' dir='ltr'>vanu</span> <span class='ocrx_word' id='word_1_682' title='bbox 1964 1175 1966 1177; x_wconf 71' lang='grc'><strong><em>’</em></strong></span> 
     </span>
     <span class='ocr_line' id='line_1_98' title="bbox 1086 1212 1975 1254; baseline 0.007 -11"><span class='ocrx_word' id='word_1_683' title='bbox 1086 1212 1237 1251; x_wconf 69' lang='lat' dir='ltr'>tlic&#39;ass&#39;et,</span> <span class='ocrx_word' id='word_1_684' title='bbox 1261 1213 1361 1253; x_wconf 85' lang='lat' dir='ltr'>legem</span> <span class='ocrx_word' id='word_1_685' title='bbox 1395 1213 1446 1244; x_wconf 86' lang='lat' dir='ltr'>vei</span> <span class='ocrx_word' id='word_1_686' title='bbox 1471 1214 1550 1254; x_wconf 84' lang='lat' dir='ltr'>legis</span> <span class='ocrx_word' id='word_1_687' title='bbox 1575 1215 1681 1254; x_wconf 85' lang='lat' dir='ltr'>potius</span> <span class='ocrx_word' id='word_1_688' title='bbox 1713 1215 1804 1247; x_wconf 73' lang='lat' dir='ltr'>inune</span> <span class='ocrx_word' id='word_1_689' title='bbox 1829 1218 1950 1249; x_wconf 60' lang='lat' dir='ltr'>nomen*</span> <span class='ocrx_word' id='word_1_690' title='bbox 1974 1229 1975 1232; x_wconf 46' lang='lat'>¹</span> 
     </span>
     <span class='ocr_line' id='line_1_99' title="bbox 1085 1252 1943 1295; baseline 0.002 -10"><span class='ocrx_word' id='word_1_691' title='bbox 1085 1252 1200 1285; x_wconf 81' lang='lat' dir='ltr'>frustra</span> <span class='ocrx_word' id='word_1_692' title='bbox 1216 1254 1419 1295; x_wconf 62' lang='lat' dir='ltr'>inquirimus:</span> <span class='ocrx_word' id='word_1_693' title='bbox 1937 1265 1943 1271; x_wconf 86' lang='lat'><strong>·</strong></span> 
     </span>
    </p>
   </div>
   <div class='ocr_carea' id='block_1_10' title="bbox 1595 1462 1892 1529">
    <p class='ocr_par' dir='ltr' id='par_1_10' title="bbox 1595 1460 1939 1531">
     <span class='ocr_line' id='line_1_100' title="bbox 1595 1462 1892 1529; baseline 0.015 -14"><span class='ocrx_word' id='word_1_694' title='bbox 1595 1474 1620 1526; x_wconf 58' lang='lat' dir='ltr'>a</span> <span class='ocrx_word' id='word_1_695' title='bbox 1651 1473 1666 1515; x_wconf 74' lang='grc' dir='ltr'><strong>ὅ</strong></span> <span class='ocrx_word' id='word_1_696' title='bbox 1694 1462 1892 1529; x_wconf 57' lang='lat' dir='ltr'>satum-2·</span> 
     </span>
    </p>
   </div>
   <div class='ocr_carea' id='block_1_11' title="bbox 1079 1598 1959 1678">
    <p class='ocr_par' dir='ltr' id='par_1_11' title="bbox 1079 1598 1959 1678">
     <span class='ocr_line' id='line_1_101' title="bbox 1079 1598 1959 1678; baseline 0.002 -24"><span class='ocrx_word' id='word_1_697' title='bbox 1079 1618 1160 1654; x_wconf 39' lang='lat' dir='ltr'><em>‘Hoc</em></span> <span class='ocrx_word' id='word_1_698' title='bbox 1186 1618 1268 1654; x_wconf 83' lang='lat' dir='ltr'>idem</span> <span class='ocrx_word' id='word_1_699' title='bbox 1288 1617 1399 1653; x_wconf 82' lang='lat' dir='ltr'>Divus</span> <span class='ocrx_word' id='word_1_700' title='bbox 1423 1629 1538 1665; x_wconf 74' lang='lat' dir='ltr'>quoque</span> <span class='ocrx_word' id='word_1_701' title='bbox 1562 1607 1725 1665; x_wconf 66' lang='lat' dir='ltr'>Augustus</span> <span class='ocrx_word' id='word_1_702' title='bbox 1743 1607 1939 1678; x_wconf 24' lang='lat' dir='ltr'>judicavit&amp;</span> <span class='ocrx_word' id='word_1_703' title='bbox 1957 1598 1959 1601; x_wconf 27' lang='grc' dir='ltr'>Ι</span> 
     </span>
    </p>
   </div>
   <div class='ocr_carea' id='block_1_12' title="bbox 1085 1714 1989 3272">
    <p class='ocr_par' dir='ltr' id='par_1_12' title="bbox 1089 1714 1947 1830">
     <span class='ocr_line' id='line_1_102' title="bbox 1089 1714 1946 1758; baseline 0.004 -11"><span class='ocrx_word' id='word_1_704' title='bbox 1089 1714 1226 1748; x_wconf 85' lang='lat' dir='ltr'>Rhodias</span> <span class='ocrx_word' id='word_1_705' title='bbox 1241 1715 1400 1757; x_wconf 90' lang='lat' dir='ltr'>pertinere</span> <span class='ocrx_word' id='word_1_706' title='bbox 1416 1725 1472 1748; x_wconf 89' lang='lat' dir='ltr'>nos</span> <span class='ocrx_word' id='word_1_707' title='bbox 1488 1716 1632 1748; x_wconf 91' lang='lat' dir='ltr'>videmur</span> <span class='ocrx_word' id='word_1_708' title='bbox 1650 1715 1807 1758; x_wconf 76' lang='lat' dir='ltr'>probasse,</span> <span class='ocrx_word' id='word_1_709' title='bbox 1826 1720 1890 1758; x_wconf 81' lang='lat' dir='ltr'>quo</span> <span class='ocrx_word' id='word_1_710' title='bbox 1901 1717 1946 1750; x_wconf 74' lang='lat' dir='ltr'>ita</span> 
     </span>
     <span class='ocr_line' id='line_1_103' title="bbox 1089 1755 1947 1830; baseline 0.003 -42"><span class='ocrx_word' id='word_1_711' title='bbox 1089 1757 1206 1830; x_wconf 49' lang='lat' dir='ltr'>{hoeni</span> <span class='ocrx_word' id='word_1_712' title='bbox 1222 1758 1291 1799; x_wconf 74' lang='lat' dir='ltr'>Jure</span> <span class='ocrx_word' id='word_1_713' title='bbox 1307 1756 1363 1789; x_wconf 88' lang='lat' dir='ltr'>suo</span> <span class='ocrx_word' id='word_1_714' title='bbox 1379 1757 1422 1789; x_wconf 86' lang='lat' dir='ltr'>uti</span> <span class='ocrx_word' id='word_1_715' title='bbox 1434 1767 1496 1790; x_wconf 92' lang='lat' dir='ltr'>non</span> <span class='ocrx_word' id='word_1_716' title='bbox 1512 1758 1686 1800; x_wconf 74' lang='lat' dir='ltr'>potuiss‘ent</span> <span class='ocrx_word' id='word_1_717' title='bbox 1703 1757 1846 1791; x_wconf 84' lang='lat' dir='ltr'>adversus</span> <span class='ocrx_word' id='word_1_718' title='bbox 1861 1755 1947 1800; x_wconf 73' lang='lat' dir='ltr'>leges</span> 
     </span>
     <span class='ocr_line' id='line_1_104' title="bbox 1120 1809 1256 1830; baseline 0 0"><span class='ocrx_word' id='word_1_719' title='bbox 1120 1809 1256 1830; x_wconf 81' lang='lat' dir='ltr'>emanas.</span> 
     </span>
    </p>

    <p class='ocr_par' dir='ltr' id='par_1_13' title="bbox 1085 1829 1973 2947">
     <span class='ocr_line' id='line_1_105' title="bbox 1112 1829 1944 1886; baseline 0.001 -15"><span class='ocrx_word' id='word_1_720' title='bbox 1112 1840 1190 1886; x_wconf 64' lang='lat' dir='ltr'>⁸Sed</span> <span class='ocrx_word' id='word_1_721' title='bbox 1205 1840 1289 1881; x_wconf 91' lang='lat' dir='ltr'>quod</span> <span class='ocrx_word' id='word_1_722' title='bbox 1305 1840 1358 1872; x_wconf 87' lang='lat' dir='ltr'>hic</span> <span class='ocrx_word' id='word_1_723' title='bbox 1381 1840 1445 1880; x_wconf 85' lang='lat' dir='ltr'>ait,</span> <span class='ocrx_word' id='word_1_724' title='bbox 1468 1841 1583 1882; x_wconf 85' lang='lat' dir='ltr'>Legem</span> <span class='ocrx_word' id='word_1_725' title='bbox 1605 1841 1758 1874; x_wconf 80' lang='lat' dir='ltr'>Rhodiam</span> <span class='ocrx_word' id='word_1_726' title='bbox 1773 1829 1944 1881; x_wconf 73' lang='lat' dir='ltr'>cilssodiri‚</span> 
     </span>
     <span class='ocr_line' id='line_1_106' title="bbox 1088 1880 1945 1923; baseline 0.002 -11"><span class='ocrx_word' id='word_1_727' title='bbox 1088 1880 1143 1913; x_wconf 88' lang='lat' dir='ltr'>nifi</span> <span class='ocrx_word' id='word_1_728' title='bbox 1164 1882 1266 1913; x_wconf 83' lang='lat' dir='ltr'>obstet</span> <span class='ocrx_word' id='word_1_729' title='bbox 1287 1882 1447 1923; x_wconf 82' lang='lat' dir='ltr'>Romana,</span> <span class='ocrx_word' id='word_1_730' title='bbox 1473 1883 1691 1915; x_wconf 76' lang='lat' dir='ltr'>difficultatem</span> <span class='ocrx_word' id='word_1_731' title='bbox 1716 1883 1809 1914; x_wconf 89' lang='lat' dir='ltr'>habet</span> <span class='ocrx_word' id='word_1_732' title='bbox 1824 1906 1834 1923; x_wconf 93' lang='lat'>,</span> <span class='ocrx_word' id='word_1_733' title='bbox 1859 1881 1880 1914; x_wconf 84' lang='lat' dir='ltr'>si</span> <span class='ocrx_word' id='word_1_734' title='bbox 1905 1882 1945 1914; x_wconf 89' lang='lat' dir='ltr'>de</span> 
     </span>
     <span class='ocr_line' id='line_1_107' title="bbox 1087 1923 1950 1957; baseline 0.001 -4"><span class='ocrx_word' id='word_1_735' title='bbox 1087 1923 1272 1955; x_wconf 85' lang='lat' dir='ltr'>confirmata</span> <span class='ocrx_word' id='word_1_736' title='bbox 1292 1923 1490 1956; x_wconf 88' lang='lat' dir='ltr'>Rhodiorum</span> <span class='ocrx_word' id='word_1_737' title='bbox 1512 1926 1647 1957; x_wconf 59' lang='grc' dir='ltr'>αιὶπημικ</span> <span class='ocrx_word' id='word_1_738' title='bbox 1668 1925 1750 1956; x_wconf 84' lang='lat' dir='ltr'>hunc</span> <span class='ocrx_word' id='word_1_739' title='bbox 1768 1924 1874 1956; x_wconf 86' lang='lat' dir='ltr'>locum</span> <span class='ocrx_word' id='word_1_740' title='bbox 1895 1928 1950 1954; x_wconf 73' lang='lat' dir='ltr'>ac-&#39;</span> 
     </span>
     <span class='ocr_line' id='line_1_108' title="bbox 1087 1963 1946 2005; baseline 0.002 -10"><span class='ocrx_word' id='word_1_741' title='bbox 1087 1964 1184 2004; x_wconf 87' lang='lat' dir='ltr'>cipias</span> <span class='ocrx_word' id='word_1_742' title='bbox 1207 1974 1248 1995; x_wconf 85' lang='lat' dir='ltr'>ex</span> <span class='ocrx_word' id='word_1_743' title='bbox 1275 1963 1378 1996; x_wconf 85' lang='lat' dir='ltr'>nostra</span> <span class='ocrx_word' id='word_1_744' title='bbox 1401 1966 1598 2005; x_wconf 67' lang='lat' dir='ltr'>conjeftura,</span> <span class='ocrx_word' id='word_1_745' title='bbox 1621 1975 1683 1997; x_wconf 90' lang='lat' dir='ltr'>non</span> <span class='ocrx_word' id='word_1_746' title='bbox 1703 1965 1899 2004; x_wconf 86' lang='lat' dir='ltr'>habiturum,</span> <span class='ocrx_word' id='word_1_747' title='bbox 1923 1963 1946 1997; x_wconf 86' lang='lat' dir='ltr'><strong>fi</strong></span> 
     </span>
     <span class='ocr_line' id='line_1_109' title="bbox 1088 2004 1946 2047; baseline 0 -11"><span class='ocrx_word' id='word_1_748' title='bbox 1088 2014 1128 2036; x_wconf 78' lang='lat' dir='ltr'>ex</span> <span class='ocrx_word' id='word_1_749' title='bbox 1153 2006 1416 2047; x_wconf 80' lang='lat' dir='ltr'>interpretatione</span> <span class='ocrx_word' id='word_1_750' title='bbox 1438 2007 1571 2047; x_wconf 85' lang='lat' dir='ltr'>vulgari.</span> <span class='ocrx_word' id='word_1_751' title='bbox 1615 2005 1761 2047; x_wconf 87' lang='lat' dir='ltr'>Namque</span> <span class='ocrx_word' id='word_1_752' title='bbox 1777 2027 1788 2044; x_wconf 89' lang='lat'>‚</span> <span class='ocrx_word' id='word_1_753' title='bbox 1818 2006 1839 2037; x_wconf 85' lang='lat' dir='ltr'><strong>fi</strong></span> <span class='ocrx_word' id='word_1_754' title='bbox 1864 2004 1946 2037; x_wconf 77' lang='lat' dir='ltr'>hanc</span> 
     </span>
     <span class='ocr_line' id='line_1_110' title="bbox 1089 2046 1943 2087; baseline 0 -10"><span class='ocrx_word' id='word_1_755' title='bbox 1089 2046 1271 2087; x_wconf 85' lang='lat' dir='ltr'>sequamur,</span> <span class='ocrx_word' id='word_1_756' title='bbox 1293 2046 1393 2087; x_wconf 80' lang='lat' dir='ltr'>Leges</span> <span class='ocrx_word' id='word_1_757' title='bbox 1409 2047 1540 2079; x_wconf 86' lang='lat' dir='ltr'>Rhodiae</span> <span class='ocrx_word' id='word_1_758' title='bbox 1558 2047 1684 2079; x_wconf 85' lang='lat' dir='ltr'>navales</span> <span class='ocrx_word' id='word_1_759' title='bbox 1710 2055 1774 2078; x_wconf 91' lang='lat' dir='ltr'>non</span> <span class='ocrx_word' id='word_1_760' title='bbox 1792 2046 1852 2078; x_wconf 84' lang='lat' dir='ltr'>alia</span> <span class='ocrx_word' id='word_1_761' title='bbox 1866 2055 1943 2078; x_wconf 86' lang='lat' dir='ltr'>con-</span> 
     </span>
     <span class='ocr_line' id='line_1_111' title="bbox 1087 2087 1947 2127; baseline 0.001 -9"><span class='ocrx_word' id='word_1_762' title='bbox 1087 2088 1207 2119; x_wconf 87' lang='lat' dir='ltr'>ditione</span> <span class='ocrx_word' id='word_1_763' title='bbox 1225 2087 1395 2119; x_wconf 68' lang='lat' dir='ltr'>transibunt</span> <span class='ocrx_word' id='word_1_764' title='bbox 1413 2088 1443 2118; x_wconf 89' lang='lat' dir='ltr'>in</span> <span class='ocrx_word' id='word_1_765' title='bbox 1461 2089 1510 2127; x_wconf 87' lang='lat' dir='ltr'>jus</span> <span class='ocrx_word' id='word_1_766' title='bbox 1538 2097 1705 2119; x_wconf 90' lang='lat' dir='ltr'>commune</span> <span class='ocrx_word' id='word_1_767' title='bbox 1721 2087 1859 2120; x_wconf 88' lang='lat' dir='ltr'>nominis</span> <span class='ocrx_word' id='word_1_768' title='bbox 1882 2087 1947 2119; x_wconf 84' lang='lat' dir='ltr'>Ro-</span> 
     </span>
     <span class='ocr_line' id='line_1_112' title="bbox 1089 2128 1944 2170; baseline -0.001 -10"><span class='ocrx_word' id='word_1_769' title='bbox 1089 2129 1191 2166; x_wconf 88' lang='lat' dir='ltr'>mani,</span> <span class='ocrx_word' id='word_1_770' title='bbox 1213 2138 1305 2169; x_wconf 85' lang='lat' dir='ltr'>quam</span> <span class='ocrx_word' id='word_1_771' title='bbox 1324 2138 1380 2166; x_wconf 88' lang='lat' dir='ltr'>ea,</span> <span class='ocrx_word' id='word_1_772' title='bbox 1405 2137 1476 2169; x_wconf 85' lang='lat' dir='ltr'>quae</span> <span class='ocrx_word' id='word_1_773' title='bbox 1496 2129 1593 2170; x_wconf 85' lang='lat' dir='ltr'>vulgo</span> <span class='ocrx_word' id='word_1_774' title='bbox 1609 2128 1713 2169; x_wconf 84' lang='lat' dir='ltr'>placet</span> <span class='ocrx_word' id='word_1_775' title='bbox 1738 2129 1769 2159; x_wconf 91' lang='lat' dir='ltr'>in</span> <span class='ocrx_word' id='word_1_776' title='bbox 1791 2128 1944 2169; x_wconf 83' lang='lat' dir='ltr'>recipien-</span> 
     </span>
     <span class='ocr_line' id='line_1_113' title="bbox 1085 2168 1944 2211; baseline -0.002 -9"><span class='ocrx_word' id='word_1_777' title='bbox 1085 2170 1132 2202; x_wconf 89' lang='lat' dir='ltr'>dis</span> <span class='ocrx_word' id='word_1_778' title='bbox 1152 2170 1286 2201; x_wconf 87' lang='lat' dir='ltr'>aliorum</span> <span class='ocrx_word' id='word_1_779' title='bbox 1311 2169 1430 2210; x_wconf 83' lang='lat' dir='ltr'>legibus</span> <span class='ocrx_word' id='word_1_780' title='bbox 1449 2191 1460 2208; x_wconf 89' lang='lat'>,</span> <span class='ocrx_word' id='word_1_781' title='bbox 1493 2171 1524 2202; x_wconf 92' lang='lat' dir='ltr'>ni</span> <span class='ocrx_word' id='word_1_782' title='bbox 1551 2170 1673 2202; x_wconf 89' lang='lat' dir='ltr'>scilicet</span> <span class='ocrx_word' id='word_1_783' title='bbox 1694 2168 1795 2201; x_wconf 82' lang='lat' dir='ltr'>obstet</span> <span class='ocrx_word' id='word_1_784' title='bbox 1818 2169 1869 2201; x_wconf 86' lang='lat' dir='ltr'>lex</span> <span class='ocrx_word' id='word_1_785' title='bbox 1893 2178 1944 2211; x_wconf 83' lang='lat' dir='ltr'>pa·-</span> 
     </span>
     <span class='ocr_line' id='line_1_114' title="bbox 1087 2209 1946 2254; baseline -0.001 -11"><span class='ocrx_word' id='word_1_786' title='bbox 1087 2212 1156 2243; x_wconf 87' lang='lat' dir='ltr'>t1·ia.</span> <span class='ocrx_word' id='word_1_787' title='bbox 1189 2210 1235 2242; x_wconf 89' lang='lat' dir='ltr'>Ita</span> <span class='ocrx_word' id='word_1_788' title='bbox 1252 2220 1309 2242; x_wconf 91' lang='lat' dir='ltr'>nos</span> <span class='ocrx_word' id='word_1_789' title='bbox 1325 2211 1443 2242; x_wconf 87' lang='lat' dir='ltr'>utimur</span> <span class='ocrx_word' id='word_1_790' title='bbox 1456 2210 1528 2251; x_wconf 84' lang='lat' dir='ltr'>Jure</span> <span class='ocrx_word' id='word_1_791' title='bbox 1545 2211 1689 2243; x_wconf 88' lang='lat' dir='ltr'>Romano</span> <span class='ocrx_word' id='word_1_792' title='bbox 1700 2234 1710 2250; x_wconf 89' lang='lat'>,</span> <span class='ocrx_word' id='word_1_793' title='bbox 1734 2211 1776 2242; x_wconf 89' lang='lat' dir='ltr'>ita</span> <span class='ocrx_word' id='word_1_794' title='bbox 1792 2209 1946 2254; x_wconf 70' lang='lat' dir='ltr'>Wzsbuy-</span> 
     </span>
     <span class='ocr_line' id='line_1_115' title="bbox 1087 2250 1945 2292; baseline 0 -8"><span class='ocrx_word' id='word_1_795' title='bbox 1087 2251 1168 2284; x_wconf 87' lang='lat' dir='ltr'>cenfi</span> <span class='ocrx_word' id='word_1_796' title='bbox 1195 2252 1344 2290; x_wconf 86' lang='lat' dir='ltr'>nautico,</span> <span class='ocrx_word' id='word_1_797' title='bbox 1367 2261 1468 2292; x_wconf 86' lang='lat' dir='ltr'>neque</span> <span class='ocrx_word' id='word_1_798' title='bbox 1492 2253 1586 2284; x_wconf 85' lang='lat' dir='ltr'>etiam</span> <span class='ocrx_word' id='word_1_799' title='bbox 1612 2252 1663 2284; x_wconf 90' lang='lat' dir='ltr'>alii</span> <span class='ocrx_word' id='word_1_800' title='bbox 1691 2252 1791 2284; x_wconf 89' lang='lat' dir='ltr'>aliter.</span> <span class='ocrx_word' id='word_1_801' title='bbox 1835 2251 1896 2285; x_wconf 89' lang='lat' dir='ltr'>Sed</span> <span class='ocrx_word' id='word_1_802' title='bbox 1921 2250 1945 2284; x_wconf 87' lang='lat' dir='ltr'>fi</span> 
     </span>
     <span class='ocr_line' id='line_1_116' title="bbox 1091 2292 1946 2335; baseline 0 -11"><span class='ocrx_word' id='word_1_803' title='bbox 1091 2293 1226 2335; x_wconf 88' lang='lat' dir='ltr'>populus</span> <span class='ocrx_word' id='word_1_804' title='bbox 1245 2293 1404 2324; x_wconf 84' lang='lat' dir='ltr'>Romanus</span> <span class='ocrx_word' id='word_1_805' title='bbox 1423 2293 1523 2334; x_wconf 85' lang='lat' dir='ltr'>Leges</span> <span class='ocrx_word' id='word_1_806' title='bbox 1540 2293 1677 2325; x_wconf 86' lang='lat' dir='ltr'>Rhodias</span> <span class='ocrx_word' id='word_1_807' title='bbox 1688 2315 1698 2331; x_wconf 87' lang='lat'>,</span> <span class='ocrx_word' id='word_1_808' title='bbox 1722 2293 1778 2326; x_wconf 87' lang='lat' dir='ltr'>nifi</span> <span class='ocrx_word' id='word_1_809' title='bbox 1791 2293 1830 2325; x_wconf 80' lang='lat' dir='ltr'>de</span> <span class='ocrx_word' id='word_1_810' title='bbox 1843 2292 1946 2333; x_wconf 68' lang='lat' dir='ltr'>Jastu‚</span> 
     </span>
     <span class='ocr_line' id='line_1_117' title="bbox 1091 2333 1946 2375; baseline -0.002 -8"><span class='ocrx_word' id='word_1_811' title='bbox 1091 2344 1154 2367; x_wconf 91' lang='lat' dir='ltr'>non</span> <span class='ocrx_word' id='word_1_812' title='bbox 1176 2334 1359 2375; x_wconf 79' lang='lat' dir='ltr'>receperit,</span> <span class='ocrx_word' id='word_1_813' title='bbox 1387 2333 1408 2366; x_wconf 90' lang='lat' dir='ltr'>si</span> <span class='ocrx_word' id='word_1_814' title='bbox 1436 2334 1589 2366; x_wconf 83' lang='lat' dir='ltr'>Antonini</span> <span class='ocrx_word' id='word_1_815' title='bbox 1612 2333 1768 2375; x_wconf 78' lang='lat' dir='ltr'>responsio</span> <span class='ocrx_word' id='word_1_816' title='bbox 1800 2343 1864 2365; x_wconf 89' lang='lat' dir='ltr'>non</span> <span class='ocrx_word' id='word_1_817' title='bbox 1890 2333 1946 2365; x_wconf 85' lang='lat' dir='ltr'>nifi</span> 
     </span>
     <span class='ocr_line' id='line_1_118' title="bbox 1091 2374 1947 2416; baseline -0.004 -8"><span class='ocrx_word' id='word_1_818' title='bbox 1091 2376 1128 2408; x_wconf 83' lang='lat' dir='ltr'>ad</span> <span class='ocrx_word' id='word_1_819' title='bbox 1146 2374 1266 2407; x_wconf 83' lang='lat' dir='ltr'>causam</span> <span class='ocrx_word' id='word_1_820' title='bbox 1282 2375 1435 2407; x_wconf 82' lang='lat' dir='ltr'>Rhodiam</span> <span class='ocrx_word' id='word_1_821' title='bbox 1451 2375 1657 2416; x_wconf 85' lang='lat' dir='ltr'>pertinuerit,</span> <span class='ocrx_word' id='word_1_822' title='bbox 1680 2382 1714 2406; x_wconf 92' lang='lat' dir='ltr'>ut</span> <span class='ocrx_word' id='word_1_823' title='bbox 1732 2374 1763 2406; x_wconf 91' lang='lat' dir='ltr'>id</span> <span class='ocrx_word' id='word_1_824' title='bbox 1781 2382 1947 2415; x_wconf 87' lang='lat' dir='ltr'>utrumque</span> 
     </span>
     <span class='ocr_line' id='line_1_119' title="bbox 1092 2414 1947 2457; baseline -0.004 -8"><span class='ocrx_word' id='word_1_825' title='bbox 1092 2426 1149 2449; x_wconf 86' lang='lat' dir='ltr'>nos</span> <span class='ocrx_word' id='word_1_826' title='bbox 1166 2415 1284 2448; x_wconf 81' lang='lat' dir='ltr'>fuimus</span> <span class='ocrx_word' id='word_1_827' title='bbox 1301 2415 1467 2457; x_wconf 82' lang='lat' dir='ltr'>suspicati,</span> <span class='ocrx_word' id='word_1_828' title='bbox 1491 2415 1652 2457; x_wconf 85' lang='lat' dir='ltr'>quomodo</span> <span class='ocrx_word' id='word_1_829' title='bbox 1672 2414 1762 2447; x_wconf 90' lang='lat' dir='ltr'>stabit</span> <span class='ocrx_word' id='word_1_830' title='bbox 1781 2423 1816 2446; x_wconf 88' lang='lat' dir='ltr'>ea</span> <span class='ocrx_word' id='word_1_831' title='bbox 1834 2414 1866 2446; x_wconf 89' lang='lat' dir='ltr'>in</span> <span class='ocrx_word' id='word_1_832' title='bbox 1886 2423 1947 2456; x_wconf 81' lang='lat' dir='ltr'>qua</span> 
     </span>
     <span class='ocr_line' id='line_1_120' title="bbox 1092 2455 1946 2498; baseline -0.001 -9"><span class='ocrx_word' id='word_1_833' title='bbox 1092 2457 1269 2495; x_wconf 84' lang='lat' dir='ltr'>versamur,</span> <span class='ocrx_word' id='word_1_834' title='bbox 1289 2457 1463 2498; x_wconf 78' lang='lat' dir='ltr'>exceptio?</span> <span class='ocrx_word' id='word_1_835' title='bbox 1485 2467 1522 2489; x_wconf 85' lang='lat' dir='ltr'>an</span> <span class='ocrx_word' id='word_1_836' title='bbox 1541 2457 1672 2489; x_wconf 85' lang='lat' dir='ltr'>Romani</span> <span class='ocrx_word' id='word_1_837' title='bbox 1696 2455 1770 2496; x_wconf 91' lang='lat' dir='ltr'>quid</span> <span class='ocrx_word' id='word_1_838' title='bbox 1783 2464 1840 2497; x_wconf 88' lang='lat' dir='ltr'>pro</span> <span class='ocrx_word' id='word_1_839' title='bbox 1863 2455 1946 2488; x_wconf 88' lang='lat' dir='ltr'>rium</span> 
     </span>
     <span class='ocr_line' id='line_1_121' title="bbox 1090 2464 1948 2539; baseline -0.003 -9"><span class='ocrx_word' id='word_1_840' title='bbox 1090 2499 1265 2531; x_wconf 87' lang='lat' dir='ltr'>habuerunt</span> <span class='ocrx_word' id='word_1_841' title='bbox 1282 2499 1319 2530; x_wconf 89' lang='lat' dir='ltr'>de</span> <span class='ocrx_word' id='word_1_842' title='bbox 1332 2498 1413 2539; x_wconf 73' lang='lat' dir='ltr'>jactu</span> <span class='ocrx_word' id='word_1_843' title='bbox 1427 2521 1438 2536; x_wconf 87' lang='lat'>,</span> <span class='ocrx_word' id='word_1_844' title='bbox 1461 2498 1545 2539; x_wconf 86' lang='lat' dir='ltr'>quod</span> <span class='ocrx_word' id='word_1_845' title='bbox 1563 2506 1634 2528; x_wconf 91' lang='lat' dir='ltr'>cum</span> <span class='ocrx_word' id='word_1_846' title='bbox 1655 2496 1790 2537; x_wconf 89' lang='lat' dir='ltr'>Legibus</span> <span class='ocrx_word' id='word_1_847' title='bbox 1814 2464 1948 2528; x_wconf 59' lang='lat' dir='ltr'>Rhodiis</span> 
     </span>
     <span class='ocr_line' id='line_1_122' title="bbox 1090 2536 1947 2579; baseline -0.004 -8"><span class='ocrx_word' id='word_1_848' title='bbox 1090 2540 1247 2572; x_wconf 89' lang='lat' dir='ltr'>committi</span> <span class='ocrx_word' id='word_1_849' title='bbox 1273 2539 1423 2579; x_wconf 77' lang='lat' dir='ltr'>poterit?</span> <span class='ocrx_word' id='word_1_850' title='bbox 1453 2549 1510 2578; x_wconf 86' lang='lat' dir='ltr'>an,</span> <span class='ocrx_word' id='word_1_851' title='bbox 1533 2538 1554 2570; x_wconf 87' lang='lat' dir='ltr'><strong>fi</strong></span> <span class='ocrx_word' id='word_1_852' title='bbox 1579 2536 1769 2576; x_wconf 83' lang='lat' dir='ltr'>habuerint,</span> <span class='ocrx_word' id='word_1_853' title='bbox 1799 2537 1838 2569; x_wconf 91' lang='lat' dir='ltr'>de</span> <span class='ocrx_word' id='word_1_854' title='bbox 1863 2537 1947 2578; x_wconf 67' lang='lat' dir='ltr'>jactu</span> 
     </span>
     <span class='ocr_line' id='line_1_123' title="bbox 1092 2576 1952 2613; baseline -0.001 -1"><span class='ocrx_word' id='word_1_855' title='bbox 1092 2582 1162 2613; x_wconf 87' lang='lat' dir='ltr'>heic</span> <span class='ocrx_word' id='word_1_856' title='bbox 1192 2581 1236 2612; x_wconf 84' lang='lat' dir='ltr'>est</span> <span class='ocrx_word' id='word_1_857' title='bbox 1259 2580 1359 2612; x_wconf 85' lang='lat' dir='ltr'>sermo</span> <span class='ocrx_word' id='word_1_858' title='bbox 1377 2580 1394 2611; x_wconf 71' lang='lat'>‘3</span> <span class='ocrx_word' id='word_1_859' title='bbox 1427 2587 1570 2612; x_wconf 89' lang='lat' dir='ltr'>neutrum</span> <span class='ocrx_word' id='word_1_860' title='bbox 1595 2576 1689 2609; x_wconf 87' lang='lat' dir='ltr'>facile</span> <span class='ocrx_word' id='word_1_861' title='bbox 1711 2578 1854 2611; x_wconf 89' lang='lat' dir='ltr'>dixerim.</span> <span class='ocrx_word' id='word_1_862' title='bbox 1898 2578 1952 2611; x_wconf 78' lang='lat' dir='ltr'>An</span> 
     </span>
     <span class='ocr_line' id='line_1_124' title="bbox 1093 2618 1948 2664; baseline -0.004 -10"><span class='ocrx_word' id='word_1_863' title='bbox 1093 2623 1208 2664; x_wconf 78' lang='lat' dir='ltr'>igitur,</span> <span class='ocrx_word' id='word_1_864' title='bbox 1232 2622 1315 2663; x_wconf 86' lang='lat' dir='ltr'>quod</span> <span class='ocrx_word' id='word_1_865' title='bbox 1335 2620 1426 2652; x_wconf 91' lang='lat' dir='ltr'>unice</span> <span class='ocrx_word' id='word_1_866' title='bbox 1443 2618 1596 2660; x_wconf 86' lang='lat' dir='ltr'>superest,</span> <span class='ocrx_word' id='word_1_867' title='bbox 1615 2628 1651 2650; x_wconf 88' lang='lat' dir='ltr'>ca</span> <span class='ocrx_word' id='word_1_868' title='bbox 1674 2619 1734 2651; x_wconf 88' lang='lat' dir='ltr'>erit</span> <span class='ocrx_word' id='word_1_869' title='bbox 1752 2620 1948 2651; x_wconf 84' lang='lat' dir='ltr'>Rhodiorum</span> 
     </span>
     <span class='ocr_line' id='line_1_125' title="bbox 1288 2659 1949 2700; baseline 0 -8"><span class='ocrx_word' id='word_1_870' title='bbox 1288 2669 1323 2692; x_wconf 92' lang='lat' dir='ltr'>ut</span> <span class='ocrx_word' id='word_1_871' title='bbox 1351 2660 1531 2692; x_wconf 85' lang='lat' dir='ltr'>succumbat</span> <span class='ocrx_word' id='word_1_872' title='bbox 1557 2659 1694 2700; x_wconf 83' lang='lat' dir='ltr'>Legibus</span> <span class='ocrx_word' id='word_1_873' title='bbox 1718 2659 1893 2693; x_wconf 77' lang='lat' dir='ltr'>Romanis?</span> <span class='ocrx_word' id='word_1_874' title='bbox 1917 2659 1949 2692; x_wconf 83' lang='lat'>&amp;</span> 
     </span>
     <span class='ocr_line' id='line_1_126' title="bbox 1097 2700 1948 2748; baseline -0.004 -13"><span class='ocrx_word' id='word_1_875' title='bbox 1097 2713 1197 2735; x_wconf 90' lang='lat' dir='ltr'>tamen</span> <span class='ocrx_word' id='word_1_876' title='bbox 1209 2704 1258 2744; x_wconf 86' lang='lat' dir='ltr'>jus</span> <span class='ocrx_word' id='word_1_877' title='bbox 1269 2702 1418 2742; x_wconf 83' lang='lat' dir='ltr'>singulare</span> <span class='ocrx_word' id='word_1_878' title='bbox 1433 2700 1579 2733; x_wconf 85' lang='lat' dir='ltr'>adversus</span> <span class='ocrx_word' id='word_1_879' title='bbox 1595 2701 1759 2742; x_wconf 81' lang='lat' dir='ltr'>generale,</span> <span class='ocrx_word' id='word_1_880' title='bbox 1776 2711 1835 2748; x_wconf 85' lang='lat' dir='ltr'>qua</span> <span class='ocrx_word' id='word_1_881' title='bbox 1851 2701 1948 2744; x_wconf 87' lang='lat' dir='ltr'>prius,</span> 
     </span>
     <span class='ocr_line' id='line_1_127' title="bbox 1096 2741 1952 2786; baseline -0.001 -11"><span class='ocrx_word' id='word_1_882' title='bbox 1096 2754 1155 2786; x_wconf 90' lang='lat' dir='ltr'>qua</span> <span class='ocrx_word' id='word_1_883' title='bbox 1175 2743 1346 2785; x_wconf 70' lang='lat' dir='ltr'>posterius,</span> <span class='ocrx_word' id='word_1_884' title='bbox 1371 2741 1482 2774; x_wconf 80' lang='lat' dir='ltr'>servari</span> <span class='ocrx_word' id='word_1_885' title='bbox 1510 2742 1648 2780; x_wconf 78' lang='lat' dir='ltr'>adsolet,</span> <span class='ocrx_word' id='word_1_886' title='bbox 1671 2751 1765 2783; x_wconf 88' lang='lat' dir='ltr'>atque</span> <span class='ocrx_word' id='word_1_887' title='bbox 1785 2751 1828 2774; x_wconf 88' lang='lat' dir='ltr'>ita</span> <span class='ocrx_word' id='word_1_888' title='bbox 1854 2741 1952 2775; x_wconf 79' lang='lat' dir='ltr'>etiam</span> 
     </span>
     <span class='ocr_line' id='line_1_128' title="bbox 1095 2781 1973 2826; baseline -0.005 -9"><span class='ocrx_word' id='word_1_889' title='bbox 1095 2785 1255 2826; x_wconf 71' lang='lat' dir='ltr'>singularia</span> <span class='ocrx_word' id='word_1_890' title='bbox 1274 2783 1447 2815; x_wconf 81' lang='lat' dir='ltr'>civitatum</span> <span class='ocrx_word' id='word_1_891' title='bbox 1470 2783 1537 2823; x_wconf 84' lang='lat' dir='ltr'>jura</span> <span class='ocrx_word' id='word_1_892' title='bbox 1554 2792 1665 2815; x_wconf 86' lang='lat' dir='ltr'>contra</span> <span class='ocrx_word' id='word_1_893' title='bbox 1691 2783 1843 2816; x_wconf 83' lang='lat' dir='ltr'>codicem</span> <span class='ocrx_word' id='word_1_894' title='bbox 1861 2781 1950 2815; x_wconf 89' lang='lat' dir='ltr'>suum</span> <span class='ocrx_word' id='word_1_895' title='bbox 1971 2803 1973 2806; x_wconf 30' lang='grc' dir='ltr'><strong><em>ι</em></strong></span> 
     </span>
     <span class='ocr_line' id='line_1_129' title="bbox 1095 2821 1949 2867; baseline -0.004 -10"><span class='ocrx_word' id='word_1_896' title='bbox 1095 2825 1294 2858; x_wconf 85' lang='lat' dir='ltr'>confirmavit</span> <span class='ocrx_word' id='word_1_897' title='bbox 1316 2824 1503 2864; x_wconf 75' lang='lat' dir='ltr'>justinianus</span> <span class='ocrx_word' id='word_1_898' title='bbox 1529 2825 1559 2856; x_wconf 90' lang='lat' dir='ltr'>in</span> <span class='ocrx_word' id='word_1_899' title='bbox 1586 2824 1613 2865; x_wconf 85' lang='lat'>§.</span> <span class='ocrx_word' id='word_1_900' title='bbox 1632 2823 1661 2863; x_wconf 87' lang='lat' dir='ltr'><em>fi</em></span> <span class='ocrx_word' id='word_1_901' title='bbox 1681 2834 1739 2867; x_wconf 81' lang='lat' dir='ltr'>quae</span> <span class='ocrx_word' id='word_1_902' title='bbox 1761 2835 1792 2866; x_wconf 87' lang='lat'>4.</span> <span class='ocrx_word' id='word_1_903' title='bbox 1827 2821 1949 2864; x_wconf 66' lang='lat' dir='ltr'>Constit.</span> 
     </span>
     <span class='ocr_line' id='line_1_130' title="bbox 1095 2863 1950 2907; baseline -0.004 -8"><span class='ocrx_word' id='word_1_904' title='bbox 1095 2870 1128 2899; x_wconf 81' lang='lat' dir='ltr'>de</span> <span class='ocrx_word' id='word_1_905' title='bbox 1148 2865 1273 2906; x_wconf 64' lang='lat' dir='ltr'>confirm.</span> <span class='ocrx_word' id='word_1_906' title='bbox 1285 2867 1343 2896; x_wconf 72' lang='lat' dir='ltr'>cod.</span> <span class='ocrx_word' id='word_1_907' title='bbox 1365 2865 1402 2896; x_wconf 85' lang='lat' dir='ltr'>ad</span> <span class='ocrx_word' id='word_1_908' title='bbox 1421 2876 1513 2907; x_wconf 87' lang='lat' dir='ltr'>quam</span> <span class='ocrx_word' id='word_1_909' title='bbox 1527 2865 1828 2906; x_wconf 80' lang='lat' dir='ltr'>videndaeJCtorum</span> <span class='ocrx_word' id='word_1_910' title='bbox 1846 2863 1899 2897; x_wconf 83' lang='lat' dir='ltr'>dis</span> <span class='ocrx_word' id='word_1_911' title='bbox 1914 2872 1950 2896; x_wconf 90' lang='lat' dir='ltr'>u-</span> 
     </span>
     <span class='ocr_line' id='line_1_131' title="bbox 1098 2902 1948 2947; baseline -0.004 -8"><span class='ocrx_word' id='word_1_912' title='bbox 1098 2908 1249 2946; x_wconf 81' lang='lat' dir='ltr'>tationes,</span> <span class='ocrx_word' id='word_1_913' title='bbox 1275 2906 1304 2937; x_wconf 72' lang='lat' dir='ltr'>&lt;Sc</span> <span class='ocrx_word' id='word_1_914' title='bbox 1322 2916 1392 2947; x_wconf 85' lang='lat' dir='ltr'>quae</span> <span class='ocrx_word' id='word_1_915' title='bbox 1411 2907 1442 2938; x_wconf 91' lang='lat' dir='ltr'>in</span> <span class='ocrx_word' id='word_1_916' title='bbox 1461 2908 1538 2939; x_wconf 80' lang='lat' dir='ltr'>lianc</span> <span class='ocrx_word' id='word_1_917' title='bbox 1559 2916 1624 2938; x_wconf 86' lang='lat' dir='ltr'>rem</span> <span class='ocrx_word' id='word_1_918' title='bbox 1640 2902 1827 2939; x_wconf 85' lang='lat' dir='ltr'>Mornacius</span> <span class='ocrx_word' id='word_1_919' title='bbox 1843 2907 1886 2938; x_wconf 90' lang='lat' dir='ltr'>ob</span> <span class='ocrx_word' id='word_1_920' title='bbox 1901 2913 1948 2937; x_wconf 83' lang='lat' dir='ltr'>er-</span> 
     </span>
    </p>

    <p class='ocr_par' dir='ltr' id='par_1_14' title="bbox 1096 2946 1989 3272">
     <span class='ocr_line' id='line_1_132' title="bbox 1098 2946 1989 2989; baseline -0.002 -11"><span class='ocrx_word' id='word_1_921' title='bbox 1098 2948 1195 2980; x_wconf 83' lang='lat' dir='ltr'>vavit.</span> <span class='ocrx_word' id='word_1_922' title='bbox 1243 2946 1311 2979; x_wconf 82' lang='lat' dir='ltr'>Nec</span> <span class='ocrx_word' id='word_1_923' title='bbox 1329 2947 1392 2979; x_wconf 87' lang='lat' dir='ltr'>alio</span> <span class='ocrx_word' id='word_1_924' title='bbox 1407 2955 1523 2980; x_wconf 86' lang='lat' dir='ltr'>temere</span> <span class='ocrx_word' id='word_1_925' title='bbox 1538 2955 1723 2989; x_wconf 86' lang='lat' dir='ltr'>argumento</span> <span class='ocrx_word' id='word_1_926' title='bbox 1743 2947 1858 2980; x_wconf 83' lang='lat' dir='ltr'>Rhodii</span> <span class='ocrx_word' id='word_1_927' title='bbox 1875 2949 1951 2976; x_wconf 67' lang='lat' dir='ltr'>adv·-</span> <span class='ocrx_word' id='word_1_928' title='bbox 1987 2967 1989 2971; x_wconf 85' lang='lat'><em>-</em></span> 
     </span>
     <span class='ocr_line' id='line_1_133' title="bbox 1097 2986 1951 3030; baseline 0.001 -11"><span class='ocrx_word' id='word_1_929' title='bbox 1097 2993 1171 3028; x_wconf 60' lang='lat' dir='ltr'>umiqa</span> <span class='ocrx_word' id='word_1_930' title='bbox 1191 2988 1240 3020; x_wconf 84' lang='lat' dir='ltr'>sua</span> <span class='ocrx_word' id='word_1_931' title='bbox 1256 2988 1402 3021; x_wconf 87' lang='lat' dir='ltr'>videntur</span> <span class='ocrx_word' id='word_1_932' title='bbox 1419 2988 1556 3030; x_wconf 85' lang='lat' dir='ltr'>potuisse</span> <span class='ocrx_word' id='word_1_933' title='bbox 1573 2989 1640 3026; x_wconf 82' lang='lat' dir='ltr'>uti,</span> <span class='ocrx_word' id='word_1_934' title='bbox 1662 2989 1870 3030; x_wconf 84' lang='lat' dir='ltr'>nequicquam</span> <span class='ocrx_word' id='word_1_935' title='bbox 1885 2986 1951 3020; x_wconf 84' lang='lat' dir='ltr'>for-</span> 
     </span>
     <span class='ocr_line' id='line_1_134' title="bbox 1100 3028 1950 3071; baseline -0.004 -9"><span class='ocrx_word' id='word_1_936' title='bbox 1100 3039 1130 3062; x_wconf 88' lang='lat' dir='ltr'>te</span> <span class='ocrx_word' id='word_1_937' title='bbox 1145 3028 1286 3062; x_wconf 81' lang='lat' dir='ltr'>obstante</span> <span class='ocrx_word' id='word_1_938' title='bbox 1300 3030 1373 3070; x_wconf 89' lang='lat' dir='ltr'>Jure</span> <span class='ocrx_word' id='word_1_939' title='bbox 1395 3030 1539 3062; x_wconf 85' lang='lat' dir='ltr'>Romano</span> <span class='ocrx_word' id='word_1_940' title='bbox 1565 3030 1596 3062; x_wconf 89' lang='lat' dir='ltr'>in</span> <span class='ocrx_word' id='word_1_941' title='bbox 1624 3029 1671 3061; x_wconf 90' lang='lat' dir='ltr'>his</span> <span class='ocrx_word' id='word_1_942' title='bbox 1696 3028 1798 3062; x_wconf 90' lang='lat' dir='ltr'>illisve</span> <span class='ocrx_word' id='word_1_943' title='bbox 1818 3028 1950 3071; x_wconf 75' lang='lat' dir='ltr'>particu-</span> 
     </span>
     <span class='ocr_line' id='line_1_135' title="bbox 1098 3070 1953 3112; baseline -0.005 -8"><span class='ocrx_word' id='word_1_944' title='bbox 1098 3072 1145 3104; x_wconf 89' lang='lat' dir='ltr'>lis.</span> <span class='ocrx_word' id='word_1_945' title='bbox 1169 3070 1244 3102; x_wconf 88' lang='lat' dir='ltr'>Non</span> <span class='ocrx_word' id='word_1_946' title='bbox 1261 3079 1362 3103; x_wconf 86' lang='lat' dir='ltr'>tamen</span> <span class='ocrx_word' id='word_1_947' title='bbox 1381 3071 1411 3103; x_wconf 91' lang='lat' dir='ltr'>id</span> <span class='ocrx_word' id='word_1_948' title='bbox 1428 3071 1522 3104; x_wconf 84' lang='lat' dir='ltr'>ausim</span> <span class='ocrx_word' id='word_1_949' title='bbox 1542 3070 1662 3112; x_wconf 88' lang='lat' dir='ltr'>liquido</span> <span class='ocrx_word' id='word_1_950' title='bbox 1678 3070 1857 3110; x_wconf 77' lang='lat' dir='ltr'>adfirmare3</span> <span class='ocrx_word' id='word_1_951' title='bbox 1880 3076 1953 3110; x_wconf 75' lang='lat' dir='ltr'>nam</span> 
     </span>
     <span class='ocr_line' id='line_1_136' title="bbox 1097 3110 1950 3154; baseline -0.002 -10"><span class='ocrx_word' id='word_1_952' title='bbox 1097 3113 1237 3153; x_wconf 84' lang='lat' dir='ltr'>quamvis</span> <span class='ocrx_word' id='word_1_953' title='bbox 1262 3112 1300 3142; x_wconf 87' lang='lat' dir='ltr'>de</span> <span class='ocrx_word' id='word_1_954' title='bbox 1324 3113 1518 3154; x_wconf 87' lang='lat' dir='ltr'>privilegiis,</span> <span class='ocrx_word' id='word_1_955' title='bbox 1541 3111 1626 3153; x_wconf 91' lang='lat' dir='ltr'>quod</span> <span class='ocrx_word' id='word_1_956' title='bbox 1651 3111 1767 3143; x_wconf 67' lang='lat' dir='ltr'>dictum</span> <span class='ocrx_word' id='word_1_957' title='bbox 1791 3110 1837 3143; x_wconf 90' lang='lat' dir='ltr'>est</span> <span class='ocrx_word' id='word_1_958' title='bbox 1896 3119 1950 3142; x_wconf 85' lang='lat' dir='ltr'>ve-</span> 
     </span>
     <span class='ocr_line' id='line_1_137' title="bbox 1097 3134 1952 3192; baseline -0.002 -8"><span class='ocrx_word' id='word_1_959' title='bbox 1097 3163 1163 3185; x_wconf 84' lang='lat' dir='ltr'>rum</span> <span class='ocrx_word' id='word_1_960' title='bbox 1182 3153 1238 3192; x_wconf 83' lang='lat' dir='ltr'>lit,</span> <span class='ocrx_word' id='word_1_961' title='bbox 1261 3163 1323 3184; x_wconf 91' lang='lat' dir='ltr'>non</span> <span class='ocrx_word' id='word_1_962' title='bbox 1341 3155 1495 3185; x_wconf 87' lang='lat' dir='ltr'>continuo</span> <span class='ocrx_word' id='word_1_963' title='bbox 1511 3162 1621 3185; x_wconf 90' lang='lat' dir='ltr'>verum</span> <span class='ocrx_word' id='word_1_964' title='bbox 1644 3152 1705 3184; x_wconf 88' lang='lat' dir='ltr'>crit</span> <span class='ocrx_word' id='word_1_965' title='bbox 1721 3153 1760 3184; x_wconf 89' lang='lat' dir='ltr'>de</span> <span class='ocrx_word' id='word_1_966' title='bbox 1776 3134 1895 3184; x_wconf 75' lang='lat' dir='ltr'>cunciis</span> <span class='ocrx_word' id='word_1_967' title='bbox 1909 3151 1952 3183; x_wconf 87' lang='lat' dir='ltr'>le-</span> 
     </span>
     <span class='ocr_line' id='line_1_138' title="bbox 1096 3193 1955 3265; baseline -0.003 -39"><span class='ocrx_word' id='word_1_968' title='bbox 1096 3194 1206 3236; x_wconf 82' lang='lat' dir='ltr'>gibus,</span> <span class='ocrx_word' id='word_1_969' title='bbox 1231 3195 1343 3236; x_wconf 82' lang='lat' dir='ltr'>quibus</span> <span class='ocrx_word' id='word_1_970' title='bbox 1369 3193 1526 3228; x_wconf 83' lang='lat' dir='ltr'>Civitates</span> <span class='ocrx_word' id='word_1_971' title='bbox 1553 3195 1683 3231; x_wconf 66' lang='grc' dir='ltr'>ω’πνέμοι</span> <span class='ocrx_word' id='word_1_972' title='bbox 1704 3193 1955 3265; x_wconf 50' lang='grc' dir='ltr'>αευηῑυι,,&lt;1τ1ιῖῐιιῖ</span> 
     </span>
     <span class='ocr_line' id='line_1_139' title="bbox 1868 3241 1956 3272; baseline -0.011 -7"><span class='ocrx_word' id='word_1_973' title='bbox 1868 3242 1894 3265; x_wconf 69' lang='lat' dir='ltr'>1v</span> <span class='ocrx_word' id='word_1_974' title='bbox 1918 3241 1956 3272; x_wconf 65' lang='lat' dir='ltr'>Sy</span> 
     </span>
    </p>
   </div>
   <div class='ocr_carea' id='block_1_13' title="bbox 1094 2666 1256 2700">
    <p class='ocr_par' dir='ltr' id='par_1_15' title="bbox 1094 2666 1256 2700">
     <span class='ocr_line' id='line_1_140' title="bbox 1094 2666 1256 2700; baseline -0.006 -9"><span class='ocrx_word' id='word_1_975' title='bbox 1094 2666 1231 2696; x_wconf 68' lang='grc' dir='ltr'>αιῖπμμίω</span> <span class='ocrx_word' id='word_1_976' title='bbox 1246 2685 1256 2700; x_wconf 77' lang='grc'>,</span> 
     </span>
    </p>
   </div>
  </div>
 </body>
</html>
