2008 3436
175 115 617 158 OBSERVA'I‘IONUM
668 112 804 162 JURIS
854 110 1064 149 ROMANI
1112 110 1200 148 Lm.
1232 110 1279 148 V.

30 214 80 239 am
90 227 100 244 ,
125 204 155 236 δε
170 202 298 244 probem
313 224 323 240 ,
346 209 402 232 cur
416 198 582 230 videantur
597 195 722 238 placere
738 200 803 240 non
823 202 894 234 pos-

31 248 62 282 se
109 248 217 287 accipe
241 242 425 276 sententiam
449 248 557 271 meam.
602 237 740 278 Apparet
763 245 795 282 in
819 237 848 266 d.
873 236 894 282 ί.

29 271 84 332 32Ῐ
128 287 296 329 Ulpianum
314 282 408 325 cgisl'c
421 282 460 313 dc
475 289 577 313 annuo
589 302 598 318 ‚
623 278 707 318 quod
732 277 894 323 stipulanti

30 329 159 370 conjugi
174 327 292 368 conjux
309 323 466 367 promisit,
491 321 698 367 quodcunque
717 319 843 366 demum
865 318 895 349 id

29 363 167 404 annuum
189 368 305 408 fuerit,
332 367 392 398 hoc
411 363 455 396 est
470 388 479 403 ‚
506 363 616 395 sivein
637 370 778 407 pecunia:
797 384 806 399 ,
831 360 896 392 five

30 414 63 445 in
78 412 228 453 cujuscun
254 419 291 440 ue
310 408 354 440 rei
370 407 544 448 quantitate
559 411 727 449 quotannis
752 402 895 448 praestan·

29 455 78 487 da.
124 453 227 485 Accur
241 461 306 489 1us‚
331 448 383 481 scu
399 446 505 489 potius
521 446 674 477 Vivianus
695 453 726 476 m
743 446 809 485 casu
827 445 856 475 ιί.
873 444 894 475 l.

29 506 80 539 33.
107 493 266 527 intellexit
275 491 424 532 pecuniae,
447 497 539 529 quem
556 494 723 528 propterea
736 486 893 517 riclicalmn

29 537 166 579 appellat
189 534 286 567 Faber
308 534 337 564 d.
368 529 458 563 L.Il.
486 528 613 570 Covzject.
641 529 674 559 C.
694 532 723 562 8.
759 527 810 559 sed
829 537 891 559 ma-

27 579 78 616 le,
101 587 157 609 cur
169 576 253 608 enim
275 574 377 606 minus
395 581 531 603 annuum
555 580 584 616 in
604 579 664 602 atre
681 593 700 616 ,1
713 578 804 610 quam
822 591 833 607 ,
858 576 893 599 ut

28 620 84 652 ille
98 618 186 656 vult,
212 617 242 649 in
256 615 382 647 cibariis
398 614 428 645 ἃ
448 611 601 644 vestiariis
617 610 799 643 consisteret
813 634 822 650 ‚
849 619 892 642 ra-

29 661 76 694 tio
97 659 183 692 nulla
209 657 274 696 est,
297 666 371 688 cum
395 664 443 686 res
465 654 556 695 plane
579 653 690 684 eodem
712 653 837 691 redcat,
858 652 893 699 t&

28 712 115 745 aeque
137 709 312 733 annuorum
342 699 372 730 in
405 696 561 737 pecunia,
597 704 687 740 quim
710 695 740 726 in
767 694 893 741 cibariis

28 742 261 777 consistentium
288 739 433 779 exempla
456 737 535 776 sint,
562 745 596 768 ut
621 746 652 767 m
677 736 697 767 l.
723 746 784 784 ²²2
804 779 808 784 Ι
829 760 836 766 .
852 737 893 783 ’de

28 784 114 818 Part.
133 783 222 816 dotas.
247 784 277 815 ἀ
294 782 379 814 alibi.
424 778 511 826 Quin
529 778 550 810 ii
566 778 604 809 de
621 777 675 809 usu
691 788 783 809 ammi
802 788 831 810 in
848 787 893 817 Ju-

29 836 62 859 re
76 833 234 869 quaeratur
244 822 454 865 ,praeferenda
470 819 516 851 cst
531 820 656 851 Viviani
676 818 809 860 species,
820 828 891 850 cum

26 878 179 903 aninumr,
202 865 386 907 simpliciter
404 863 447 894 ita
461 862 597 900 dictum,
630 860 836 905 distinguatur
855 862 891 906 ab

28 902 178 942 alimentis
196 908 226 940 δ(
243 907 383 944 cibariis,
409 904 439 936 &
457 903 619 943 utriusque
645 903 818 948 argumenti
847 902 891 948 di-

31 950 148 984 stinctae
166 949 223 982 sint
238 948 372 980 Rubi-ica·
390 947 420 978 in
437 944 604 977 Pandectis.
653 943 812 989 Quicquid
837 944 890 982 sit,

30 992 116 1034 quod
146 991 297 1031 Ulpianus
323 989 369 1020 bis
394 987 476 1018 dixit
501 986 532 1016 in
556 986 584 1016 d.
620 985 640 1016 1.
663 995 713 1027 33.
746 985 828 1033 ‘¹332‘
853 984 891 1014 de

31 1031 178 1081 promisso
194 1041 247 1073 per
267 1029 498 1070 stipulationem
514 1035 618 1057 annuo
629 1050 637 1065 ,
659 1026 741 1067 quod
756 1027 783 1071 et
795 1025 890 1071 ulos-

30 1080 60 1108 ia
83 1072 261 1107 observavit
286 1071 323 1102 ad
346 1071 374 1101 d.
399 1069 419 1100 l.
445 1078 493 1109 23.
521 1066 570 1098 sed
597 1077 658 1098 non
688 1075 859 1113 extr1c311vrt
879 1090 889 1105 ‚

29 1125 118 1159 quam
135 1115 176 1146 ob
195 1122 260 1144 rem
278 1113 308 1143 in
328 1119 431 1143 annuo
450 1119 485 1141 ea
505 1108 751 1150 jurisprudentia
778 1108 814 1139 sit
834 1109 889 1138 im<

31 1156 152 1189 -rularis,
197 1154 297 1191 Sunt,
321 1153 374 1194 qui
392 1152 548 1183 rationem
567 1157 711 1190 qtiaerunt
730 1150 759 1181 in
777 1148 889 1195 favore

27 1183 197 1231 gunnorum
209 1220 219 1235 ‚
244 1204 280 1226 ut
298 1204 368 1236 quae
386 1194 484 1235 vulgo
508 1191 724 1223 conceduntur
743 1191 779 1223 ad
796 1197 885 1221 exm-

27 1239 160 1272 bendum
179 1236 366 1278 Coniugem.
394 1235 492 1272 Sunt,
516 1234 568 1274 qui
588 1242 687 1264 annua
706 1233 737 1279 in
760 1234 789 1264 cl.
807 1233 885 1280 l.33.

25 1279 215 1322 aliquamdiu
230 1276 367 1320 praestita
383 1275 476 1308 fuisse
493 1274 615 1321 fingunt
634 1298 643 1313 ,
669 1274 699 1306 δε
716 1274 788 1306 inde
805 1276 885 1313 csse,

23 1321 109 1363 quod
133 1318 280 1362 promissa
302 1318 397 1350 ctiam
417 1326 513 1359 porro
529 1317 588 1361 sint
604 1315 782 1362 praestanda.
827 1315 887 1362 Ve-

23 1372 93 1395 rum
111 1362 179 1394 haec
197 1361 324 1399 omnia,
348 1359 369 1392 si
387 1358 462 1400 quid
478 1357 607 1398 J'udico,
625 1367 689 1390 non
707 1358 779 1389 sunt
798 1367 889 1390 unlus

25 1404 102 1437 asiis.
146 1402 217 1445 Ego
241 1402 325 1434 aliud
344 1408 423 1443 puto
447 1410 487 1432 ex
504 1407 615 1431 natura
633 1399 737 1431 annui.
784 1398 888 1431 Annui

26 1445 149 1479 scilicet
167 1451 277 1476 natura
293 1442 357 1483 est,
382 1451 418 1474 ut
434 1441 512 1473 tradi
538 1447 671 1481 nequeat
690 1440 745 1473 nisi
763 1440 890 1482 singulis

24 1488 113 1520 annis
127 1509 138 1526 ,
169 1493 262 1528 atque
290 1485 333 1516 ita
360 1484 392 1516 in
419 1483 563 1515 futurum
589 1481 801 1528 repraesentari
823 1492 887 1515 non

25 1528 128 1572 possit.
173 1527 279 1574 Quare
306 1526 329 1559 fi
355 1525 474 1566 conjux
500 1523 629 1565 conjugi
658 1533 795 1571 annuum
814 1533 885 1566 pro-

24 1570 133 1603 mittat
149 1569 186 1601 ad
203 1576 308 1600 certos
326 1576 425 1599 annos
445 1591 455 1606 ‚
487 1565 538 1597 vel
558 1565 661 1606 quoad
687 1573 805 1598 vixerit
820 1589 830 1605 ,
856 1566 886 1598 δε

23 1610 130 1654 postea
146 1610 274 1642 decedat
285 1634 295 1650 ,
319 1618 380 1651 ego
395 1616 475 1650 puto
494 1629 506 1646 ,
529 1607 583 1638 has
600 1605 762 1648 pensiones
780 1631 790 1647 ,
814 1617 884 1649 qua-

23 1663 94 1685 rum
119 1652 185 1684 dies
208 1651 294 1684 ceffit
320 1658 393 1682 ante
415 1647 599 1681 defunctum
618 1649 824 1695 donatorem,
848 1649 888 1681 ab

22 1694 90 1735 ejus
110 1693 273 1726 heredibus
289 1691 356 1735 peti
371 1700 436 1724 non
452 1689 540 1732 posse
561 1714 571 1730 ‚
596 1691 668 1732 quia
689 1690 817 1723 traditio
835 1691 886 1723 de-

22 1735 173 1769 fideratur
186 1759 198 1776 ,
229 1735 259 1768 &
278 1733 357 1767 tradi
375 1739 523 1775 poterant
539 1754 550 1770 ‚
584 1730 637 1764 sed
655 1741 705 1764 eas
724 1756 734 1772 ,
758 1742 888 1774 quarum

21 1777 88 1810 dies
102 1777 188 1809 cedit
211 1775 281 1819 post
300 1774 483 1808 defunctum
508 1773 693 1805 donatorem
713 1797 723 1814 ,
756 1774 887 1806 omnino

21 1819 88 1862 peti
105 1817 213 1860 poffe,
235 1818 307 1864 quia
326 1817 428 1854 tradi,
452 1816 483 1848 id
500 1814 568 1854 est,
592 1814 804 1857 repraesentari
822 1825 887 1848 non

66 1867 169 1894 terant
186 1884 196 1900 ,
229 1859 286 1892 nisi
310 1859 488 1892 notiffirnos
511 1857 604 1889 annui
625 1857 775 1890 terminos
801 1867 888 1900 egre-

56 1910 151 1934 amur.
174 1902 249 1935 Sola
266 1901 364 1944 igitur
382 1899 543 1941 stipulatio
562 1899 593 1930 in
613 1899 765 1940 ejusmodi
783 1909 887 1932 annuo

26 1941 141 1975 sufficit
158 1965 171 1983 ,
193 1941 323 1986 perinde
343 1950 379 1974 ut
397 1942 429 1974 in
447 1941 644 1973 obiiffatione
664 1940 786 1973 remissa
803 1940 887 1973 suffi-

26 1983 72 2016 cit
90 1983 155 2016 sola
173 1984 396 2028 acceptiiatiO,
422 1991 457 2015 ut
477 1966 542 2024 ippe
561 1982 616 2014 ille
624 1982 784 2029 *Ulpianus
799 2006 809 2022 ,
833 1992 886 2014 eo-

27 2023 98 2057 dem
119 2026 214 2068 Opere
229 2028 266 2058 ad
285 2027 446 2064 Sabinum,
466 2023 604 2056 declarat
622 2033 653 2056 ln
677 2024 759 2066 l.32.
785 2023 812 2066 §.
834 2034 884 2066 23.

21 2065 65 2108 ff.
88 2066 161 2100 Eod.
186 2067 247 2100 Tit.
269 2077 369 2109 neque
395 2067 478 2099 enim
498 2066 553 2097 hic
577 2064 622 2098 est
639 2089 649 2104 ‚
683 2066 767 2112 quod
787 2066 885 2112 trada-

28 2114 102 2148 tur,
125 2109 156 2141 &
173 2118 245 2141 cum
258 2109 323 2141 dixi
335 2133 345 2149 ,
369 2108 570 2141 traditionem
586 2106 769 2147 desiderari,
794 2107 886 2139 intel·

27 2148 96 2191 ligo
109 2159 176 2189 res,
199 2160 267 2190 quae
286 2151 363 2182 tradi
380 2157 537 2192 poterant.

71 2191 125 2223 Sic
140 2191 214 2223 mihi
233 2192 375 2231 videtur,
391 2191 465 2233 quid
481 2190 550 2222 aliis
567 2191 730 2230 videatur,
752 2201 811 2223 nec
821 2191 885 2233 pla-

26 2239 68 2264 ne
86 2232 312 2272 omittendum,
335 2242 392 2264 nec
410 2232 504 2264 nimia
526 2231 688 2274 diligentia
707 2232 888 2274 persequen-

27 2273 103 2305 dum
119 2273 174 2305 est.
219 2274 349 2311 Antiqui
370 2274 513 2313 quidem,
538 2281 573 2305 ut
591 2274 661 2305 Azo
679 2275 716 2305 ad
730 2274 790 2306 Tit.
804 2275 836 2306 C.
853 2275 887 2306 de

26 2313 143 2347 Donat.
174 2317 252 2347 inter
287 2316 330 2348 V.
354 2315 389 2350 ἐξ
415 2315 455 2347 U.
485 2325 516 2346 η.
538 2324 588 2356 30.
622 2315 652 2347 ὃ(
673 2325 713 2346 ex
736 2325 776 2347 eo
800 2315 887 2347 forte

27 2354 138 2388 Gloss‘a
153 2356 190 2388 ad
211 2358 240 2389 d.
265 2358 286 2388 l.
313 2367 364 2399 23.
389 2355 622 2394 existimarunt,
644 2355 803 2398 Papiniani
820 2356 885 2389 sen-

27 2398 177 2436 tentiam,
201 2400 238 2429 ab
255 2397 393 2439 Ulpiano
409 2398 440 2430 in
462 2399 491 2429 d.
516 2397 537 2428 l.
553 2407 602 2438 23.
626 2400 809 2443 probatam,
832 2408 887 2439 per

28 2437 212 2471 Orationem
223 2439 263 2471 D.
273 2440 381 2471 Severi
391 2440 421 2471 (ἐξ
431 2439 584 2471 Antonini
595 2436 687 2470 fuisse
694 2439 886 2481 abrogatam,

25 2479 109 2520 quod
127 2480 213 2512 nulla
238 2480 360 2513 ratione
385 2480 549 2512 succedit:
573 2489 644 2512 nam
665 2479 736 2522 post
760 2480 886 2513 Oratio-

24 2529 96 2553 nem
115 2522 200 2553 vixit
226 2523 256 2555 δι
281 2520 400 2563 scripsit
422 2521 608 2562 Papinianus
626 2545 636 2561 ,
668 2522 706 2553 ad
731 2531 798 2554 eam
823 2520 888 2563 ipse

24 2561 182 2604 disputat,
205 2564 236 2596 &
250 2562 316 2603 eJus
332 2564 534 2605 opinionem,
560 2571 706 2604 tanquam
723 2564 756 2596 in
772 2574 806 2596 re
822 2573 887 2595 cer·

591 2662 951 2699 CAPUT

1334 112 1372 150 C.
1400 113 1540 152 XVlil.
1571 112 1667 154 XIX.
1743 115 1812 162 167

941 199 972 223 ta
990 215 999 231 ,
1024 191 1138 232 probat
1161 192 1328 234 Ulpianus,
1373 195 1472 241 Quod
1498 204 1606 230 autem
1629 196 1814 230 Franciscus

940 232 1108 265 Duarenus
1127 235 1234 265 Coum.
1261 235 1298 266 ad
1320 234 1382 267 Tit.
1401 237 1443 278 ff.
1466 240 1500 268 cle
1526 239 1641 271 Donatf
1663 241 1742 271 inter
1767 238 1812 270 V,

939 274 976 310 &¹
1003 275 1044 306 U.
1067 274 1144 308 duas
1160 274 1259 307 faciat
1277 276 1468 316 Orationes,
1480 280 1611 312 alteram
1625 281 1755 320 Severi,
1766 280 1810 312 al-

940 324 1038 348 teram
1064 316 1219 349 Antonini
1238 340 1247 356 ,
1274 318 1304 350 &
1320 325 1412 359 putet
1429 320 1467 351 ad
1489 321 1627 362 priorem
1645 321 1816 364 respexisse

937 358 1142 399 Papinianum
1161 358 1191 390 in
1216 360 1245 390 cl.
1270 359 1291 390 l.
1318 369 1368 402 23.
1394 361 1431 392 ad
1447 361 1674 402 posteriorem,
1701 371 1815 405 utpote

937 400 1112 440 pleniorem
1131 424 1141 439 ‚
1183 400 1356 441 Uipianum
1383 401 1413 433 in
1431 404 1467 440 pl.
1498 403 1519 435 l.
1544 413 1594 446 33.
1621 414 1711 445 teque
1734 404 1813 437 mihi

937 451 1002 474 non
1024 441 1130 483 placet
1148 451 1157 480 3
1183 443 1231 474 cui
1260 443 1344 475 enim
1362 442 1583 484 persuadebit,
1607 445 1814 487 Papinianum

937 483 991 514 illa
1016 483 1047 514 in
1070 485 1099 515 d⁴
1135 483 1156 514 l.
1182 494 1230 525 23.
1259 484 1426 526 scripsisse,
1461 495 1534 518 ante
1561 497 1630 519 uam
1653 486 1811 529 posterior

937 524 1050 556 Oratio
1078 526 1110 557 in
1138 525 1255 557 Senatu
1282 526 1415 558 recitata
1431 551 1441 567 ‚
1467 528 1497 560 ὃς
1514 529 1532 560 S
1568 537 1602 560 to
1624 528 1812 561 confirmata

936 565 1012 597 ess'et
1029 566 1046 597 ¹?
1071 566 1177 599 Miror
1203 566 1272 599 sane
1289 591 1298 606 ‚
1324 567 1514 609 posteriores
1534 569 1685 611 quosdam
1712 570 1811 603 Inter-

935 616 1039 648 prctes
1057 608 1088 640 in
1103 608 1183 640 hanc
1204 607 1388 642 sententiam
1406 610 1532 643 transire
1553 611 1714 653 potuiss'e,
1736 622 1812 644 cum

936 650 1069 681 omnino
1091 659 1150 681 una
1165 650 1335 692 caulemque
1353 651 1453 684 fuerit
1468 652 1604 693 OratiO,
1632 662 1667 686 ut
1682 655 1720 684 ab
1739 654 1811 685 aliis

936 691 1101 731 plenatide
1116 691 1283 733 probatum
1300 691 1352 724 cst'.
1390 691 1523 727 Constat
1542 696 1656 735 etiam,
1682 696 1813 727 Oratim·

937 741 1008 764 nem
1026 732 1199 772 Antonini,
1225 741 1297 765 ante
1315 735 1473 768 excelsum
1499 736 1540 769 D.
1567 737 1676 769 Severi
1697 761 1706 776 ,
1731 736 1810 768 fuis-

937 772 967 804 se
984 773 1120 805 inritam
1137 775 1167 806 in
1186 775 1301 806 Senatu
1314 801 1323 816 ‚
1347 777 1388 809 iic
1400 779 1482 810 enim
1498 786 1654 810 memorat
1671 777 1736 821 ipse
1752 778 1809 810 Ul-

936 814 1045 856 pianus
1064 816 1095 847 in
1119 815 1140 848 l.
1165 826 1215 858 32.
1237 823 1287 858 pr.
1313 818 1387 850 End.
1416 819 1477 851 Tit.
1522 819 1727 862 Papinianum
1754 830 1808 851 au-

936 864 999 902 tem
1016 857 1136 889 Severo
1153 857 1358 898 supervixin'c
1372 861 1574 893 certissimum
1594 861 1661 902 est3
1686 862 1716 894 &
1733 861 1812 903 quid

934 897 1074 929 dicemus
1090 898 1129 929 de
1146 899 1304 940 Ulpiano,
1330 902 1425 934 etiam
1451 903 1740 944 ³01}.post<:1·iorem
1762 903 1807 935 0-

933 939 1108 979 rationem,
1134 947 1169 971 ut
1188 940 1243 971 ille
1264 943 1413 982 putabat,
1453 946 1626 977 ententiam
1645 944 1806 987 Papiniani

935 980 1080 1012 laudante
1106 982 1136 1013 ὅς
1160 982 1315 1022 probante
1333 985 1349 1016 ἱ)
1390 986 1464 1018 Ant.
1503 986 1600 1019 Faber
1632 988 1664 1018 (1.
1698 987 1739 1019 L.
1764 985 1805 1018 ss.

937 1022 1065 1064 Corzjecl.
1081 1023 1154 1057 C.8.
1175 1023 1300 1063 censet,
1324 1025 1526 1067 Papinianum
1548 1029 1584 1059 ad
1604 1029 1702 1060 verba
1726 1029 1807 1060 Ora-

936 1064 1033 1095 tionis
1060 1064 1167 1104 potius
1192 1063 1358 1105 respexisse
1371 1091 1380 1107 ‚
1407 1069 1576 1110 Uipianum
1593 1071 1631 1102 ad
1647 1079 1811 1107 inentem3

934 1114 1027 1145 quam
1047 1104 1231 1138 sententiam
1245 1130 1254 1145 ‚
1280 1107 1382 1140 Fabi-o
1402 1118 1465 1141 non
1485 1111 1612 1142 laudato
1625 1136 1634 1151 ‚
1661 1112 1719 1143 Vir
1742 1111 1810 1152 qui-

931 1147 1000 1177 dam
1020 1145 1224 1179 Dottiffimus
1240 1158 1361 1190 nupero
1377 1152 1414 1181 ad
1442 1151 1608 1183 Paizdeczas
1628 1153 1810 1184 Commentffi

930 1189 972 1218 riv
995 1186 1078 1219 suam
1093 1187 1192 1227 fecit,
1218 1190 1247 1221 δι
1273 1191 1419 1224 nonnihil
1438 1193 1657 1235 interpolavit⁴
1702 1194 1762 1227 Sed
1785 1195 1809 1226 i⁴

932 1237 962 1260 ta
986 1239 1099 1261 verum
1121 1230 1198 1262 esset
1213 1252 1226 1271 ‚
1249 1232 1420 1274 Ulpianum
1441 1235 1651 1267 nihilominus
1674 1245 1691 1266 a
1707 1236 1806 1268 semet

931 1269 998 1313 ipso
1012 1270 1193 1313 dissentire,
1217 1274 1350 1314 probata
1366 1276 1451 1317 prius
1469 1276 1630 1318 Papiniani
1650 1276 1807 1309 sententia

930 1313 962 1347 in
986 1314 1015 1344 d.
1039 1313 1060 1344 l.
1085 1323 1135 1356 23.
1162 1316 1192 1347 dt
1211 1316 1323 1348 deinde
1341 1318 1454 1358 rejecta
1475 1319 1507 1351 in
1531 1320 1561 1350 d.
1585 1320 1606 1351 1.
1630 1329 1681 1367 33.
1710 1320 1740 1351 id
1767 1329 1806 1351 ue

931 1355 962 1386 in
982 1355 1094 1396 eodem
1119 1357 1157 1387 ad
1178 1357 1319 1389 Sabinum
1339 1359 1446 1399 Opere.
1471 1359 1569 1406 Quod
1587 1370 1627 1393 ne
1642 1364 1717 1401 nat,
1767 1371 1800 1393 a-

930 1396 985 1428 ber
1010 1399 1038 1425 τό
1062 1397 1137 1429 reete
1153 1398 1186 1430 in
1208 1401 1237 1431 d.
1262 1400 1283 1431 l.
1309 1410 1358 1443 23·
1383 1401 1473 1442 jubet
1488 1403 1607 1441 deleri,
1630 1403 1739 1435 audaci
1756 1402 1810 1435 fa-‘

930 1438 1049 1475 cinore.
1095 1439 1139 1471 Et
1154 1441 1228 1481 quid
1245 1441 1266 1474 si
1282 1441 1418 1483 abesset,
1446 1443 1560 1477 ideone
1576 1445 1679 1477 minus
1695 1444 1805 1477 aufto<

930 1480 1032 1512 ritatis
1053 1480 1181 1513 liaberet
1197 1481 1357 1525 Papiniani
1377 1483 1549 1526 sententia,
1573 1496 1638 1518 non
1657 1488 1723 1519 alio
1741 1487 1807 1519 fine

929 1521 960 1553 in
978 1521 1145 1555 pandectas
1164 1523 1284 1563 relata,
1308 1535 1401 1567 quam
1419 1534 1454 1559 u't
1477 1528 1600 1560 valeret
1612 1550 1623 1567 ,
1647 1530 1677 1561 δί
1698 1529 1805 1561 cense-

929 1571 1016 1595 retur
1034 1565 1225 1597 auctoritate
1251 1566 1333 1607 Juris
1348 1568 1366 1600 ⁴?
1389 1568 1503 1601 Abesse
1525 1578 1631 1601 autem
1649 1571 1758 1603 voluit
1777 1572 1808 1600 τὲ

928 1604 1003 1637 recte
1013 1628 1026 1644 ,
1049 1606 1151 1648 lepida
1168 1608 1349 1648 conjectura
1362 1619 1403 1642 ex
1420 1611 1575 1644 Accursio
1592 1610 1716 1654 sumpta
1732 1636 1741 1652 ,
1766 1613 1805 1645 ad

932 1656 1025 1688 quam
1039 1648 1061 1680 fi
1077 1657 1141 1680 non
1158 1649 1257 1682 rideas
1268 1674 1278 1690 ,
1289 1650 1414 1685 Catone
1431 1651 1571 1686 severior
1588 1652 1658 1695 ipso
1676 1664 1718 1686 es.
1736 1653 1804 1687 Mi-

930 1698 984 1721 ror
998 1698 1089 1729 eum,
1115 1689 1207 1723 fimili
1223 1693 1369 1734 audacia,
1392 1694 1468 1726 reete
1486 1695 1550 1727 five
1569 1697 1639 1727 bene
1655 1705 1720 1728 non
1736 1706 1803 1728 mu-

931 1730 1006 1763 tasi'e
1029 1731 1060 1764 in
1076 1732 1163 1764 male.
1208 1732 1360 1766 Ceterum
1380 1735 1445 1778 ipse
1463 1736 1563 1768 Faber
1577 1760 1587 1777 ,
1620 1745 1655 1769 ut
1678 1737 1751 1770 satis
1774 1749 1803 1770 a-

928 1772 1133 1805 nimadvertis
1150 1797 1160 1813 ‚
1186 1774 1314 1817 Ulpiani
1331 1786 1435 1818 partes
1449 1777 1588 1820 sequitur
1606 1803 1616 1819 ,
1641 1787 1748 1820 ratus,
1772 1791 1805 1812 e:

929 1815 978 1856 jus
992 1815 1272 1857 Jurisprudentiam
1290 1818 1322 1849 in
1345 1820 1374 1850 d.
1398 1820 1420 1851 l.
1443 1829 1493 1862 33.
1520 1820 1581 1852 effe
1601 1822 1799 1863 generalem,

929 1866 1023 1896 cum,
1048 1865 1083 1889 ut
1097 1857 1189 1898 dixi,
1214 1858 1246 1892 in
1263 1869 1391 1900 annuo,
1416 1862 1459 1893 ob
1478 1862 1545 1902 ejus
1569 1862 1708 1895 indolem
1729 1888 1739 1903 ,
1764 1864 1802 1896 sit

929 1898 1100 1941 singularis.
1145 1900 1304 1933 Movetur
1323 1903 1355 1934 in
1372 1903 1484 1943 primis
1507 1904 1528 1935 l.
1554 1914 1582 1935 2.
1611 1905 1643 1936 C.
1668 1906 1701 1935 de
1723 1905 1802 1938 Dore

929 1946 1010 1973 caut.
1027 1950 1087 1972 non
1106 1951 1219 1974 numer.
1261 1943 1321 1975 Sed
1344 1943 1406 1983 jam
1431 1944 1485 1976 alii
1509 1944 1717 1978 observarunt
1734 1968 1744 1985 ‚
1770 1948 1802 1980 &s

930 1982 1014 2015 reste
1032 2006 1042 2022 ,
1075 1983 1160 2025 quod
1186 1984 1318 2016 maritus
1343 1985 1524 2018 donationis
1547 1986 1654 2018 animo
1682 1987 1714 2019 in
1744 1989 1801 2021 do-

931 2033 995 2056 tem
1010 2025 1179 2066 augendam
1188 2024 1365 2068 adscripsit,
1384 2027 1462 2059 tradi
1477 2037 1541 2059 non
1560 2027 1647 2069 posse
1662 2029 1801 2072 mulieri,

930 2076 1001 2097 cum
1019 2065 1085 2107 ipsa
1099 2068 1156 2098 dos
1175 2076 1269 2108 penes
1287 2069 1435 2100 maritum
1458 2069 1497 2101 fit
1512 2093 1524 2108 ,
1548 2071 1579 2101 ὅ(
1596 2070 1658 2102 effe
1677 2071 1801 2105 debeat.

930 2107 1107 2140 Confirmat
1135 2109 1260 2150 igitur,
1299 2110 1385 2151 quod
1407 2110 1472 2142 dixi
1499 2133 1510 2149 ,
1544 2111 1723 2145 traditionis
1755 2124 1801 2146 ra-

931 2150 1051 2181 tionem
1066 2159 1131 2182 non
1150 2151 1319 2183 habendam
1330 2175 1340 2191 ,
1355 2151 1407 2184 ubi
1431 2161 1472 2184 ex
1489 2160 1599 2184 natura
1614 2155 1735 2195 negotii
1755 2156 1801 2188 in-

931 2191 1090 2223 tervenire
1106 2193 1224 2233 nequit.
1272 2192 1370 2240 Quod
1383 2194 1536 2226 donatum
1556 2193 1602 2226 est
1622 2195 1653 2227 in
1669 2195 1776 2228 dotem
1789 2221 1801 2236 ,

928 2242 993 2265 non
1012 2233 1153 2274 petitur,
1177 2234 1232 2266 nisi
1246 2243 1318 2266 cum
1333 2235 1489 2276 repetitur
1504 2236 1569 2277 ipsa
1583 2236 1661 2276 dOS,
1685 2237 1717 2268 id
1734 2237 1801 2277 cst,

929 2273 1036 2306 soluto
1051 2275 1275 2315 matrimonio,
1300 2276 1332 2309 in
1346 2286 1439 2318 quem
1456 2277 1560 2309 casum
1576 2277 1685 2310 donari
1706 2287 1800 2319 potu-

929 2315 984 2347 iss‘e
1001 2340 1011 2355 ‚
1035 2317 1131 2348 etiam
1156 2326 1230 2349 ante
1257 2318 1446 2351 Orationem
1473 2319 1650 2358 Antonini,
1675 2321 1800 2354 constat

928 2367 969 2389 ex
993 2358 1014 2390 ἰ.
1043 2368 1090 2390 10.
1115 2359 1136 2390 l.
1166 2368 1212 2390 11.
1238 2359 1266 2401 §.
1296 2369 1322 2392 1.
1347 2360 1368 2391 l.
1394 2368 1446 2402 35.
1472 2361 1493 2391 l.
1516 2369 1567 2402 53.
1594 2360 1616 2391 Ζ.
1639 2364 1690 2393 60.
1712 2361 1746 2436 Ξ
1769 2374 1796 2395 1.

929 2398 965 2434 ἐξ
993 2399 1016 2430 l.
1038 2404 1091 2440 64.
1118 2400 1160 2441 ff.
1184 2402 1217 2432 de
1243 2400 1358 2433 Donat.
1380 2403 1470 2434 inter.
1495 2402 1537 2433 V.
1563 2401 1600 2436 ὃ)
1627 2402 1668 2434 U.
1742 2405 1799 2438 lias

928 2441 1064 2473 aliorum
1092 2440 1262 2474 sententias
1279 2465 1288 2481 ,
1320 2444 1350 2475 δε
1375 2453 1445 2484 quae
1474 2443 1505 2474 in
1524 2442 1603 2475 hanc
1619 2453 1683 2475 rem
1702 2454 1803 2486 porro

929 2491 1008 2514 occu
1034 2490 1084 2514 ata
1096 2483 1161 2514 vidi
1176 2507 1186 2522 ,
1211 2483 1312 2516 sciens
1327 2485 1551 2525 praetermitto.
1596 2484 1649 2516 Ne
1672 2487 1798 2527 quidem

929 2524 1002 2555 Schi
1021 2524 1229 2566 ordeglierum
1245 2533 1340 2567 tango
1358 2527 1395 2557 ad
1415 2526 1529 2558 Ancon.
1549 2525 1677 2557 Fahrum
1705 2529 1747 2561 L,
1771 2528 1799 2560 1..

934 2564 1103 2600 TratifiXI.
1128 2565 1239 2614 Qua-Ji.
1258 2571 1286 2601 8.
1313 2567 1387 2609 quia
1402 2575 1508 2599 totum
1529 2568 1619 2600 ulcus
1634 2566 1689 2601 est.

1049 2664 1192 2700 XIX.

303 2747 462 2785 Tentatur
484 2749 607 2796 aliquid
627 2751 859 2787 emendationis
884 2752 918 2786 in
941 2751 983 2786 L.
1008 2763 1066 2797 49.
1091 2765 1142 2800 pr.
1169 2751 1207 2788 ff.
1233 2752 1278 2789 de
1303 2753 1427 2800 Legat.
1459 2754 1523 2788 111.

81 2844 90 2876 i
102 2843 328 2918 1patei-flamilias
343 2847 434 2880 uxori
452 2847 622 2890 legaverit,
637 2848 722 2889 quod
736 2849 802 2890 ejus
811 2859 882 2882 cau-

81 2892 84 2895 *
115 2895 132 2918 a
147 2894 286 2927 emptum
303 2897 486 2929 parat-imve
504 2889 558 2929 fit,
583 2889 658 2930 quid
673 2891 703 2923 le
725 2900 779 2922 ato
806 2901 881 2924 con-

22 2931 181 2965 tineatur,
203 2927 342 2969 explicat
357 2929 509 2972 Ulpianus
525 2930 617 2962 Libro
637 2931 706 2964 XX
725 2932 747 2964 I.
771 2934 809 2964 ad
829 2933 882 2964 Sa-

23 2971 125 3002 binum
143 2991 154 3007 ,
186 2968 218 3002 in
240 2970 262 3001 l.
282 2979 332 3010 47.
357 2971 399 3011 ff.
429 2973 462 3003 de
486 2972 564 3014 Leg.
587 2971 643 3005 ΙΙΙ.
688 2972 775 3006 Idem
790 2984 879 3016 argu-

22 3018 167 3044 mentum
183 3011 294 3042 eodem
314 3010 407 3052 Opere
422 3013 452 3044 Sc
468 3013 580 3044 eodem
597 3014 688 3056 plane
710 3015 801 3047 Libro
829 3025 882 3048 ex-

22 3051 166 3094 seqnitur
183 3052 224 3084 in'
237 3053 259 3084 l.
275 3061 326 3092 49.
347 3058 396 3093 pr.
420 3053 496 3086 End.
539 3053 634 3094 Item,
657 3056 780 3098 inquit,
803 3057 883 3100 legw-

24 3100 53 3126 to
72 3095 258 3126 continentur
275 3095 442 3135 mancipia,
455 3094 690 3136 puta‘lesticarz'i
698 3121 711 3138 ,
730 3100 780 3141 qui
787 3100 884 3140 solam

23 3133 280 3176 „mtremfa'milias
292 3137 471 3175 portabant‚·
493 3138 563 3168 item
581 3138 717 3180 jumenta
737 3162 749 3178 ‚
777 3140 826 3171 <vel
845 3140 883 3171 le-

23 3175 100 3208 &ica
110 3199 122 3215 ,
143 3175 192 3208 vel
199 3177 299 3218 sella,
321 3177 370 3207 vel
387 3178 542 3210 burdones:
561 3179 632 3210 item
650 3182 799 3221 mancipia
808 3179 884 3219 azia,

17 3217 123 3260 puellae
133 3216 265 3261 fortaffis
275 3227 369 3259 ,quas
376 3216 436 3258 fibi
445 3224 571 3251 comatus
579 3220 713 3253 mulieres
728 3229 884 3254 exornam-

1649 2833 1662 2844 0

926 2849 1036 2882 Priora
1055 2849 1185 2891 Ulpiani
1202 2859 1297 2882 nemo
1315 2861 1378 2883 non
1398 2849 1568 2894 intelligit,
1593 2848 1630 2880 ad
1656 2848 1794 2882 burdones

925 2892 1029 2933 fiquis
1051 2891 1188 2930 haereat,
1213 2891 1359 2930 Cujacius
1375 2901 1436 2932 ope
1461 2889 1593 2922 consilio
1617 2890 1716 2922 aderit
1751 2893 1791 2925 L.

924 2933 984 2966 XI.
1013 2933 1136 2973 Observ.
1171 2932 1204 2963 C.
1231 2935 1278 2964 16.
1325 2931 1528 2970 Posteriora,
1572 2938 1606 2962 ut
1631 2932 1792 2973 exhibui,

923 2974 1098 3006 Florentiae
1115 2974 1280 3014 leguntur,
1304 2973 1396 3013 plane
1421 2980 1456 3003 ut
1480 2973 1512 3004 in
1536 2972 1609 3004 MS.
1635 2983 1707 3005 meo
1726 2975 1793 3015 fine

924 3014 1050 3047 Gloffis.
1096 3015 1144 3046 Ita
1156 3022 1281 3056 quoque
1296 3013 1395 3045 edidit
1413 3013 1598 3046 Ludovicus
1611 3014 1791 3048 Blaublom-

924 3057 1006 3088 mius
1023 3055 1146 3087 Parisiis
1168 3056 1258 3095 1515.
1285 3055 1315 3086 δι
1332 3063 1437 3087 tamen
1456 3064 1524 3086 eam
1545 3055 1715 3089 lestionern
1731 3058 1794 3090 effe

924 3096 1103 3129 mendosam
1142 3097 1258 3138 quovis
1290 3096 1424 3137 pignore
1459 3096 1553 3128 aufim
1591 3098 1797 3131 contendere,

925 3138 1009 3184 Quae
1027 3137 1086 3169 fint
1108 3137 1233 3178 puellae3
1256 3147 1326 3179 quas
1345 3136 1403 3176 fibi
1418 3143 1545 3169 commas
1563 3139 1695 3171 mulieres
1714 3150 1794 3172 exor-

925 3185 1023 3217 nant,
1045 3188 1138 3210 nemo
1155 3178 1251 3210 facile
1267 3178 1402 3218 dixerit,
1426 3188 1522 3211 nemo
1538 3180 1632 3212 etiam
1650 3205 1660 3221 ,
1684 3191 1800 3223 quern--

926 3219 1096 3253 admodum
1124 3220 1206 3252 ratio
1230 3218 1456 3253 Grammaticae
1486 3221 1519 3253 in
1549 3220 1635 3254 hisce
1658 3222 1797 3292 copstet„

1709 3265 1790 3296 :1108-
