<?xml version="1.0" encoding="UTF-8"?>
<!DOCTYPE html PUBLIC "-//W3C//DTD XHTML 1.0 Transitional//EN"
    "http://www.w3.org/TR/xhtml1/DTD/xhtml1-transitional.dtd">
<html xmlns="http://www.w3.org/1999/xhtml" xml:lang="en" lang="en">
 <head>
  <title>
</title>
<meta http-equiv="Content-Type" content="text/html;charset=utf-8" />
  <meta name='ocr-system' content='tesseract 3.04.00' />
  <meta name='ocr-capabilities' content='ocr_page ocr_carea ocr_par ocr_line ocrx_word'/>
</head>
<body>
  <div class='ocr_page' id='page_1' title='image "./corneliivanbynke00bijn_0683.png"; bbox 0 0 2008 3436; ppageno 0'>
   <div class='ocr_carea' id='block_1_1' title="bbox 0 2945 4 3144">
    <p class='ocr_par' dir='ltr' id='par_1_1' title="bbox 0 2945 4 3144">
     <span class='ocr_line' id='line_1_1' title="bbox 0 2945 2 2967; baseline 0 0"><span class='ocrx_word' id='word_1_1' title='bbox 0 2945 2 2967; x_wconf 78' lang='grc'>1</span> 
     </span>
     <span class='ocr_line' id='line_1_2' title="bbox 0 3055 4 3105; baseline 0 0"><span class='ocrx_word' id='word_1_2' title='bbox 0 3055 4 3105; x_wconf 75' lang='grc'>1</span> 
     </span>
     <span class='ocr_line' id='line_1_3' title="bbox 0 3116 4 3144; baseline 0 0"><span class='ocrx_word' id='word_1_3' title='bbox 0 3116 4 3144; x_wconf 70' lang='grc' dir='ltr'>ἓ</span> 
     </span>
    </p>
   </div>
   <div class='ocr_carea' id='block_1_2' title="bbox 250 127 834 184">
    <p class='ocr_par' dir='ltr' id='par_1_2' title="bbox 250 127 834 184">
     <span class='ocr_line' id='line_1_4' title="bbox 250 127 834 184; baseline -0.01 -15"><span class='ocrx_word' id='word_1_4' title='bbox 250 130 533 184; x_wconf 81' lang='lat' dir='ltr'>QUAEST.</span> <span class='ocrx_word' id='word_1_5' title='bbox 607 127 834 178; x_wconf 77' lang='lat' dir='ltr'>JURIS</span> 
     </span>
    </p>
   </div>
   <div class='ocr_carea' id='block_1_3' title="bbox 34 208 919 2988">
    <p class='ocr_par' dir='ltr' id='par_1_3' title="bbox 45 208 919 749">
     <span class='ocr_line' id='line_1_5' title="bbox 59 208 918 256; baseline -0.006 -9"><span class='ocrx_word' id='word_1_6' title='bbox 59 214 105 256; x_wconf 85' lang='lat' dir='ltr'>lip</span> <span class='ocrx_word' id='word_1_7' title='bbox 128 213 137 245; x_wconf 89' lang='lat' dir='ltr'>i</span> <span class='ocrx_word' id='word_1_8' title='bbox 163 212 203 246; x_wconf 86' lang='lat'>11.</span> <span class='ocrx_word' id='word_1_9' title='bbox 231 212 362 253; x_wconf 84' lang='lat' dir='ltr'>Hispan.</span> <span class='ocrx_word' id='word_1_10' title='bbox 385 211 480 252; x_wconf 73' lang='lat' dir='ltr'>Regis</span> <span class='ocrx_word' id='word_1_11' title='bbox 503 210 649 250; x_wconf 86' lang='lat' dir='ltr'>nornine,</span> <span class='ocrx_word' id='word_1_12' title='bbox 674 209 831 252; x_wconf 82' lang='lat' dir='ltr'>Orangius</span> <span class='ocrx_word' id='word_1_13' title='bbox 849 208 918 251; x_wconf 76' lang='lat' dir='ltr'>Dy—</span> 
     </span>
     <span class='ocr_line' id='line_1_6' title="bbox 50 223 919 293; baseline -0.007 -6"><span class='ocrx_word' id='word_1_14' title='bbox 50 223 134 287; x_wconf 55' lang='lat' dir='ltr'>naifa</span> <span class='ocrx_word' id='word_1_15' title='bbox 157 255 188 286; x_wconf 74' lang='grc' dir='ltr'>δε</span> <span class='ocrx_word' id='word_1_16' title='bbox 214 253 315 286; x_wconf 89' lang='lat' dir='ltr'>Curia</span> <span class='ocrx_word' id='word_1_17' title='bbox 346 252 529 284; x_wconf 81' lang='lat' dir='ltr'>Hollandia:</span> <span class='ocrx_word' id='word_1_18' title='bbox 558 252 798 293; x_wconf 81' lang='lat' dir='ltr'>promulgarunt</span> <span class='ocrx_word' id='word_1_19' title='bbox 815 273 826 289; x_wconf 93' lang='lat'>,</span> <span class='ocrx_word' id='word_1_20' title='bbox 857 260 919 292; x_wconf 87' lang='lat' dir='ltr'>quo</span> 
     </span>
     <span class='ocr_line' id='line_1_7' title="bbox 51 291 915 334; baseline -0.006 -6"><span class='ocrx_word' id='word_1_21' title='bbox 51 306 114 328; x_wconf 91' lang='lat' dir='ltr'>non</span> <span class='ocrx_word' id='word_1_22' title='bbox 133 294 288 326; x_wconf 78' lang='lat' dir='ltr'>duntaxat</span> <span class='ocrx_word' id='word_1_23' title='bbox 310 303 418 325; x_wconf 87' lang='lat' dir='ltr'>eorum</span> <span class='ocrx_word' id='word_1_24' title='bbox 433 316 443 332; x_wconf 92' lang='lat'><em>‚</em></span> <span class='ocrx_word' id='word_1_25' title='bbox 467 294 519 334; x_wconf 85' lang='lat' dir='ltr'>qui</span> <span class='ocrx_word' id='word_1_26' title='bbox 544 293 581 325; x_wconf 87' lang='lat' dir='ltr'>ad</span> <span class='ocrx_word' id='word_1_27' title='bbox 602 293 753 333; x_wconf 76' lang='lat' dir='ltr'>joannem</span> <span class='ocrx_word' id='word_1_28' title='bbox 780 291 915 324; x_wconf 85' lang='lat' dir='ltr'>Austria-</span> 
     </span>
     <span class='ocr_line' id='line_1_8' title="bbox 51 333 916 374; baseline -0.005 -5"><span class='ocrx_word' id='word_1_29' title='bbox 51 346 123 369; x_wconf 90' lang='lat' dir='ltr'>cum</span> <span class='ocrx_word' id='word_1_30' title='bbox 140 335 322 368; x_wconf 78' lang='lat' dir='ltr'>transierant</span> <span class='ocrx_word' id='word_1_31' title='bbox 335 357 347 374; x_wconf 92' lang='lat'>,</span> <span class='ocrx_word' id='word_1_32' title='bbox 370 333 422 366; x_wconf 85' lang='lat' dir='ltr'>sed</span> <span class='ocrx_word' id='word_1_33' title='bbox 442 335 549 366; x_wconf 85' lang='lat' dir='ltr'>omnia</span> <span class='ocrx_word' id='word_1_34' title='bbox 563 333 698 366; x_wconf 85' lang='lat' dir='ltr'>hostium</span> <span class='ocrx_word' id='word_1_35' title='bbox 718 335 843 365; x_wconf 86' lang='lat' dir='ltr'>suorum</span> <span class='ocrx_word' id='word_1_36' title='bbox 861 333 916 365; x_wconf 88' lang='lat' dir='ltr'>bo-</span> 
     </span>
     <span class='ocr_line' id='line_1_9' title="bbox 50 375 916 416; baseline -0.003 -6"><span class='ocrx_word' id='word_1_37' title='bbox 50 388 108 416; x_wconf 87' lang='lat' dir='ltr'>na,</span> <span class='ocrx_word' id='word_1_38' title='bbox 134 376 265 409; x_wconf 81' lang='lat' dir='ltr'>mobilia</span> <span class='ocrx_word' id='word_1_39' title='bbox 294 377 324 408; x_wconf 82' lang='lat'>&amp;</span> <span class='ocrx_word' id='word_1_40' title='bbox 350 375 547 414; x_wconf 80' lang='lat' dir='ltr'>immobilia,</span> <span class='ocrx_word' id='word_1_41' title='bbox 569 375 710 407; x_wconf 66' lang='lat' dir='ltr'>actiones</span> <span class='ocrx_word' id='word_1_42' title='bbox 732 384 859 416; x_wconf 83' lang='lat' dir='ltr'>quoque</span> <span class='ocrx_word' id='word_1_43' title='bbox 886 375 916 407; x_wconf 91' lang='lat'>&amp;</span> 
     </span>
     <span class='ocr_line' id='line_1_10' title="bbox 49 415 915 460; baseline -0.005 -9"><span class='ocrx_word' id='word_1_44' title='bbox 49 419 189 457; x_wconf 86' lang='lat' dir='ltr'>credita,</span> <span class='ocrx_word' id='word_1_45' title='bbox 212 417 364 460; x_wconf 80' lang='lat' dir='ltr'>publicari</span> <span class='ocrx_word' id='word_1_46' title='bbox 381 415 544 457; x_wconf 73' lang='lat' dir='ltr'>juss&#39;ertmt.</span> <span class='ocrx_word' id='word_1_47' title='bbox 590 416 725 449; x_wconf 80' lang='lat' dir='ltr'>Ordines</span> <span class='ocrx_word' id='word_1_48' title='bbox 741 417 834 448; x_wconf 85' lang='lat' dir='ltr'>ctiam</span> <span class='ocrx_word' id='word_1_49' title='bbox 853 415 915 448; x_wconf 89' lang='lat' dir='ltr'>Ge-</span> 
     </span>
     <span class='ocr_line' id='line_1_11' title="bbox 47 457 913 504; baseline -0.006 -11"><span class='ocrx_word' id='word_1_50' title='bbox 47 459 168 493; x_wconf 88' lang='lat' dir='ltr'>nerales</span> <span class='ocrx_word' id='word_1_51' title='bbox 186 470 215 501; x_wconf 93' lang='lat'>4.</span> <span class='ocrx_word' id='word_1_52' title='bbox 241 459 309 501; x_wconf 89' lang='lat' dir='ltr'>Jun.</span> <span class='ocrx_word' id='word_1_53' title='bbox 341 462 433 503; x_wconf 57' lang='grc' dir='ltr'>1581ζ</span> <span class='ocrx_word' id='word_1_54' title='bbox 457 457 474 499; x_wconf 93' lang='grc'>(</span> <span class='ocrx_word' id='word_1_55' title='bbox 490 458 556 500; x_wconf 82' lang='grc'>13)</span> <span class='ocrx_word' id='word_1_56' title='bbox 573 458 766 504; x_wconf 76' lang='lat' dir='ltr'>Bruggcnscs</span> <span class='ocrx_word' id='word_1_57' title='bbox 784 458 813 490; x_wconf 72' lang='grc' dir='ltr'>δε</span> <span class='ocrx_word' id='word_1_58' title='bbox 830 458 913 501; x_wconf 82' lang='lat' dir='ltr'>Vry-</span> 
     </span>
     <span class='ocr_line' id='line_1_12' title="bbox 46 499 913 543; baseline -0.003 -9"><span class='ocrx_word' id='word_1_59' title='bbox 46 501 136 534; x_wconf 81' lang='lat' dir='ltr'>enses</span> <span class='ocrx_word' id='word_1_60' title='bbox 155 525 164 541; x_wconf 90' lang='lat'><em>‚</em></span> <span class='ocrx_word' id='word_1_61' title='bbox 195 501 278 543; x_wconf 86' lang='lat' dir='ltr'>quod</span> <span class='ocrx_word' id='word_1_62' title='bbox 302 500 338 532; x_wconf 91' lang='lat' dir='ltr'>ad</span> <span class='ocrx_word' id='word_1_63' title='bbox 368 499 526 541; x_wconf 73' lang='lat' dir='ltr'>Hilpanos</span> <span class='ocrx_word' id='word_1_64' title='bbox 551 500 749 531; x_wconf 78' lang='lat' dir='ltr'>delciverant</span> <span class='ocrx_word' id='word_1_65' title='bbox 767 524 775 539; x_wconf 93' lang='lat'>‚</span> <span class='ocrx_word' id='word_1_66' title='bbox 810 499 913 531; x_wconf 77' lang='grc'>1101163</span> 
     </span>
     <span class='ocr_line' id='line_1_13' title="bbox 46 539 910 581; baseline -0.002 -6"><span class='ocrx_word' id='word_1_67' title='bbox 46 542 121 576; x_wconf 85' lang='lat' dir='ltr'>suos</span> <span class='ocrx_word' id='word_1_68' title='bbox 141 541 203 575; x_wconf 86' lang='lat' dir='ltr'>esse</span> <span class='ocrx_word' id='word_1_69' title='bbox 219 541 431 580; x_wconf 84' lang='lat' dir='ltr'>declararunt,</span> <span class='ocrx_word' id='word_1_70' title='bbox 449 541 485 572; x_wconf 78' lang='lat'>·&amp;</span> <span class='ocrx_word' id='word_1_71' title='bbox 503 539 657 581; x_wconf 85' lang='lat' dir='ltr'>jusserunt</span> <span class='ocrx_word' id='word_1_72' title='bbox 677 550 785 573; x_wconf 86' lang='lat' dir='ltr'>eorum</span> <span class='ocrx_word' id='word_1_73' title='bbox 810 541 910 580; x_wconf 85' lang='lat' dir='ltr'>bona,</span> 
     </span>
     <span class='ocr_line' id='line_1_14' title="bbox 47 581 910 624; baseline -0.002 -8"><span class='ocrx_word' id='word_1_74' title='bbox 47 584 185 616; x_wconf 72' lang='lat' dir='ltr'>aftiones</span> <span class='ocrx_word' id='word_1_75' title='bbox 201 583 400 624; x_wconf 74' lang='lat' dir='ltr'>creditaque,</span> <span class='ocrx_word' id='word_1_76' title='bbox 418 581 481 614; x_wconf 75' lang='lat' dir='ltr'>tam</span> <span class='ocrx_word' id='word_1_77' title='bbox 500 582 646 623; x_wconf 89' lang='lat' dir='ltr'>publica,</span> <span class='ocrx_word' id='word_1_78' title='bbox 668 592 758 623; x_wconf 84' lang='lat' dir='ltr'>quain</span> <span class='ocrx_word' id='word_1_79' title='bbox 776 583 910 624; x_wconf 85' lang='lat' dir='ltr'>privata,</span> 
     </span>
     <span class='ocr_line' id='line_1_15' title="bbox 45 623 908 668; baseline -0.002 -11"><span class='ocrx_word' id='word_1_80' title='bbox 45 625 211 668; x_wconf 87' lang='lat' dir='ltr'>publicari.</span> <span class='ocrx_word' id='word_1_81' title='bbox 259 625 361 665; x_wconf 86' lang='lat' dir='ltr'>Atque</span> <span class='ocrx_word' id='word_1_82' title='bbox 388 624 432 665; x_wconf 81' lang='lat' dir='ltr'>ita</span> <span class='ocrx_word' id='word_1_83' title='bbox 456 624 592 662; x_wconf 78' lang='lat' dir='ltr'>deinde,</span> <span class='ocrx_word' id='word_1_84' title='bbox 616 633 687 655; x_wconf 82' lang='lat' dir='ltr'>cum</span> <span class='ocrx_word' id='word_1_85' title='bbox 714 623 908 656; x_wconf 74' lang='lat' dir='ltr'>Vcnlo&#39;enses</span> 
     </span>
     <span class='ocr_line' id='line_1_16' title="bbox 69 664 905 708; baseline -0.002 -10"><span class='ocrx_word' id='word_1_86' title='bbox 69 675 172 708; x_wconf 89' lang='lat' dir='ltr'>uoque</span> <span class='ocrx_word' id='word_1_87' title='bbox 189 665 226 698; x_wconf 88' lang='lat' dir='ltr'>ad</span> <span class='ocrx_word' id='word_1_88' title='bbox 245 665 403 707; x_wconf 84' lang='lat' dir='ltr'>Hispanos</span> <span class='ocrx_word' id='word_1_89' title='bbox 422 664 627 704; x_wconf 79' lang='lat' dir='ltr'>transiiss&#39;ent,</span> <span class='ocrx_word' id='word_1_90' title='bbox 651 665 767 698; x_wconf 89' lang='lat' dir='ltr'>Comes</span> <span class='ocrx_word' id='word_1_91' title='bbox 786 665 905 707; x_wconf 84' lang='lat' dir='ltr'>Leyce-</span> 
     </span>
     <span class='ocr_line' id='line_1_17' title="bbox 46 676 906 749; baseline -0.002 -8"><span class='ocrx_word' id='word_1_92' title='bbox 46 676 164 742; x_wconf 73' lang='lat' dir='ltr'>l‘lranus</span> <span class='ocrx_word' id='word_1_93' title='bbox 190 707 304 740; x_wconf 65' lang='lat' dir='ltr'>Edicto</span> <span class='ocrx_word' id='word_1_94' title='bbox 327 717 358 745; x_wconf 86' lang='lat'>9.</span> <span class='ocrx_word' id='word_1_95' title='bbox 382 706 443 748; x_wconf 86' lang='lat' dir='ltr'>Jul.</span> <span class='ocrx_word' id='word_1_96' title='bbox 471 711 562 746; x_wconf 81' lang='lat'>1586.</span> <span class='ocrx_word' id='word_1_97' title='bbox 587 707 683 749; x_wconf 73' lang='lat'>(14)</span> <span class='ocrx_word' id='word_1_98' title='bbox 706 717 762 739; x_wconf 88' lang='lat' dir='ltr'>eos</span> <span class='ocrx_word' id='word_1_99' title='bbox 788 707 906 739; x_wconf 82' lang='lat' dir='ltr'>crimen</span> 
     </span>
    </p>

    <p class='ocr_par' dir='ltr' id='par_1_4' title="bbox 36 747 909 1245">
     <span class='ocr_line' id='line_1_18' title="bbox 86 747 906 789; baseline -0.002 -8"><span class='ocrx_word' id='word_1_100' title='bbox 86 749 271 782; x_wconf 85' lang='lat' dir='ltr'>rduellionis</span> <span class='ocrx_word' id='word_1_101' title='bbox 290 747 477 780; x_wconf 71' lang='lat' dir='ltr'>commffiffe</span> <span class='ocrx_word' id='word_1_102' title='bbox 503 749 692 789; x_wconf 85' lang='lat' dir='ltr'>complexus</span> <span class='ocrx_word' id='word_1_103' title='bbox 708 748 772 787; x_wconf 83' lang='lat' dir='ltr'>est,</span> <span class='ocrx_word' id='word_1_104' title='bbox 798 758 906 780; x_wconf 89' lang='lat' dir='ltr'>eorum</span> 
     </span>
     <span class='ocr_line' id='line_1_19' title="bbox 67 790 907 830; baseline -0.002 -7"><span class='ocrx_word' id='word_1_105' title='bbox 67 791 137 824; x_wconf 91' lang='lat' dir='ltr'>onis</span> <span class='ocrx_word' id='word_1_106' title='bbox 164 790 336 822; x_wconf 80' lang='lat' dir='ltr'>mobilibus</span> <span class='ocrx_word' id='word_1_107' title='bbox 362 792 392 822; x_wconf 66' lang='grc' dir='ltr'>δι</span> <span class='ocrx_word' id='word_1_108' title='bbox 418 790 656 830; x_wconf 83' lang='lat' dir='ltr'>immobilibus,</span> <span class='ocrx_word' id='word_1_109' title='bbox 681 790 855 822; x_wconf 73' lang='lat' dir='ltr'>attion³bus</span> <span class='ocrx_word' id='word_1_110' title='bbox 877 790 907 821; x_wconf 90' lang='lat'>&amp;</span> 
     </span>
     <span class='ocr_line' id='line_1_20' title="bbox 44 830 909 873; baseline -0.003 -8"><span class='ocrx_word' id='word_1_111' title='bbox 44 832 195 871; x_wconf 86' lang='lat' dir='ltr'>creditis,</span> <span class='ocrx_word' id='word_1_112' title='bbox 218 831 370 873; x_wconf 85' lang='lat' dir='ltr'>publicari</span> <span class='ocrx_word' id='word_1_113' title='bbox 388 831 480 872; x_wconf 78' lang='lat' dir='ltr'>juliis.</span> <span class='ocrx_word' id='word_1_114' title='bbox 526 830 579 862; x_wconf 93' lang='lat' dir='ltr'>Ne</span> <span class='ocrx_word' id='word_1_115' title='bbox 597 841 701 864; x_wconf 85' lang='lat' dir='ltr'>autem</span> <span class='ocrx_word' id='word_1_116' title='bbox 722 832 847 870; x_wconf 83' lang='lat' dir='ltr'>credas,</span> <span class='ocrx_word' id='word_1_117' title='bbox 869 831 909 862; x_wconf 92' lang='lat' dir='ltr'>de</span> 
     </span>
     <span class='ocr_line' id='line_1_21' title="bbox 42 872 908 916; baseline -0.005 -8"><span class='ocrx_word' id='word_1_118' title='bbox 42 873 271 916; x_wconf 84' lang='lat' dir='ltr'>Bruggenfibus</span> <span class='ocrx_word' id='word_1_119' title='bbox 288 896 299 912; x_wconf 91' lang='lat'>,</span> <span class='ocrx_word' id='word_1_120' title='bbox 328 872 523 915; x_wconf 66' lang='lat' dir='ltr'>Vry&#39;enfibus</span> <span class='ocrx_word' id='word_1_121' title='bbox 564 873 594 904; x_wconf 72' lang='grc' dir='ltr'>δ(</span> <span class='ocrx_word' id='word_1_122' title='bbox 621 872 849 905; x_wconf 79' lang='lat' dir='ltr'>Venlo&#39;enfibus</span> <span class='ocrx_word' id='word_1_123' title='bbox 876 873 908 904; x_wconf 91' lang='lat' dir='ltr'>id</span> 
     </span>
     <span class='ocr_line' id='line_1_22' title="bbox 42 914 907 955; baseline -0.002 -8"><span class='ocrx_word' id='word_1_124' title='bbox 42 916 198 948; x_wconf 80' lang='lat' dir='ltr'>duntaxat</span> <span class='ocrx_word' id='word_1_125' title='bbox 224 915 333 954; x_wconf 92' lang='lat' dir='ltr'>edici,</span> <span class='ocrx_word' id='word_1_126' title='bbox 365 915 449 955; x_wconf 87' lang='lat' dir='ltr'>quod</span> <span class='ocrx_word' id='word_1_127' title='bbox 474 924 537 947; x_wconf 88' lang='lat' dir='ltr'>non</span> <span class='ocrx_word' id='word_1_128' title='bbox 564 922 627 946; x_wconf 88' lang='lat' dir='ltr'>tam</span> <span class='ocrx_word' id='word_1_129' title='bbox 654 914 757 946; x_wconf 86' lang='lat' dir='ltr'>hostes</span> <span class='ocrx_word' id='word_1_130' title='bbox 774 937 786 953; x_wconf 92' lang='lat'>,</span> <span class='ocrx_word' id='word_1_131' title='bbox 815 923 907 955; x_wconf 87' lang='lat' dir='ltr'>quarn</span> 
     </span>
     <span class='ocr_line' id='line_1_23' title="bbox 40 954 908 1000; baseline -0.002 -12"><span class='ocrx_word' id='word_1_132' title='bbox 40 956 219 1000; x_wconf 82' lang='lat' dir='ltr'>perduelles</span> <span class='ocrx_word' id='word_1_133' title='bbox 234 955 352 995; x_wconf 78' lang='lat' dir='ltr'>essent,</span> <span class='ocrx_word' id='word_1_134' title='bbox 366 965 406 987; x_wconf 85' lang='lat' dir='ltr'>cx</span> <span class='ocrx_word' id='word_1_135' title='bbox 423 965 462 987; x_wconf 90' lang='lat' dir='ltr'>eo</span> <span class='ocrx_word' id='word_1_136' title='bbox 477 965 609 995; x_wconf 88' lang='lat' dir='ltr'>nempe,</span> <span class='ocrx_word' id='word_1_137' title='bbox 634 956 718 997; x_wconf 87' lang='lat' dir='ltr'>quod</span> <span class='ocrx_word' id='word_1_138' title='bbox 735 965 823 987; x_wconf 88' lang='lat' dir='ltr'>antea</span> <span class='ocrx_word' id='word_1_139' title='bbox 841 954 908 986; x_wconf 85' lang='lat' dir='ltr'>Foe-</span> 
     </span>
     <span class='ocr_line' id='line_1_24' title="bbox 42 996 907 1042; baseline -0.003 -12"><span class='ocrx_word' id='word_1_140' title='bbox 42 998 108 1031; x_wconf 88' lang='lat' dir='ltr'>deri</span> <span class='ocrx_word' id='word_1_141' title='bbox 131 997 330 1029; x_wconf 87' lang='lat' dir='ltr'>Utrechtano</span> <span class='ocrx_word' id='word_1_142' title='bbox 357 996 420 1028; x_wconf 86' lang='lat' dir='ltr'>sese</span> <span class='ocrx_word' id='word_1_143' title='bbox 442 996 651 1037; x_wconf 69' lang='lat' dir='ltr'>obligassent,</span> <span class='ocrx_word' id='word_1_144' title='bbox 677 996 837 1042; x_wconf 83' lang='lat' dir='ltr'>observari</span> <span class='ocrx_word' id='word_1_145' title='bbox 856 1005 907 1027; x_wconf 87' lang='lat' dir='ltr'>ve-</span> 
     </span>
     <span class='ocr_line' id='line_1_25' title="bbox 41 1037 905 1078; baseline -0.003 -6"><span class='ocrx_word' id='word_1_146' title='bbox 41 1040 120 1078; x_wconf 89' lang='lat' dir='ltr'>lim,</span> <span class='ocrx_word' id='word_1_147' title='bbox 143 1038 174 1070; x_wconf 92' lang='lat' dir='ltr'>in</span> <span class='ocrx_word' id='word_1_148' title='bbox 204 1038 234 1070; x_wconf 92' lang='lat' dir='ltr'>d.</span> <span class='ocrx_word' id='word_1_149' title='bbox 266 1038 380 1070; x_wconf 63' lang='lat' dir='ltr'>Edicto</span> <span class='ocrx_word' id='word_1_150' title='bbox 407 1048 438 1078; x_wconf 90' lang='lat'>4.</span> <span class='ocrx_word' id='word_1_151' title='bbox 462 1037 532 1078; x_wconf 89' lang='lat' dir='ltr'>Jun.</span> <span class='ocrx_word' id='word_1_152' title='bbox 567 1042 658 1078; x_wconf 84' lang='lat'>1584.</span> <span class='ocrx_word' id='word_1_153' title='bbox 681 1041 724 1078; x_wconf 76' lang='lat' dir='ltr'>vs.</span> <span class='ocrx_word' id='word_1_154' title='bbox 752 1037 905 1069; x_wconf 75' lang='lat' dir='ltr'>Ordonne-</span> 
     </span>
     <span class='ocr_line' id='line_1_26' title="bbox 41 1078 905 1120; baseline 0 -9"><span class='ocrx_word' id='word_1_155' title='bbox 41 1091 112 1120; x_wconf 80' lang='lat' dir='ltr'>ren,</span> <span class='ocrx_word' id='word_1_156' title='bbox 139 1079 207 1111; x_wconf 83' lang='lat' dir='ltr'>haec</span> <span class='ocrx_word' id='word_1_157' title='bbox 223 1079 318 1111; x_wconf 89' lang='lat' dir='ltr'>etiam</span> <span class='ocrx_word' id='word_1_158' title='bbox 337 1078 456 1119; x_wconf 82' lang='lat' dir='ltr'>porrigi</span> <span class='ocrx_word' id='word_1_159' title='bbox 475 1078 512 1109; x_wconf 83' lang='lat' dir='ltr'>ad</span> <span class='ocrx_word' id='word_1_160' title='bbox 539 1088 665 1118; x_wconf 81' lang='lat' dir='ltr'>omnes,</span> <span class='ocrx_word' id='word_1_161' title='bbox 690 1080 834 1111; x_wconf 73' lang='lat' dir='ltr'>houclerzde</span> <span class='ocrx_word' id='word_1_162' title='bbox 857 1089 905 1111; x_wconf 79' lang='lat'>0⁷2-</span> 
     </span>
     <span class='ocr_line' id='line_1_27' title="bbox 36 1120 906 1171; baseline 0 -18"><span class='ocrx_word' id='word_1_163' title='bbox 36 1122 70 1171; x_wconf 76' lang='lat' dir='ltr'>[e</span> <span class='ocrx_word' id='word_1_164' title='bbox 86 1126 298 1164; x_wconf 63' lang='lat' dir='ltr'>tegenpartye,</span> <span class='ocrx_word' id='word_1_165' title='bbox 319 1121 380 1152; x_wconf 77' lang='lat' dir='ltr'>wie</span> <span class='ocrx_word' id='word_1_166' title='bbox 404 1122 456 1152; x_wconf 72' lang='lat' dir='ltr'>clar</span> <span class='ocrx_word' id='word_1_167' title='bbox 481 1121 515 1151; x_wconf 79' lang='lat' dir='ltr'>cle</span> <span class='ocrx_word' id='word_1_168' title='bbox 536 1120 617 1151; x_wconf 79' lang='lat' dir='ltr'>zelve</span> <span class='ocrx_word' id='word_1_169' title='bbox 644 1130 724 1161; x_wconf 63' lang='lat' dir='ltr'>ayn,</span> <span class='ocrx_word' id='word_1_170' title='bbox 749 1121 840 1162; x_wconf 89' lang='lat' dir='ltr'>plane</span> <span class='ocrx_word' id='word_1_171' title='bbox 872 1129 906 1152; x_wconf 86' lang='lat' dir='ltr'>ut</span> 
     </span>
     <span class='ocr_line' id='line_1_28' title="bbox 42 1161 906 1204; baseline -0.003 -7"><span class='ocrx_word' id='word_1_172' title='bbox 42 1174 75 1197; x_wconf 88' lang='lat' dir='ltr'>m</span> <span class='ocrx_word' id='word_1_173' title='bbox 90 1163 119 1195; x_wconf 91' lang='lat' dir='ltr'>d.</span> <span class='ocrx_word' id='word_1_174' title='bbox 145 1162 204 1194; x_wconf 91' lang='lat' dir='ltr'>Ed.</span> <span class='ocrx_word' id='word_1_175' title='bbox 225 1170 255 1204; x_wconf 84' lang='lat'>7.</span> <span class='ocrx_word' id='word_1_176' title='bbox 278 1161 358 1194; x_wconf 87' lang='lat' dir='ltr'>Dec.</span> <span class='ocrx_word' id='word_1_177' title='bbox 387 1171 477 1203; x_wconf 91' lang='grc'>1577.</span> <span class='ocrx_word' id='word_1_178' title='bbox 503 1169 566 1193; x_wconf 84' lang='grc'>13111</span> <span class='ocrx_word' id='word_1_179' title='bbox 593 1163 790 1203; x_wconf 81' lang='lat' dir='ltr'>perduelles,</span> <span class='ocrx_word' id='word_1_180' title='bbox 813 1172 906 1203; x_wconf 82' lang='lat' dir='ltr'>quam</span> 
     </span>
     <span class='ocr_line' id='line_1_29' title="bbox 42 1202 904 1245; baseline -0.002 -7"><span class='ocrx_word' id='word_1_181' title='bbox 42 1203 162 1244; x_wconf 88' lang='lat' dir='ltr'>hostes,</span> <span class='ocrx_word' id='word_1_182' title='bbox 186 1203 270 1245; x_wconf 90' lang='lat' dir='ltr'>quod</span> <span class='ocrx_word' id='word_1_183' title='bbox 287 1203 324 1235; x_wconf 88' lang='lat' dir='ltr'>ad</span> <span class='ocrx_word' id='word_1_184' title='bbox 343 1203 421 1235; x_wconf 78' lang='lat' dir='ltr'>hanc</span> <span class='ocrx_word' id='word_1_185' title='bbox 440 1202 534 1244; x_wconf 89' lang='lat' dir='ltr'>ipsam</span> <span class='ocrx_word' id='word_1_186' title='bbox 551 1212 635 1242; x_wconf 91' lang='lat' dir='ltr'>rem,</span> <span class='ocrx_word' id='word_1_187' title='bbox 659 1204 904 1245; x_wconf 83' lang='lat' dir='ltr'>conjunguntur.</span> 
     </span>
    </p>

    <p class='ocr_par' dir='ltr' id='par_1_5' title="bbox 34 1243 906 2988">
     <span class='ocr_line' id='line_1_30' title="bbox 85 1243 906 1279; baseline -0.002 -1"><span class='ocrx_word' id='word_1_188' title='bbox 85 1244 232 1279; x_wconf 89' lang='lat' dir='ltr'>Notanda</span> <span class='ocrx_word' id='word_1_189' title='bbox 247 1245 341 1276; x_wconf 88' lang='lat' dir='ltr'>etiam</span> <span class='ocrx_word' id='word_1_190' title='bbox 361 1243 431 1276; x_wconf 89' lang='lat' dir='ltr'>sunt</span> <span class='ocrx_word' id='word_1_191' title='bbox 448 1246 479 1276; x_wconf 91' lang='lat' dir='ltr'>in</span> <span class='ocrx_word' id='word_1_192' title='bbox 493 1244 573 1277; x_wconf 89' lang='lat' dir='ltr'>hanc</span> <span class='ocrx_word' id='word_1_193' title='bbox 589 1254 654 1276; x_wconf 88' lang='lat' dir='ltr'>rem</span> <span class='ocrx_word' id='word_1_194' title='bbox 669 1245 825 1277; x_wconf 84' lang='lat' dir='ltr'>Ordinum</span> <span class='ocrx_word' id='word_1_195' title='bbox 843 1244 906 1276; x_wconf 88' lang='lat' dir='ltr'>Ge-</span> 
     </span>
     <span class='ocr_line' id='line_1_31' title="bbox 42 1286 904 1325; baseline -0.003 -4"><span class='ocrx_word' id='word_1_196' title='bbox 42 1288 192 1322; x_wconf 88' lang='lat' dir='ltr'>neralium</span> <span class='ocrx_word' id='word_1_197' title='bbox 219 1297 245 1318; x_wconf 89' lang='lat'>2.</span> <span class='ocrx_word' id='word_1_198' title='bbox 273 1286 346 1318; x_wconf 72' lang='lat' dir='ltr'>Otr.</span> <span class='ocrx_word' id='word_1_199' title='bbox 375 1295 465 1325; x_wconf 87' lang='grc'>1590.</span> <span class='ocrx_word' id='word_1_200' title='bbox 490 1286 521 1318; x_wconf 86' lang='lat'>&amp;</span> <span class='ocrx_word' id='word_1_201' title='bbox 546 1286 702 1318; x_wconf 87' lang='lat' dir='ltr'>Ordinum</span> <span class='ocrx_word' id='word_1_202' title='bbox 723 1286 904 1319; x_wconf 82' lang='lat' dir='ltr'>Hollandiae</span> 
     </span>
     <span class='ocr_line' id='line_1_32' title="bbox 43 1325 903 1369; baseline -0.003 -6"><span class='ocrx_word' id='word_1_203' title='bbox 43 1339 94 1368; x_wconf 83' lang='lat'>29.</span> <span class='ocrx_word' id='word_1_204' title='bbox 125 1328 198 1361; x_wconf 69' lang='lat' dir='ltr'>oct.</span> <span class='ocrx_word' id='word_1_205' title='bbox 235 1337 324 1369; x_wconf 85' lang='lat'>1590.</span> <span class='ocrx_word' id='word_1_206' title='bbox 358 1326 441 1358; x_wconf 69' lang='lat' dir='ltr'>faeta</span> <span class='ocrx_word' id='word_1_207' title='bbox 467 1325 607 1359; x_wconf 85' lang='lat' dir='ltr'>Decreta</span> <span class='ocrx_word' id='word_1_208' title='bbox 630 1327 746 1369; x_wconf 85' lang='lat'>(15),</span> <span class='ocrx_word' id='word_1_209' title='bbox 771 1329 903 1369; x_wconf 87' lang='lat' dir='ltr'>quibus,</span> 
     </span>
     <span class='ocr_line' id='line_1_33' title="bbox 42 1368 903 1411; baseline -0.002 -8"><span class='ocrx_word' id='word_1_210' title='bbox 42 1380 78 1404; x_wconf 88' lang='lat' dir='ltr'>ut</span> <span class='ocrx_word' id='word_1_211' title='bbox 96 1369 165 1403; x_wconf 88' lang='lat' dir='ltr'>sunt</span> <span class='ocrx_word' id='word_1_212' title='bbox 184 1370 323 1411; x_wconf 79' lang='lat' dir='ltr'>ejusdem</span> <span class='ocrx_word' id='word_1_213' title='bbox 338 1368 410 1400; x_wconf 89' lang='lat' dir='ltr'>anni</span> <span class='ocrx_word' id='word_1_214' title='bbox 429 1368 458 1400; x_wconf 90' lang='lat'>&amp;</span> <span class='ocrx_word' id='word_1_215' title='bbox 475 1368 606 1407; x_wconf 75' lang='lat' dir='ltr'>mensis,</span> <span class='ocrx_word' id='word_1_216' title='bbox 630 1369 661 1401; x_wconf 91' lang='lat' dir='ltr'>in</span> <span class='ocrx_word' id='word_1_217' title='bbox 679 1369 809 1401; x_wconf 87' lang='lat' dir='ltr'>eandem</span> <span class='ocrx_word' id='word_1_218' title='bbox 827 1379 903 1410; x_wconf 87' lang='lat' dir='ltr'>quo-</span> 
     </span>
     <span class='ocr_line' id='line_1_34' title="bbox 42 1410 903 1455; baseline -0.002 -11"><span class='ocrx_word' id='word_1_219' title='bbox 42 1422 102 1455; x_wconf 90' lang='lat' dir='ltr'>que</span> <span class='ocrx_word' id='word_1_220' title='bbox 128 1411 316 1444; x_wconf 87' lang='lat' dir='ltr'>sententiam</span> <span class='ocrx_word' id='word_1_221' title='bbox 344 1410 545 1442; x_wconf 83' lang='lat' dir='ltr'>continetur:</span> <span class='ocrx_word' id='word_1_222' title='bbox 570 1410 636 1442; x_wconf 78' lang='lat' dir='ltr'>Dat</span> <span class='ocrx_word' id='word_1_223' title='bbox 656 1412 703 1442; x_wconf 79' lang='lat' dir='ltr'>die</span> <span class='ocrx_word' id='word_1_224' title='bbox 723 1417 775 1453; x_wconf 71' lang='lat' dir='ltr'>ayt</span> <span class='ocrx_word' id='word_1_225' title='bbox 795 1411 834 1443; x_wconf 91' lang='lat' dir='ltr'><em>V</em></span> <span class='ocrx_word' id='word_1_226' title='bbox 831 1420 903 1453; x_wconf 70' lang='lat' dir='ltr'>yan-</span> 
     </span>
     <span class='ocr_line' id='line_1_35' title="bbox 41 1450 901 1493; baseline -0.003 -6"><span class='ocrx_word' id='word_1_227' title='bbox 41 1456 96 1487; x_wconf 80' lang='lat' dir='ltr'>den</span> <span class='ocrx_word' id='word_1_228' title='bbox 122 1454 269 1492; x_wconf 65' lang='lat' dir='ltr'>Lanam,</span> <span class='ocrx_word' id='word_1_229' title='bbox 294 1453 343 1484; x_wconf 73' lang='lat' dir='ltr'>ook</span> <span class='ocrx_word' id='word_1_230' title='bbox 370 1450 496 1490; x_wconf 79' lang='lat' dir='ltr'>voorfien</span> <span class='ocrx_word' id='word_1_231' title='bbox 517 1458 575 1483; x_wconf 71' lang='lat' dir='ltr'>met</span> <span class='ocrx_word' id='word_1_232' title='bbox 589 1453 736 1493; x_wconf 78' lang='lat' dir='ltr'>behoorlyk</span> <span class='ocrx_word' id='word_1_233' title='bbox 748 1452 901 1493; x_wconf 83' lang='lat' dir='ltr'>paspoort,</span> 
     </span>
     <span class='ocr_line' id='line_1_36' title="bbox 40 1493 901 1536; baseline -0.002 -8"><span class='ocrx_word' id='word_1_234' title='bbox 40 1497 74 1528; x_wconf 82' lang='lat' dir='ltr'>in</span> <span class='ocrx_word' id='word_1_235' title='bbox 90 1495 151 1535; x_wconf 75' lang='lat' dir='ltr'>deli:</span> <span class='ocrx_word' id='word_1_236' title='bbox 171 1495 352 1527; x_wconf 75' lang='lat' dir='ltr'>Provincien</span> <span class='ocrx_word' id='word_1_237' title='bbox 378 1493 497 1532; x_wconf 74' lang='lat' dir='ltr'>komen,</span> <span class='ocrx_word' id='word_1_238' title='bbox 523 1495 587 1525; x_wconf 76' lang='lat' dir='ltr'>niet</span> <span class='ocrx_word' id='word_1_239' title='bbox 606 1493 828 1536; x_wconf 74' lang='lat' dir='ltr'>geqzcalz&#39;ficeert</span> <span class='ocrx_word' id='word_1_240' title='bbox 839 1495 901 1536; x_wconf 58' lang='lat' dir='ltr'>syn</span> 
     </span>
     <span class='ocr_line' id='line_1_37' title="bbox 40 1533 900 1580; baseline -0.003 -10"><span class='ocrx_word' id='word_1_241' title='bbox 40 1538 73 1570; x_wconf 76' lang='lat' dir='ltr'>in</span> <span class='ocrx_word' id='word_1_242' title='bbox 88 1533 191 1580; x_wconf 69' lang='lat' dir='ltr'>regten</span> <span class='ocrx_word' id='word_1_243' title='bbox 208 1538 242 1567; x_wconf 82' lang='lat' dir='ltr'>in</span> <span class='ocrx_word' id='word_1_244' title='bbox 261 1535 322 1578; x_wconf 72' lang='lat' dir='ltr'>dest</span> <span class='ocrx_word' id='word_1_245' title='bbox 341 1535 469 1566; x_wconf 69' lang='lat' dir='ltr'>Landen</span> <span class='ocrx_word' id='word_1_246' title='bbox 490 1536 545 1566; x_wconf 65' lang='lat' dir='ltr'>{ets</span> <span class='ocrx_word' id='word_1_247' title='bbox 561 1541 589 1566; x_wconf 82' lang='lat' dir='ltr'>te</span> <span class='ocrx_word' id='word_1_248' title='bbox 610 1545 712 1578; x_wconf 82' lang='lat' dir='ltr'>mogen</span> <span class='ocrx_word' id='word_1_249' title='bbox 729 1536 848 1579; x_wconf 66' lang='lat' dir='ltr'>eysclaen</span> <span class='ocrx_word' id='word_1_250' title='bbox 863 1537 900 1577; x_wconf 80' lang='lat' dir='ltr'>by</span> 
     </span>
     <span class='ocr_line' id='line_1_38' title="bbox 40 1576 899 1620; baseline -0.001 -10"><span class='ocrx_word' id='word_1_251' title='bbox 40 1578 116 1611; x_wconf 74' lang='lat' dir='ltr'>aetie</span> <span class='ocrx_word' id='word_1_252' title='bbox 139 1577 283 1620; x_wconf 68' lang='lat' dir='ltr'>perybnele</span> <span class='ocrx_word' id='word_1_253' title='bbox 300 1576 334 1617; x_wconf 91' lang='lat' dir='ltr'>of</span> <span class='ocrx_word' id='word_1_254' title='bbox 356 1576 448 1614; x_wconf 60' lang='lat' dir='ltr'>rcere,</span> <span class='ocrx_word' id='word_1_255' title='bbox 474 1582 522 1607; x_wconf 82' lang='lat' dir='ltr'>ten</span> <span class='ocrx_word' id='word_1_256' title='bbox 536 1579 697 1617; x_wconf 76' lang='lat' dir='ltr'>petitoiren</span> <span class='ocrx_word' id='word_1_257' title='bbox 719 1578 753 1618; x_wconf 90' lang='lat' dir='ltr'>of</span> <span class='ocrx_word' id='word_1_258' title='bbox 762 1577 899 1620; x_wconf 73' lang='lat' dir='ltr'>poffiffli-</span> 
     </span>
     <span class='ocr_line' id='line_1_39' title="bbox 40 1618 898 1660; baseline -0.001 -8"><span class='ocrx_word' id='word_1_259' title='bbox 40 1631 111 1658; x_wconf 83' lang='lat' dir='ltr'>ren,</span> <span class='ocrx_word' id='word_1_260' title='bbox 133 1629 217 1651; x_wconf 78' lang='lat' dir='ltr'>maar</span> <span class='ocrx_word' id='word_1_261' title='bbox 239 1619 291 1650; x_wconf 79' lang='lat' dir='ltr'>dat</span> <span class='ocrx_word' id='word_1_262' title='bbox 317 1628 383 1650; x_wconf 85' lang='lat' dir='ltr'>men</span> <span class='ocrx_word' id='word_1_263' title='bbox 407 1619 440 1649; x_wconf 82' lang='lat' dir='ltr'>de</span> <span class='ocrx_word' id='word_1_264' title='bbox 459 1618 540 1649; x_wconf 64' lang='grc' dir='ltr'>κείω</span> <span class='ocrx_word' id='word_1_265' title='bbox 566 1628 583 1650; x_wconf 86' lang='grc'>3</span> <span class='ocrx_word' id='word_1_266' title='bbox 601 1619 707 1651; x_wconf 87' lang='lat' dir='ltr'>limine</span> <span class='ocrx_word' id='word_1_267' title='bbox 723 1620 831 1660; x_wconf 89' lang='lat' dir='ltr'>judicii</span> <span class='ocrx_word' id='word_1_268' title='bbox 849 1619 898 1651; x_wconf 72' lang='grc' dir='ltr'>καὶ</span> 
     </span>
     <span class='ocr_line' id='line_1_40' title="bbox 39 1659 899 1703; baseline -0.001 -10"><span class='ocrx_word' id='word_1_269' title='bbox 39 1661 196 1702; x_wconf 74' lang='lat' dir='ltr'>repelleren</span> <span class='ocrx_word' id='word_1_270' title='bbox 207 1683 219 1699; x_wconf 91' lang='lat'>,</span> <span class='ocrx_word' id='word_1_271' title='bbox 241 1666 274 1701; x_wconf 84' lang='lat' dir='ltr'>op</span> <span class='ocrx_word' id='word_1_272' title='bbox 299 1661 350 1691; x_wconf 76' lang='lat' dir='ltr'>dat</span> <span class='ocrx_word' id='word_1_273' title='bbox 364 1661 397 1691; x_wconf 85' lang='lat' dir='ltr'>de</span> <span class='ocrx_word' id='word_1_274' title='bbox 417 1659 569 1701; x_wconf 70' lang='lat' dir='ltr'>hostiliteit</span> <span class='ocrx_word' id='word_1_275' title='bbox 588 1666 674 1703; x_wconf 65' lang='lat' dir='ltr'>regen</span> <span class='ocrx_word' id='word_1_276' title='bbox 688 1662 722 1692; x_wconf 85' lang='lat' dir='ltr'>de</span> <span class='ocrx_word' id='word_1_277' title='bbox 739 1662 878 1703; x_wconf 78' lang='lat' dir='ltr'>vyanden</span> <span class='ocrx_word' id='word_1_278' title='bbox 890 1684 899 1700; x_wconf 91' lang='lat'>,</span> 
     </span>
     <span class='ocr_line' id='line_1_41' title="bbox 39 1701 902 1744; baseline -0.003 -8"><span class='ocrx_word' id='word_1_279' title='bbox 39 1713 76 1736; x_wconf 82' lang='lat' dir='ltr'>en</span> <span class='ocrx_word' id='word_1_280' title='bbox 106 1703 140 1734; x_wconf 88' lang='lat' dir='ltr'>de</span> <span class='ocrx_word' id='word_1_281' title='bbox 174 1701 358 1742; x_wconf 68' lang='lat' dir='ltr'>confiscatien</span> <span class='ocrx_word' id='word_1_282' title='bbox 386 1711 448 1732; x_wconf 79' lang='lat' dir='ltr'>van</span> <span class='ocrx_word' id='word_1_283' title='bbox 478 1703 620 1744; x_wconf 79' lang='lat' dir='ltr'>goederen</span> <span class='ocrx_word' id='word_1_284' title='bbox 652 1713 688 1734; x_wconf 86' lang='lat' dir='ltr'>en</span> <span class='ocrx_word' id='word_1_285' title='bbox 723 1711 902 1735; x_wconf 76' lang='lat' dir='ltr'>REGTEN</span> 
     </span>
     <span class='ocr_line' id='line_1_42' title="bbox 39 1743 900 1788; baseline -0.003 -10"><span class='ocrx_word' id='word_1_286' title='bbox 39 1754 123 1778; x_wconf 66' lang='grc' dir='ltr'>»ΕΚ</span> <span class='ocrx_word' id='word_1_287' title='bbox 146 1743 320 1776; x_wconf 76' lang='lat' dir='ltr'>ZELvER</span> <span class='ocrx_word' id='word_1_288' title='bbox 337 1767 347 1782; x_wconf 93' lang='lat'>‚</span> <span class='ocrx_word' id='word_1_289' title='bbox 379 1753 481 1785; x_wconf 78' lang='lat' dir='ltr'>mogerz</span> <span class='ocrx_word' id='word_1_290' title='bbox 505 1743 612 1785; x_wconf 78' lang='lat' dir='ltr'>blyven</span> <span class='ocrx_word' id='word_1_291' title='bbox 635 1746 667 1776; x_wconf 86' lang='lat' dir='ltr'>in</span> <span class='ocrx_word' id='word_1_292' title='bbox 693 1745 766 1776; x_wconf 84' lang='lat' dir='ltr'>haar</span> <span class='ocrx_word' id='word_1_293' title='bbox 791 1744 900 1788; x_wconf 83' lang='lat' dir='ltr'>geheel.</span> 
     </span>
     <span class='ocr_line' id='line_1_43' title="bbox 38 1783 900 1827; baseline -0.002 -8"><span class='ocrx_word' id='word_1_294' title='bbox 38 1785 89 1820; x_wconf 86' lang='lat' dir='ltr'>Ex</span> <span class='ocrx_word' id='word_1_295' title='bbox 106 1785 154 1818; x_wconf 90' lang='lat' dir='ltr'>his</span> <span class='ocrx_word' id='word_1_296' title='bbox 176 1783 323 1817; x_wconf 84' lang='lat' dir='ltr'>Decretis</span> <span class='ocrx_word' id='word_1_297' title='bbox 338 1794 439 1825; x_wconf 88' lang='lat' dir='ltr'>neque</span> <span class='ocrx_word' id='word_1_298' title='bbox 465 1784 603 1817; x_wconf 68' lang='lat' dir='ltr'>actiones</span> <span class='ocrx_word' id='word_1_299' title='bbox 618 1785 793 1827; x_wconf 84' lang='lat' dir='ltr'>personales</span> <span class='ocrx_word' id='word_1_300' title='bbox 812 1795 900 1818; x_wconf 85' lang='lat' dir='ltr'>exer-</span> 
     </span>
     <span class='ocr_line' id='line_1_44' title="bbox 39 1826 902 1869; baseline -0.001 -9"><span class='ocrx_word' id='word_1_301' title='bbox 39 1836 112 1860; x_wconf 92' lang='lat' dir='ltr'>cere</span> <span class='ocrx_word' id='word_1_302' title='bbox 136 1827 213 1859; x_wconf 90' lang='lat' dir='ltr'>licet</span> <span class='ocrx_word' id='word_1_303' title='bbox 231 1849 242 1865; x_wconf 93' lang='lat'>,</span> <span class='ocrx_word' id='word_1_304' title='bbox 276 1826 306 1858; x_wconf 87' lang='lat'>&amp;</span> <span class='ocrx_word' id='word_1_305' title='bbox 337 1826 453 1866; x_wconf 69' lang='lat' dir='ltr'>adjecta</span> <span class='ocrx_word' id='word_1_306' title='bbox 487 1826 569 1858; x_wconf 89' lang='lat' dir='ltr'>ratio</span> <span class='ocrx_word' id='word_1_307' title='bbox 602 1827 702 1867; x_wconf 85' lang='lat' dir='ltr'>palam</span> <span class='ocrx_word' id='word_1_308' title='bbox 730 1827 902 1869; x_wconf 80' lang='lat' dir='ltr'>fignificat,</span> 
     </span>
     <span class='ocr_line' id='line_1_45' title="bbox 39 1866 902 1909; baseline 0.002 -9"><span class='ocrx_word' id='word_1_309' title='bbox 39 1869 111 1906; x_wconf 85' lang='lat' dir='ltr'>ideo</span> <span class='ocrx_word' id='word_1_310' title='bbox 144 1868 284 1900; x_wconf 86' lang='lat' dir='ltr'>exerceri</span> <span class='ocrx_word' id='word_1_311' title='bbox 312 1876 376 1899; x_wconf 90' lang='lat' dir='ltr'>non</span> <span class='ocrx_word' id='word_1_312' title='bbox 407 1866 519 1907; x_wconf 76' lang='lat' dir='ltr'>posse,</span> <span class='ocrx_word' id='word_1_313' title='bbox 550 1869 621 1909; x_wconf 85' lang='lat' dir='ltr'>quia</span> <span class='ocrx_word' id='word_1_314' title='bbox 660 1869 797 1908; x_wconf 83' lang='lat' dir='ltr'>hostium</span> <span class='ocrx_word' id='word_1_315' title='bbox 837 1879 902 1902; x_wconf 90' lang='lat' dir='ltr'>non</span> 
     </span>
     <span class='ocr_line' id='line_1_46' title="bbox 37 1906 900 1951; baseline 0.005 -10"><span class='ocrx_word' id='word_1_316' title='bbox 37 1917 160 1942; x_wconf 80' lang='lat' dir='ltr'>tantum</span> <span class='ocrx_word' id='word_1_317' title='bbox 183 1908 285 1948; x_wconf 88' lang='lat' dir='ltr'>bona,</span> <span class='ocrx_word' id='word_1_318' title='bbox 319 1906 370 1939; x_wconf 88' lang='lat' dir='ltr'>sed</span> <span class='ocrx_word' id='word_1_319' title='bbox 391 1907 422 1939; x_wconf 70' lang='grc' dir='ltr'>ἀ</span> <span class='ocrx_word' id='word_1_320' title='bbox 438 1908 577 1940; x_wconf 67' lang='lat' dir='ltr'>actiones</span> <span class='ocrx_word' id='word_1_321' title='bbox 605 1909 678 1950; x_wconf 86' lang='lat' dir='ltr'>Jure</span> <span class='ocrx_word' id='word_1_322' title='bbox 701 1911 781 1943; x_wconf 90' lang='lat' dir='ltr'>Belli</span> <span class='ocrx_word' id='word_1_323' title='bbox 798 1912 900 1951; x_wconf 88' lang='lat' dir='ltr'>publi-</span> 
     </span>
     <span class='ocr_line' id='line_1_47' title="bbox 38 1949 901 1995; baseline 0.003 -12"><span class='ocrx_word' id='word_1_324' title='bbox 38 1959 158 1983; x_wconf 88' lang='lat' dir='ltr'>cantur.</span> <span class='ocrx_word' id='word_1_325' title='bbox 211 1950 255 1982; x_wconf 95' lang='lat' dir='ltr'>Et</span> <span class='ocrx_word' id='word_1_326' title='bbox 280 1959 376 1990; x_wconf 87' lang='lat' dir='ltr'>quum</span> <span class='ocrx_word' id='word_1_327' title='bbox 411 1949 488 1980; x_wconf 90' lang='lat' dir='ltr'>olim</span> <span class='ocrx_word' id='word_1_328' title='bbox 520 1949 587 1982; x_wconf 85' lang='lat' dir='ltr'>Rex</span> <span class='ocrx_word' id='word_1_329' title='bbox 620 1950 762 1983; x_wconf 85' lang='lat' dir='ltr'>Franciae</span> <span class='ocrx_word' id='word_1_330' title='bbox 795 1953 901 1995; x_wconf 85' lang='lat' dir='ltr'>Belga-</span> 
     </span>
     <span class='ocr_line' id='line_1_48' title="bbox 37 1990 900 2030; baseline 0.002 -5"><span class='ocrx_word' id='word_1_331' title='bbox 37 2001 107 2025; x_wconf 84' lang='lat' dir='ltr'>rum</span> <span class='ocrx_word' id='word_1_332' title='bbox 136 1992 219 2024; x_wconf 90' lang='lat' dir='ltr'>bona</span> <span class='ocrx_word' id='word_1_333' title='bbox 243 1990 360 2023; x_wconf 86' lang='lat' dir='ltr'>arresto</span> <span class='ocrx_word' id='word_1_334' title='bbox 384 1991 554 2023; x_wconf 81' lang='lat' dir='ltr'>inclufiffet</span> <span class='ocrx_word' id='word_1_335' title='bbox 571 2014 583 2030; x_wconf 92' lang='lat'>,</span> <span class='ocrx_word' id='word_1_336' title='bbox 606 1992 741 2025; x_wconf 88' lang='lat' dir='ltr'>Ordines</span> <span class='ocrx_word' id='word_1_337' title='bbox 769 1993 900 2027; x_wconf 89' lang='lat' dir='ltr'>Hollan-</span> 
     </span>
     <span class='ocr_line' id='line_1_49' title="bbox 39 2032 899 2075; baseline 0.002 -9"><span class='ocrx_word' id='word_1_338' title='bbox 39 2033 97 2066; x_wconf 86' lang='lat' dir='ltr'>diae</span> <span class='ocrx_word' id='word_1_339' title='bbox 117 2037 166 2065; x_wconf 88' lang='lat'>26.</span> <span class='ocrx_word' id='word_1_340' title='bbox 191 2033 268 2075; x_wconf 88' lang='lat' dir='ltr'>Apr.</span> <span class='ocrx_word' id='word_1_341' title='bbox 291 2034 384 2074; x_wconf 79' lang='grc'>1657.</span> <span class='ocrx_word' id='word_1_342' title='bbox 410 2032 504 2074; x_wconf 89' lang='lat'>(16)</span> <span class='ocrx_word' id='word_1_343' title='bbox 529 2033 608 2064; x_wconf 86' lang='lat' dir='ltr'>idem</span> <span class='ocrx_word' id='word_1_344' title='bbox 631 2033 670 2065; x_wconf 89' lang='lat' dir='ltr'>de</span> <span class='ocrx_word' id='word_1_345' title='bbox 693 2033 784 2066; x_wconf 90' lang='lat' dir='ltr'>bonis</span> <span class='ocrx_word' id='word_1_346' title='bbox 808 2035 899 2069; x_wconf 87' lang='lat' dir='ltr'>Fran-</span> 
     </span>
     <span class='ocr_line' id='line_1_50' title="bbox 40 2074 900 2118; baseline 0.005 -12"><span class='ocrx_word' id='word_1_347' title='bbox 40 2083 153 2106; x_wconf 88' lang='lat' dir='ltr'>corum</span> <span class='ocrx_word' id='word_1_348' title='bbox 180 2074 412 2107; x_wconf 79' lang='lat' dir='ltr'>constituerunt</span> <span class='ocrx_word' id='word_1_349' title='bbox 428 2097 438 2112; x_wconf 91' lang='lat'>‚</span> <span class='ocrx_word' id='word_1_350' title='bbox 470 2082 704 2116; x_wconf 81' lang='lat' dir='ltr'>vetueruntque</span> <span class='ocrx_word' id='word_1_351' title='bbox 731 2077 900 2118; x_wconf 84' lang='lat' dir='ltr'>quicquam</span> 
     </span>
     <span class='ocr_line' id='line_1_51' title="bbox 40 2113 897 2157; baseline 0.005 -11"><span class='ocrx_word' id='word_1_352' title='bbox 40 2115 80 2150; x_wconf 84' lang='lat' dir='ltr'>iis</span> <span class='ocrx_word' id='word_1_353' title='bbox 104 2114 207 2154; x_wconf 86' lang='lat' dir='ltr'>solvi,</span> <span class='ocrx_word' id='word_1_354' title='bbox 230 2116 277 2155; x_wconf 86' lang='lat'>&amp;,</span> <span class='ocrx_word' id='word_1_355' title='bbox 302 2115 324 2148; x_wconf 87' lang='lat' dir='ltr'><strong>fi</strong></span> <span class='ocrx_word' id='word_1_356' title='bbox 347 2115 416 2157; x_wconf 75' lang='lat' dir='ltr'>quis</span> <span class='ocrx_word' id='word_1_357' title='bbox 443 2113 604 2155; x_wconf 75' lang='lat' dir='ltr'>solvisset,</span> <span class='ocrx_word' id='word_1_358' title='bbox 626 2116 759 2148; x_wconf 86' lang='lat' dir='ltr'>alterum</span> <span class='ocrx_word' id='word_1_359' title='bbox 776 2126 897 2150; x_wconf 87' lang='grc'>1311111111</span> 
     </span>
     <span class='ocr_line' id='line_1_52' title="bbox 39 2156 900 2202; baseline 0.006 -14"><span class='ocrx_word' id='word_1_360' title='bbox 39 2156 199 2196; x_wconf 73' lang='lat' dir='ltr'>solveret,</span> <span class='ocrx_word' id='word_1_361' title='bbox 223 2158 305 2189; x_wconf 83' lang='lat' dir='ltr'>unde</span> <span class='ocrx_word' id='word_1_362' title='bbox 322 2157 376 2195; x_wconf 90' lang='lat' dir='ltr'>iis,</span> <span class='ocrx_word' id='word_1_363' title='bbox 401 2157 454 2197; x_wconf 90' lang='lat' dir='ltr'>qui</span> <span class='ocrx_word' id='word_1_364' title='bbox 471 2157 503 2189; x_wconf 92' lang='lat' dir='ltr'>in</span> <span class='ocrx_word' id='word_1_365' title='bbox 520 2156 651 2189; x_wconf 72' lang='lat' dir='ltr'>Francia</span> <span class='ocrx_word' id='word_1_366' title='bbox 665 2158 810 2191; x_wconf 90' lang='lat' dir='ltr'>damnum</span> <span class='ocrx_word' id='word_1_367' title='bbox 826 2160 900 2202; x_wconf 88' lang='lat' dir='ltr'>paffi</span> 
     </span>
     <span class='ocr_line' id='line_1_53' title="bbox 39 2196 898 2241; baseline 0.003 -11"><span class='ocrx_word' id='word_1_368' title='bbox 39 2197 159 2237; x_wconf 87' lang='lat' dir='ltr'>effent,</span> <span class='ocrx_word' id='word_1_369' title='bbox 180 2198 212 2230; x_wconf 94' lang='lat' dir='ltr'>id</span> <span class='ocrx_word' id='word_1_370' title='bbox 233 2198 379 2229; x_wconf 87' lang='lat' dir='ltr'>damnum</span> <span class='ocrx_word' id='word_1_371' title='bbox 400 2196 619 2238; x_wconf 83' lang='lat' dir='ltr'>resarciretur,</span> <span class='ocrx_word' id='word_1_372' title='bbox 642 2199 669 2231; x_wconf 75' lang='grc' dir='ltr'><strong>ἃ</strong></span> <span class='ocrx_word' id='word_1_373' title='bbox 687 2208 837 2241; x_wconf 67' lang='lat' dir='ltr'>praeterea</span> <span class='ocrx_word' id='word_1_374' title='bbox 853 2202 898 2233; x_wconf 87' lang='lat' dir='ltr'>di-</span> 
     </span>
     <span class='ocr_line' id='line_1_54' title="bbox 37 2237 900 2284; baseline 0.006 -13"><span class='ocrx_word' id='word_1_375' title='bbox 37 2239 171 2272; x_wconf 89' lang='lat' dir='ltr'>midium</span> <span class='ocrx_word' id='word_1_376' title='bbox 188 2248 290 2280; x_wconf 83' lang='lat' dir='ltr'>poenae</span> <span class='ocrx_word' id='word_1_377' title='bbox 309 2237 455 2277; x_wconf 81' lang='lat' dir='ltr'>nornine,</span> <span class='ocrx_word' id='word_1_378' title='bbox 473 2239 687 2282; x_wconf 82' lang='lat' dir='ltr'>juss&#39;eruntque</span> <span class='ocrx_word' id='word_1_379' title='bbox 698 2264 708 2280; x_wconf 88' lang='lat'>,</span> <span class='ocrx_word' id='word_1_380' title='bbox 723 2243 900 2284; x_wconf 71' lang='grc' dir='ltr'>1106113110ίί-</span> 
     </span>
     <span class='ocr_line' id='line_1_55' title="bbox 38 2277 901 2326; baseline 0.003 -13"><span class='ocrx_word' id='word_1_381' title='bbox 38 2289 91 2318; x_wconf 88' lang='lat' dir='ltr'>ta,</span> <span class='ocrx_word' id='word_1_382' title='bbox 115 2281 197 2312; x_wconf 86' lang='lat' dir='ltr'>bona</span> <span class='ocrx_word' id='word_1_383' title='bbox 221 2280 404 2321; x_wconf 88' lang='lat' dir='ltr'>creditaque</span> <span class='ocrx_word' id='word_1_384' title='bbox 426 2277 617 2312; x_wconf 85' lang='lat' dir='ltr'>Francorum</span> <span class='ocrx_word' id='word_1_385' title='bbox 641 2281 765 2315; x_wconf 88' lang='lat' dir='ltr'>deferre</span> <span class='ocrx_word' id='word_1_386' title='bbox 780 2284 901 2326; x_wconf 86' lang='lat' dir='ltr'>delega-</span> 
     </span>
     <span class='ocr_line' id='line_1_56' title="bbox 39 2321 899 2367; baseline 0.003 -13"><span class='ocrx_word' id='word_1_387' title='bbox 39 2322 84 2355; x_wconf 87' lang='lat' dir='ltr'>tis</span> <span class='ocrx_word' id='word_1_388' title='bbox 99 2321 137 2353; x_wconf 86' lang='lat' dir='ltr'>ad</span> <span class='ocrx_word' id='word_1_389' title='bbox 164 2321 244 2354; x_wconf 86' lang='lat' dir='ltr'>hanc</span> <span class='ocrx_word' id='word_1_390' title='bbox 266 2331 331 2353; x_wconf 88' lang='lat' dir='ltr'>rem</span> <span class='ocrx_word' id='word_1_391' title='bbox 358 2321 389 2352; x_wconf 87' lang='lat' dir='ltr'>in</span> <span class='ocrx_word' id='word_1_392' title='bbox 406 2330 526 2363; x_wconf 85' lang='lat' dir='ltr'>quaque</span> <span class='ocrx_word' id='word_1_393' title='bbox 553 2321 648 2356; x_wconf 72' lang='lat' dir='ltr'>Urbe.</span> <span class='ocrx_word' id='word_1_394' title='bbox 695 2323 824 2357; x_wconf 82' lang='lat' dir='ltr'>Credita</span> <span class='ocrx_word' id='word_1_395' title='bbox 843 2327 899 2367; x_wconf 85' lang='lat' dir='ltr'>igi-</span> 
     </span>
     <span class='ocr_line' id='line_1_57' title="bbox 37 2362 901 2407; baseline 0.005 -12"><span class='ocrx_word' id='word_1_396' title='bbox 37 2369 91 2395; x_wconf 86' lang='lat' dir='ltr'>tur</span> <span class='ocrx_word' id='word_1_397' title='bbox 114 2363 200 2395; x_wconf 76' lang='grc'>16616</span> <span class='ocrx_word' id='word_1_398' title='bbox 224 2362 386 2404; x_wconf 89' lang='lat' dir='ltr'>publicare</span> <span class='ocrx_word' id='word_1_399' title='bbox 406 2370 481 2394; x_wconf 91' lang='lat' dir='ltr'>tunc</span> <span class='ocrx_word' id='word_1_400' title='bbox 504 2363 675 2397; x_wconf 87' lang='lat' dir='ltr'>Ordinibus</span> <span class='ocrx_word' id='word_1_401' title='bbox 688 2365 828 2406; x_wconf 88' lang='lat' dir='ltr'>placuit,</span> <span class='ocrx_word' id='word_1_402' title='bbox 850 2369 901 2407; x_wconf 71' lang='grc' dir='ltr'>δι,</span> 
     </span>
     <span class='ocr_line' id='line_1_58' title="bbox 38 2402 899 2450; baseline 0.005 -13"><span class='ocrx_word' id='word_1_403' title='bbox 38 2403 74 2437; x_wconf 74' lang='lat' dir='ltr'>&#39;ni</span> <span class='ocrx_word' id='word_1_404' title='bbox 96 2402 209 2443; x_wconf 86' lang='lat' dir='ltr'>fallor,</span> <span class='ocrx_word' id='word_1_405' title='bbox 233 2404 325 2436; x_wconf 77' lang='grc'>16616.</span> <span class='ocrx_word' id='word_1_406' title='bbox 372 2402 574 2450; x_wconf 70' lang='lat' dir='ltr'>Quapropter</span> <span class='ocrx_word' id='word_1_407' title='bbox 600 2405 621 2436; x_wconf 90' lang='lat' dir='ltr'>s1</span> <span class='ocrx_word' id='word_1_408' title='bbox 645 2404 786 2439; x_wconf 89' lang='lat' dir='ltr'>subditus</span> <span class='ocrx_word' id='word_1_409' title='bbox 812 2407 899 2441; x_wconf 84' lang='lat' dir='ltr'>Prin-</span> 
     </span>
     <span class='ocr_line' id='line_1_59' title="bbox 39 2444 899 2489; baseline 0.005 -12"><span class='ocrx_word' id='word_1_410' title='bbox 39 2445 122 2486; x_wconf 79' lang='lat' dir='ltr'>cipi,</span> <span class='ocrx_word' id='word_1_411' title='bbox 145 2445 199 2487; x_wconf 88' lang='lat' dir='ltr'>qui</span> <span class='ocrx_word' id='word_1_412' title='bbox 214 2446 334 2477; x_wconf 89' lang='lat' dir='ltr'>credita</span> <span class='ocrx_word' id='word_1_413' title='bbox 348 2446 547 2486; x_wconf 78' lang='lat' dir='ltr'>publicavit,</span> <span class='ocrx_word' id='word_1_414' title='bbox 570 2444 720 2486; x_wconf 90' lang='lat' dir='ltr'>solverit,</span> <span class='ocrx_word' id='word_1_415' title='bbox 742 2449 828 2489; x_wconf 88' lang='lat' dir='ltr'>quod</span> <span class='ocrx_word' id='word_1_416' title='bbox 845 2450 899 2481; x_wconf 90' lang='lat' dir='ltr'>ho-</span> 
     </span>
     <span class='ocr_line' id='line_1_60' title="bbox 39 2485 900 2530; baseline 0.003 -11"><span class='ocrx_word' id='word_1_417' title='bbox 39 2485 78 2519; x_wconf 86' lang='lat' dir='ltr'>sti</span> <span class='ocrx_word' id='word_1_418' title='bbox 101 2486 236 2519; x_wconf 80' lang='lat' dir='ltr'>debebat</span> <span class='ocrx_word' id='word_1_419' title='bbox 252 2511 262 2525; x_wconf 94' lang='lat'>‚</span> <span class='ocrx_word' id='word_1_420' title='bbox 295 2486 511 2519; x_wconf 80' lang='lat' dir='ltr'>liberationem</span> <span class='ocrx_word' id='word_1_421' title='bbox 542 2488 749 2529; x_wconf 86' lang='lat' dir='ltr'>contingere,</span> <span class='ocrx_word' id='word_1_422' title='bbox 774 2491 900 2530; x_wconf 89' lang='lat' dir='ltr'>optimo</span> 
     </span>
     <span class='ocr_line' id='line_1_61' title="bbox 38 2526 899 2574; baseline 0.007 -15"><span class='ocrx_word' id='word_1_423' title='bbox 38 2526 108 2569; x_wconf 85' lang='lat' dir='ltr'>jure</span> <span class='ocrx_word' id='word_1_424' title='bbox 122 2526 303 2570; x_wconf 87' lang='lat' dir='ltr'>responsum</span> <span class='ocrx_word' id='word_1_425' title='bbox 318 2526 363 2559; x_wconf 92' lang='lat' dir='ltr'>est</span> <span class='ocrx_word' id='word_1_426' title='bbox 382 2527 486 2566; x_wconf 74' lang='lat' dir='ltr'>Conftl.</span> <span class='ocrx_word' id='word_1_427' title='bbox 502 2528 584 2560; x_wconf 76' lang='lat' dir='ltr'>Holb.</span> <span class='ocrx_word' id='word_1_428' title='bbox 614 2529 646 2561; x_wconf 93' lang='lat' dir='ltr'>T.</span> <span class='ocrx_word' id='word_1_429' title='bbox 661 2531 685 2562; x_wconf 93' lang='grc' dir='ltr'>Ι.</span> <span class='ocrx_word' id='word_1_430' title='bbox 711 2530 813 2570; x_wconf 79' lang='lat' dir='ltr'>Confil.</span> <span class='ocrx_word' id='word_1_431' title='bbox 828 2541 899 2574; x_wconf 87' lang='lat'>297.</span> 
     </span>
     <span class='ocr_line' id='line_1_62' title="bbox 34 2568 899 2615; baseline 0.007 -16"><span class='ocrx_word' id='word_1_432' title='bbox 34 2568 38 2573; x_wconf 75' lang='grc'>“</span> <span class='ocrx_word' id='word_1_433' title='bbox 83 2568 166 2600; x_wconf 83' lang='lat' dir='ltr'>Haec</span> <span class='ocrx_word' id='word_1_434' title='bbox 181 2577 286 2601; x_wconf 86' lang='lat' dir='ltr'>autem</span> <span class='ocrx_word' id='word_1_435' title='bbox 307 2578 372 2601; x_wconf 93' lang='lat' dir='ltr'>non</span> <span class='ocrx_word' id='word_1_436' title='bbox 393 2569 574 2610; x_wconf 78' lang='lat' dir='ltr'>subfistunt,</span> <span class='ocrx_word' id='word_1_437' title='bbox 600 2571 651 2602; x_wconf 91' lang='lat' dir='ltr'>ubi</span> <span class='ocrx_word' id='word_1_438' title='bbox 670 2581 706 2603; x_wconf 86' lang='lat' dir='ltr'>ea</span> <span class='ocrx_word' id='word_1_439' title='bbox 723 2572 899 2615; x_wconf 85' lang='lat' dir='ltr'>benignita-</span> 
     </span>
     <span class='ocr_line' id='line_1_63' title="bbox 41 2610 901 2655; baseline 0.006 -13"><span class='ocrx_word' id='word_1_440' title='bbox 41 2617 75 2642; x_wconf 90' lang='lat' dir='ltr'>te</span> <span class='ocrx_word' id='word_1_441' title='bbox 93 2610 178 2641; x_wconf 89' lang='lat' dir='ltr'>bella</span> <span class='ocrx_word' id='word_1_442' title='bbox 195 2619 346 2651; x_wconf 86' lang='lat' dir='ltr'>geruntur</span> <span class='ocrx_word' id='word_1_443' title='bbox 358 2633 369 2649; x_wconf 89' lang='lat'>,</span> <span class='ocrx_word' id='word_1_444' title='bbox 393 2618 426 2642; x_wconf 86' lang='lat' dir='ltr'>ut</span> <span class='ocrx_word' id='word_1_445' title='bbox 450 2613 641 2643; x_wconf 86' lang='lat' dir='ltr'>commercia</span> <span class='ocrx_word' id='word_1_446' title='bbox 658 2614 817 2655; x_wconf 81' lang='lat' dir='ltr'>utrimque</span> <span class='ocrx_word' id='word_1_447' title='bbox 833 2615 901 2647; x_wconf 91' lang='lat' dir='ltr'>lici-</span> 
     </span>
     <span class='ocr_line' id='line_1_64' title="bbox 41 2650 901 2692; baseline 0.006 -9"><span class='ocrx_word' id='word_1_448' title='bbox 41 2650 168 2683; x_wconf 76' lang='lat' dir='ltr'>tafint:</span> <span class='ocrx_word' id='word_1_449' title='bbox 192 2660 295 2692; x_wconf 89' lang='lat' dir='ltr'>neque</span> <span class='ocrx_word' id='word_1_450' title='bbox 316 2653 399 2684; x_wconf 84' lang='lat' dir='ltr'>enim</span> <span class='ocrx_word' id='word_1_451' title='bbox 426 2654 618 2684; x_wconf 89' lang='lat' dir='ltr'>commercia</span> <span class='ocrx_word' id='word_1_452' title='bbox 645 2654 707 2686; x_wconf 84' lang='lat' dir='ltr'>fine</span> <span class='ocrx_word' id='word_1_453' title='bbox 736 2656 901 2688; x_wconf 72' lang='grc'>6011113611-</span> 
     </span>
     <span class='ocr_line' id='line_1_65' title="bbox 39 2690 901 2738; baseline 0.006 -14"><span class='ocrx_word' id='word_1_454' title='bbox 39 2690 99 2724; x_wconf 91' lang='lat' dir='ltr'>bus</span> <span class='ocrx_word' id='word_1_455' title='bbox 115 2714 126 2730; x_wconf 94' lang='lat'>,</span> <span class='ocrx_word' id='word_1_456' title='bbox 154 2699 255 2732; x_wconf 86' lang='lat' dir='ltr'>neque</span> <span class='ocrx_word' id='word_1_457' title='bbox 278 2692 455 2725; x_wconf 65' lang='lat' dir='ltr'>contractus</span> <span class='ocrx_word' id='word_1_458' title='bbox 479 2693 542 2726; x_wconf 88' lang='lat' dir='ltr'>fine</span> <span class='ocrx_word' id='word_1_459' title='bbox 563 2695 740 2728; x_wconf 64' lang='lat' dir='ltr'>actionibus</span> <span class='ocrx_word' id='word_1_460' title='bbox 758 2720 767 2735; x_wconf 91' lang='lat'>,</span> <span class='ocrx_word' id='word_1_461' title='bbox 797 2707 901 2738; x_wconf 88' lang='lat' dir='ltr'>neque</span> 
     </span>
     <span class='ocr_line' id='line_1_66' title="bbox 41 2732 899 2780; baseline 0.007 -16"><span class='ocrx_word' id='word_1_462' title='bbox 41 2732 180 2765; x_wconf 64' lang='lat' dir='ltr'>actiones</span> <span class='ocrx_word' id='word_1_463' title='bbox 203 2732 264 2764; x_wconf 83' lang='lat' dir='ltr'>fine</span> <span class='ocrx_word' id='word_1_464' title='bbox 286 2733 429 2773; x_wconf 81' lang='lat' dir='ltr'>judiciis,</span> <span class='ocrx_word' id='word_1_465' title='bbox 453 2744 555 2776; x_wconf 85' lang='lat' dir='ltr'>neque</span> <span class='ocrx_word' id='word_1_466' title='bbox 576 2736 692 2776; x_wconf 86' lang='lat' dir='ltr'>judicia</span> <span class='ocrx_word' id='word_1_467' title='bbox 716 2737 778 2770; x_wconf 87' lang='lat' dir='ltr'>fine</span> <span class='ocrx_word' id='word_1_468' title='bbox 794 2738 899 2780; x_wconf 85' lang='lat' dir='ltr'>perso-</span> 
     </span>
     <span class='ocr_line' id='line_1_67' title="bbox 42 2773 900 2819; baseline 0.007 -13"><span class='ocrx_word' id='word_1_469' title='bbox 42 2774 111 2813; x_wconf 86' lang='lat' dir='ltr'>nis,</span> <span class='ocrx_word' id='word_1_470' title='bbox 133 2784 203 2815; x_wconf 81' lang='lat' dir='ltr'>quae</span> <span class='ocrx_word' id='word_1_471' title='bbox 217 2773 287 2814; x_wconf 89' lang='lat' dir='ltr'>jure</span> <span class='ocrx_word' id='word_1_472' title='bbox 306 2774 448 2815; x_wconf 86' lang='lat' dir='ltr'>litigant,</span> <span class='ocrx_word' id='word_1_473' title='bbox 471 2776 623 2817; x_wconf 86' lang='lat' dir='ltr'>explicari</span> <span class='ocrx_word' id='word_1_474' title='bbox 643 2778 780 2819; x_wconf 89' lang='lat' dir='ltr'>possunt.</span> <span class='ocrx_word' id='word_1_475' title='bbox 854 2781 900 2812; x_wconf 88' lang='lat' dir='ltr'>uis</span> 
     </span>
     <span class='ocr_line' id='line_1_68' title="bbox 42 2815 900 2863; baseline 0.008 -16"><span class='ocrx_word' id='word_1_476' title='bbox 42 2823 162 2848; x_wconf 85' lang='lat' dir='ltr'>merces</span> <span class='ocrx_word' id='word_1_477' title='bbox 179 2815 314 2854; x_wconf 85' lang='lat' dir='ltr'>vendat,</span> <span class='ocrx_word' id='word_1_478' title='bbox 339 2815 369 2846; x_wconf 77' lang='grc' dir='ltr'>ὅ(</span> <span class='ocrx_word' id='word_1_479' title='bbox 388 2816 425 2847; x_wconf 85' lang='lat' dir='ltr'>ad</span> <span class='ocrx_word' id='word_1_480' title='bbox 447 2816 567 2849; x_wconf 88' lang='lat' dir='ltr'>hostem</span> <span class='ocrx_word' id='word_1_481' title='bbox 588 2818 744 2860; x_wconf 87' lang='lat' dir='ltr'>devehat,</span> <span class='ocrx_word' id='word_1_482' title='bbox 768 2821 832 2853; x_wconf 87' lang='lat' dir='ltr'>fine</span> <span class='ocrx_word' id='word_1_483' title='bbox 848 2821 900 2863; x_wconf 89' lang='lat' dir='ltr'>spe</span> 
     </span>
     <span class='ocr_line' id='line_1_69' title="bbox 41 2855 899 2903; baseline 0.009 -15"><span class='ocrx_word' id='word_1_484' title='bbox 41 2856 245 2897; x_wconf 79' lang='lat' dir='ltr'>recuperandi</span> <span class='ocrx_word' id='word_1_485' title='bbox 262 2855 386 2897; x_wconf 77' lang='lat' dir='ltr'>pretii?</span> <span class='ocrx_word' id='word_1_486' title='bbox 409 2857 437 2888; x_wconf 85' lang='lat'>&amp;</span> <span class='ocrx_word' id='word_1_487' title='bbox 460 2867 530 2898; x_wconf 83' lang='lat' dir='ltr'>quae</span> <span class='ocrx_word' id='word_1_488' title='bbox 546 2858 614 2899; x_wconf 89' lang='lat' dir='ltr'>spes</span> <span class='ocrx_word' id='word_1_489' title='bbox 630 2863 853 2903; x_wconf 88' lang='lat' dir='ltr'>recuperandi,</span> <span class='ocrx_word' id='word_1_490' title='bbox 877 2863 899 2896; x_wconf 88' lang='lat' dir='ltr'>fi</span> 
     </span>
     <span class='ocr_line' id='line_1_70' title="bbox 40 2896 899 2944; baseline 0.008 -15"><span class='ocrx_word' id='word_1_491' title='bbox 40 2896 186 2929; x_wconf 76' lang='lat' dir='ltr'>adversus</span> <span class='ocrx_word' id='word_1_492' title='bbox 211 2906 387 2937; x_wconf 85' lang='lat' dir='ltr'>emptorem</span> <span class='ocrx_word' id='word_1_493' title='bbox 418 2898 611 2940; x_wconf 89' lang='lat' dir='ltr'>eundemque</span> <span class='ocrx_word' id='word_1_494' title='bbox 636 2900 756 2934; x_wconf 89' lang='lat' dir='ltr'>hostem</span> <span class='ocrx_word' id='word_1_495' title='bbox 780 2904 899 2944; x_wconf 81' lang='lat' dir='ltr'>judicio</span> 
     </span>
     <span class='ocr_line' id='line_1_71' title="bbox 41 2937 897 2988; baseline 0.011 -18"><span class='ocrx_word' id='word_1_496' title='bbox 41 2939 175 2979; x_wconf 86' lang='lat' dir='ltr'>experiri</span> <span class='ocrx_word' id='word_1_497' title='bbox 192 2948 257 2971; x_wconf 89' lang='lat' dir='ltr'>non</span> <span class='ocrx_word' id='word_1_498' title='bbox 273 2938 394 2970; x_wconf 79' lang='lat' dir='ltr'>liceat?</span> <span class='ocrx_word' id='word_1_499' title='bbox 419 2937 572 2985; x_wconf 83' lang='lat' dir='ltr'>Quamvis</span> <span class='ocrx_word' id='word_1_500' title='bbox 592 2942 689 2983; x_wconf 82' lang='lat' dir='ltr'>igitur</span> <span class='ocrx_word' id='word_1_501' title='bbox 711 2944 808 2978; x_wconf 76' lang='grc'>1101113</span> <span class='ocrx_word' id='word_1_502' title='bbox 827 2955 897 2988; x_wconf 88' lang='lat' dir='ltr'>per-</span> 
     </span>
    </p>
   </div>
   <div class='ocr_carea' id='block_1_4' title="bbox 80 3035 644 3190">
    <p class='ocr_par' dir='ltr' id='par_1_6' title="bbox 82 3035 506 3074">
     <span class='ocr_line' id='line_1_72' title="bbox 82 3035 506 3074; baseline 0.009 -10"><span class='ocrx_word' id='word_1_503' title='bbox 82 3035 158 3072; x_wconf 87' lang='lat'>(13)</span> <span class='ocrx_word' id='word_1_504' title='bbox 180 3036 256 3066; x_wconf 81' lang='lat' dir='ltr'>Plac.</span> <span class='ocrx_word' id='word_1_505' title='bbox 275 3038 311 3067; x_wconf 87' lang='lat'>11.</span> <span class='ocrx_word' id='word_1_506' title='bbox 333 3047 360 3074; x_wconf 82' lang='lat'>4.</span> <span class='ocrx_word' id='word_1_507' title='bbox 382 3047 406 3068; x_wconf 84' lang='lat'>1.</span> <span class='ocrx_word' id='word_1_508' title='bbox 432 3047 457 3068; x_wconf 87' lang='lat'>1.</span> <span class='ocrx_word' id='word_1_509' title='bbox 480 3049 506 3068; x_wconf 84' lang='lat'>1.</span> 
     </span>
    </p>

    <p class='ocr_par' dir='ltr' id='par_1_7' title="bbox 83 3074 527 3113">
     <span class='ocr_line' id='line_1_73' title="bbox 83 3074 527 3113; baseline 0.009 -12"><span class='ocrx_word' id='word_1_510' title='bbox 83 3074 163 3109; x_wconf 74' lang='lat'>(14)</span> <span class='ocrx_word' id='word_1_511' title='bbox 183 3074 282 3105; x_wconf 82' lang='lat' dir='ltr'>Ibidem</span> <span class='ocrx_word' id='word_1_512' title='bbox 301 3078 335 3105; x_wconf 92' lang='lat'>11.</span> <span class='ocrx_word' id='word_1_513' title='bbox 359 3086 428 3113; x_wconf 87' lang='lat'>4.1.</span> <span class='ocrx_word' id='word_1_514' title='bbox 452 3086 477 3107; x_wconf 85' lang='lat'>1.</span> <span class='ocrx_word' id='word_1_515' title='bbox 500 3085 527 3105; x_wconf 75' lang='lat'>2.</span> 
     </span>
    </p>

    <p class='ocr_par' dir='ltr' id='par_1_8' title="bbox 80 3111 644 3190">
     <span class='ocr_line' id='line_1_74' title="bbox 84 3111 567 3153; baseline 0.01 -13"><span class='ocrx_word' id='word_1_516' title='bbox 84 3111 162 3147; x_wconf 83' lang='lat'>(15)</span> <span class='ocrx_word' id='word_1_517' title='bbox 180 3111 282 3142; x_wconf 73' lang='lat' dir='ltr'>Ibidem</span> <span class='ocrx_word' id='word_1_518' title='bbox 299 3115 419 3151; x_wconf 76' lang='lat' dir='ltr'>Append.</span> <span class='ocrx_word' id='word_1_519' title='bbox 437 3125 464 3153; x_wconf 89' lang='lat' dir='ltr'>p.</span> <span class='ocrx_word' id='word_1_520' title='bbox 483 3124 567 3150; x_wconf 82' lang='lat'>2209.</span> 
     </span>
     <span class='ocr_line' id='line_1_75' title="bbox 80 3149 644 3190; baseline 0.014 -12"><span class='ocrx_word' id='word_1_521' title='bbox 80 3150 161 3187; x_wconf 87' lang='lat'>(16)</span> <span class='ocrx_word' id='word_1_522' title='bbox 179 3149 281 3181; x_wconf 79' lang='lat' dir='ltr'>Ibidem</span> <span class='ocrx_word' id='word_1_523' title='bbox 299 3153 376 3184; x_wconf 74' lang='lat' dir='ltr'>Ptac.</span> <span class='ocrx_word' id='word_1_524' title='bbox 395 3155 431 3183; x_wconf 85' lang='lat'>11.</span> <span class='ocrx_word' id='word_1_525' title='bbox 455 3163 482 3190; x_wconf 72' lang='lat'>4.</span> <span class='ocrx_word' id='word_1_526' title='bbox 502 3157 547 3184; x_wconf 88' lang='lat'>28.</span> <span class='ocrx_word' id='word_1_527' title='bbox 568 3162 595 3190; x_wconf 87' lang='grc'>3.</span> <span class='ocrx_word' id='word_1_528' title='bbox 617 3164 644 3186; x_wconf 85' lang='lat'>1.</span> 
     </span>
    </p>
   </div>
   <div class='ocr_carea' id='block_1_5' title="bbox 0 3227 65 3436">
    <p class='ocr_par' dir='ltr' id='par_1_9' title="bbox 0 3227 65 3436">
     <span class='ocr_line' id='line_1_76' title="bbox 0 3227 5 3277; baseline 0 0"><span class='ocrx_word' id='word_1_529' title='bbox 0 3227 5 3277; x_wconf 76' lang='lat' dir='ltr'>l</span> 
     </span>
     <span class='ocr_line' id='line_1_77' title="bbox 0 3310 65 3436; baseline 0 0"><span class='ocrx_word' id='word_1_530' title='bbox 0 3310 65 3436; x_wconf 90' lang='grc' dir='ltr'>Ξ</span> 
     </span>
    </p>
   </div>
   <div class='ocr_carea' id='block_1_6' title="bbox 908 126 1255 171">
    <p class='ocr_par' dir='ltr' id='par_1_10' title="bbox 908 126 1255 171">
     <span class='ocr_line' id='line_1_78' title="bbox 908 126 1255 171; baseline -0.009 -6"><span class='ocrx_word' id='word_1_531' title='bbox 908 126 1255 171; x_wconf 82' lang='lat' dir='ltr'>PUBLICI,</span> 
     </span>
    </p>
   </div>
   <div class='ocr_carea' id='block_1_7' title="bbox 1307 128 1645 168">
    <p class='ocr_par' dir='ltr' id='par_1_11' title="bbox 1307 128 1645 168">
     <span class='ocr_line' id='line_1_79' title="bbox 1307 128 1645 168; baseline 0.015 -5"><span class='ocrx_word' id='word_1_532' title='bbox 1307 128 1407 164; x_wconf 86' lang='lat' dir='ltr'>LIB.</span> <span class='ocrx_word' id='word_1_533' title='bbox 1435 129 1461 164; x_wconf 92' lang='lat'>1.</span> <span class='ocrx_word' id='word_1_534' title='bbox 1498 131 1536 166; x_wconf 89' lang='lat' dir='ltr'>C.</span> <span class='ocrx_word' id='word_1_535' title='bbox 1562 131 1645 168; x_wconf 73' lang='lat' dir='ltr'>Vir.</span> 
     </span>
    </p>
   </div>
   <div class='ocr_carea' id='block_1_8' title="bbox 942 206 1830 1660">
    <p class='ocr_par' dir='ltr' id='par_1_12' title="bbox 951 206 1830 1027">
     <span class='ocr_line' id='line_1_80' title="bbox 962 206 1830 254; baseline 0.006 -15"><span class='ocrx_word' id='word_1_536' title='bbox 962 206 1067 240; x_wconf 88' lang='lat' dir='ltr'>sonam</span> <span class='ocrx_word' id='word_1_537' title='bbox 1087 207 1182 240; x_wconf 83' lang='lat' dir='ltr'>standi</span> <span class='ocrx_word' id='word_1_538' title='bbox 1203 208 1233 239; x_wconf 91' lang='lat' dir='ltr'>in</span> <span class='ocrx_word' id='word_1_539' title='bbox 1250 207 1371 248; x_wconf 83' lang='lat' dir='ltr'>judicio</span> <span class='ocrx_word' id='word_1_540' title='bbox 1399 218 1462 240; x_wconf 90' lang='lat' dir='ltr'>non</span> <span class='ocrx_word' id='word_1_541' title='bbox 1482 209 1611 249; x_wconf 86' lang='lat' dir='ltr'>babeat,</span> <span class='ocrx_word' id='word_1_542' title='bbox 1635 219 1668 244; x_wconf 89' lang='lat' dir='ltr'>ut</span> <span class='ocrx_word' id='word_1_543' title='bbox 1683 211 1830 254; x_wconf 76' lang='lat' dir='ltr'>simplici·</span> 
     </span>
     <span class='ocr_line' id='line_1_81' title="bbox 963 248 1825 291; baseline 0.007 -11"><span class='ocrx_word' id='word_1_544' title='bbox 963 257 1009 280; x_wconf 89' lang='lat' dir='ltr'>ter</span> <span class='ocrx_word' id='word_1_545' title='bbox 1026 248 1236 281; x_wconf 86' lang='lat' dir='ltr'>constitutum</span> <span class='ocrx_word' id='word_1_546' title='bbox 1254 249 1300 281; x_wconf 91' lang='lat' dir='ltr'>est</span> <span class='ocrx_word' id='word_1_547' title='bbox 1319 250 1348 282; x_wconf 91' lang='lat' dir='ltr'>in</span> <span class='ocrx_word' id='word_1_548' title='bbox 1369 250 1564 282; x_wconf 50' lang='lat' dir='ltr'>daDecrctis</span> <span class='ocrx_word' id='word_1_549' title='bbox 1582 262 1609 283; x_wconf 86' lang='lat'>2.</span> <span class='ocrx_word' id='word_1_550' title='bbox 1637 256 1663 284; x_wconf 69' lang='grc'>61</span> <span class='ocrx_word' id='word_1_551' title='bbox 1683 264 1732 291; x_wconf 82' lang='lat'>29.</span> <span class='ocrx_word' id='word_1_552' title='bbox 1753 254 1825 286; x_wconf 61' lang='lat' dir='ltr'>oct.</span> 
     </span>
     <span class='ocr_line' id='line_1_82' title="bbox 966 290 1826 333; baseline 0.006 -11"><span class='ocrx_word' id='word_1_553' title='bbox 966 299 1054 331; x_wconf 83' lang='lat'>1590.</span> <span class='ocrx_word' id='word_1_554' title='bbox 1080 300 1176 330; x_wconf 79' lang='grc'>3111116</span> <span class='ocrx_word' id='word_1_555' title='bbox 1199 291 1243 322; x_wconf 84' lang='lat' dir='ltr'>ita</span> <span class='ocrx_word' id='word_1_556' title='bbox 1263 301 1391 332; x_wconf 81' lang='lat' dir='ltr'>quoque</span> <span class='ocrx_word' id='word_1_557' title='bbox 1405 290 1583 331; x_wconf 68' lang='lat' dir='ltr'>responsum.</span> <span class='ocrx_word' id='word_1_558' title='bbox 1605 294 1631 324; x_wconf 68' lang='grc' dir='ltr'>ὅ.-</span> <span class='ocrx_word' id='word_1_559' title='bbox 1651 295 1826 333; x_wconf 55' lang='lat' dir='ltr'>jumentum</span> 
     </span>
     <span class='ocr_line' id='line_1_83' title="bbox 961 331 1825 372; baseline 0.005 -8"><span class='ocrx_word' id='word_1_560' title='bbox 961 331 996 364; x_wconf 87' lang='lat' dir='ltr'>fit</span> <span class='ocrx_word' id='word_1_561' title='bbox 1023 331 1126 371; x_wconf 72' lang='lat' dir='ltr'>Confil.</span> <span class='ocrx_word' id='word_1_562' title='bbox 1159 331 1244 364; x_wconf 82' lang='lat' dir='ltr'>Holl.</span> <span class='ocrx_word' id='word_1_563' title='bbox 1283 332 1317 365; x_wconf 87' lang='lat' dir='ltr'>T.</span> <span class='ocrx_word' id='word_1_564' title='bbox 1353 332 1376 365; x_wconf 89' lang='grc' dir='ltr'>Ι.</span> <span class='ocrx_word' id='word_1_565' title='bbox 1415 332 1519 372; x_wconf 80' lang='lat' dir='ltr'>Confil.</span> <span class='ocrx_word' id='word_1_566' title='bbox 1552 337 1623 371; x_wconf 84' lang='lat'>289.</span> <span class='ocrx_word' id='word_1_567' title='bbox 1659 343 1682 366; x_wconf 62' lang='grc'>01</span> <span class='ocrx_word' id='word_1_568' title='bbox 1714 337 1747 367; x_wconf 80' lang='grc' dir='ltr'>Τ.</span> <span class='ocrx_word' id='word_1_569' title='bbox 1782 336 1825 369; x_wconf 87' lang='lat' dir='ltr'>V.</span> 
     </span>
     <span class='ocr_line' id='line_1_84' title="bbox 961 372 1826 416; baseline 0.005 -12"><span class='ocrx_word' id='word_1_570' title='bbox 961 372 1063 412; x_wconf 66' lang='lat' dir='ltr'>Consti.</span> <span class='ocrx_word' id='word_1_571' title='bbox 1081 377 1148 408; x_wconf 87' lang='lat'>168.</span> <span class='ocrx_word' id='word_1_572' title='bbox 1173 374 1200 405; x_wconf 83' lang='lat'>&amp;</span> <span class='ocrx_word' id='word_1_573' title='bbox 1220 384 1235 405; x_wconf 89' lang='lat' dir='ltr'>a</span> <span class='ocrx_word' id='word_1_574' title='bbox 1261 374 1301 405; x_wconf 89' lang='lat' dir='ltr'>ud</span> <span class='ocrx_word' id='word_1_575' title='bbox 1317 373 1557 416; x_wconf 80' lang='lat' dir='ltr'>Groenewegen</span> <span class='ocrx_word' id='word_1_576' title='bbox 1575 387 1610 406; x_wconf 78' lang='lat' dir='ltr'>au</span> <span class='ocrx_word' id='word_1_577' title='bbox 1632 376 1693 408; x_wconf 77' lang='grc' dir='ltr'>Τ.ῑ.</span> <span class='ocrx_word' id='word_1_578' title='bbox 1713 380 1744 408; x_wconf 66' lang='lat' dir='ltr'>c.</span> <span class='ocrx_word' id='word_1_579' title='bbox 1763 378 1826 409; x_wconf 82' lang='lat' dir='ltr'>Oui</span> 
     </span>
     <span class='ocr_line' id='line_1_85' title="bbox 959 411 1826 460; baseline 0.003 -14"><span class='ocrx_word' id='word_1_580' title='bbox 959 415 1042 458; x_wconf 69' lang='lat' dir='ltr'>legit.</span> <span class='ocrx_word' id='word_1_581' title='bbox 1072 415 1187 456; x_wconf 63' lang='lat' dir='ltr'>pers‘bn.</span> <span class='ocrx_word' id='word_1_582' title='bbox 1214 417 1315 456; x_wconf 70' lang='lat' dir='ltr'>sanci.</span> <span class='ocrx_word' id='word_1_583' title='bbox 1349 417 1382 446; x_wconf 81' lang='lat' dir='ltr'>in</span> <span class='ocrx_word' id='word_1_584' title='bbox 1414 418 1509 460; x_wconf 74' lang='lat' dir='ltr'>judit.</span> <span class='ocrx_word' id='word_1_585' title='bbox 1540 417 1604 449; x_wconf 76' lang='lat' dir='ltr'>hab.</span> <span class='ocrx_word' id='word_1_586' title='bbox 1640 411 1826 450; x_wconf 58' lang='grc' dir='ltr'>60111311ἶῆ1</span> 
     </span>
     <span class='ocr_line' id='line_1_86' title="bbox 961 455 1827 499; baseline 0.003 -11"><span class='ocrx_word' id='word_1_587' title='bbox 961 465 1064 488; x_wconf 85' lang='grc'>13111611</span> <span class='ocrx_word' id='word_1_588' title='bbox 1086 455 1208 488; x_wconf 89' lang='lat' dir='ltr'>causam</span> <span class='ocrx_word' id='word_1_589' title='bbox 1234 457 1318 489; x_wconf 65' lang='lat' dir='ltr'>recte</span> <span class='ocrx_word' id='word_1_590' title='bbox 1343 459 1465 499; x_wconf 88' lang='lat' dir='ltr'>excipit</span> <span class='ocrx_word' id='word_1_591' title='bbox 1491 460 1520 489; x_wconf 81' lang='lat' dir='ltr'>d.</span> <span class='ocrx_word' id='word_1_592' title='bbox 1555 458 1657 498; x_wconf 72' lang='lat' dir='ltr'>Cunfil.</span> <span class='ocrx_word' id='word_1_593' title='bbox 1691 464 1760 497; x_wconf 80' lang='lat'>289.</span> <span class='ocrx_word' id='word_1_594' title='bbox 1796 460 1827 491; x_wconf 76' lang='grc' dir='ltr'>δε</span> 
     </span>
     <span class='ocr_line' id='line_1_87' title="bbox 959 496 1823 540; baseline 0.003 -11"><span class='ocrx_word' id='word_1_595' title='bbox 959 496 1199 540; x_wconf 87' lang='lat' dir='ltr'>Groenewegen</span> <span class='ocrx_word' id='word_1_596' title='bbox 1225 499 1253 529; x_wconf 85' lang='lat' dir='ltr'>d.</span> <span class='ocrx_word' id='word_1_597' title='bbox 1279 499 1331 531; x_wconf 84' lang='lat' dir='ltr'>loc.</span> <span class='ocrx_word' id='word_1_598' title='bbox 1358 499 1377 531; x_wconf 81' lang='grc'>11</span> <span class='ocrx_word' id='word_1_599' title='bbox 1405 509 1519 540; x_wconf 88' lang='lat' dir='ltr'>nempe</span> <span class='ocrx_word' id='word_1_600' title='bbox 1547 510 1656 532; x_wconf 78' lang='lat' dir='ltr'>mutua</span> <span class='ocrx_word' id='word_1_601' title='bbox 1677 500 1712 532; x_wconf 84' lang='lat' dir='ltr'>fit</span> <span class='ocrx_word' id='word_1_602' title='bbox 1737 510 1823 532; x_wconf 86' lang='lat' dir='ltr'>com-</span> 
     </span>
     <span class='ocr_line' id='line_1_88' title="bbox 958 540 1824 580; baseline 0.003 -10"><span class='ocrx_word' id='word_1_603' title='bbox 958 540 1146 571; x_wconf 88' lang='lat' dir='ltr'>merciorum</span> <span class='ocrx_word' id='word_1_604' title='bbox 1169 540 1316 579; x_wconf 85' lang='lat' dir='ltr'>libertas,</span> <span class='ocrx_word' id='word_1_605' title='bbox 1342 540 1360 572; x_wconf 78' lang='lat' dir='ltr'><strong>fi</strong></span> <span class='ocrx_word' id='word_1_606' title='bbox 1382 550 1444 573; x_wconf 93' lang='lat' dir='ltr'>non</span> <span class='ocrx_word' id='word_1_607' title='bbox 1464 541 1520 580; x_wconf 83' lang='lat' dir='ltr'>fit,</span> <span class='ocrx_word' id='word_1_608' title='bbox 1546 542 1704 579; x_wconf 77' lang='lat' dir='ltr'>actiones,</span> <span class='ocrx_word' id='word_1_609' title='bbox 1728 544 1824 574; x_wconf 84' lang='grc'>6113111</span> 
     </span>
     <span class='ocr_line' id='line_1_89' title="bbox 957 581 1825 624; baseline 0.002 -12"><span class='ocrx_word' id='word_1_610' title='bbox 957 589 998 613; x_wconf 87' lang='lat' dir='ltr'>ex</span> <span class='ocrx_word' id='word_1_611' title='bbox 1021 581 1222 612; x_wconf 84' lang='lat' dir='ltr'>commerciis</span> <span class='ocrx_word' id='word_1_612' title='bbox 1248 589 1348 621; x_wconf 78' lang='lat' dir='ltr'>natae,</span> <span class='ocrx_word' id='word_1_613' title='bbox 1374 583 1458 615; x_wconf 74' lang='grc'>16616</span> <span class='ocrx_word' id='word_1_614' title='bbox 1483 583 1738 624; x_wconf 80' lang='lat' dir='ltr'>publicabuntur.</span> <span class='ocrx_word' id='word_1_615' title='bbox 1763 583 1825 615; x_wconf 79' lang='lat' dir='ltr'>Sed</span> 
     </span>
     <span class='ocr_line' id='line_1_90' title="bbox 955 621 1824 665; baseline 0.003 -12"><span class='ocrx_word' id='word_1_616' title='bbox 955 632 992 654; x_wconf 88' lang='lat' dir='ltr'>an</span> <span class='ocrx_word' id='word_1_617' title='bbox 1018 621 1139 653; x_wconf 83' lang='lat' dir='ltr'>causam</span> <span class='ocrx_word' id='word_1_618' title='bbox 1163 624 1430 656; x_wconf 87' lang='lat' dir='ltr'>commerciorum</span> <span class='ocrx_word' id='word_1_619' title='bbox 1458 624 1684 665; x_wconf 73' lang='lat' dir='ltr'>distinguemus</span> <span class='ocrx_word' id='word_1_620' title='bbox 1713 635 1730 655; x_wconf 87' lang='lat' dir='ltr'>a</span> <span class='ocrx_word' id='word_1_621' title='bbox 1753 625 1824 656; x_wconf 87' lang='lat' dir='ltr'>reli-</span> 
     </span>
     <span class='ocr_line' id='line_1_91' title="bbox 953 663 1823 708; baseline 0.003 -13"><span class='ocrx_word' id='word_1_622' title='bbox 953 664 1023 705; x_wconf 86' lang='lat' dir='ltr'>quis</span> <span class='ocrx_word' id='word_1_623' title='bbox 1054 663 1200 696; x_wconf 89' lang='lat' dir='ltr'>omnibus</span> <span class='ocrx_word' id='word_1_624' title='bbox 1235 665 1330 697; x_wconf 78' lang='lat' dir='ltr'>caulis</span> <span class='ocrx_word' id='word_1_625' title='bbox 1348 690 1356 704; x_wconf 88' lang='lat'>‚</span> <span class='ocrx_word' id='word_1_626' title='bbox 1390 675 1424 697; x_wconf 90' lang='lat' dir='ltr'>ut</span> <span class='ocrx_word' id='word_1_627' title='bbox 1452 666 1573 697; x_wconf 82' lang='lat' dir='ltr'>scilicet</span> <span class='ocrx_word' id='word_1_628' title='bbox 1605 677 1632 697; x_wconf 88' lang='lat' dir='ltr'>1n</span> <span class='ocrx_word' id='word_1_629' title='bbox 1659 667 1704 698; x_wconf 89' lang='lat' dir='ltr'>his</span> <span class='ocrx_word' id='word_1_630' title='bbox 1732 676 1823 708; x_wconf 71' lang='lat' dir='ltr'>nege-</span> 
     </span>
     <span class='ocr_line' id='line_1_92' title="bbox 952 705 1821 749; baseline 0.006 -14"><span class='ocrx_word' id='word_1_631' title='bbox 952 715 1039 743; x_wconf 84' lang='lat' dir='ltr'>mus,</span> <span class='ocrx_word' id='word_1_632' title='bbox 1065 706 1096 736; x_wconf 93' lang='lat' dir='ltr'>in</span> <span class='ocrx_word' id='word_1_633' title='bbox 1114 705 1167 737; x_wconf 90' lang='lat' dir='ltr'>illa</span> <span class='ocrx_word' id='word_1_634' title='bbox 1185 707 1249 737; x_wconf 78' lang='lat' dir='ltr'>iola</span> <span class='ocrx_word' id='word_1_635' title='bbox 1274 706 1352 738; x_wconf 86' lang='lat' dir='ltr'>hosti</span> <span class='ocrx_word' id='word_1_636' title='bbox 1380 707 1546 748; x_wconf 82' lang='lat' dir='ltr'>largiamur</span> <span class='ocrx_word' id='word_1_637' title='bbox 1564 706 1724 749; x_wconf 61' lang='lat' dir='ltr'>porsonam</span> <span class='ocrx_word' id='word_1_638' title='bbox 1743 707 1821 740; x_wconf 81' lang='lat' dir='ltr'>stan-</span> 
     </span>
     <span class='ocr_line' id='line_1_93' title="bbox 951 747 1822 788; baseline 0.006 -11"><span class='ocrx_word' id='word_1_639' title='bbox 951 747 982 778; x_wconf 89' lang='lat' dir='ltr'>di</span> <span class='ocrx_word' id='word_1_640' title='bbox 1004 747 1033 778; x_wconf 93' lang='lat' dir='ltr'>in</span> <span class='ocrx_word' id='word_1_641' title='bbox 1061 747 1208 788; x_wconf 72' lang='lat' dir='ltr'>judicio?</span> <span class='ocrx_word' id='word_1_642' title='bbox 1234 748 1274 779; x_wconf 80' lang='lat' dir='ltr'>lic</span> <span class='ocrx_word' id='word_1_643' title='bbox 1299 747 1442 780; x_wconf 83' lang='lat' dir='ltr'>distinxit</span> <span class='ocrx_word' id='word_1_644' title='bbox 1464 752 1492 781; x_wconf 77' lang='grc' dir='ltr'>α’.</span> <span class='ocrx_word' id='word_1_645' title='bbox 1530 748 1632 788; x_wconf 73' lang='lat' dir='ltr'>Covfil.</span> <span class='ocrx_word' id='word_1_646' title='bbox 1671 754 1742 787; x_wconf 85' lang='lat'>289.</span> <span class='ocrx_word' id='word_1_647' title='bbox 1768 750 1822 788; x_wconf 71' lang='grc' dir='ltr'>δι,</span> 
     </span>
     <span class='ocr_line' id='line_1_94' title="bbox 952 787 1820 831; baseline 0.002 -11"><span class='ocrx_word' id='word_1_648' title='bbox 952 787 974 820; x_wconf 82' lang='lat' dir='ltr'><strong>fi</strong></span> <span class='ocrx_word' id='word_1_649' title='bbox 998 787 1102 826; x_wconf 78' lang='grc'>16616,</span> <span class='ocrx_word' id='word_1_650' title='bbox 1125 788 1165 820; x_wconf 83' lang='lat' dir='ltr'>fic</span> <span class='ocrx_word' id='word_1_651' title='bbox 1189 797 1315 830; x_wconf 87' lang='lat' dir='ltr'>quoquc</span> <span class='ocrx_word' id='word_1_652' title='bbox 1341 791 1370 821; x_wconf 92' lang='lat' dir='ltr'>in</span> <span class='ocrx_word' id='word_1_653' title='bbox 1398 789 1462 831; x_wconf 86' lang='lat' dir='ltr'>ipsa</span> <span class='ocrx_word' id='word_1_654' title='bbox 1488 792 1705 831; x_wconf 78' lang='lat' dir='ltr'>publicatione</span> <span class='ocrx_word' id='word_1_655' title='bbox 1724 791 1820 823; x_wconf 72' lang='grc'>36110-</span> 
     </span>
     <span class='ocr_line' id='line_1_95' title="bbox 954 829 1824 874; baseline 0.005 -14"><span class='ocrx_word' id='word_1_656' title='bbox 954 839 1026 861; x_wconf 91' lang='lat' dir='ltr'>num</span> <span class='ocrx_word' id='word_1_657' title='bbox 1043 829 1120 861; x_wconf 72' lang='lat' dir='ltr'>ess&#39;et</span> <span class='ocrx_word' id='word_1_658' title='bbox 1135 829 1399 871; x_wconf 73' lang='lat' dir='ltr'>distinguendum.</span> <span class='ocrx_word' id='word_1_659' title='bbox 1447 832 1488 864; x_wconf 85' lang='lat' dir='ltr'>At</span> <span class='ocrx_word' id='word_1_660' title='bbox 1507 832 1526 864; x_wconf 84' lang='lat' dir='ltr'>fi</span> <span class='ocrx_word' id='word_1_661' title='bbox 1546 831 1623 864; x_wconf 83' lang='lat' dir='ltr'>hosti</span> <span class='ocrx_word' id='word_1_662' title='bbox 1644 832 1737 864; x_wconf 87' lang='lat' dir='ltr'>semel</span> <span class='ocrx_word' id='word_1_663' title='bbox 1755 842 1824 874; x_wconf 89' lang='lat' dir='ltr'>per-</span> 
     </span>
     <span class='ocr_line' id='line_1_96' title="bbox 953 871 1821 916; baseline 0.002 -14"><span class='ocrx_word' id='word_1_664' title='bbox 953 872 1061 903; x_wconf 87' lang='lat' dir='ltr'>mittas</span> <span class='ocrx_word' id='word_1_665' title='bbox 1075 871 1214 903; x_wconf 66' lang='lat' dir='ltr'>actiones</span> <span class='ocrx_word' id='word_1_666' title='bbox 1228 882 1376 904; x_wconf 84' lang='lat' dir='ltr'>exercere</span> <span class='ocrx_word' id='word_1_667' title='bbox 1386 895 1396 911; x_wconf 92' lang='lat'>,</span> <span class='ocrx_word' id='word_1_668' title='bbox 1410 873 1539 905; x_wconf 86' lang='lat' dir='ltr'>difficile</span> <span class='ocrx_word' id='word_1_669' title='bbox 1559 873 1603 905; x_wconf 85' lang='lat' dir='ltr'>est</span> <span class='ocrx_word' id='word_1_670' title='bbox 1620 873 1821 916; x_wconf 64' lang='lat' dir='ltr'>distinguere,</span> 
     </span>
     <span class='ocr_line' id='line_1_97' title="bbox 954 912 1822 959; baseline 0.003 -16"><span class='ocrx_word' id='word_1_671' title='bbox 954 922 993 944; x_wconf 87' lang='lat' dir='ltr'>ex</span> <span class='ocrx_word' id='word_1_672' title='bbox 1020 921 1081 959; x_wconf 85' lang='lat' dir='ltr'>qua</span> <span class='ocrx_word' id='word_1_673' title='bbox 1106 912 1196 944; x_wconf 85' lang='lat' dir='ltr'>causa</span> <span class='ocrx_word' id='word_1_674' title='bbox 1217 915 1375 954; x_wconf 88' lang='lat' dir='ltr'>oriantur,</span> <span class='ocrx_word' id='word_1_675' title='bbox 1400 924 1459 946; x_wconf 91' lang='lat' dir='ltr'>nec</span> <span class='ocrx_word' id='word_1_676' title='bbox 1484 917 1571 955; x_wconf 82' lang='lat' dir='ltr'>potui</span> <span class='ocrx_word' id='word_1_677' title='bbox 1594 917 1822 947; x_wconf 74' lang='lat' dir='ltr'>anim.·tdverte-</span> 
     </span>
     <span class='ocr_line' id='line_1_98' title="bbox 952 953 1820 997; baseline 0.005 -12"><span class='ocrx_word' id='word_1_678' title='bbox 952 963 1003 993; x_wconf 92' lang='lat' dir='ltr'>re,</span> <span class='ocrx_word' id='word_1_679' title='bbox 1031 954 1115 985; x_wconf 85' lang='lat' dir='ltr'>illam</span> <span class='ocrx_word' id='word_1_680' title='bbox 1131 953 1361 987; x_wconf 62' lang='lat' dir='ltr'>distinctionem</span> <span class='ocrx_word' id='word_1_681' title='bbox 1386 965 1519 997; x_wconf 83' lang='lat' dir='ltr'>unquam</span> <span class='ocrx_word' id='word_1_682' title='bbox 1539 957 1593 988; x_wconf 85' lang='lat' dir='ltr'>usu</span> <span class='ocrx_word' id='word_1_683' title='bbox 1609 956 1702 989; x_wconf 89' lang='lat' dir='ltr'>fuisse</span> <span class='ocrx_word' id='word_1_684' title='bbox 1720 961 1820 989; x_wconf 68' lang='grc'>161113-</span> 
     </span>
     <span class='ocr_line' id='line_1_99' title="bbox 952 1002 1028 1027; baseline 0.013 -1"><span class='ocrx_word' id='word_1_685' title='bbox 952 1002 1028 1027; x_wconf 83' lang='lat' dir='ltr'>tam.</span> 
     </span>
    </p>

    <p class='ocr_par' dir='ltr' id='par_1_13' title="bbox 951 1035 1822 1163">
     <span class='ocr_line' id='line_1_100' title="bbox 993 1035 1820 1082; baseline 0.006 -14"><span class='ocrx_word' id='word_1_686' title='bbox 993 1035 1144 1070; x_wconf 88' lang='lat' dir='ltr'>Ceterum</span> <span class='ocrx_word' id='word_1_687' title='bbox 1170 1038 1192 1071; x_wconf 84' lang='lat' dir='ltr'>fi</span> <span class='ocrx_word' id='word_1_688' title='bbox 1221 1037 1341 1070; x_wconf 89' lang='lat' dir='ltr'>hostem</span> <span class='ocrx_word' id='word_1_689' title='bbox 1370 1049 1475 1071; x_wconf 86' lang='lat' dir='ltr'>arceas</span> <span class='ocrx_word' id='word_1_690' title='bbox 1501 1050 1517 1071; x_wconf 90' lang='lat' dir='ltr'>a</span> <span class='ocrx_word' id='word_1_691' title='bbox 1538 1041 1682 1081; x_wconf 75' lang='lat' dir='ltr'>judicio,</span> <span class='ocrx_word' id='word_1_692' title='bbox 1716 1051 1820 1082; x_wconf 84' lang='lat' dir='ltr'>neque</span> 
     </span>
     <span class='ocr_line' id='line_1_101' title="bbox 951 1078 1822 1124; baseline 0.005 -14"><span class='ocrx_word' id='word_1_693' title='bbox 951 1078 1099 1111; x_wconf 85' lang='lat' dir='ltr'>adversus</span> <span class='ocrx_word' id='word_1_694' title='bbox 1125 1079 1244 1112; x_wconf 90' lang='lat' dir='ltr'>hostem</span> <span class='ocrx_word' id='word_1_695' title='bbox 1257 1105 1266 1119; x_wconf 95' lang='lat'>,</span> <span class='ocrx_word' id='word_1_696' title='bbox 1290 1080 1311 1113; x_wconf 88' lang='lat' dir='ltr'>fi</span> <span class='ocrx_word' id='word_1_697' title='bbox 1339 1080 1425 1113; x_wconf 88' lang='lat' dir='ltr'>forte</span> <span class='ocrx_word' id='word_1_698' title='bbox 1445 1082 1473 1113; x_wconf 88' lang='lat' dir='ltr'>in</span> <span class='ocrx_word' id='word_1_699' title='bbox 1493 1090 1550 1113; x_wconf 88' lang='lat' dir='ltr'>tuo</span> <span class='ocrx_word' id='word_1_700' title='bbox 1572 1083 1708 1124; x_wconf 59' lang='lat' dir='ltr'>lmperio</span> <span class='ocrx_word' id='word_1_701' title='bbox 1729 1084 1822 1114; x_wconf 72' lang='grc'>113316-</span> 
     </span>
     <span class='ocr_line' id='line_1_102' title="bbox 951 1121 1818 1163; baseline 0.006 -13"><span class='ocrx_word' id='word_1_702' title='bbox 951 1128 1001 1159; x_wconf 91' lang='grc'>31,</span> <span class='ocrx_word' id='word_1_703' title='bbox 1026 1121 1110 1152; x_wconf 78' lang='grc'>16616</span> <span class='ocrx_word' id='word_1_704' title='bbox 1139 1123 1310 1163; x_wconf 85' lang='lat' dir='ltr'>experieris</span> <span class='ocrx_word' id='word_1_705' title='bbox 1344 1123 1374 1154; x_wconf 92' lang='lat' dir='ltr'>in</span> <span class='ocrx_word' id='word_1_706' title='bbox 1402 1123 1544 1163; x_wconf 79' lang='lat' dir='ltr'>judicio3</span> <span class='ocrx_word' id='word_1_707' title='bbox 1568 1134 1664 1163; x_wconf 78' lang='lat' dir='ltr'>atque</span> <span class='ocrx_word' id='word_1_708' title='bbox 1691 1125 1734 1155; x_wconf 91' lang='lat' dir='ltr'>ita</span> <span class='ocrx_word' id='word_1_709' title='bbox 1763 1125 1818 1156; x_wconf 83' lang='lat' dir='ltr'>ini-</span> 
     </span>
    </p>

    <p class='ocr_par' dir='ltr' id='par_1_14' title="bbox 972 1161 1820 1206">
     <span class='ocr_line' id='line_1_103' title="bbox 972 1161 1820 1206; baseline 0.006 -14"><span class='ocrx_word' id='word_1_710' title='bbox 972 1171 1045 1193; x_wconf 89' lang='lat' dir='ltr'>uum</span> <span class='ocrx_word' id='word_1_711' title='bbox 1063 1161 1124 1202; x_wconf 89' lang='lat' dir='ltr'>est,</span> <span class='ocrx_word' id='word_1_712' title='bbox 1151 1164 1234 1205; x_wconf 88' lang='lat' dir='ltr'>quod</span> <span class='ocrx_word' id='word_1_713' title='bbox 1256 1164 1441 1196; x_wconf 84' lang='lat' dir='ltr'>confirmata</span> <span class='ocrx_word' id='word_1_714' title='bbox 1459 1164 1619 1197; x_wconf 68' lang='lat' dir='ltr'>inferioris</span> <span class='ocrx_word' id='word_1_715' title='bbox 1637 1165 1751 1206; x_wconf 83' lang='lat' dir='ltr'>judicis</span> <span class='ocrx_word' id='word_1_716' title='bbox 1764 1190 1772 1203; x_wconf 88' lang='lat'>‚</span> <span class='ocrx_word' id='word_1_717' title='bbox 1790 1167 1820 1198; x_wconf 69' lang='grc' dir='ltr'>ὃς</span> 
     </span>
    </p>

    <p class='ocr_par' dir='ltr' id='par_1_15' title="bbox 944 1203 1819 1574">
     <span class='ocr_line' id='line_1_104' title="bbox 981 1203 1817 1248; baseline 0.005 -14"><span class='ocrx_word' id='word_1_718' title='bbox 981 1203 1056 1235; x_wconf 82' lang='lat' dir='ltr'>uriae</span> <span class='ocrx_word' id='word_1_719' title='bbox 1077 1203 1278 1237; x_wconf 79' lang='lat' dir='ltr'>Hollandicae</span> <span class='ocrx_word' id='word_1_720' title='bbox 1298 1204 1469 1243; x_wconf 77' lang='lat' dir='ltr'>sententia,</span> <span class='ocrx_word' id='word_1_721' title='bbox 1495 1208 1664 1248; x_wconf 70' lang='lat' dir='ltr'>supremus</span> <span class='ocrx_word' id='word_1_722' title='bbox 1685 1208 1817 1240; x_wconf 80' lang='lat' dir='ltr'>Senatus</span> 
     </span>
     <span class='ocr_line' id='line_1_105' title="bbox 948 1239 1819 1290; baseline 0.007 -16"><span class='ocrx_word' id='word_1_723' title='bbox 948 1239 1102 1284; x_wconf 75' lang='lat' dir='ltr'>judicavit</span> <span class='ocrx_word' id='word_1_724' title='bbox 1132 1251 1180 1281; x_wconf 87' lang='lat'>18.</span> <span class='ocrx_word' id='word_1_725' title='bbox 1204 1247 1289 1288; x_wconf 88' lang='lat' dir='ltr'>Sept.</span> <span class='ocrx_word' id='word_1_726' title='bbox 1321 1257 1400 1288; x_wconf 89' lang='grc'>1590</span> <span class='ocrx_word' id='word_1_727' title='bbox 1426 1247 1521 1289; x_wconf 91' lang='grc'>(17)</span> <span class='ocrx_word' id='word_1_728' title='bbox 1539 1254 1579 1280; x_wconf 86' lang='grc'>110</span> <span class='ocrx_word' id='word_1_729' title='bbox 1600 1259 1659 1280; x_wconf 81' lang='grc'>6111</span> <span class='ocrx_word' id='word_1_730' title='bbox 1685 1257 1819 1290; x_wconf 85' lang='lat' dir='ltr'>nempe,</span> 
     </span>
     <span class='ocr_line' id='line_1_106' title="bbox 949 1286 1812 1331; baseline 0.006 -15"><span class='ocrx_word' id='word_1_731' title='bbox 949 1286 1002 1325; x_wconf 87' lang='lat' dir='ltr'>qui</span> <span class='ocrx_word' id='word_1_732' title='bbox 1022 1295 1094 1318; x_wconf 90' lang='lat' dir='ltr'>cum</span> <span class='ocrx_word' id='word_1_733' title='bbox 1113 1288 1213 1319; x_wconf 89' lang='lat' dir='ltr'>libero</span> <span class='ocrx_word' id='word_1_734' title='bbox 1232 1298 1413 1320; x_wconf 85' lang='lat' dir='ltr'>commeatu</span> <span class='ocrx_word' id='word_1_735' title='bbox 1432 1299 1462 1320; x_wconf 83' lang='lat' dir='ltr'>in</span> <span class='ocrx_word' id='word_1_736' title='bbox 1480 1292 1531 1322; x_wconf 85' lang='lat' dir='ltr'>has</span> <span class='ocrx_word' id='word_1_737' title='bbox 1541 1290 1699 1331; x_wconf 79' lang='lat' dir='ltr'>Regiones</span> <span class='ocrx_word' id='word_1_738' title='bbox 1719 1299 1812 1322; x_wconf 81' lang='lat' dir='ltr'>vene-</span> 
     </span>
     <span class='ocr_line' id='line_1_107' title="bbox 949 1328 1818 1371; baseline 0.006 -14"><span class='ocrx_word' id='word_1_739' title='bbox 949 1336 1015 1366; x_wconf 87' lang='lat' dir='ltr'>rat,</span> <span class='ocrx_word' id='word_1_740' title='bbox 1040 1336 1094 1368; x_wconf 90' lang='lat' dir='ltr'>per</span> <span class='ocrx_word' id='word_1_741' title='bbox 1116 1328 1266 1361; x_wconf 87' lang='lat' dir='ltr'>arrestum</span> <span class='ocrx_word' id='word_1_742' title='bbox 1287 1329 1338 1361; x_wconf 86' lang='lat' dir='ltr'>hic</span> <span class='ocrx_word' id='word_1_743' title='bbox 1356 1331 1523 1362; x_wconf 87' lang='lat' dir='ltr'>conveniri</span> <span class='ocrx_word' id='word_1_744' title='bbox 1541 1331 1647 1371; x_wconf 81' lang='lat' dir='ltr'>poss&#39;e;</span> <span class='ocrx_word' id='word_1_745' title='bbox 1671 1331 1818 1364; x_wconf 82' lang='lat' dir='ltr'>manifes-</span> 
     </span>
     <span class='ocr_line' id='line_1_108' title="bbox 949 1369 1816 1415; baseline 0.007 -16"><span class='ocrx_word' id='word_1_746' title='bbox 949 1375 981 1398; x_wconf 90' lang='lat' dir='ltr'>te</span> <span class='ocrx_word' id='word_1_747' title='bbox 1005 1369 1089 1401; x_wconf 89' lang='lat' dir='ltr'>enim</span> <span class='ocrx_word' id='word_1_748' title='bbox 1109 1369 1242 1413; x_wconf 88' lang='lat' dir='ltr'>impium</span> <span class='ocrx_word' id='word_1_749' title='bbox 1261 1370 1322 1410; x_wconf 89' lang='lat' dir='ltr'>est,</span> <span class='ocrx_word' id='word_1_750' title='bbox 1351 1371 1487 1404; x_wconf 87' lang='lat' dir='ltr'>hostium</span> <span class='ocrx_word' id='word_1_751' title='bbox 1505 1373 1644 1405; x_wconf 72' lang='grc'>361101163</span> <span class='ocrx_word' id='word_1_752' title='bbox 1666 1373 1717 1405; x_wconf 92' lang='lat' dir='ltr'>hic</span> <span class='ocrx_word' id='word_1_753' title='bbox 1736 1383 1816 1415; x_wconf 83' lang='lat' dir='ltr'>prae-</span> 
     </span>
     <span class='ocr_line' id='line_1_109' title="bbox 946 1409 1814 1453; baseline 0.006 -13"><span class='ocrx_word' id='word_1_754' title='bbox 946 1409 1095 1448; x_wconf 88' lang='lat' dir='ltr'>cludere,</span> <span class='ocrx_word' id='word_1_755' title='bbox 1118 1419 1154 1443; x_wconf 93' lang='lat' dir='ltr'>ut</span> <span class='ocrx_word' id='word_1_756' title='bbox 1173 1412 1333 1453; x_wconf 83' lang='lat' dir='ltr'>praeclusae</span> <span class='ocrx_word' id='word_1_757' title='bbox 1354 1412 1425 1445; x_wconf 87' lang='lat' dir='ltr'>sunt</span> <span class='ocrx_word' id='word_1_758' title='bbox 1442 1413 1471 1445; x_wconf 87' lang='lat' dir='ltr'>d.</span> <span class='ocrx_word' id='word_1_759' title='bbox 1498 1413 1645 1446; x_wconf 87' lang='lat' dir='ltr'>Decretis</span> <span class='ocrx_word' id='word_1_760' title='bbox 1664 1424 1692 1447; x_wconf 86' lang='lat'>2.</span> <span class='ocrx_word' id='word_1_761' title='bbox 1714 1416 1742 1447; x_wconf 70' lang='grc' dir='ltr'>ὅ(</span> <span class='ocrx_word' id='word_1_762' title='bbox 1764 1425 1814 1452; x_wconf 90' lang='lat'>29.</span> 
     </span>
     <span class='ocr_line' id='line_1_110' title="bbox 947 1450 1813 1496; baseline 0.007 -14"><span class='ocrx_word' id='word_1_763' title='bbox 947 1450 1018 1483; x_wconf 71' lang='lat' dir='ltr'>Otr.</span> <span class='ocrx_word' id='word_1_764' title='bbox 1048 1460 1139 1492; x_wconf 89' lang='lat'>1590.</span> <span class='ocrx_word' id='word_1_765' title='bbox 1163 1454 1193 1486; x_wconf 75' lang='grc' dir='ltr'>ὅ(</span> <span class='ocrx_word' id='word_1_766' title='bbox 1207 1463 1271 1486; x_wconf 88' lang='grc'>11011</span> <span class='ocrx_word' id='word_1_767' title='bbox 1290 1454 1370 1486; x_wconf 87' lang='lat' dir='ltr'>idem</span> <span class='ocrx_word' id='word_1_768' title='bbox 1393 1455 1443 1494; x_wconf 87' lang='lat' dir='ltr'>J&#39;us</span> <span class='ocrx_word' id='word_1_769' title='bbox 1462 1455 1605 1488; x_wconf 82' lang='lat' dir='ltr'>hostibus</span> <span class='ocrx_word' id='word_1_770' title='bbox 1619 1458 1813 1496; x_wconf 86' lang='lat' dir='ltr'>permittere.</span> 
     </span>
     <span class='ocr_line' id='line_1_111' title="bbox 946 1491 1818 1540; baseline 0.008 -17"><span class='ocrx_word' id='word_1_771' title='bbox 946 1491 981 1523; x_wconf 92' lang='lat' dir='ltr'>In</span> <span class='ocrx_word' id='word_1_772' title='bbox 1000 1492 1073 1533; x_wconf 91' lang='lat' dir='ltr'>Jure</span> <span class='ocrx_word' id='word_1_773' title='bbox 1090 1493 1165 1526; x_wconf 91' lang='lat' dir='ltr'>belli</span> <span class='ocrx_word' id='word_1_774' title='bbox 1181 1496 1267 1536; x_wconf 86' lang='lat' dir='ltr'>quod</span> <span class='ocrx_word' id='word_1_775' title='bbox 1285 1496 1354 1538; x_wconf 88' lang='lat' dir='ltr'>quis</span> <span class='ocrx_word' id='word_1_776' title='bbox 1370 1495 1425 1528; x_wconf 87' lang='lat' dir='ltr'>fibi</span> <span class='ocrx_word' id='word_1_777' title='bbox 1442 1495 1556 1537; x_wconf 89' lang='lat' dir='ltr'>sumit,</span> <span class='ocrx_word' id='word_1_778' title='bbox 1580 1497 1720 1530; x_wconf 86' lang='lat' dir='ltr'>hostibus</span> <span class='ocrx_word' id='word_1_779' title='bbox 1739 1507 1818 1540; x_wconf 85' lang='lat' dir='ltr'>quo-</span> 
     </span>
     <span class='ocr_line' id='line_1_112' title="bbox 944 1534 1301 1574; baseline 0.017 -11"><span class='ocrx_word' id='word_1_780' title='bbox 944 1542 1006 1574; x_wconf 91' lang='lat' dir='ltr'>que</span> <span class='ocrx_word' id='word_1_781' title='bbox 1028 1534 1227 1568; x_wconf 87' lang='lat' dir='ltr'>tribuendum</span> <span class='ocrx_word' id='word_1_782' title='bbox 1246 1537 1301 1570; x_wconf 89' lang='lat' dir='ltr'>est.</span> 
     </span>
    </p>

    <p class='ocr_par' dir='ltr' id='par_1_16' title="bbox 942 1574 1816 1660">
     <span class='ocr_line' id='line_1_113' title="bbox 986 1574 1816 1623; baseline 0.008 -17"><span class='ocrx_word' id='word_1_783' title='bbox 986 1574 1084 1622; x_wconf 87' lang='lat' dir='ltr'>Quod</span> <span class='ocrx_word' id='word_1_784' title='bbox 1099 1577 1165 1609; x_wconf 88' lang='lat' dir='ltr'>dixi</span> <span class='ocrx_word' id='word_1_785' title='bbox 1183 1578 1226 1610; x_wconf 73' lang='lat' dir='ltr'>de·</span> <span class='ocrx_word' id='word_1_786' title='bbox 1242 1579 1420 1613; x_wconf 64' lang='lat' dir='ltr'>aetionibus</span> <span class='ocrx_word' id='word_1_787' title='bbox 1438 1581 1522 1613; x_wconf 77' lang='grc'>16616</span> <span class='ocrx_word' id='word_1_788' title='bbox 1539 1582 1754 1623; x_wconf 85' lang='lat' dir='ltr'>publicandis,</span> <span class='ocrx_word' id='word_1_789' title='bbox 1771 1581 1816 1614; x_wconf 83' lang='lat' dir='ltr'>ita</span> 
     </span>
     <span class='ocr_line' id='line_1_114' title="bbox 942 1615 1295 1660; baseline 0.017 -14"><span class='ocrx_word' id='word_1_790' title='bbox 942 1615 1069 1649; x_wconf 90' lang='lat' dir='ltr'>demum</span> <span class='ocrx_word' id='word_1_791' title='bbox 1085 1618 1232 1660; x_wconf 88' lang='lat' dir='ltr'>obtinet,</span> <span class='ocrx_word' id='word_1_792' title='bbox 1256 1620 1295 1659; x_wconf 84' lang='lat' dir='ltr'>si,</span> 
     </span>
    </p>
   </div>
   <div class='ocr_carea' id='block_1_9' title="bbox 1758 143 1827 178">
    <p class='ocr_par' dir='ltr' id='par_1_17' title="bbox 1758 143 1827 178">
     <span class='ocr_line' id='line_1_115' title="bbox 1758 143 1827 178; baseline 0.014 -9"><span class='ocrx_word' id='word_1_793' title='bbox 1758 143 1827 178; x_wconf 81' lang='lat'>205</span> 
     </span>
    </p>
   </div>
   <div class='ocr_carea' id='block_1_10' title="bbox 941 1657 1818 2901">
    <p class='ocr_par' dir='ltr' id='par_1_18' title="bbox 942 1657 1818 2572">
     <span class='ocr_line' id='line_1_116' title="bbox 945 1657 1817 1704; baseline 0.009 -16"><span class='ocrx_word' id='word_1_794' title='bbox 945 1657 1059 1690; x_wconf 91' lang='lat' dir='ltr'>nostris</span> <span class='ocrx_word' id='word_1_795' title='bbox 1083 1659 1218 1700; x_wconf 86' lang='lat' dir='ltr'>debent,</span> <span class='ocrx_word' id='word_1_796' title='bbox 1246 1661 1393 1704; x_wconf 85' lang='lat' dir='ltr'>Princeps</span> <span class='ocrx_word' id='word_1_797' title='bbox 1420 1673 1439 1695; x_wconf 89' lang='lat' dir='ltr'>a</span> <span class='ocrx_word' id='word_1_798' title='bbox 1462 1662 1592 1696; x_wconf 82' lang='lat' dir='ltr'>subditis</span> <span class='ocrx_word' id='word_1_799' title='bbox 1621 1665 1682 1697; x_wconf 90' lang='lat' dir='ltr'>suis</span> <span class='ocrx_word' id='word_1_800' title='bbox 1707 1674 1817 1697; x_wconf 81' lang='lat' dir='ltr'>revera</span> 
     </span>
     <span class='ocr_line' id='line_1_117' title="bbox 945 1700 1816 1747; baseline 0.01 -17"><span class='ocrx_word' id='word_1_801' title='bbox 945 1700 1097 1747; x_wconf 78' lang='lat' dir='ltr'>exegerit.</span> <span class='ocrx_word' id='word_1_802' title='bbox 1133 1702 1164 1734; x_wconf 91' lang='lat' dir='ltr'>Si</span> <span class='ocrx_word' id='word_1_803' title='bbox 1183 1704 1345 1745; x_wconf 83' lang='lat' dir='ltr'>exegerit,</span> <span class='ocrx_word' id='word_1_804' title='bbox 1368 1705 1451 1736; x_wconf 76' lang='grc'>16616</span> <span class='ocrx_word' id='word_1_805' title='bbox 1467 1704 1605 1738; x_wconf 91' lang='lat' dir='ltr'>solutum</span> <span class='ocrx_word' id='word_1_806' title='bbox 1623 1705 1685 1746; x_wconf 90' lang='lat' dir='ltr'>est,</span> <span class='ocrx_word' id='word_1_807' title='bbox 1711 1707 1730 1739; x_wconf 86' lang='lat' dir='ltr'>fi</span> <span class='ocrx_word' id='word_1_808' title='bbox 1750 1715 1816 1739; x_wconf 88' lang='lat' dir='ltr'>non</span> 
     </span>
     <span class='ocr_line' id='line_1_118' title="bbox 945 1743 1818 1789; baseline 0.008 -17"><span class='ocrx_word' id='word_1_809' title='bbox 945 1750 1107 1788; x_wconf 65' lang='lat' dir='ltr'>exegerat,</span> <span class='ocrx_word' id='word_1_810' title='bbox 1132 1752 1208 1784; x_wconf 88' lang='lat' dir='ltr'>pace</span> <span class='ocrx_word' id='word_1_811' title='bbox 1224 1743 1305 1776; x_wconf 68' lang='lat' dir='ltr'>faeta</span> <span class='ocrx_word' id='word_1_812' title='bbox 1321 1745 1484 1778; x_wconf 82' lang='lat' dir='ltr'>reviviscit</span> <span class='ocrx_word' id='word_1_813' title='bbox 1503 1747 1551 1788; x_wconf 87' lang='lat' dir='ltr'>jus</span> <span class='ocrx_word' id='word_1_814' title='bbox 1568 1747 1730 1789; x_wconf 88' lang='lat' dir='ltr'>pristinum</span> <span class='ocrx_word' id='word_1_815' title='bbox 1750 1757 1818 1779; x_wconf 90' lang='lat' dir='ltr'>cre-</span> 
     </span>
     <span class='ocr_line' id='line_1_119' title="bbox 944 1783 1816 1830; baseline 0.008 -16"><span class='ocrx_word' id='word_1_816' title='bbox 944 1783 1077 1822; x_wconf 81' lang='lat' dir='ltr'>ditoris,</span> <span class='ocrx_word' id='word_1_817' title='bbox 1100 1785 1173 1826; x_wconf 86' lang='lat' dir='ltr'>quia</span> <span class='ocrx_word' id='word_1_818' title='bbox 1189 1787 1381 1828; x_wconf 88' lang='lat' dir='ltr'>occupati0‚</span> <span class='ocrx_word' id='word_1_819' title='bbox 1400 1797 1472 1828; x_wconf 84' lang='lat' dir='ltr'>quae</span> <span class='ocrx_word' id='word_1_820' title='bbox 1486 1789 1571 1820; x_wconf 91' lang='lat' dir='ltr'>bello</span> <span class='ocrx_word' id='word_1_821' title='bbox 1588 1790 1642 1830; x_wconf 86' lang='lat' dir='ltr'>fit,</span> <span class='ocrx_word' id='word_1_822' title='bbox 1668 1791 1765 1825; x_wconf 65' lang='grc'>1113313</span> <span class='ocrx_word' id='word_1_823' title='bbox 1782 1790 1816 1821; x_wconf 83' lang='lat' dir='ltr'>in</span> 
     </span>
     <span class='ocr_line' id='line_1_120' title="bbox 943 1823 1814 1871; baseline 0.007 -16"><span class='ocrx_word' id='word_1_824' title='bbox 943 1823 1050 1871; x_wconf 53' lang='lat' dir='ltr'>fatto,</span> <span class='ocrx_word' id='word_1_825' title='bbox 1074 1834 1167 1866; x_wconf 84' lang='lat' dir='ltr'>quam</span> <span class='ocrx_word' id='word_1_826' title='bbox 1183 1828 1214 1860; x_wconf 93' lang='lat' dir='ltr'>in</span> <span class='ocrx_word' id='word_1_827' title='bbox 1227 1827 1393 1869; x_wconf 86' lang='lat' dir='ltr'>potestate</span> <span class='ocrx_word' id='word_1_828' title='bbox 1406 1829 1484 1869; x_wconf 87' lang='lat' dir='ltr'>juris</span> <span class='ocrx_word' id='word_1_829' title='bbox 1501 1830 1653 1862; x_wconf 80' lang='lat' dir='ltr'>consistit.</span> <span class='ocrx_word' id='word_1_830' title='bbox 1698 1824 1814 1864; x_wconf 81' lang='lat' dir='ltr'>Nomi-</span> 
     </span>
     <span class='ocr_line' id='line_1_121' title="bbox 943 1869 1817 1914; baseline 0.009 -18"><span class='ocrx_word' id='word_1_831' title='bbox 943 1875 983 1897; x_wconf 88' lang='lat' dir='ltr'>na</span> <span class='ocrx_word' id='word_1_832' title='bbox 1010 1874 1122 1907; x_wconf 82' lang='lat' dir='ltr'>igitur,</span> <span class='ocrx_word' id='word_1_833' title='bbox 1149 1877 1212 1901; x_wconf 92' lang='lat' dir='ltr'>non</span> <span class='ocrx_word' id='word_1_834' title='bbox 1235 1869 1342 1902; x_wconf 64' lang='lat' dir='ltr'>exacta</span> <span class='ocrx_word' id='word_1_835' title='bbox 1358 1893 1367 1909; x_wconf 84' lang='lat'>‚</span> <span class='ocrx_word' id='word_1_836' title='bbox 1403 1878 1547 1912; x_wconf 89' lang='lat' dir='ltr'>tempore</span> <span class='ocrx_word' id='word_1_837' title='bbox 1571 1872 1643 1904; x_wconf 87' lang='lat' dir='ltr'>belli</span> <span class='ocrx_word' id='word_1_838' title='bbox 1668 1873 1817 1914; x_wconf 83' lang='lat' dir='ltr'>quodam-</span> 
     </span>
     <span class='ocr_line' id='line_1_122' title="bbox 944 1906 1814 1956; baseline 0.007 -18"><span class='ocrx_word' id='word_1_839' title='bbox 944 1906 1041 1939; x_wconf 88' lang='lat' dir='ltr'>modo</span> <span class='ocrx_word' id='word_1_840' title='bbox 1061 1908 1223 1942; x_wconf 85' lang='lat' dir='ltr'>intermori</span> <span class='ocrx_word' id='word_1_841' title='bbox 1243 1911 1408 1950; x_wconf 87' lang='lat' dir='ltr'>videntur,</span> <span class='ocrx_word' id='word_1_842' title='bbox 1435 1912 1484 1943; x_wconf 87' lang='lat' dir='ltr'>sed</span> <span class='ocrx_word' id='word_1_843' title='bbox 1500 1922 1555 1952; x_wconf 88' lang='lat' dir='ltr'>per</span> <span class='ocrx_word' id='word_1_844' title='bbox 1569 1919 1699 1954; x_wconf 83' lang='lat' dir='ltr'>pacem,</span> <span class='ocrx_word' id='word_1_845' title='bbox 1722 1923 1814 1956; x_wconf 86' lang='lat' dir='ltr'>gene-</span> 
     </span>
     <span class='ocr_line' id='line_1_123' title="bbox 945 1949 1814 1994; baseline 0.009 -16"><span class='ocrx_word' id='word_1_846' title='bbox 945 1957 978 1979; x_wconf 88' lang='lat' dir='ltr'>re</span> <span class='ocrx_word' id='word_1_847' title='bbox 996 1949 1131 1994; x_wconf 81' lang='lat' dir='ltr'>quodam</span> <span class='ocrx_word' id='word_1_848' title='bbox 1146 1951 1351 1991; x_wconf 71' lang='lat' dir='ltr'>porliminii,</span> <span class='ocrx_word' id='word_1_849' title='bbox 1377 1953 1414 1984; x_wconf 89' lang='lat' dir='ltr'>ad</span> <span class='ocrx_word' id='word_1_850' title='bbox 1433 1954 1568 1994; x_wconf 87' lang='lat' dir='ltr'>priorem</span> <span class='ocrx_word' id='word_1_851' title='bbox 1586 1955 1750 1987; x_wconf 81' lang='lat' dir='ltr'>dominum</span> <span class='ocrx_word' id='word_1_852' title='bbox 1767 1964 1814 1986; x_wconf 88' lang='lat' dir='ltr'>re-</span> 
     </span>
     <span class='ocr_line' id='line_1_124' title="bbox 943 1990 1814 2034; baseline 0.009 -15"><span class='ocrx_word' id='word_1_853' title='bbox 943 1997 1035 2034; x_wconf 83' lang='lat' dir='ltr'>verti.</span> <span class='ocrx_word' id='word_1_854' title='bbox 1081 1990 1259 2025; x_wconf 90' lang='lat' dir='ltr'>Secundum</span> <span class='ocrx_word' id='word_1_855' title='bbox 1280 1994 1347 2025; x_wconf 85' lang='lat' dir='ltr'>haec</span> <span class='ocrx_word' id='word_1_856' title='bbox 1369 1994 1451 2026; x_wconf 90' lang='lat' dir='ltr'>inter</span> <span class='ocrx_word' id='word_1_857' title='bbox 1471 1994 1593 2028; x_wconf 90' lang='lat' dir='ltr'>Gentes</span> <span class='ocrx_word' id='word_1_858' title='bbox 1609 1996 1678 2028; x_wconf 91' lang='lat' dir='ltr'>fere</span> <span class='ocrx_word' id='word_1_859' title='bbox 1695 2005 1814 2028; x_wconf 91' lang='lat' dir='ltr'>conve-</span> 
     </span>
     <span class='ocr_line' id='line_1_125' title="bbox 943 2033 1814 2079; baseline 0.011 -19"><span class='ocrx_word' id='word_1_860' title='bbox 943 2038 1010 2069; x_wconf 82' lang='lat' dir='ltr'>nit,</span> <span class='ocrx_word' id='word_1_861' title='bbox 1032 2039 1067 2062; x_wconf 90' lang='lat' dir='ltr'>ut</span> <span class='ocrx_word' id='word_1_862' title='bbox 1081 2033 1262 2066; x_wconf 89' lang='lat' dir='ltr'>nominibus</span> <span class='ocrx_word' id='word_1_863' title='bbox 1280 2034 1366 2066; x_wconf 86' lang='lat' dir='ltr'>bello</span> <span class='ocrx_word' id='word_1_864' title='bbox 1391 2036 1561 2077; x_wconf 89' lang='lat' dir='ltr'>publicatis</span> <span class='ocrx_word' id='word_1_865' title='bbox 1573 2061 1582 2077; x_wconf 89' lang='lat'>‚</span> <span class='ocrx_word' id='word_1_866' title='bbox 1607 2047 1684 2079; x_wconf 84' lang='lat' dir='ltr'>pace</span> <span class='ocrx_word' id='word_1_867' title='bbox 1700 2038 1814 2070; x_wconf 84' lang='lat' dir='ltr'>deinde</span> 
     </span>
     <span class='ocr_line' id='line_1_126' title="bbox 942 2070 1814 2118; baseline 0.01 -16"><span class='ocrx_word' id='word_1_868' title='bbox 942 2070 1041 2110; x_wconf 66' lang='lat' dir='ltr'>fafta,</span> <span class='ocrx_word' id='word_1_869' title='bbox 1065 2073 1174 2106; x_wconf 61' lang='lat' dir='ltr'>exacta</span> <span class='ocrx_word' id='word_1_870' title='bbox 1191 2075 1375 2108; x_wconf 86' lang='lat' dir='ltr'>censeantur</span> <span class='ocrx_word' id='word_1_871' title='bbox 1392 2077 1537 2118; x_wconf 80' lang='lat' dir='ltr'>periiffe,</span> <span class='ocrx_word' id='word_1_872' title='bbox 1549 2080 1577 2111; x_wconf 69' lang='grc' dir='ltr'>ὅ(</span> <span class='ocrx_word' id='word_1_873' title='bbox 1597 2088 1741 2112; x_wconf 84' lang='lat' dir='ltr'>maneant</span> <span class='ocrx_word' id='word_1_874' title='bbox 1759 2089 1814 2111; x_wconf 85' lang='lat' dir='ltr'>ex-</span> 
     </span>
     <span class='ocr_line' id='line_1_127' title="bbox 945 2112 1814 2154; baseline 0.012 -11"><span class='ocrx_word' id='word_1_875' title='bbox 945 2112 1073 2152; x_wconf 73' lang='grc'>11111613,</span> <span class='ocrx_word' id='word_1_876' title='bbox 1094 2125 1158 2147; x_wconf 88' lang='grc'>11011</span> <span class='ocrx_word' id='word_1_877' title='bbox 1177 2126 1282 2149; x_wconf 88' lang='lat' dir='ltr'>autem</span> <span class='ocrx_word' id='word_1_878' title='bbox 1299 2118 1407 2150; x_wconf 68' lang='lat' dir='ltr'>exacta</span> <span class='ocrx_word' id='word_1_879' title='bbox 1431 2120 1643 2154; x_wconf 83' lang='lat' dir='ltr'>reviviscant.</span> <span class='ocrx_word' id='word_1_880' title='bbox 1673 2122 1701 2153; x_wconf 88' lang='lat'>&amp;</span> <span class='ocrx_word' id='word_1_881' title='bbox 1728 2120 1814 2153; x_wconf 87' lang='lat' dir='ltr'>resti-</span> 
     </span>
     <span class='ocr_line' id='line_1_128' title="bbox 944 2158 1813 2195; baseline 0.012 -10"><span class='ocrx_word' id='word_1_882' title='bbox 944 2160 1069 2187; x_wconf 89' lang='lat' dir='ltr'>tuantur</span> <span class='ocrx_word' id='word_1_883' title='bbox 1087 2158 1170 2189; x_wconf 91' lang='lat' dir='ltr'>veris</span> <span class='ocrx_word' id='word_1_884' title='bbox 1185 2159 1406 2192; x_wconf 79' lang='lat' dir='ltr'>creditoribus.</span> <span class='ocrx_word' id='word_1_885' title='bbox 1451 2159 1497 2192; x_wconf 87' lang='lat' dir='ltr'>Ita</span> <span class='ocrx_word' id='word_1_886' title='bbox 1514 2161 1584 2194; x_wconf 87' lang='lat' dir='ltr'>sane</span> <span class='ocrx_word' id='word_1_887' title='bbox 1602 2163 1756 2195; x_wconf 89' lang='lat' dir='ltr'>convenit</span> <span class='ocrx_word' id='word_1_888' title='bbox 1779 2163 1813 2195; x_wconf 91' lang='lat' dir='ltr'>in</span> 
     </span>
     <span class='ocr_line' id='line_1_129' title="bbox 942 2194 1812 2237; baseline 0.01 -10"><span class='ocrx_word' id='word_1_889' title='bbox 942 2194 971 2237; x_wconf 87' lang='lat'>§.</span> <span class='ocrx_word' id='word_1_890' title='bbox 988 2204 1020 2236; x_wconf 89' lang='lat'>5.</span> <span class='ocrx_word' id='word_1_891' title='bbox 1045 2196 1135 2230; x_wconf 87' lang='lat' dir='ltr'>Pacis</span> <span class='ocrx_word' id='word_1_892' title='bbox 1159 2199 1243 2231; x_wconf 89' lang='lat' dir='ltr'>inter</span> <span class='ocrx_word' id='word_1_893' title='bbox 1270 2200 1471 2234; x_wconf 89' lang='lat' dir='ltr'>Fredericum</span> <span class='ocrx_word' id='word_1_894' title='bbox 1495 2202 1549 2235; x_wconf 85' lang='lat'>111.</span> <span class='ocrx_word' id='word_1_895' title='bbox 1574 2202 1685 2236; x_wconf 85' lang='lat' dir='ltr'>Daniae</span> <span class='ocrx_word' id='word_1_896' title='bbox 1705 2205 1734 2236; x_wconf 90' lang='lat'>&amp;</span> <span class='ocrx_word' id='word_1_897' title='bbox 1754 2203 1812 2236; x_wconf 90' lang='lat' dir='ltr'>Ca-</span> 
     </span>
     <span class='ocr_line' id='line_1_130' title="bbox 943 2238 1814 2286; baseline 0.011 -18"><span class='ocrx_word' id='word_1_898' title='bbox 943 2238 1048 2270; x_wconf 91' lang='lat' dir='ltr'>rolum</span> <span class='ocrx_word' id='word_1_899' title='bbox 1066 2238 1104 2270; x_wconf 86' lang='lat'>11.</span> <span class='ocrx_word' id='word_1_900' title='bbox 1133 2239 1255 2283; x_wconf 88' lang='lat' dir='ltr'>Angliae</span> <span class='ocrx_word' id='word_1_901' title='bbox 1273 2242 1375 2282; x_wconf 82' lang='lat' dir='ltr'>Reges</span> <span class='ocrx_word' id='word_1_902' title='bbox 1397 2252 1448 2285; x_wconf 80' lang='lat'>31.</span> <span class='ocrx_word' id='word_1_903' title='bbox 1466 2243 1527 2284; x_wconf 82' lang='lat' dir='ltr'>jul.</span> <span class='ocrx_word' id='word_1_904' title='bbox 1547 2248 1635 2286; x_wconf 88' lang='grc'>1667.</span> <span class='ocrx_word' id='word_1_905' title='bbox 1662 2244 1759 2286; x_wconf 83' lang='lat'>(18)</span> <span class='ocrx_word' id='word_1_906' title='bbox 1783 2246 1814 2278; x_wconf 70' lang='grc' dir='ltr'>δε</span> 
     </span>
     <span class='ocr_line' id='line_1_131' title="bbox 945 2277 1811 2335; baseline 0.01 -26"><span class='ocrx_word' id='word_1_907' title='bbox 945 2277 973 2319; x_wconf 85' lang='lat'>§.</span> <span class='ocrx_word' id='word_1_908' title='bbox 986 2287 1038 2319; x_wconf 80' lang='lat'>37.</span> <span class='ocrx_word' id='word_1_909' title='bbox 1057 2279 1147 2313; x_wconf 87' lang='lat' dir='ltr'>Pacis</span> <span class='ocrx_word' id='word_1_910' title='bbox 1166 2282 1248 2314; x_wconf 89' lang='lat' dir='ltr'>inter</span> <span class='ocrx_word' id='word_1_911' title='bbox 1267 2283 1429 2325; x_wconf 83' lang='lat' dir='ltr'>Hispaniae</span> <span class='ocrx_word' id='word_1_912' title='bbox 1446 2285 1476 2317; x_wconf 68' lang='grc' dir='ltr'>ὅ(</span> <span class='ocrx_word' id='word_1_913' title='bbox 1494 2285 1616 2328; x_wconf 85' lang='lat' dir='ltr'>Angliae</span> <span class='ocrx_word' id='word_1_914' title='bbox 1636 2286 1738 2335; x_wconf 77' lang='lat' dir='ltr'>Reges</span> <span class='ocrx_word' id='word_1_915' title='bbox 1758 2296 1811 2318; x_wconf 89' lang='lat'>21.</span> 
     </span>
     <span class='ocr_line' id='line_1_132' title="bbox 944 2322 1812 2367; baseline 0.008 -16"><span class='ocrx_word' id='word_1_916' title='bbox 944 2322 1037 2367; x_wconf 62' lang='lat' dir='ltr'>sept.</span> <span class='ocrx_word' id='word_1_917' title='bbox 1053 2324 1142 2363; x_wconf 87' lang='lat'>1667.</span> <span class='ocrx_word' id='word_1_918' title='bbox 1198 2324 1262 2366; x_wconf 89' lang='grc'>19)</span> <span class='ocrx_word' id='word_1_919' title='bbox 1288 2326 1317 2357; x_wconf 88' lang='lat'>&amp;</span> <span class='ocrx_word' id='word_1_920' title='bbox 1340 2325 1368 2366; x_wconf 82' lang='lat'>§.</span> <span class='ocrx_word' id='word_1_921' title='bbox 1388 2335 1439 2358; x_wconf 89' lang='lat'>22.</span> <span class='ocrx_word' id='word_1_922' title='bbox 1463 2326 1655 2360; x_wconf 74' lang='lat' dir='ltr'>Pacis-inter</span> <span class='ocrx_word' id='word_1_923' title='bbox 1673 2327 1812 2359; x_wconf 66' lang='lat' dir='ltr'>branciae</span> 
     </span>
     <span class='ocr_line' id='line_1_133' title="bbox 945 2361 1812 2409; baseline 0.009 -18"><span class='ocrx_word' id='word_1_924' title='bbox 945 2361 1154 2403; x_wconf 72' lang='lat' dir='ltr'>&amp;Hispaniae</span> <span class='ocrx_word' id='word_1_925' title='bbox 1207 2375 1279 2406; x_wconf 83' lang='lat' dir='ltr'>eges</span> <span class='ocrx_word' id='word_1_926' title='bbox 1302 2375 1347 2407; x_wconf 89' lang='grc'>17.</span> <span class='ocrx_word' id='word_1_927' title='bbox 1367 2367 1453 2408; x_wconf 86' lang='lat' dir='ltr'>Sept.</span> <span class='ocrx_word' id='word_1_928' title='bbox 1480 2371 1568 2409; x_wconf 86' lang='grc'>1678.</span> <span class='ocrx_word' id='word_1_929' title='bbox 1596 2378 1688 2409; x_wconf 85' lang='grc'>(1116111</span> <span class='ocrx_word' id='word_1_930' title='bbox 1712 2368 1739 2408; x_wconf 85' lang='lat'>§.</span> <span class='ocrx_word' id='word_1_931' title='bbox 1761 2378 1812 2399; x_wconf 90' lang='lat'>22.</span> 
     </span>
     <span class='ocr_line' id='line_1_134' title="bbox 945 2400 1810 2450; baseline 0.01 -18"><span class='ocrx_word' id='word_1_932' title='bbox 945 2400 1035 2442; x_wconf 87' lang='lat' dir='ltr'>supra</span> <span class='ocrx_word' id='word_1_933' title='bbox 1059 2405 1109 2435; x_wconf 81' lang='lat' dir='ltr'>hoc</span> <span class='ocrx_word' id='word_1_934' title='bbox 1141 2406 1243 2446; x_wconf 78' lang='lat' dir='ltr'>Capite</span> <span class='ocrx_word' id='word_1_935' title='bbox 1271 2407 1383 2447; x_wconf 84' lang='lat' dir='ltr'>attuli,</span> <span class='ocrx_word' id='word_1_936' title='bbox 1409 2417 1444 2439; x_wconf 90' lang='lat' dir='ltr'>ut</span> <span class='ocrx_word' id='word_1_937' title='bbox 1461 2410 1647 2448; x_wconf 83' lang='lat' dir='ltr'>probarem,</span> <span class='ocrx_word' id='word_1_938' title='bbox 1671 2409 1753 2450; x_wconf 89' lang='lat' dir='ltr'>quod</span> <span class='ocrx_word' id='word_1_939' title='bbox 1779 2409 1810 2441; x_wconf 87' lang='lat'>&amp;</span> 
     </span>
     <span class='ocr_line' id='line_1_135' title="bbox 943 2443 1814 2490; baseline 0.01 -16"><span class='ocrx_word' id='word_1_940' title='bbox 943 2443 1076 2489; x_wconf 80' lang='lat' dir='ltr'>probant</span> <span class='ocrx_word' id='word_1_941' title='bbox 1093 2446 1121 2476; x_wconf 86' lang='lat' dir='ltr'>d.</span> <span class='ocrx_word' id='word_1_942' title='bbox 1133 2446 1181 2488; x_wconf 79' lang='lat'>§§.</span> <span class='ocrx_word' id='word_1_943' title='bbox 1189 2454 1220 2486; x_wconf 90' lang='grc'>5.</span> <span class='ocrx_word' id='word_1_944' title='bbox 1232 2447 1326 2489; x_wconf 55' lang='grc' dir='ltr'>ξᾷ37.</span> <span class='ocrx_word' id='word_1_945' title='bbox 1344 2457 1408 2480; x_wconf 87' lang='grc'>11011</span> <span class='ocrx_word' id='word_1_946' title='bbox 1424 2450 1527 2482; x_wconf 89' lang='lat' dir='ltr'>minus</span> <span class='ocrx_word' id='word_1_947' title='bbox 1544 2451 1697 2488; x_wconf 74' lang='lat' dir='ltr'>actiones,</span> <span class='ocrx_word' id='word_1_948' title='bbox 1722 2459 1814 2490; x_wconf 81' lang='lat' dir='ltr'>quarn</span> 
     </span>
     <span class='ocr_line' id='line_1_136' title="bbox 943 2484 1814 2532; baseline 0.01 -18"><span class='ocrx_word' id='word_1_949' title='bbox 943 2484 1002 2515; x_wconf 82' lang='lat' dir='ltr'>alla</span> <span class='ocrx_word' id='word_1_950' title='bbox 1024 2495 1219 2531; x_wconf 32' lang='lat' dir='ltr'>‘quaecunque</span> <span class='ocrx_word' id='word_1_951' title='bbox 1248 2489 1383 2521; x_wconf 84' lang='lat' dir='ltr'>hostium</span> <span class='ocrx_word' id='word_1_952' title='bbox 1401 2512 1412 2528; x_wconf 88' lang='lat'>‚</span> <span class='ocrx_word' id='word_1_953' title='bbox 1445 2497 1587 2532; x_wconf 86' lang='lat' dir='ltr'>tempore</span> <span class='ocrx_word' id='word_1_954' title='bbox 1616 2491 1693 2523; x_wconf 88' lang='lat' dir='ltr'>belli</span> <span class='ocrx_word' id='word_1_955' title='bbox 1720 2491 1814 2523; x_wconf 81' lang='lat' dir='ltr'>fuisse</span> 
     </span>
     <span class='ocr_line' id='line_1_137' title="bbox 943 2525 1549 2572; baseline 0.015 -17"><span class='ocrx_word' id='word_1_956' title='bbox 943 2525 1134 2572; x_wconf 76' lang='lat' dir='ltr'>publicatas,</span> <span class='ocrx_word' id='word_1_957' title='bbox 1160 2530 1190 2561; x_wconf 69' lang='grc' dir='ltr'>ὅ(</span> <span class='ocrx_word' id='word_1_958' title='bbox 1208 2528 1289 2571; x_wconf 84' lang='lat' dir='ltr'>saepe</span> <span class='ocrx_word' id='word_1_959' title='bbox 1305 2531 1401 2563; x_wconf 87' lang='lat' dir='ltr'>etiarn</span> <span class='ocrx_word' id='word_1_960' title='bbox 1419 2532 1549 2564; x_wconf 64' lang='lat' dir='ltr'>exactas.</span> 
     </span>
    </p>

    <p class='ocr_par' dir='ltr' id='par_1_19' title="bbox 941 2565 1813 2901">
     <span class='ocr_line' id='line_1_138' title="bbox 984 2565 1811 2610; baseline 0.012 -12"><span class='ocrx_word' id='word_1_961' title='bbox 984 2565 1063 2598; x_wconf 82' lang='lat' dir='ltr'>Noli</span> <span class='ocrx_word' id='word_1_962' title='bbox 1084 2577 1188 2601; x_wconf 88' lang='lat' dir='ltr'>autem</span> <span class='ocrx_word' id='word_1_963' title='bbox 1212 2570 1412 2610; x_wconf 87' lang='lat' dir='ltr'>existimare,</span> <span class='ocrx_word' id='word_1_964' title='bbox 1435 2573 1474 2603; x_wconf 90' lang='lat' dir='ltr'>de</span> <span class='ocrx_word' id='word_1_965' title='bbox 1501 2573 1674 2608; x_wconf 67' lang='lat' dir='ltr'>actionibus</span> <span class='ocrx_word' id='word_1_966' title='bbox 1701 2575 1811 2608; x_wconf 89' lang='lat' dir='ltr'>dunta-</span> 
     </span>
     <span class='ocr_line' id='line_1_139' title="bbox 943 2611 1812 2657; baseline 0.014 -20"><span class='ocrx_word' id='word_1_967' title='bbox 943 2615 998 2638; x_wconf 87' lang='lat' dir='ltr'>xat</span> <span class='ocrx_word' id='word_1_968' title='bbox 1014 2618 1123 2655; x_wconf 82' lang='lat' dir='ltr'>verum</span> <span class='ocrx_word' id='word_1_969' title='bbox 1139 2611 1221 2651; x_wconf 86' lang='lat' dir='ltr'>esse,</span> <span class='ocrx_word' id='word_1_970' title='bbox 1243 2621 1293 2645; x_wconf 89' lang='lat' dir='ltr'>eas</span> <span class='ocrx_word' id='word_1_971' title='bbox 1306 2612 1374 2653; x_wconf 89' lang='lat' dir='ltr'>ipso</span> <span class='ocrx_word' id='word_1_972' title='bbox 1390 2614 1459 2654; x_wconf 85' lang='lat' dir='ltr'>jure</span> <span class='ocrx_word' id='word_1_973' title='bbox 1475 2624 1539 2646; x_wconf 89' lang='lat' dir='ltr'>non</span> <span class='ocrx_word' id='word_1_974' title='bbox 1551 2616 1726 2657; x_wconf 87' lang='lat' dir='ltr'>publicari,</span> <span class='ocrx_word' id='word_1_975' title='bbox 1739 2627 1812 2649; x_wconf 87' lang='lat' dir='ltr'>nam</span> 
     </span>
     <span class='ocr_line' id='line_1_140' title="bbox 943 2650 1811 2698; baseline 0.013 -19"><span class='ocrx_word' id='word_1_976' title='bbox 943 2657 1003 2680; x_wconf 87' lang='lat' dir='ltr'>nec</span> <span class='ocrx_word' id='word_1_977' title='bbox 1025 2650 1086 2682; x_wconf 82' lang='lat' dir='ltr'>alia</span> <span class='ocrx_word' id='word_1_978' title='bbox 1110 2661 1243 2694; x_wconf 86' lang='lat' dir='ltr'>quaeque</span> <span class='ocrx_word' id='word_1_979' title='bbox 1265 2654 1486 2695; x_wconf 87' lang='lat' dir='ltr'>publicantur,</span> <span class='ocrx_word' id='word_1_980' title='bbox 1511 2665 1583 2696; x_wconf 82' lang='lat' dir='ltr'>quae</span> <span class='ocrx_word' id='word_1_981' title='bbox 1605 2658 1687 2698; x_wconf 88' lang='lat' dir='ltr'>apud</span> <span class='ocrx_word' id='word_1_982' title='bbox 1709 2657 1811 2690; x_wconf 78' lang='lat' dir='ltr'>hostes</span> 
     </span>
     <span class='ocr_line' id='line_1_141' title="bbox 945 2688 1811 2740; baseline 0.01 -19"><span class='ocrx_word' id='word_1_983' title='bbox 945 2688 1032 2730; x_wconf 89' lang='lat' dir='ltr'>sunt,</span> <span class='ocrx_word' id='word_1_984' title='bbox 1058 2691 1088 2724; x_wconf 77' lang='grc' dir='ltr'>ὅ(</span> <span class='ocrx_word' id='word_1_985' title='bbox 1112 2693 1155 2726; x_wconf 91' lang='lat' dir='ltr'>ibi</span> <span class='ocrx_word' id='word_1_986' title='bbox 1175 2694 1263 2727; x_wconf 89' lang='lat' dir='ltr'>forte</span> <span class='ocrx_word' id='word_1_987' title='bbox 1290 2697 1445 2728; x_wconf 85' lang='lat' dir='ltr'>celantur.</span> <span class='ocrx_word' id='word_1_988' title='bbox 1490 2697 1583 2730; x_wconf 85' lang='lat' dir='ltr'>Unde</span> <span class='ocrx_word' id='word_1_989' title='bbox 1609 2700 1639 2730; x_wconf 71' lang='grc' dir='ltr'>ὰ</span> <span class='ocrx_word' id='word_1_990' title='bbox 1663 2707 1715 2737; x_wconf 86' lang='grc'>63,</span> <span class='ocrx_word' id='word_1_991' title='bbox 1741 2709 1811 2740; x_wconf 84' lang='lat' dir='ltr'>quae</span> 
     </span>
     <span class='ocr_line' id='line_1_142' title="bbox 942 2732 1813 2778; baseline 0.011 -17"><span class='ocrx_word' id='word_1_992' title='bbox 942 2732 1023 2778; x_wconf 84' lang='lat' dir='ltr'>apud</span> <span class='ocrx_word' id='word_1_993' title='bbox 1039 2732 1143 2767; x_wconf 89' lang='lat' dir='ltr'>hostes</span> <span class='ocrx_word' id='word_1_994' title='bbox 1159 2744 1232 2768; x_wconf 89' lang='lat' dir='ltr'>ante</span> <span class='ocrx_word' id='word_1_995' title='bbox 1245 2736 1365 2770; x_wconf 88' lang='lat' dir='ltr'>bellum</span> <span class='ocrx_word' id='word_1_996' title='bbox 1381 2745 1531 2770; x_wconf 83' lang='lat' dir='ltr'>exortum</span> <span class='ocrx_word' id='word_1_997' title='bbox 1545 2739 1733 2771; x_wconf 88' lang='lat' dir='ltr'>habebamus</span> <span class='ocrx_word' id='word_1_998' title='bbox 1767 2740 1813 2771; x_wconf 89' lang='lat' dir='ltr'>in-</span> 
     </span>
     <span class='ocr_line' id='line_1_143' title="bbox 941 2772 1810 2820; baseline 0.01 -17"><span class='ocrx_word' id='word_1_999' title='bbox 941 2772 1090 2820; x_wconf 69' lang='lat' dir='ltr'>dictoque</span> <span class='ocrx_word' id='word_1_1000' title='bbox 1115 2776 1201 2809; x_wconf 89' lang='lat' dir='ltr'>bello</span> <span class='ocrx_word' id='word_1_1001' title='bbox 1227 2777 1383 2819; x_wconf 78' lang='lat' dir='ltr'>suppressa</span> <span class='ocrx_word' id='word_1_1002' title='bbox 1410 2787 1498 2811; x_wconf 87' lang='lat' dir='ltr'>erant</span> <span class='ocrx_word' id='word_1_1003' title='bbox 1514 2802 1526 2818; x_wconf 90' lang='lat'>,</span> <span class='ocrx_word' id='word_1_1004' title='bbox 1557 2787 1652 2820; x_wconf 84' lang='lat' dir='ltr'>atque</span> <span class='ocrx_word' id='word_1_1005' title='bbox 1675 2779 1718 2811; x_wconf 86' lang='lat' dir='ltr'>ita</span> <span class='ocrx_word' id='word_1_1006' title='bbox 1744 2790 1810 2813; x_wconf 89' lang='lat' dir='ltr'>non</span> 
     </span>
     <span class='ocr_line' id='line_1_144' title="bbox 941 2813 1810 2861; baseline 0.009 -17"><span class='ocrx_word' id='word_1_1007' title='bbox 941 2813 1118 2857; x_wconf 81' lang='lat' dir='ltr'>publicata,</span> <span class='ocrx_word' id='word_1_1008' title='bbox 1143 2818 1163 2851; x_wconf 86' lang='lat' dir='ltr'><strong>fi</strong></span> <span class='ocrx_word' id='word_1_1009' title='bbox 1180 2828 1197 2851; x_wconf 89' lang='lat' dir='ltr'>a</span> <span class='ocrx_word' id='word_1_1010' title='bbox 1217 2819 1329 2852; x_wconf 88' lang='lat' dir='ltr'>nostris</span> <span class='ocrx_word' id='word_1_1011' title='bbox 1345 2820 1450 2852; x_wconf 86' lang='lat' dir='ltr'>denuo</span> <span class='ocrx_word' id='word_1_1012' title='bbox 1473 2828 1719 2861; x_wconf 87' lang='lat' dir='ltr'>recuperentur,</span> <span class='ocrx_word' id='word_1_1013' title='bbox 1743 2831 1810 2854; x_wconf 86' lang='lat' dir='ltr'>non</span> 
     </span>
     <span class='ocr_line' id='line_1_145' title="bbox 941 2854 1810 2901; baseline 0.01 -16"><span class='ocrx_word' id='word_1_1014' title='bbox 941 2854 1008 2887; x_wconf 85' lang='lat' dir='ltr'>fieri</span> <span class='ocrx_word' id='word_1_1015' title='bbox 1027 2861 1298 2901; x_wconf 86' lang='lat' dir='ltr'>recuperantium,</span> <span class='ocrx_word' id='word_1_1016' title='bbox 1322 2860 1374 2893; x_wconf 88' lang='lat' dir='ltr'>sed</span> <span class='ocrx_word' id='word_1_1017' title='bbox 1421 2860 1535 2893; x_wconf 87' lang='lat' dir='ltr'>ristinis</span> <span class='ocrx_word' id='word_1_1018' title='bbox 1561 2861 1696 2893; x_wconf 88' lang='lat' dir='ltr'>dominis</span> <span class='ocrx_word' id='word_1_1019' title='bbox 1725 2862 1810 2894; x_wconf 86' lang='lat' dir='ltr'>resti-</span> 
     </span>
    </p>
   </div>
   <div class='ocr_carea' id='block_1_11' title="bbox 943 2897 1805 2984">
    <p class='ocr_par' dir='ltr' id='par_1_20' title="bbox 943 2897 1805 2984">
     <span class='ocr_line' id='line_1_146' title="bbox 943 2897 1805 2944; baseline 0.013 -19"><span class='ocrx_word' id='word_1_1020' title='bbox 943 2897 1017 2934; x_wconf 89' lang='lat' dir='ltr'>tui,</span> <span class='ocrx_word' id='word_1_1021' title='bbox 1047 2899 1130 2931; x_wconf 68' lang='grc'>16616</span> <span class='ocrx_word' id='word_1_1022' title='bbox 1162 2901 1344 2943; x_wconf 88' lang='lat' dir='ltr'>responsum</span> <span class='ocrx_word' id='word_1_1023' title='bbox 1374 2912 1392 2934; x_wconf 88' lang='lat' dir='ltr'>e</span> <span class='ocrx_word' id='word_1_1024' title='bbox 1449 2900 1550 2941; x_wconf 76' lang='lat' dir='ltr'>Confil.</span> <span class='ocrx_word' id='word_1_1025' title='bbox 1580 2902 1664 2944; x_wconf 73' lang='lat' dir='ltr'>Belg.</span> <span class='ocrx_word' id='word_1_1026' title='bbox 1696 2903 1805 2936; x_wconf 80' lang='lat' dir='ltr'>T.111‚</span> 
     </span>
     <span class='ocr_line' id='line_1_147' title="bbox 944 2937 1120 2984; baseline 0.028 -15"><span class='ocrx_word' id='word_1_1027' title='bbox 944 2937 1048 2978; x_wconf 73' lang='lat' dir='ltr'>Cunfil.</span> <span class='ocrx_word' id='word_1_1028' title='bbox 1069 2943 1120 2984; x_wconf 88' lang='grc'>67.</span> 
     </span>
    </p>
   </div>
   <div class='ocr_carea' id='block_1_12' title="bbox 985 3040 1532 3160">
    <p class='ocr_par' dir='ltr' id='par_1_21' title="bbox 985 3040 1532 3160">
     <span class='ocr_line' id='line_1_148' title="bbox 985 3040 1358 3083; baseline -0.003 -12"><span class='ocrx_word' id='word_1_1029' title='bbox 985 3040 1065 3083; x_wconf 85' lang='grc'>(17)</span> <span class='ocrx_word' id='word_1_1030' title='bbox 1086 3042 1174 3081; x_wconf 71' lang='lat' dir='ltr'>Decifi</span> <span class='ocrx_word' id='word_1_1031' title='bbox 1194 3043 1271 3073; x_wconf 73' lang='lat' dir='ltr'>mixt.</span> <span class='ocrx_word' id='word_1_1032' title='bbox 1295 3050 1358 3078; x_wconf 69' lang='lat' dir='ltr'>1T0·</span> 
     </span>
     <span class='ocr_line' id='line_1_149' title="bbox 985 3079 1531 3120; baseline -0.007 -10"><span class='ocrx_word' id='word_1_1033' title='bbox 985 3079 1064 3120; x_wconf 88' lang='grc'>(18)</span> <span class='ocrx_word' id='word_1_1034' title='bbox 1085 3081 1213 3110; x_wconf 76' lang='lat' dir='ltr'>Aitzema</span> <span class='ocrx_word' id='word_1_1035' title='bbox 1233 3082 1267 3110; x_wconf 92' lang='lat' dir='ltr'>L.</span> <span class='ocrx_word' id='word_1_1036' title='bbox 1282 3079 1400 3110; x_wconf 85' lang='lat' dir='ltr'>XLVII.</span> <span class='ocrx_word' id='word_1_1037' title='bbox 1422 3087 1449 3115; x_wconf 89' lang='lat' dir='ltr'>p.</span> <span class='ocrx_word' id='word_1_1038' title='bbox 1465 3087 1531 3114; x_wconf 73' lang='lat'>405.</span> 
     </span>
     <span class='ocr_line' id='line_1_150' title="bbox 986 3118 1532 3160; baseline -0.004 -12"><span class='ocrx_word' id='word_1_1039' title='bbox 986 3120 1063 3160; x_wconf 86' lang='lat'>(19)</span> <span class='ocrx_word' id='word_1_1040' title='bbox 1083 3119 1161 3150; x_wconf 86' lang='lat' dir='ltr'>Idem</span> <span class='ocrx_word' id='word_1_1041' title='bbox 1182 3121 1208 3149; x_wconf 77' lang='grc' dir='ltr'>(ι’.</span> <span class='ocrx_word' id='word_1_1042' title='bbox 1229 3119 1265 3149; x_wconf 90' lang='lat' dir='ltr'>L.</span> <span class='ocrx_word' id='word_1_1043' title='bbox 1281 3118 1400 3148; x_wconf 79' lang='lat' dir='ltr'>XLVII.</span> <span class='ocrx_word' id='word_1_1044' title='bbox 1420 3126 1449 3156; x_wconf 88' lang='lat' dir='ltr'>p.</span> <span class='ocrx_word' id='word_1_1045' title='bbox 1466 3121 1532 3153; x_wconf 80' lang='lat'>653.</span> 
     </span>
    </p>
   </div>
   <div class='ocr_carea' id='block_1_13' title="bbox 1083 3265 1812 3307">
    <p class='ocr_par' dir='ltr' id='par_1_22' title="bbox 1083 3265 1812 3307">
     <span class='ocr_line' id='line_1_151' title="bbox 1083 3265 1812 3307; baseline 0.001 -11"><span class='ocrx_word' id='word_1_1046' title='bbox 1083 3265 1137 3298; x_wconf 79' lang='lat' dir='ltr'>Ce</span> <span class='ocrx_word' id='word_1_1047' title='bbox 1161 3276 1178 3307; x_wconf 73' lang='lat'>3</span> <span class='ocrx_word' id='word_1_1048' title='bbox 1722 3267 1748 3297; x_wconf 71' lang='lat'>(¹</span> <span class='ocrx_word' id='word_1_1049' title='bbox 1776 3267 1812 3297; x_wconf 60' lang='lat' dir='ltr'>xl·</span> 
     </span>
    </p>
   </div>
   <div class='ocr_carea' id='block_1_14' title="bbox 1320 1621 1871 1662">
    <p class='ocr_par' dir='ltr' id='par_1_23' title="bbox 1320 1621 1871 1662">
     <span class='ocr_line' id='line_1_152' title="bbox 1320 1621 1871 1662; baseline 0.005 -10"><span class='ocrx_word' id='word_1_1050' title='bbox 1320 1622 1405 1662; x_wconf 87' lang='lat' dir='ltr'>quod</span> <span class='ocrx_word' id='word_1_1051' title='bbox 1424 1621 1538 1654; x_wconf 89' lang='lat' dir='ltr'>subditi</span> <span class='ocrx_word' id='word_1_1052' title='bbox 1558 1622 1653 1655; x_wconf 91' lang='lat' dir='ltr'>nostri</span> <span class='ocrx_word' id='word_1_1053' title='bbox 1673 1624 1817 1656; x_wconf 84' lang='lat' dir='ltr'>hostibus</span> <span class='ocrx_word' id='word_1_1054' title='bbox 1864 1651 1871 1659; x_wconf 83' lang='lat'><em>,</em></span> 
     </span>
    </p>
   </div>
  </div>
 </body>
</html>
