2008 3436
247 113 505 167 opusc
574 123 664 163 ni:
723 119 974 160 REBUS
1033 122 1612 168 MANCIPIC.V11.

1779 137 1848 178 33?

65 210 151 250 juris,
197 212 256 245 Per
273 211 429 252 emptiones
443 216 567 247 autem,
591 206 614 239 fi
630 203 712 237 reste
728 203 935 244 interpretor,
979 195 1071 242 sunt,
1094 214 1159 237 non
1181 204 1316 237 advoco.
1372 207 1431 240 Vis
1458 218 1610 250 praeterea
1639 210 1748 245 testem
1762 234 1775 251 ,
1798 211 1853 253 qui

67 252 255 293 iignificavit
273 253 501 293 niancipationes
514 273 526 289 ,
556 246 714 292 diffinitas
730 253 748 275 a
763 245 933 290 tradi-tioni-

65 295 137 331 bus,
158 303 227 335 quae
245 304 321 327 mox
336 293 531 341 sequuntur·‚
557 290 697 329 alioquin
716 295 780 333 riori
796 285 932 317 animad-

66 342 179 375 verto‚
204 336 278 378 quid
299 336 342 368 rei
369 338 405 367 iit
426 339 568 365 mercatus
579 337 635 371 per
644 327 930 375 'emptionem-,nul-

64 375 112 408 lus
131 379 216 410 enim
232 376 276 410 est
294 384 448 409 mercatus
473 374 535 406 fine
554 377 715 412 emptione
735 368 931 414 venditione.

63 416 150 463 Quia
171 430 247 451 vero
262 417 452 458 mancipatio
466 414 600 460 speciem
625 411 718 442 habet
739 417 931 457 emptionis,

62 461 139 500 quin
166 462 196 493 &
223 460 389 492 definiatur
415 458 598 499 imaginaria
623 452 753 498 quaedain
768 452 899 498 venditio
918 473 930 489 ,

59 501 148 534 forte
174 502 246 534 inde
265 500 451 542 emptionibus
471 498 554 529 dixit
581 504 640 536 pro
656 494 929 539 nianczpationibuij.

62 543 114 576 De
139 544 233 575 mulis
259 541 440 583 limpliciter
466 540 511 571 ait
532 538 574 570 L.
597 536 635 568 lI.
663 535 694 566 C.
717 539 748 569 8.
771 543 838 575 quos
859 543 928 565 emi-

60 595 124 619 mus
150 585 218 617 item
246 589 279 616 ut
308 592 408 624 equos,
427 576 660 623 stipulamurque
681 577 714 608 in
731 576 872 624 emendo,
892 584 926 622 ac

51 629 186 670 facimus
212 628 244 657 in
274 624 441 666 accipiendo
475 624 550 654 idem
570 643 582 660 ,
611 620 683 662 quod
704 617 815 664 dicium
835 615 876 658 est
895 626 929 663 in

57 671 144 712 equis.
178 667 277 699 refert
307 667 404 708 igitur
434 661 584 697 solemnia
611 660 843 704 emptionisxad
866 667 929 690 aniv

55 711 142 749 mal,
161 709 247 751 quod
268 707 403 750 mancipi
426 706 482 739 est.
527 704 579 738 De
604 703 704 735 bobus
735 708 800 746 agit
824 698 925 746 L.·II.

59 753 94 785 C.
130 761 160 792 5.
202 750 254 783 sed
284 751 336 782 ubi
365 749 402 781 ad
431 747 626 789 emptionem
656 750 829 785 pervenit,
847 741 927 773 nihil

55 795 226 836 quicquam
249 799 358 825 monet
387 791 427 822 de
458 787 701 829 mancipatione.
745 782 858 829 Neque
879 791 926 828 et-

55 838 117 870 iam
148 836 249 876 palam
280 836 310 866 dt
343 830 457 865 diserte
489 831 528 862 de
558 836 594 860 ea
616 833 725 874 monet
745 833 777 855 in
799 825 928 870 reliquis

56 878 75 910 s
92 878 219 909 eciebus
237 900 247 916 ‚
277 884 308 907 at
339 875 456 916 ubique
484 877 588 904 tamen
611 867 749 909 aliquid,
772 874 807 897 ut
829 866 894 897 dixi
916 887 928 912 ,

73 919 234 951 ubindicat
252 940 262 957 ,
292 922 430 958 excepto
463 913 526 946 hoc
559 913 634 944 loco
661 910 700 941 de
719 907 846 953 bubus,
871 916 925 948 qui

56 970 204 1004 perquam
234 959 429 992 breviffimus
460 955 514 988 est.
560 951 657 999 Quod
689 950 711 982 fi
732 957 812 994 γει-ο
835 956 868 980 in
889 957 921 979 o-

55 1004 181 1036 mninus
210 1001 248 1033 de
281 999 512 1040 mancipatione
541 995 633 1036 plane
655 989 800 1024 tacuiffet
818 1013 828 1028 ,
856 998 921 1021 non

56 1053 160 1078 tamen
180 1050 346 1086 propterea
378 1040 443 1072 illae
495 1034 686 1076 uadi-upedes
714 1040 755 1063 ex
776 1031 850 1077 albo
874 1038 921 1077 re-

55 1096 124 1121 rum
149 1085 283 1124 mancipi
304 1083 402 1115 essent
425 1088 476 1112 era
498 1078 596 1110 endae.
649 1075 771 1112 Varro,
796 1072 844 1104 his
868 1072 922 1105 Li-

54 1129 137 1167 bris,
159 1127 228 1168 plus
249 1125 315 1167 egit
337 1122 527 1166 agricolam,
551 1125 645 1161 quam
668 1115 804 1157 JCtum,
825 1115 922 1161 ὄρρο-

52 1170 113 1202 tuit
141 1176 267 1210 quoque
296 1175 403 1199 earum
431 1159 608 1196 dominium
640 1157 766 1190 transsre
788 1155 923 1187 cellione

51 1213 85 1244 in
112 1212 206 1252 jure,
246 1218 317 1241 nam
350 1207 405 1239 illa
435 1201 615 1237 communis
643 1199 688 1232 est
719 1207 784 1231 tam
815 1206 920 1229 rerum

52 1252 206 1294 mancipi,
229 1259 322 1293 quam
345 1258 404 1282 nec
427 1245 531 1279 manci
556 1244 585 1284 i,
611 1250 646 1275 ut
665 1240 774 1273 auCtor
793 1239 917 1286 esteUi-

52 1296 163 1337 pianiis
196 1292 257 1324 Fra
282 1297 372 1324 ment.
408 1289 442 1321 T.
475 1286 525 1320 XI
565 1284 690 1332 9,.9.
735 1281 779 1313 Et
800 1280 875 1322 quid
897 1280 919 1313 fi

48 1337 207 1374 dicamus,
264 1341 408 1366 arronem
427 1336 670 1370 mancipationis
688 1324 838 1371 solemnia
854 1330 919 1354 non

49 1377 207 1410 continuo
236 1374 394 1417 repetiisse
424 1372 456 1405 in
484 1369 610 1412 singulis
632 1368 650 1400 s
685 1367 920 1411 melius-rerum

50 1418 204 1460 mancipi,
229 1416 365 1458 satisque
394 1412 551 1451 habuilre,
583 1410 605 1443 fi
661 1407 723 1441 mel
747 1407 777 1440 &
799 1413 921 1454 integre

49 1461 128 1495 illud
164 1458 320 1492 docuiffet
352 1458 385 1490 in
417 1454 527 1493 servo,
555 1461 661 1484 earum
684 1459 791 1496 reruni
809 1457 918 1490 praeci-

47 1502 140 1547 puo‘?
173 1509 237 1533 non
271 1499 446 1532 intercedo.
499 1496 547 1528 Ad
570 1494 639 1526 haec
663 1491 918 1538 probabile-est,

48 1543 203 1588 plurimos
226 1543 335 1575 Romae
366 1542 399 1574 in
423 1537 640 1581 emptionibus
661 1532 917 1580 venditionibus,

49 1595 85 1619 ut
111 1585 211 1618 labori
232 1592 412 1626 parcerent,
437 1583 489 1622 qui
514 1579 595 1612 actui
617 1577 750 1623 solemni
773 1573 917 1607 adhiben-

46 1629 105 1661 dus
128 1636 214 1667 erat,
239 1624 410 1668 neglexisse
432 1631 560 1656 omnem
583 1619 817 1653 solemnitatem
833 1625 917 1663 man·

46 1669 218 1712 cipationis
231 1691 242 1708 ,
273 1677 336 1700 non
365 1674 487 1699 tantum
509 1662 594 1705 quod
614 1661 652 1692 ad
673 1660 782 1691 haecce
804 1666 917 1705 anima-

48 1712 89 1744 lia
113 1710 162 1743 scd
188 1712 218 1743 ὅ(
241 1709 325 1752 quod
348 1709 386 1741 ad
409 1718 458 1740 res
478 1705 606 1746 majoris
636 1703 735 1747 longe
753 1707 916 1747 momenti.

45 1753 127 1790 Sunt
150 1751 242 1791 sane,
267 1752 319 1793 qui
339 1761 379 1784 eo
403 1749 568 1785 referunt,
589 1744 675 1788 quod
697 1743 815 1775 Cicero
837 1742 920 1774 dixit

49 1795 140 1827 Orat.
162 1795 196 1826 de
221 1792 352 1836 Harusp.
375 1789 514 1833 Respons.
539 1789 572 1820 C.
590 1796 638 1829 14.
658 1784 778 1833 ‘mult-as
795 1783 920 1822 Romae,

45 1837 76 1870 ὅ(
97 1845 186 1883 ptene
207 1836 334 1868 cunctas
355 1835 488 1871 domos,
512 1839 577 1863 non
597 1835 721 1871 optimo
741 1834 811 1872 jure
830 1825 920 1867 poffi-

47 1877 133 1917 deri,
155 1876 208 1910 sed
230 1878 303 1919 quia
326 1877 381 1909 ille
400 1876 491 1909 locus
513 1872 554 1906 sic
584 1870 659 1917 satis
680 1867 726 1901 est
749 1867 918 1907 obicurus,

45 1918 84 1954 de
105 1929 145 1951 co
168 1919 302 1960 amplius
324 1915 559 1950 deliberandum
582 1913 672 1945 duxi.
820 1952 826 1958 ⁸

89 1961 142 1995 Sic
173 1960 322 1993 habemus
351 1956 577 2002 quadrupedes.
633 1954 686 1987 De
714 1952 917 2000 pecudibus,

45 2002 173 2046 proprie
202 2000 368 2035 iradiclis
388 2026 398 2041 ,
431 1999 507 2042 quid
538 1996 712 2029 dicemus?
746 1996 785 2041 de
809 2004 918 2042 *capris

45 2054 158 2087 nempe
183 2044 212 2077 ὗε
232 2043 374 2076 ovibus?
403 2050 496 2074 erunt
520 2040 583 2071 illae
607 2048 657 2071 res
680 2045 838 2084 mancipi,
859 2045 918 2068 nec

44 2086 114 2119 ne?
134 2085 274 2118 subfisto.
307 2085 355 2117 Ut
377 2084 517 2116 dicamus
540 2080 621 2120 effe,
638 2081 773 2127 plurima
795 2081 919 2119 jubent,

44 2127 181 2169 plui-ima
208 2135 328 2159 vetant.
379 2126 439 2165 Si,
466 2131 503 2156 ut
535 2121 681 2164 suspicati
706 2119 920 2167 sumus,·pre-

46 2167 203 2200 tiofiffima
231 2167 299 2200 fere
325 2168 357 2200 iu
387 2166 490 2199 veteri
519 2165 736 2197 Romanorum
766 2169 917 2208 patrimo-

47 2210 122 2249 nio,
157 2210 187 2242 δι
220 2209 357 2240 maxime
385 2209 524 2245 rustico,
558 2205 680 2238 fuerint
697 2212 860 2244 mancipi,
895 2202 918 2236 fi

46 2250 198 2283 rusticum
222 2250 447 2292 patrimonium
470 2247 594 2289 praediis
616 2247 645 2279 dt
663 2255 779 2288 pecore
800 2244 915 2277 consti-

48 2290 145 2332 terit,
176 2293 199 2325 fi
231 2302 281 2324 res
332 2289 474 2329 ecuaria,
507 2290 537 2320 ὅ(
559 2288 684 2329 quidem
703 2288 887 2329 primigenia
903 2308 917 2325 ,

47 2343 84 2366 ut
102 2334 205 2366 Varro
229 2333 273 2366 ait
336 2358 342 2364 .
367 2331 407 2365 II.
442 2333 476 2363 de
507 2329 548 2361 R.
572 2329 612 2361 R.
640 2330 672 2362 C.
695 2339 724 2362 2.
749 2329 917 2374 complexa

45 2375 144 2408 fuerit
172 2376 305 2415 arietes,
338 2383 434 2413 oves,
465 2381 586 2414 agnos,
611 2380 718 2412 capras
737 2393 748 2409 ,
782 2370 888 2401 hircos
903 2392 915 2408 ,

48 2417 154 2458 quidni
187 2417 255 2448 liaec
286 2415 468 2458 putabimus
497 2412 560 2444 effe
589 2411 757 2454 mancipi?
775 2411 917 2457 minores

33 2458 182 2498 lpecudes
211 2458 277 2490 noli
315 2456 460 2494 causari,
497 2463 598 2496 neque
626 2454 710 2486 enim
735 2461 854 2494 agimus
878 2452 918 2483 de

47 2500 152 2541 pretio
182 2500 275 2531 unius
304 2498 392 2530 forte
418 2497 490 2529 ovis
507 2519 517 2535 ,
550 2494 602 2528 sed
623 2495 663 2526 de
684 2496 791 2536 pretio
815 2494 918 2526 totius

48 2541 172 2582 gregis,
195 2541 247 2582 qui
273 2541 368 2582 longe
384 2538 511 2581 praestat
532 2536 643 2569 multis
672 2536 770 2569 asinis.
814 2535 859 2567 Et
875 2545 917 2567 ex

44 2588 163 2624 vpecore
193 2582 352 2624 lanigero,
382 2590 475 2622 quarn
495 2589 537 2611 ex
559 2578 624 2610 alio
640 2602 650 2618 ,
681 2576 833 2619 quaestum
855 2577 918 2609 effe

44 2623 226 2654 uberiorem
248 2633 313 2655 uno
335 2631 390 2655 ore
409 2622 469 2654 Rei
492 2620 620 2654 rusticae
648 2619 802 2651 Auctores
825 2619 917 2651 tradi-

45 2665 176 2703 derunt,
201 2671 298 2704 utque
321 2665 417 2706 igitur
440 2664 471 2696 ἀ
490 2664 524 2696 in
549 2663 616 2704 ejus
635 2659 840 2694 multitudine
861 2670 917 2702 po-

49 2704 168 2737 tiffimae
189 2705 326 2744 divitiae,
351 2715 409 2737 nec
429 2705 486 2738 nifi
517 2704 663 2747 pauperis
678 2701 778 2735 fuerit
807 2712 915 2735 nume-

49 2755 117 2778 rare
139 2755 244 2786 pecus.
289 2746 390 2778 Varro
417 2748 446 2779 d.
476 2747 517 2780 L.
540 2746 580 2778 11.
612 2747 645 2777 de
676 2745 719 2777 R.
747 2744 790 2777 R.
826 2745 859 2776 C.
885 2754 914 2777 2.

47 2787 249 2819 commendat
272 2785 432 2820 scientiam
450 2788 576 2829 pecoris
597 2787 725 2829 parandi
744 2787 774 2818 δί
790 2785 915 2828 pascen-

49 2828 102 2866 di,
123 2833 157 2859 ut
172 2827 293 2868 frucius
311 2838 396 2870 quam
417 2828 520 2871 poffint
550 2830 674 2861 maximi
699 2829 855 2869 capiantur
878 2838 916 2859 ex

50 2879 107 2908 ea,
129 2870 251 2910 quibus,
274 2869 394 2910 inquit,
413 2872 474 2911 ipsa
496 2880 649 2903 neumis
682 2871 834 2902 nominata
855 2868 914 2911 est:

49 2920 122 2941 ”⁰⁷¹²
144 2911 236 2941 ‘’mni’'
252 2911 404 2950 Pssfflm'oe,
418 2917 506 2951 Pecus
519 2912 752 2953 fundamentum
771 2909 822 2953 eft.
857 2913 914 2943 Εε-

50 2951 116 2998 stus
136 2960 264 2996 quoque
293 2951 325 2997 iri
353 2950 395 2983 V.
417 2953 454 2983 ab
475 2963 599 2996 regare,
619 2962 692 2986 cum
715 2953 754 2985 de
776 2962 867 2996 grege
887 2962 916 2984 a-

49 3001 118 3035 aut,
143 3001 196 3033 qm
219 3001 346 3033 propne
368 3001 449 3033 pecu
471 3003 522 3025 um
544 2994 612 3035 est,
642 2994 674 3027 et
695 2994 734 3027 de
756 2996 848 3033 anis,
870 2995 915 3026 in-

50 3035 90 3066 de
117 3032 299 3074 compositis
316 3057 328 3073 ,
364 3042 443 3065 mox
471 3034 582 3067 addit:
619 3046 736 3079 quorum
764 3038 916 3068 verborum

43 3076 187 3117 frequens
213 3073 278 3115 usus
311 3084 369 3106 non
399 3076 505 3106 mirum
516 3074 545 3114 fi
563 3086 601 3107 ex
615 3079 768 3118 pecoribus
784 3079 916 3118 pendet,

51 3126 117 3147 eum
140 3115 216 3156 apud
239 3117 372 3157 antiquos
393 3121 456 3156 opes
479 3115 516 3150 ὃ
527 3119 710 3156 patrimonia
730 3130 768 3151 ex
786 3121 832 3150 his
842 3126 916 3160 prae.

51 3159 134 3198 cipue
157 3153 349 3197 constiterint.
397 3157 442 3188 Ui
460 3157 552 3188 adbuc
573 3160 662 3190 etiam
693 3169 861 3192 PECUNIAS
880 3159 917 3195 ὅ)

51 3198 354 3272 ξεὲξῐωᾼΙάὶι-ἰνηω.
378 3198 453 3231 alias
467 3197 687 3239 austeritates,
718 3210 789 3242 quae
810 3202 917 3242 plures

68 3263 79 3271 t
123 3249 176 3271 om.
220 3263 228 3272 .

977 254 1073 277 ovem
1098 245 1161 278 effe
1193 256 1259 278 rem
1287 248 1422 291 mancipi
1447 252 1581 283 totidem
1604 253 1709 285 verbis
1730 254 1814 286 dixit
1833 253 1853 284 *ἓ

977 296 1068 333 ecce-
1083 286 1234 333 Isidorum
1270 289 1310 321 L.
1333 289 1395 322 IX.
1427 291 1520 335 Orig.
1545 293 1576 324 C.
1602 303 1633 333 4.
1658 296 1850 336 Mancipium

976 326 1039 369 est,
1060 337 1186 370 inquit,
1206 331 1344 372 quicquid
1375 342 1465 365 manu
1487 336 1554 375 capi
1572 334 1706 377 subdique
1725 335 1817 377 potest
1837 359 1847 367 .

976 376 1009 401 ut
1030 373 1126 410 honio,
1147 381 1253 417 equus,
1278 375 1358 404 eins:
1378 374 1435 406 [νινε
1456 377 1536 406 enim
1557 378 1724 416 animalia,
1741 376 1849 418 statim

975 417 1009 442 uc
1028 418 1102 443 nata
1123 417 1199 454 sunt
1215 436 1227 452 ,
1259 416 1392 456 mancipi
1419 416 1471 458 effe
1498 423 1655 458 putantur.
1703 419 1786 451 Nam
1811 418 1847 452 &2³

974 463 1029 491 ea,
1054 463 1115 501 (μιᾳ
1136 456 1170 486 in
1194 454 1349 495 bestiarum
1368 467 1484 490 numero
1498 459 1594 500 sunt,
1617 465 1686 491 tunc
1708 462 1848 491 videntir

973 501 1152 537 mancipium
1183 498 1233 538 effe
1250 521 1260 537 ‚
1288 501 1402 540 quando
1432 502 1499 541 capi
1523 500 1589 540 five
1618 502 1729 533 domari·
1760 507 1849 541 coepea

972 542 1054 568 runt.
1104 538 1255 572 Attamen
1285 541 1338 572 vel
1368 542 1410 573 fic
1437 551 1502 574 nori
1525 542 1621 575 ausim
1684 543 1779 575 eudes
1804 543 1851 574 in*

974 585 1022 609 ter
1043 587 1091 610 res
1115 581 1252 625 mancipi
1276 591 1461 623 numerare,
1483 584 1514 616 ἃ
1537 594 1577 616 ne
1597 594 1636 616 au
1650 594 1692 616 im
1710 606 1721 623 ‚
1742 583 1849 616 obstat

972 625 1081 660 aperte
1103 620 1229 661 Ulpiani
1251 624 1439 665 auctoritas,
1465 626 1517 667 qui
1537 635 1669 659 caereras
1685 636 1754 666 res,
1770 635 1848 668 quas

972 669 1036 692 non
1060 670 1317 702 enumeraverat,
1341 676 1400 698 nec
1421 667 1558 709 mancipi
1579 667 1642 700 effe
1661 666 1767 707 dixit,
1786 676 1846 698 nec

971 711 1211 735 enumeraverat
1233 705 1289 738 nili
1313 708 1546 750 quadrupedes,
1568 720 1638 752 quae
1659 709 1754 742 dorso
1777 709 1844 740 col-

970 743 1047 790 love
1076 744 1255 791 domantur.
1301 748 1421 782 Ovium
1462 751 1655 793 aliarumque
1689 752 1848 794 pecudum

970 785 1091 831 oblitus
1111 787 1173 819 elle
1196 797 1260 820 non
1284 791 1412 830 potuit3
1445 802 1546 833 neque
1568 795 1606 826 de
1625 793 1672 826 his
1696 793 1778 825 recti:
1801 792 1843 823 di-

969 835 1092 867 cimus,
1124 835 1158 859 ut
1180 828 1227 876 ‘de
1255 834 1431 873 margaritis
1464 832 1554 875 supra
1586 836 1786 875 dicebamus,
1812 836 1843 866 δε

968 868 1007 900 de
1027 870 1203 911 elephantis
1227 873 1255 903 dc
1274 873 1405 918 camelis
1428 885 1504 907 mox
1524 876 1687 917 dicemus,
1713 875 1843 909 [ει-σόο-

968 920 1053 956 mum
1076 912 1130 943 usu
1161 913 1326 944 invaluisse
1342 939 1351 954 ,
1382 926 1453 947 nam
1477 927 1492 948 a
1514 918 1690 959 pastoribus
1714 920 1842 950 initium

964 961 1009 983 rei
1040 952 1191 984 Romanae
1211 977 1229 999 ,ἵ
1255 957 1284 1000 dt
1317 965 1427 988 corum
1450 968 1542 999 quam
1565 962 1700 992 maxime
1723 961 1787 993 fuit
1808 972 1842 992 o-

964 1002 1020 1025 ves
1039 993 1173 1034 pascere.
1220 997 1325 1028 Etiam
1346 998 1466 1038 Varro,
1491 1007 1529 1033 ue
1552 1003 1668 1034 ovibus
1690 1013 1783 1044 agens
1801 1003 1841 1035 L.

967 1035 1008 1067 Il.
1029 1041 1067 1066 Me
1092 1035 1142 1082 R..
1158 1036 1202 1068 R.
1239 1040 1272 1083 f).
1298 1049 1327 1072 2.
1358 1039 1394 1071 ad
1428 1043 1613 1075 mutandum
1634 1045 1810 1077 dominium
1831 1070 1841 1085 ‚

966 1085 1083 1119 praeter
1107 1078 1342 1118 stipulationem
1356 1103 1365 1118 ,
1391 1082 1470 1113 nihil
1494 1083 1644 1117 deiiderat
1661 1110 1670 1125 ,
1693 1097 1784 1128 quam
1807 1096 1842 1119 ut

966 1128 1009 1149 aes
1040 1119 1286 1165 adnumeretur,
1322 1122 1393 1162 vel,
1421 1124 1507 1164 quod
1536 1125 1635 1166 addo,
1662 1130 1692 1159 dt
1715 1129 1845 1169 perinde

965 1160 1039 1206 est„
1052 1168 1089 1192 ut
1108 1160 1185 1192 hdes
1210 1161 1360 1194 habeatur
1380 1164 1419 1195 de
1441 1167 1556 1206 pretio.
1604 1167 1738 1201 Diceres
1756 1193 1767 1209 ,
1802 1181 1845 1202 eo

964 1201 1157 1249 fignificari',
1172 1211 1268 1234 ovem
1278 1204 1340 1236 else
1357 1205 1473 1238 animal
1490 1218 1549 1240 nec
1566 1211 1722 1257 mancipi,
1733 1221 1841 1253 quam-

962 1253 1034 1283 vis,
1068 1243 1090 1275 fi
1118 1244 1244 1276 aliunde
1272 1246 1448 1288 constaret,
1474 1251 1610 1292 mancipi
1634 1252 1713 1292 esse,
1739 1255 1842 1295 conji-

962 1294 1034 1317 cere
1057 1285 1187 1325 liceret,
1210 1285 1249 1333 de
1270 1289 1504 1331 mancipatione
1526 1288 1702 1327 Varronem
1726 1297 1843 1329 tacuis-

962 1325 1015 1373 se,
1039 1327 1152 1374 eadem*
1168 1335 1315 1374 ratione,
1340 1340 1401 1372 qua
1430 1334 1531 1366 tacuit
1561 1335 1592 1373 in
1624 1337 1788 1378 emptione
1809 1348 1840 1370 a«

963 1370 1080 1402 horum
1103 1369 1306 1416 animalium,
1327 1381 1398 1414 quae
1430 1376 1567 1418 mancipi
1596 1386 1722 1419 quoque
1745 1378 1840 1419 sunt,

964 1406 995 1444 &
1017 1411 1057 1443 de
1078 1411 1191 1453 quibus
1215 1410 1306 1454 supra
1324 1415 1474 1448 diximus.
1519 1417 1595 1451 Plus
1617 1427 1708 1462 urget
1727 1420 1837 1463 Ulpia-

962 1462 1042 1493 nus,
1078 1454 1108 1485 &
1136 1453 1218 1495 apud
1243 1463 1294 1487 me
1325 1456 1357 1488 in
1384 1456 1450 1497 his,
1476 1467 1545 1500 quae
1564 1460 1646 1501 Juris
1666 1461 1838 1497 constituti

963 1495 1054 1543 sunt,
1086 1494 1157 1542 plus
1185 1495 1272 1528 valet
1293 1497 1481 1540 auctoritas,
1535 1511 1605 1534 uam
1628 1503 1710 1535 ratio
1729 1527 1740 1543 ,
1763 1514 1837 1547 quae

962 1538 993 1571 ἀ
1018 1536 1082 1580 ipsa
1104 1537 1272 1585 aliquando
1296 1548 1354 1571 nos
1376 1539 1472 1581 fugit.
1533 1542 1652 1576 fidorus
1675 1546 1754 1578 tanti
1771 1556 1838 1580 non

960 1579 1006 1612 est
1017 1604 1031 1626 ,¹
1053 1586 1089 1611 ut
1111 1588 1178 1620 eJus
1202 1577 1385 1613 testimonio
1408 1585 1525 1624 stetur,
1547 1585 1649 1618 adhuc
1666 1585 1761 1619 semel
1777 1587 1838 1622 fal-

961 1622 1001 1654 lit
1024 1631 1056 1654 iri
1078 1630 1118 1652 eo
1140 1620 1230 1661 loco,
1259 1631 1352 1668 quem
1382 1623 1530 1667 exhibui,
1557 1634 1594 1659 ut
1616 1637 1696 1661 mox
1718 1629 1837 1663 audies.
1878 1660 1881 1665 .

961 1663 1014 1696 Ne
1044 1672 1148 1695 tamen
1181 1663 1398 1704 contradicat,
1430 1674 1490 1707 pro
1520 1670 1601 1708 ovis,
1626 1679 1662 1702 ut
1682 1680 1767 1702 nunc
1790 1666 1838 1703 le<

985 1706 1068 1746 itur,
1090 1703 1178 1737 forte
1211 1703 1379 1748 legendum
1407 1709 1452 1741 est
1471 1731 1483 1750 ,
1513 1711 1610 1752 bovis,
1635 1713 1732 1745 bovez’s
1749 1736 1760 1752 ,
1782 1714 1851 1748 vel.

983 1759 1057 1781 oves.

1004 1790 1057 1838 De
1071 1789 1178 1824 bestiis
1194 1789 1258 1839 fi've
1271 1791 1347 1828 feris
1360 1792 1544 1838 expeditum
1562 1796 1605 1829 est
1622 1797 1747 1839 dicere,
1768 1808 1836 1831 non

963 1831 1025 1865 esse
1045 1841 1094 1865 res
1118 1837 1252 1876 mancipi
1264 1858 1285 1883 ,⁸
1305 1838 1378 1877 quia
1399 1840 1454 1870 vix
1472 1840 1616 1871 dominio
1636 1841 1741 1872 haberi
1763 1840 1834 1881 pos-

963 1874 1053 1914 sunt,
1083 1875 1131 1921 ὅς,
1165 1875 1186 1907 fi
1209 1877 1342 1917 pollint,
1365 1880 1422 1911 vix
1438 1881 1527 1921 operi
1545 1880 1696 1913 faciundo
1713 1881 1783 1914 sunt
1804 1893 1834 1914 a·

960 1925 1035 1958 ptae.
1079 1917 1112 1948 Si
1139 1916 1328 1962 domentur,
1361 1921 1424 1952 elle
1456 1923 1611 1963 mancipi,
1636 1923 1732 1955 modo
1751 1924 1839 1956 <licea

961 1961 1014 1990 bat
1032 1956 1190 2005 Isidorus,
1222 1958 1274 1990 sed
1299 1969 1371 1992 cum
1394 1972 1458 1994 non
1477 1964 1571 1994 audio
1590 1972 1703 1996 contra
1722 1964 1833 2006 Ulpia<

960 2009 1055 2046 num,
1080 2009 1133 2045 qui
1153 1999 1339 2040 elephantos
1362 2004 1391 2034 dc
1410 2004 1549 2036 camelos
1566 2014 1583 2036 a
1601 2005 1694 2038 rebus
1718 2007 1835 2039 manci*

961 2051 994 2084 pi
1018 2042 1164 2087 excipit,
1195 2044 1330 2083 quamvis
1345 2041 1414 2076 collo
1442 2047 1556 2086 dorsove
1574 2048 1732 2079 domentur.
1778 2048 1833 2089 Ju-

962 2089 1018 2114 vat
1036 2082 1134 2130 scire,
1165 2092 1256 2123 quam
1278 2085 1320 2115 ob
1347 2087 1440 2119 rem?
1471 2096 1542 2118 nam
1568 2089 1678 2130 utique
1697 2098 1833 2130 operas,

962 2124 1142 2171 hominibus
1165 2125 1260 2156 utiles
1276 2147 1288 2163 ,
1317 2127 1464 2168 praestant
1477 2151 1487 2168 ,
1521 2129 1551 2160 r&
1569 2139 1635 2162 non
1651 2137 1714 2162 tam
1727 2130 1803 2163 ferae
1821 2154 1835 2170 ,

961 2172 998 2197 ut
1011 2165 1170 2212 diximus,
1194 2176 1286 2207 quam
1308 2168 1417 2201 mixta:
1441 2179 1560 2202 naturae
1584 2171 1666 2204 sunt.
1711 2173 1771 2204 Sed
1786 2174 1832 2205 in-

961 2208 999 2239 de
1013 2207 1075 2240 effe
1094 2216 1210 2253 opinor
1220 2231 1245 2253 ,K
1261 2210 1346 2249 quod
1368 2211 1462 2252 primi
1478 2211 1571 2252 hujus
1587 2212 1669 2253 Juris
1684 2214 1832 2246 condito-

960 2259 1009 2282 res
1025 2249 1094 2281 haec
1109 2249 1252 2281 animalia
1264 2259 1324 2282 nec
1341 2252 1486 2284 viderant
1497 2277 1507 2292 ,
1529 2262 1587 2286 nec
1614 2254 1670 2286 usu
1685 2255 1832 2296 frequen-

961 2298 1125 2338 tayerant3
1149 2290 1310 2332 elephanti
1327 2301 1417 2325 certe
1431 2295 1568 2335 primum
1587 2296 1643 2328 visi
1656 2296 1741 2328 bello
1758 2296 1835 2340 Pyr-

959 2331 1027 2371 rhi,
1049 2340 1084 2364 ut
1102 2331 1203 2378 Varro
1229 2333 1338 2378 auster
1360 2333 1406 2367 est
1422 2337 1461 2366 de
1482 2336 1523 2367 L.
1549 2336 1589 2369 L.
1613 2336 1702 2369 Li'hr.
1724 2335 1780 2370 VI.
1798 2344 1830 2379 p.

959 2384 997 2405 m.
1023 2383 1073 2414 72.
1099 2373 1130 2405 ἀ
1147 2372 1274 2419 ‘Plinius
1298 2374 1338 2407 L.
1366 2376 1454 2408 VIII.
1482 2378 1513 2408 C.
1534 2381 1566 2410 6.
1587 2387 1725 2419 eosque,
1750 2386 1786 2409 ut
1799 2389 1833 2411 ii-

961 2423 1071 2456 terque
1096 2414 1204 2446 scribit
1218 2438 1229 2454 ,
1260 2422 1337 2448 tunc
1369 2418 1569 2458 appellabant
1594 2421 1677 2451 boves
1707 2420 1834 2462 Lucas,

960 2456 998 2487 ab
1031 2456 1164 2496 corut
1197 2457 1298 2488 Varro
1330 2456 1435 2498 solus,
1471 2460 1557 2501 quod
1579 2461 1715 2493 Romani
1734 2464 1833 2495 maxi-

960 2507 1042 2529 mam
1065 2497 1314 2544 quadrupedem,
1339 2509 1432 2540 quam
1455 2501 1511 2542 ipfi
1535 2502 1687 2535 haberent
1705 2527 1716 2542 ,
1738 2513 1834 2536 voca*

959 2546 1029 2572 rent
1052 2540 1171 2576 βοωπις
1195 2541 1224 2571 dt
1249 2540 1321 2571 inde
1343 2550 1422 2573 mox
1443 2544 1526 2584 apud
1545 2543 1742 2584 Varronem,
1764 2554 1834 2587 qua-

958 2581 1096 2626 drupedes
1118 2586 1252 2613 cornuta.
1296 2581 1403 2615 Etiam
1419 2583 1540 2616 Cameli
1560 2594 1624 2618 non
1647 2585 1703 2618 nifi
1727 2586 1830 2627 poste-

957 2627 1095 2654 rioribus
1124 2622 1321 2663 temporibus
1348 2633 1390 2656 ex
1413 2625 1548 2658 Oriente
1573 2626 1694 2659 adveffi
1731 2626 1803 2659 sunt
1819 2652 1830 2667 ‚

959 2673 1031 2696 nam
1051 2663 1090 2695 de
1113 2663 1182 2696 solo
1207 2664 1340 2697 Oriente
1359 2666 1442 2699 dixit
1465 2667 1586 2700 Plinius
1619 2668 1659 2700 L.
1682 2668 1770 2700 VIII.
1795 2670 1826 2701 C.

959 2711 1011 2741 28.
1028 2706 1225 2748 jumentorum
1255 2715 1294 2738 IN
1325 2716 1369 2740 iis
1389 2718 1514 2741 TERitis
1534 2710 1612 2752 doifii
1626 2709 1802 2751 funguntur
1818 2733 1832 2749 ,

959 2754 1044 2790 atque
1075 2749 1164 2779 etiam
1192 2748 1362 2788 equ-itamar
1387 2752 1420 2781 in
1437 2751 1558 2791 preliis.
1604 2749 1714 2782 Postea
1733 2753 1831 2784 etiam

959 2790 1040 2831 apud
1071 2788 1234 2821 Romanos
1264 2790 1492 2823 adhibebantur
1521 2791 1635 2833 operi,
1657 2791 1687 2822 ἀ
1709 2791 1831 2831 jumen-

960 2839 1065 2863 torum
1086 2840 1213 2872 operam
1235 2831 1421 2872 praestabant
1444 2842 1516 2864 cum
1551 2832 1708 2872 elephanti
1727 2854 1737 2871 ,
1763 2842 1833 2866 tum

958 2873 1070 2905 cameli
1099 2873 1118 2904 l.
1144 2882 1173 2903 2.
1207 2870 1237 2912 §.
1259 2881 1287 2904 2.
1314 2872 1355 2914 ff.
1389 2874 1427 2904 ad
1455 2873 1495 2904 L.
1526 2873 1631 2914 Aquil.
1677 2873 1736 2905 Sed
1757 2876 1833 2916 quia

959 2924 1070 2946 eorum
1089 2922 1200 2946 natura
1216 2912 1400 2945 censebatur
1412 2912 1498 2953 fei-a,
1521 2923 1609 2945 certe
1624 2914 1744 2955 mixta,
1761 2926 1833 2957 per·

958 2954 1156 2993 manserunt,
1183 2962 1216 2985 ut
1236 2963 1327 2992 ante,
1347 2964 1396 2986 res
1418 2964 1477 2986 nec
1500 2955 1659 2996 mancipi,
1682 2965 1771 2996 nam,
1795 2966 1833 2991 ut‘

959 2998 1094 3037 mancipi
1116 2996 1248 3034 fierent,
1270 2996 1339 3035 Iege
1358 3005 1443 3026 nova
1465 2994 1572 3027 fuisset
1593 3006 1684 3037 opus.
1729 2997 1831 3032 Geor-

959 3039 1029 3080 gius
1055 3037 1275 3078 Hieronymus
1305 3035 1472 3069 Velschius
1495 3038 1528 3068 de
1550 3037 1640 3069 Vena
1662 3038 1834 3081 Medinenst

963 3082 996 3112 C.
1021 3078 1092 3109 VII.
1112 3083 1144 3118 p.
1168 3087 1207 3108 ni.
1233 3086 1300 3118 174.
1384 3086 1452 3150 173.
1475 3078 1576 3110 multa
1598 3079 1711 3120 injuria
1733 3081 1832 3115 inces-

960 3121 998 3153 fit
1031 3118 1204 3160 Ulpianum
1235 3119 1315 3158 hic,
1346 3119 1377 3152 &
1428 3118 1542 3159 ¹aium,
1573 3120 1662 3159 five,
1701 3131 1737 3154 ut
1759 3125 1832 3163 ait,

960 3161 1195 3193 Tribonianum
1219 3158 1487 3202 justinianumque
1521 3162 1553 3192 in
1585 3163 1612 3193 d.
1642 3162 1662 3194 Ι.
1689 3173 1719 3196 2.
1750 3165 1777 3207 §.
1798 3176 1829 3198 2.
1856 3174 1861 3176 ·

961 3202 1047 3246 quod
1073 3210 1186 3276 ηεηθκ
1214 3201 1254 3233 de
1282 3201 1458 3244 elephantis
1487 3202 1518 3235 δι
1539 3203 1668 3238 camelis
1690 3206 1833 3239 dixerint

1168 3251 1191 3274 v
1797 3249 1839 3280 &t
