2008 3436
443 114 842 156 CORNELII

186 205 344 244 poterant.
370 201 430 234 Sed
447 210 531 234 nunc
548 199 620 239 quia
638 196 766 240 possunt
777 220 787 236 ‚
808 195 988 236 ubicunque
1003 191 1054 223 de-

185 252 284 289 gunt,
302 253 357 286 per
369 253 418 275 me
433 243 510 275 11661
526 242 620 274 etiam
633 246 788 280 cogantur
802 236 950 277 excipere
960 233 1055 266 36110-

189 295 265 323 1163,
288 285 331 317 ob
354 284 531 327 generalem
550 282 710 324 regulam,
732 289 825 320 quam
842 277 959 322 Paulus
977 284 1054 316 prae-

188 325 299 358 scribit
318 326 350 359 in
369 327 388 358 l.
415 337 465 358 22.
487 325 525 366 ff.
549 326 581 356 de
608 323 712 364 Judic.
745 320 826 367 ρμί,
850 320 974 360 inquit,
995 326 1053 347 non

188 370 352 409 cogitarim
381 368 479 409 aliquo
501 367 559 398 loco
576 365 723 407 judicium
734 364 823 402 paci,
839 360 869 400 fi
887 359 944 400 ipse
960 359 1000 389 ibi
1021 368 1053 388 α-

187 411 256 454 git,
281 411 396 453 cogitur
413 410 544 448 excipere
559 406 704 443 ustiones,
730 403 766 438 &²
780 405 818 435 ad
840 400 1052 473 eundemsjudz'-

187 461 249 483 cem
269 453 362 483 mitti.
406 450 449 482 Et
468 449 538 483 sanc
554 445 765 479 reconventio
780 454 843 477 non
859 442 904 475 est
924 442 979 473 1111
1001 440 1053 471 de-

182 491 333 525 fensionis
353 491 495 533 quaedam
509 489 647 530 species,
672 485 935 528 quemadmodum
950 482 980 514 ὅ(
999 492 1016 513 3
1040 500 1051 505 -

186 534 323 574 pellatur
352 534 380 565 in
409 533 440 564 C.
464 542 495 572 5.
519 533 552 563 in
564 529 621 571 fin.
645 528 691 561 X.
714 529 748 559 de
773 526 950 567 Exception.
1030 533 1052 555 u

183 585 201 606 a
213 585 263 608 me
280 576 390 606 decem
407 576 509 615 petis,
526 572 627 610 16616,
643 569 696 601 sed
706 568 815 601 decem
825 590 837 607 ,
854 568 885 600 &
904 565 1049 606 amphus,

182 617 259 648 1111111
286 617 400 654 debes,
427 622 593 655 aequumne
623 611 720 653 igitur
742 607 808 649 est,
832 616 869 642 ut
887 609 1050 640 damnatus

183 658 242 689 tibi
261 656 400 694 solvam,
423 656 453 687 ὅ(
473 663 508 687 tu
522 664 587 687 non
602 652 783 685 damneris?
809 657 996 692 aequumne,
1013 653 1050 679 ut

184 697 453 739 compensationis
470 696 591 728 utilitas
602 717 613 734 ,
627 703 684 727 reo
703 693 808 725 invito
823 689 1009 724 auferatur?
1021 689 1053 721 ὃς

181 740 255 781 quid
277 739 298 771 fi
315 749 378 770 non
397 747 453 779 per
468 746 610 769 mutuam
627 735 836 777 petitionem,
860 732 913 765 sed
925 740 981 773 per
998 736 1052 763 ex-

180 781 361 821 ceptionem
381 789 451 811 reus
468 779 499 811 se
514 777 687 816 defendat,
704 777 734 808 &
751 776 830 816 ajat,
845 783 911 807 non
927 772 1051 810 decem,

181 822 234 857 sed
262 821 401 862 quinque
429 821 582 852 duntaxat
617 818 648 851 se
671 818 808 856 debere,
831 815 905 858 quia
929 815 1054 855 legatus

185 863 240 895 fibi
265 862 398 894 viciffim
417 862 512 893 debet
536 860 700 903 quinque?
721 859 870 899 excipere
885 856 995 897 utique
1013 854 1051 887 li-

186 913 239 936 cet
267 912 381 936 contra
409 904 567 935 astionem
592 902 699 945 legati.
744 901 805 933 Sed
827 899 850 932 fi
866 897 919 930 vel
942 904 1052 930 mutua

184 946 302 987 petitio
322 944 418 986 ipsam
441 945 598 976 actionem
614 945 723 976 vincat
735 965 747 981 ,
769 940 872 973 adhuc
889 939 1049 978 dicerem,

184 987 272 1025 quod
291 986 405 1018 Paulus
421 985 598 1018 indistincte
615 985 694 1020 dicit
711 984 744 1016 in
761 984 790 1015 d.
815 982 836 1015 l.
860 991 912 1013 22.
934 981 987 1022 qui
1005 979 1050 1020 ip-

180 1028 212 1075 se
219 1029 295 1102 dagit
305 1051 315 1066 ‚
328 1028 392 1060 fori
408 1027 579 1069 privilegio
594 1036 661 1060 non
680 1024 807 1058 usurum
823 1022 905 1065 apud
917 1021 1050 1055 eundem

195 1080 217 1101 11
240 1079 334 1102 icem.

183 1080 195 1110 J
226 1111 334 1153 Magis
359 1111 454 1143 etiam
482 1111 635 1150 dixerim,
658 1110 680 1143 fi
698 1108 762 1152 ipse
772 1108 894 1150 legatus
910 1105 995 1147 egit,
1020 1104 1052 1136 &-

183 1153 346 1192 obtinuit,
371 1153 402 1185 δε
429 1162 500 1184 16113
523 1153 627 1184 vietus
651 1151 846 1193 appellavit,
868 1145 1052 1188 appellatio-

183 1195 232 1226 nis
248 1194 401 1234 judicium
422 1193 453 1226 in
479 1194 618 1236 legatum
637 1192 721 1226 16616
746 1190 905 1228 exerceri,
929 1196 1001 1219 nam
1020 1187 1051 1218 dt

182 1236 356 1277 appeliatio
382 1234 427 1266 est
447 1235 608 1274 defens-io,
633 1235 664 1266 δι
691 1243 788 1266 unum
813 1232 958 1270 idemque
974 1227 1052 1269 judi-

184 1278 272 1309 cium
290 1300 300 1316 ‚
324 1276 409 1317 quod
438 1276 503 1317 ipse
528 1277 558 1308 le
580 1285 651 1307 atus
677 1274 852 1306 inchoavit.
898 1269 1050 1303 Notanda

182 1318 229 1351 est
254 1318 284 1350 ἃ
311 1317 379 1348 haec
397 1316 523 1357 species.
559 1285 707 1358 &egatus
724 1314 847 1347 Sueciae
864 1314 898 1345 in
915 1309 1051 1343 Hollan-

181 1361 252 1398 dia,
275 1359 379 1399 litigat
391 1367 464 1389 curn
476 1357 586 1390 Fratre
596 1356 652 1389 suo
672 1357 703 1388 in
721 1356 852 1393 Suecia,
876 1354 987 1386 &eum
1003 1351 1050 1382 vi-

184 1402 240 1434 cit.
286 1399 412 1438 Frater,
437 1400 492 1440 qui
518 1398 654 1440 Delphis
679 1397 858 1435 habitabat,
884 1392 1050 1427 sententiae

182 1452 248 1476 non
263 1448 362 1483 paret.
400 1441 520 1482 Regina
537 1441 658 1479 Sueciae
677 1440 771 1471 Anno
796 1442 887 1478 1651.
912 1434 994 1467 datis
1011 1433 1049 1465 ad

190 126 259 168 173
915 119 1025 154 viru

182 1492 351 1524 utramque
384 1481 513 1515 Curiam
548 1481 732 1514 Hollandiae
760 1481 791 1513 ὀί
827 1476 1050 1520 Magistratum
1092 1480 1113 1511 g

182 1523 397 1566 Delphensem
425 1523 567 1566 epistolis
595 1522 782 1556 sententiam
799 1519 930 1561 exsequi
944 1517 1050 1559 petiit.

184 1567 249 1614 Qui
275 1567 439 1599 damnatus
458 1574 544 1605 erat,
569 1575 586 1597 a
604 1564 699 1598 Curia
714 1562 898 1596 Hollandiae
917 1558 1049 1592 Manda-

182 1616 251 1641 tum
260 1608 385 1650 poenale
403 1615 515 1640 contra
531 1606 791 1648 exsequutionem
814 1601 980 1636 sententiae
1000 1609 1051 1640 pe-

184 1650 258 1688 tiit,
282 1649 333 1682 sed
351 1648 431 1681 nihil
448 1649 608 1687 obtinuit,
627 1646 820 1688 provocavit
833 1645 931 1686 igitur
947 1641 984 1673 ad
1000 1642 1052 1673 Se-

181 1700 291 1725 natum
316 1691 523 1732 Supremum,
547 1689 600 1730 qui
620 1688 810 1721 Mandatum
829 1682 1051 1727 appellationis

183 1732 344 1765 conceffit.
377 1731 458 1764 Cum
476 1731 509 1763 id
525 1730 664 1763 deferret
679 1728 838 1771 apparitor
855 1727 893 1759 ad
911 1725 992 1757 aedes
1007 1724 1051 1755 16-

182 1775 245 1816 gati
262 1798 272 1814 ,
297 1784 314 1806 a
331 1773 469 1815 quodam
490 1773 558 1814 ejus
584 1769 707 1804 famulo
731 1765 966 1802 contumeliose
984 1765 1051 1797 red-

183 1817 285 1849 ditum
304 1814 367 1854 est,
391 1822 427 1846 ut
445 1814 515 1846 haec
534 1812 634 1846 refert
660 1813 806 1845 Aitzema
822 1810 892 1842 Lib.
918 1805 1049 1840 XXXI.

179 1865 212 1900 p.
242 1868 280 1889 m.
311 1865 386 1898 515.
420 1856 451 1888 ἀ
470 1856 540 1888 Lib.
573 1853 719 1887 XXXII.
747 1859 781 1893 p.
805 1862 841 1884 m.
877 1858 950 1892 747.
973 1847 1056 1881 Non·

181 1899 330 1940 disputo,
355 1908 394 1930 an
410 1907 481 1936 res,
502 1897 533 1929 in
551 1895 663 1929 Suecia
688 1895 847 1936 judicata,
870 1893 922 1924 hic
938 1899 1051 1922 execu-

188 1941 268 1972 tioni
285 1940 349 1971 dari
366 1938 479 1980 poffit,
493 1937 545 1970 sed
556 1937 579 1970 fi
595 1937 700 1969 incola
711 1935 894 1968 Hollandiae
905 1955 916 1971 ,
934 1932 967 1964 in
979 1932 1052 1964 Sue-

185 1983 235 2014 cia
250 1981 434 2018 damnatus,
456 1980 536 2011 velit
554 1977 743 2017 defendere,
767 1986 832 2009 non
855 1973 966 2017 poffe,
989 1972 1051 2004 uti-

186 2032 248 2063 que
263 2031 374 2054 contra
403 2022 562 2062 legatum,
588 2020 620 2051 in
643 2018 818 2051 Hollandia
836 2022 998 2057 agentem,
1022 2013 1053 2044 ei

186 2064 299 2097 licebit
314 2063 499 2103 «implorare
521 2061 674 2094 auxilium
700 2059 819 2100 Judicis
837 2055 1026 2090 Hollandici
1039 2070 1055 2093 ,-

184 2106 266 2146 apud
283 2113 374 2146 quem
392 2104 515 2143 legatus
532 2103 562 2134 &
585 2101 725 2142 poterit,
749 2101 779 2132 &
796 2098 924 2131 debebit
946 2097 1050 2138 litiga-

182 2156 218 2179 re
230 2171 240 2185 ,
263 2147 332 2186 jure
346 2167 356 2183 ‚
380 2154 419 2176 an
437 2143 550 2184 iniuria
568 2142 600 2175 se
616 2141 773 2174 defendat.

227 2188 299 2222 Alia
321 2187 416 2218 etiam
434 2184 524 2224 sunt,
547 2183 665 2216 etiarnsi
691 2183 811 2224 legatos
829 2191 894 2214 non
910 2180 1052 2213 subditos

185 2230 327 2261 dicamus
339 2251 349 2266 ‚
359 2228 391 2260 in
408 2225 521 2268 quibus
536 2225 642 2258 forum
660 2224 798 2257 nostrum
812 2231 879 2256 non
889 2222 973 2254 16616
983 2220 1051 2253 sub-

187 2270 378 2311 terfugerint
390 2291 400 2307 ‚
422 2268 498 2309 quin
527 2268 558 2299 &
580 2267 612 2299 in
628 2267 742 2307 quibus
756 2264 894 2307 potestas
911 2262 1053 2305 quaedam

186 2314 218 2345 in
234 2321 289 2343 eos
312 2309 452 2342 exerceri
478 2309 618 2350 poterit,
642 2307 694 2339 sed
721 2306 876 2348 ejusmodi
892 2303 1051 2347 potestas,

185 2364 255 2396 quae
271 2352 394 2384 nostros
410 2351 498 2382 cives
516 2350 613 2391 magis
627 2348 794 2387 defendat,
819 2356 911 2389 quam
932 2346 1054 2387 legatos

186 2402 296 2435 cogat.
317 2393 435 2426 Multis
451 2391 532 2424 311611
552 2390 621 2423 sunt
635 2390 828 2432 privilegiis,
854 2397 889 2420 ut
904 2387 959 2429 ipfi
968 2395 1054 2418 com-

187 2436 314 2469 modius
336 2435 471 2475 degant,
493 2441 553 2464 nec
574 2433 742 2474 quicquam
760 2431 926 2462 turbentur
946 2429 979 2460 in
1000 2427 1055 2460 ob-

189 2477 290 2509 eunda
315 2476 474 2516 legatione
490 2497 500 2513 ,
524 2483 588 2506 non
613 2481 668 2513 ut,
693 2473 726 2505 vi
750 2472 854 2512 illata,
880 2471 959 2503 alios
986 2478 1053 2501 tur-

187 2519 262 2550 bent
272 2539 283 2555 ,
306 2518 337 2549 &
354 2526 403 2548 res
421 2525 531 2547 eorum
547 2513 702 2546 auferant.
730 2513 826 2559 Quod
852 2512 874 2545 fi
893 2511 966 2550 fiat,
989 2510 1056 2542 for-

188 2559 263 2591 13116
279 2558 362 2589 16616
376 2565 500 2588 utemur
514 2556 552 2587 iis
567 2555 760 2592 astionibus,
778 2564 848 2595 quae
864 2552 1058 2585 interdictio-

187 2605 264 2633 num
288 2607 430 2630 naturam
458 2597 555 2638 magis
579 2596 703 2636 sapiunt
719 2617 729 2633 ,
761 2605 854 2635 quam
878 2594 1056 2635 juffionum.

187 2639 283 2674 Certe
306 2640 477 2680 Supremas
502 2639 633 2669 Senatus
655 2635 802 2667 adversus
826 2637 963 2677 legatum
982 2634 1056 2666 Sue-

189 2683 269 2721 ciae,
293 2681 403 2721 ejusve
427 2678 569 2711 homines
596 2676 707 2717 (quod
732 2677 860 2717 perinde
879 2674 952 2715 est)
969 2674 1057 2706 dedit

190 2723 392 2756 Assaizdamenc
408 2730 469 2753 <van
501 2719 700 2759 Complccz'me,
727 2726 858 2758 quaeque
875 2716 908 2747 vi
926 2717 956 2747 &
974 2715 1056 2748 clam

187 2765 272 2798 facia
291 2771 401 2801 erant,
423 2761 544 2794 restitui
560 2760 653 2800 jussit.
688 2758 808 2791 Contra
824 2757 957 2789 eundem
975 2756 1055 2797 lega-

190 2809 257 2838 t'um
269 2828 279 2844 ,
302 2805 411 2844 ejusve
428 2803 587 2840 homines,
614 2800 710 2833 Curia
728 2798 909 2831 Hollandiae
923 2806 1053 2828 conces-

188 2848 226 2881 sit
243 2846 428 2879 Mandatum
447 2844 590 2886 poenale,
614 2843 687 2883 quin
705 2841 735 2873 δε
752 2840 878 2881 publice
892 2838 990 2870 edidit
1002 2848 1054 2869 een

192 2888 390 2920 iliandamem
407 2896 468 2917 van
480 2885 686 2926 Sauvegarcle,
694 2891 791 2922 eaque
801 2880 953 2913 Mandata
960 2878 1053 2920 scrip-

189 2939 224 2963 to
250 2929 287 2960 ad
310 2928 445 2960 Ordines
470 2926 653 2959 Hollandiae
679 2922 822 2959 defendit
845 2922 938 2954 Anno
962 2923 1050 2960 1644„

191 2970 299 3002 Ilabcs
315 2970 383 3001 lime
401 2968 506 3000 omnia
523 2967 605 3007 apud
623 2966 768 2998 Aitzema
790 2963 861 2995 Lib.
885 2960 994 2994 XXII.
1017 2967 1048 3001 p.

190 3021 264 3050 451.
298 3012 328 3042 dt
355 3011 424 3042 Lib.
458 3008 584 3042 XXIV.
617 3014 644 3048 p.
677 3014 863 3047 790—799.
896 3004 926 3035 dt
950 3001 1051 3043 ipsum

192 3051 342 3092 scriptum
362 3051 468 3083 Curiae
485 3050 523 3082 ad
541 3049 673 3081 verbum
690 3047 837 3079 recitavit
855 3045 930 3076 Bort
945 3045 978 3075 de
989 3042 1050 3075 Ar-

191 3090 262 3132 reflo
284 3094 317 3123 C.
342 3092 397 3124 IV.
419 3102 450 3123 iz.
479 3101 527 3132 14.
552 3099 588 3122 ut
602 3089 741 3130 &legati
761 3087 919 3130 querelam
935 3085 972 3117 ad
991 3084 1050 3116 Or-

188 3133 297 3170 dines,
321 3142 390 3173 quae
407 3133 521 3164 ibidem
538 3131 711 3173 praecedit,
737 3130 766 3162 ὅ(
783 3138 896 3170 quam,
920 3126 1002 3168 quod
1014 3124 1050 3157 ad

191 3174 230 3206 M
241 3175 389 3204 inclament
407 3183 469 3204 van
492 3174 704 3215 Sauvqgarde,
727 3170 791 3213 ipse
813 3170 937 3202 damnat
954 3166 1047 3199 Wie-

188 3213 316 3257 qucfort
339 3213 410 3248 Lib.
435 3213 468 3246 I..
486 3213 561 3246 Stel.
586 3219 634 3248 28.
657 3219 687 3253 p.
714 3217 785 3250 890.
830 3210 875 3245 Et
903 3217 937 3243 ut
963 3208 1048 3241 dica-v

1099 98 1706 145 BYNKERSHOE‘K

1098 198 1188 227 mus,
1210 188 1305 220 etiam
1321 183 1468 218 adversus
1485 185 1606 224 legatos
1630 181 1804 214 interdictis
1822 184 1951 225 experiri

1097 229 1213 268 licere,
1237 230 1270 260 in
1287 238 1336 260 cas
1349 237 1411 258 van
1424 225 1628 267 nieuwigheid
1643 223 1677 264 of
1692 225 1866 266 ongehrta'k,
1890 236 1958 268 pro.
2004 248 2007 255 ,f

1098 271 1170 303 sunt
1196 270 1224 311 §.
1249 279 1300 310 94.
1347 268 1455 301 Formae
1479 267 1572 297 Curiae
1594 264 1677 296 Hali.
1702 275 1732 305 4.
1762 265 1842 305 Sept.
1870 271 1957 307 1462.

1098 312 1128 344 &
1150 311 1178 353 §.
1205 316 1235 345 8.
1280 310 1388 342 Formae
1411 309 1537 352 ejusdem
1565 306 1658 338 Curiae
1682 316 1731 338 20.
1758 305 1842 348 Aug.
1868 316 1958 352 1531,

1096 363 1165 386 nam
1181 351 1286 384 Curiae
1306 352 1337 383 in
1356 351 1404 383 his
1418 349 1571 381 tribuitur
1586 347 1780 388 jurisdictio,
1802 349 1896 382 etiam
1907 353 1958 384 ad-

1095 392 1204 426 versus
1227 402 1290 426 non
1318 392 1478 430 subditos,
1503 390 1534 422 δε
1558 389 1633 421 11103
1655 398 1719 421 11011
1743 388 1882 423 subditos
1896 402 1959 428 nou

1097 436 1177 468 alios
1202 434 1263 467 esse
1290 434 1410 473 videri,
1433 441 1525 474 quam
1550 429 1635 472 ipsos
1658 429 1799 471 legatos,
1824 433 1958 473 conjeci-

1097 487 1167 509 mus
1193 477 1225 508 C.
1251 475 1292 508 V.
1325 485 1389 517 quo
1411 473 1547 516 pertinet
1575 472 1606 504 ἀ
1634 471 1781 503 Edictum
1805 471 1958 509 Ordinum

1099 517 1281 551 Hollandiae
1304 527 1356 549 22.
1379 517 1480 549 Mart.
1506 517 1598 555 1657.
1623 512 1783 545 laudatum
1805 514 1833 545 d.
1860 515 1892 546 C.
1915 517 1955 550 V,

1095 569 1160 601 quo
1176 559 1206 591 ἀ
1222 569 1287 591 non
1307 557 1439 590 subditis
1455 555 1656 588 interdic-,rum
1666 554 1710 585 est
1726 555 1895 588 certamine
1903 556 1957 591 fin.

1094 600 1204 644 gulari.
1250 600 1382 633 Scilicet
1405 606 1532 630 omnem
1556 598 1683 636 άναςχῐαγ
1700 603 1810 627 vetare
1833 596 1883 636 jus
1899 596 1959 632 fas.

1095 651 1157 683 que
1175 640 1241 680 est,
1265 641 1317 680 δε,
1338 649 1374 672 ut
1392 639 1535 680 injuriam
1550 647 1567 669 a
1583 636 1695 669 nostris
1704 646 1883 678 arceamus,
1906 638 1958 674 ina

1094 683 1318 716 interdictione
1341 682 1438 714 etiam
1462 679 1546 712 16616
1570 678 1866 720 comprehendimus
1884 689 1957 723 eos,

1095 734 1231 766 quorum
1256 724 1472 765 cogendorum
1498 718 1686 762 potestatem
1709 729 1772 751 non
1791 719 1958 764 habemus,

1094 766 1219 798 constat
1243 765 1329 797 enim
1354 765 1386 796 in
1404 772 1489 795 mera
1505 760 1705 800 defenfione‚
1731 770 1823 802 quam
1838 763 1891 794 vel
1909 763 1958 800 ad,

1094 806 1202 840 versus
1216 807 1339 848 legatos
1355 804 1499 837 illicitam
1514 802 1576 834 esse
1593 811 1686 835 nemo
1706 802 1836 835 dixerit.
1859 803 1902 836 Et
1918 805 1959 838 fic

1094 848 1248 881 nonnulla
1263 846 1449 884 111161ἀὶ613,
1472 854 1543 886 quae
1571 853 1683 885 nempe
1699 843 1869 885 prohibent
1886 847 1958 887 quid

1094 890 1183 930 fieri,
1207 887 1354 922 adversus
1379 889 1501 929 legatos
1525 885 1685 927 probanda
1702 885 1871 926 videntur,
1893 897 1957 923 nou

1094 931 1177 973 quasi
1195 931 1226 964 in
1240 940 1306 963 rem
1323 929 1423 962 effent
1434 951 1444 967 ,
1466 937 1535 970 quae
1553 925 1619 965 sola
1642 925 1746 959 Curiae
1760 927 1843 959 ratio
1858 927 1905 961 est
1923 929 1958 965 in

1094 982 1135 1004 eo
1150 973 1260 1005 libello
1275 972 1327 1004 seu
1341 970 1494 1011 rescripto
1509 969 1546 1000 ad
1556 968 1691 1000 Ordines
1702 991 1711 1007 ,
1724 966 1777 999 sed
1807 969 1870 1001 uod
1884 971 1958 1011 ἆμαρ-

1094 1016 1155 1051 χίαι
1172 1013 1378 1056 prohibeant:
1401 1011 1544 1053 quamvis
1561 1009 1644 1042 enim
1663 1009 1780 1041 Interdi
1815 1019 1832 1042 a
1849 1010 1881 1043 in
1893 1020 1958 1046 rem

1094 1055 1258 1088 Videantur
1270 1061 1426 1095 concepta
1434 1052 1484 1092 ,vi
1497 1060 1600 1083 tamen
1615 1050 1678 1092 ipsa
1695 1049 1869 1092 personalia
1875 1051 1945 1086 sunt

1094 1097 1115 1130 fi
1135 1097 1293 1129 3116101613
1309 1094 1471 1137 sequamur
1486 1091 1732 1135 Ulpianuminl.
1762 1101 1788 1125 1.
1813 1092 1841 1135 §.
1865 1104 1897 1136 3.
1914 1077 1958 1137 ffl

1094 1141 1127 1171 de
1145 1136 1298 1171 Interdiu:

1136 1179 1257 1212 Possem
1273 1188 1314 1210 ex
1330 1178 1404 1219 Jure
1419 1176 1563 1209 Romano
1579 1176 1673 1208 etiam
1699 1175 1773 1208 alias
1787 1175 1893 1209 causas
1909 1186 1956 1209 ar-

1094 1221 1231 1259 ceffere,
1253 1220 1295 1251 ob
1312 1229 1386 1260 quas
1403 1218 1524 1258 legatus
1536 1240 1545 1255 ,
1571 1217 1711 1257 quamvis
1727 1217 1850 1249 externi
1870 1218 1960 1251 Prin-

1094 1263 1194 1304 cipis,
1225 1262 1320 1292 etiam
1347 1259 1422 1291 foro
1449 1256 1555 1290 nostro
1579 1257 1662 1288 16616
1685 1257 1811 1289 videtur
1834 1258 1959 1299 Jubjici.

1094 1304 1199 1344 Atque
1216 1303 1261 1334 ita
1276 1301 1409 1333 dixerim
1421 1323 1430 1339 ,
1455 1299 1592 1339 legatum
1607 1298 1720 1330 aedium
1736 1299 1864 1331 nomine
1871 1299 1959 1332 dam-

1094 1346 1126 1378 ni
1143 1343 1251 1376 infecti
1265 1342 1452 1385 promittere
1465 1340 1599 1379 debere,
1622 1347 1676 1371 aut
1693 1339 1833 1371 vicinum
1849 1340 1960 1373 admit-

1096 1395 1162 1418 tere
1187 1386 1220 1417 in
1243 1384 1458 1427 posseffionem
1488 1382 1510 1413 l.
1534 1385 1583 1416 28·
1620 1380 1648 1422 §.
1674 1391 1706 1422 3.
1723 1379 1762 1421 ff.
1788 1381 1822 1412 de
1851 1380 1959 1422 Judic.

1093 1427 1165 1469 JCti
1182 1427 1313 1459 Romani
1329 1425 1454 1467 quidem
1470 1423 1502 1454 id
1519 1421 1644 1455 tradunt
1660 1423 1700 1454 de
1709 1421 1958 1456 Provincialile-

1115 1478 1169 1501 ato
1184 1492 1193 1508 ,
1217 1476 1252 1500 ut
1278 1466 1432 1500 verisfime
1455 1464 1536 1496 dicit
1566 1462 1707 1496 Gentilis
1730 1464 1764 1495 de
1794 1462 1959 1507 Legation.

1093 1512 1163 1544 Lz‘b.
1189 1509 1230 1542 II.
1255 1510 1286 1542 C.
1315 1512 1363 1541 16.
1389 1507 1459 1545 sed,
1484 1514 1520 1537 ut
1546 1504 1629 1537 16616
1647 1504 1835 1545 superdicit,
1858 1505 1955 1547 explo-

1094 1559 1162 1584 rata
1182 1553 1258 1583 ratio
1267 1551 1352 1592 facit
1363 1550 1413 1592 jus
1434 1545 1510 1588 istud
1527 1547 1562 1582 &³⁹
1587 1547 1743 1589 majoribus
1758 1546 1865 1589 legatis
1882 1557 1956 1579 com-

1095 1603 1192 1626 mune.
1214 1592 1287 1626 Alia
1305 1592 1348 1624 ibi
1367 1590 1472 1628 addit,
1496 1598 1565 1630 quae
1583 1588 1612 1620 ὃς
1630 1587 1668 1619 ad
1685 1587 1818 1627 majores
1836 1588 1959 1630 legatos

1097 1633 1266 1673 transfert,
1289 1641 1425 1674 quorum
1441 1629 1582 1672 quaeclam
1610 1628 1794 1670 probarem,
1813 1630 1958 1671 quaedam

1096 1687 1161 1710 non
1178 1685 1274 1716 aeque.
1299 1674 1359 1708 Sed
1374 1673 1437 1705 ocii
1456 1672 1517 1703 mei
1535 1680 1598 1703 non
1616 1670 1680 1710 est,
1704 1679 1814 1703 omnes
1829 1672 1881 1703 has
1891 1670 1957 1713 spe-

1096 1719 1161 1750 cies
1176 1726 1345 1756 excutere,
1369 1715 1399 1747 &
1417 1714 1488 1746 sunt
1505 1712 1600 1745 etiam
1616 1712 1774 1754 pleraeque
1790 1711 1956 1753 ejusmodi,

1095 1768 1132 1793 ut
1148 1759 1243 1792 hodie
1258 1759 1315 1791 vix
1329 1757 1418 1789 usum
1432 1754 1577 1788 habeant.

1136 1801 1211 1834 Plus
1228 1800 1308 1833 scire
1327 1797 1503 1836 attinet,in
1511 1796 1560 1828 his
1570 1795 1668 1828 causis
1675 1818 1687 1835 ,
1699 1796 1732 1828 in
1746 1794 1858 1836 quibus
1876 1795 1906 1828 le
1928 1805 1958 1828 a·

1095 1851 1147 1875 tus
1170 1844 1245 1877 foro
1266 1840 1374 1874 nostro
1398 1838 1581 1879 subjicitur,
1605 1837 1658 1869 ubi
1682 1837 1710 1868 ei
1727 1836 1794 1869 dies
1814 1837 1878 1869 dici
1922 1846 1956 1868 6-

1093 1884 1167 1916 beat
1184 1895 1240 1928 per
1255 1883 1449 1925 apparitores
1467 1879 1531 1912 five
1552 1879 1702 1911 officiales
1721 1878 1870 1920 judicum.
1894 1877 1958 1910 Ad·

1094 1927 1230 1960 v0catus
1248 1925 1349 1967 Regni
1365 1921 1494 1955 SuecIci
1509 1920 1591 1961 apud
1602 1921 1747 1952 Aitzema
1760 1919 1831 1952 Lib.
1842 1918 1958 1952 XXII.

1089 1973 1123 2008 p.
1146 1980 1185 2001 m.
1209 1976 1285 2009 451.
1307 1966 1444 1998 multum
1472 1961 1704 2004 quiritabatur,
1727 1960 1832 2001 legato
1851 1960 1959 1992 Sueci-

1096 2018 1137 2040 60
1155 2010 1192 2042 ad
1208 2010 1337 2040 domum
1354 2005 1439 2038 suam
1455 2004 1539 2035 diem
1556 2001 1617 2034 effe
1631 2001 1748 2033 dictum
1765 2010 1821 2042 per
1837 2001 1958 2042 appari-

1095 2057 1199 2083 torem
1215 2050 1347 2083 Senatus
1369 2045 1533 2086 supremi,
1554 2044 1628 2084 quia
1646 2042 1748 2074 sancta
1772 2041 1818 2075 est
1841 2043 1956 2074 domus

1093 2092 1211 2134 legati,
1233 2099 1292 2123 nec
1308 2085 1500 2130 profananda
1517 2093 1572 2126 per
1589 2083 1703 2116 Officia
1724 2083 1874 2124 judicum.
1917 2083 1960 2116 E-

1093 2134 1213 2177 Jusdem
1238 2130 1333 2172 legati
1359 2127 1495 2160 famulus
1516 2126 1611 2157 etiam
1636 2125 1711 2157 alias
1728 2124 1960 2156 contumeliose

1093 2176 1199 2217 rejicit
1219 2172 1328 2216 judicii
1343 2167 1638 2206 denunciationem,
1662 2176 1678 2197 a
1697 2166 1852 2208 Supremo
1867 2167 1958 2199 Sena-

1096 2226 1131 2250 tu
1147 2217 1279 2253 fastam,
1303 2221 1339 2245 ut
1355 2221 1432 2244 mox
1449 2208 1639 2249 referebam,
1678 2207 1803 2248 Reiecit
1820 2208 1849 2240 ὅτ
1866 2207 1963 2240 Anno

1100 2263 1190 2299 1651.
1214 2256 1352 2298 ejusdem
1380 2251 1570 2297 legati-cum
1590 2248 1746 2289 famulus,
1771 2257 1838 2281 tum
1856 2258 1938 2281 uxor
1947 2270 1965 2289 5,

1096 2302 1187 2334 aliam
1210 2296 1321 2340 judicii
1354 2292 1633 2327 denunciationem
1647 2313 1660 2330 ,
1690 2290 1729 2321 ab
1752 2289 1962 2323 Amsterdam-

1097 2341 1271 2379 mensibus,
1295 2347 1336 2370 cx
1359 2334 1449 2368 causa
1472 2331 1601 2372 arresti,
1622 2331 1794 2365 transmissa
1806 2330 1960 2372 epistula,

1097 2384 1204 2425 legato
1230 2381 1365 2417 factam,
1386 2375 1467 2418 apud
1490 2375 1569 2407 Bort
1592 2375 1625 2406 de
1646 2369 1762 2414 Arrest.
1789 2372 1819 2404 C.
1845 2369 1900 2403 VI.
1925 2381 1957 2404 n.

1100 2435 1148 2458 12.
1166 2425 1255 2465 Saepe
1269 2421 1353 2454 enim
1371 2419 1426 2452 ille
1441 2418 1562 2458 legatus
1581 2415 1687 2448 &e'us
1701 2413 1844 2445 homines
1862 2411 1956 2444 Rern-

1096 2466 1256 2508 publicam
1283 2462 1458 2495 turbarunt.
1505 2456 1601 2489 Curia
1617 2425 1797 2487 fiollandiae
1814 2453 1846 2486 111
1863 2462 1898 2485 63
1915 2453 1956 2486 E-

1095 2507 1229 2550 pistula,
1254 2513 1346 2547 quarn
1363 2502 1400 2533 ad
1417 2500 1552 2533 Ordines
1576 2497 1662 2528 dedit
1678 2505 1729 2541 31.
1753 2493 1843 2527 Febr.
1866 2503 1956 2535 172¹·

1096 2550 1185 2590 qu'us
1202 2547 1292 2589 supra
1315 2542 1442 2576 memini
1471 2541 1504 2571 C.
1525 2537 1615 2584 XIV.
1642 2535 1773 2582 olim-se
1798 2536 1935 2578 legatum
1945 2555 1964 2576 ,-

1097 2592 1151 2631 (1111
1169 2586 1335 2622 actionem
1353 2592 1416 2616 rem
1437 2578 1706 2616 conveniebatur,
1729 2587 1761 2609 111
1780 2577 1830 2618 jus
1847 2587 1961 2610 vocas·

1101 2633 1132 2666 sc
1159 2630 1269 2664 scribit
1289 2636 1353 2658 cum
1381 2621 1511 2663 clausula
1531 2619 1649 2658 Edisti,
1675 2619 1705 2651 δε
1724 2618 1765 2651 fic
1782 2619 1811 2650 61
1829 2619 1960 2660 legato,

1098 2675 1137 2706 de
1163 2680 1227 2714 (1110
1253 2669 1318 2710 agit
1341 2665 1394 2697 illa
1411 2661 1561 2704 epistula,
1583 2660 1634 2706 ubi
1660 2660 1796 2702 primum
1818 2660 1856 2692 ad
1876 2660 1959 2693 aedes

1097 2713 1248 2756 judicium
1274 2706 1538 2740 denunciaverat,
1561 2701 1675 2734 demde
1699 2709 1866 2742 comperto
1881 2723 1892 2740 ‚
1922 2710 1959 2734 ut

1097 2753 1283 2790 videbatur,
1309 2756 1415 2780 errore
1433 2754 1488 2787 per
1506 2743 1651 2775 Editrum
1669 2742 1895 2782 denunciavit,
1921 2751 1958 2775 ut

1096 2797 1161 2837 ipsa
1177 2794 1218 2827 ibi
1235 2798 1347 2825 narrat.
1373 2787 1424 2820 Ob
1441 2785 1633 2818 funditate-m
1645 2807 1656 2823 ,
1678 2784 1811 2825 opinor,
1833 2783 1959 2822 domus,

1098 2837 1148 2870 sed
1172 2836 1203 2868 ὅ(
1217 2833 1322 2871 forte,
1347 2830 1368 2862 si
1394 2828 1445 2860 vel
1468 2827 1535 2858 liaec
1555 2825 1656 2858 [311613
1672 2835 1736 2857 11011
1751 2823 1846 2864 css'et,
1871 2825 1959 2866 quod.

1096 2880 1216 2920 legatus
1243 2873 1389 2906 habeatur
1412 2867 1540 2906 absens,
1562 2877 1622 2899 nec
1640 2867 1784 2898 videatur
1800 2865 1962 2899 domicili-

1095 2929 1148 2951 um
1171 2914 1312 2950 mutass'e.
1356 2911 1448 2944 Unde
1468 2910 1611 2948 diceres,
1633 2908 1818 2940 citationem
1838 2906 1962 2940 facien*

1095 2961 1164 2992 dem
1182 2958 1244 2990 ess'e
1262 2956 1292 2987 in
1312 2955 1385 2986 1060
1404 2951 1579 2989 domicilii,
1602 2949 1687 2991 quod
1714 2956 1805 2980 antea
1828 2948 1961 2987 habuit,

1095 3003 1125 3034 &
1141 3000 1228 3032 forte
1243 2997 1272 3030 id
1290 2995 1342 3028 libi
1362 2994 1434 3025 vult
1449 2993 1534 3033 quod
1550 2992 1621 3033 lego
1637 2990 1717 3032 apud
1732 2990 1960 3026 Bertacbinunx»

1095 3043 1126 3075 in
1152 3041 1273 3081 Repert.
1299 3037 1340 3069 V.
1367 3033 1554 3073 Aazbafiator
1575 3039 1605 3073 p.
1629 3042 1668 3064 m.
1697 3041 1766 3071 149.
1789 3033 1859 3072 quod
1879 3030 1952 3062 Am·

1095 3081 1219 3121 basiator
1238 3081 1339 3112 debeat
1364 3078 1453 3108 cizan·
1468 3077 1505 3107 ad
1524 3076 1646 3107 domum.
1690 3072 1749 3104 Sed
1771 3080 1848 3104 vero
1868 3071 1953 3104 illam

1096 3125 1209 3156 aedium
1234 3120 1451 3156 sanctitatem,
1473 3126 1544 3157 quae
1561 3122 1727 3154 tantopere
1745 3113 1930 3154 praedicatur
1942 3131 1952 3148 ,

1094 3165 1174 3197 tanti
1201 3173 1265 3196 11011
1289 3161 1351 3192 esse
1374 3158 1545 3191 habendam
1558 3180 1568 3196 ,
1592 3155 1742 3196 peculiari
1762 3154 1835 3186 loco
1851 3153 1954 3185 dicam

1094 3208 1125 3242 C.
1152 3205 1246 3240 XXI.
1291 3203 1368 3238 Non
1397 3201 1538 3236 violatur
1561 3197 1694 3234 domus,
1716 3204 1806 3238 quam
1834 3195 1959 3265 legaltusz

1908 3243 1953 3264 izi-¹
