2008 3436
186 125 252 160 168
424 112 830 152 CORNELII
905 121 1012 148 vAN

185 198 295 231 Gioffii
316 198 540 238 interpretatur
560 194 680 236 puellas
700 217 711 233 ,
743 203 802 235 quic
827 192 991 234 (igar-voiana
1016 192 1048 222 in

185 250 320 277 camera,
344 249 413 280 quas
429 238 542 278 puellas
560 237 714 273 mulieres,
737 236 767 266 ici
788 233 847 275 eft,
870 235 988 264 dominae
1006 243 1049 263 co-

184 288 279 312 maias
294 304 305 319 ,
328 282 398 322 (saia
423 288 515 310 conius
538 279 645 312 habent
660 300 671 315 ,
693 277 742 307 vel
761 281 887 309 cornutas
903 297 914 312 ,
938 276 967 305 ici
987 272 1048 314 eft,

182 328 300 353 ornatas
316 345 327 360 ,
360 327 501 352 exornant
521 319 578 358 fibi·
606 325 638 350 ut
664 315 885 354 clerentiusssli'nc
904 317 937 346 in
957 317 1045 346 [lartio.

185 363 297 402 Alias,
319 362 507 404 quoesciis'cet
521 361 624 401 puelia
642 364 784 390 exornant
801 364 928 388 conuztas
946 356 1046 386 maiie-

183 415 228 435 res
248 427 259 442 ,
282 406 312 435 za
329 402 390 444 est,
412 405 541 434 dominas
557 402 689 444 juvando
702 423 712 438 ,
736 409 783 430 eas
800 408 939 429 exornare
968 398 1047 437 capi-

183 451 237 476 ant
257 444 314 484 fibi
331 467 342 483 ,
364 445 483 485 scilicet
506 444 684 474 dominabus.
728 441 846 471 Verum
869 439 937 470 hzec
963 447 1046 469 mera

181 486 325 528 stribligo
345 485 389 517 cst
405 508 415 523 ,
440 495 510 526 quae
526 484 603 515 nihil
625 484 790 522 quicquam
808 480 953 511 extricat.
982 479 1044 510 Un-

182 529 221 559 de
244 529 273 559 &
297 529 358 568 jam
378 527 455 558 olim
472 526 509 558 ad
525 525 599 556 alias
616 524 783 557 Lectiones
800 520 965 552 decursum
989 518 1043 550 est.

183 569 344 601 Robertus
360 568 534 609 Stephanus
560 565 679 597 Parisiis
700 568 788 604 1528.
814 563 913 594 edidit
933 585 942 601 ,
976 570 1046 602 qzias

177 610 235 650 fibi
253 610 386 651 cosinetas
404 609 536 639 uuam-es
555 611 697 640 exornant
707 628 718 643 ,
733 604 818 646 quod
834 603 957 634 Fratres
971 605 1044 634 Sen-

182 652 304 683 netonii
329 650 428 683 secuti
456 648 526 680 sunt
552 647 697 688 Lugduni
724 655 813 686 1550.
842 644 1044 676 Haloander:

184 693 370 734 qiicej‘ciiicet
388 696 501 721 comant
519 689 651 719 ›aulieres
668 688 703 722 ὃ)
718 693 856 717 exornent
867 708 878 724 ,
900 685 985 726 quod
1002 682 1045 715 se-

183 742 275 765 cutus
302 733 348 765 est
372 731 592 763 Vintimillius.
652 729 687 761 In
715 728 810 759 variis
842 726 1047 758 Lectionibus

182 775 253 816 post
277 773 492 805 Haloandrum
520 771 620 812 reperi
644 771 756 808 etiam,
780 779 839 810 quae
851 767 908 806 fibi
934 771 1049 798 comant

183 817 328 847 marei-es.
359 813 449 845 Nihil
472 813 583 844 horum
600 812 723 853 placere
739 809 862 852 potest,
888 809 948 840 alia
962 808 1047 840 enim

182 858 276 889 nimis
290 858 406 887 abeunt
422 864 438 885 a
453 853 604 895 scriptura
620 852 802 884 Florentina
817 874 826 890 ,
850 850 909 882 alia
928 849 1048 882 sensum

182 899 284 930 adhuc
306 898 409 928 minus
430 896 613 936 expediunt.
696 902 764 924 uare
781 891 929 932 Cujacius
952 893 982 923 d.
1006 891 1047 923 L.

184 939 241 972 XI.
272 938 395 978 Observ.
420 937 452 968 C.
474 940 519 968 16.
543 935 708 977 legendum
723 941 833 975 putat,
857 934 920 974 quis
930 932 987 972 fibi
1005 942 1048 963 co-

183 991 245 1012 mas
271 981 403 1011 nuiiieres
432 983 574 1011 exornant
593 999 604 1016 ,
634 978 698 1017 quis
715 976 837 1008 scilicet
859 984 917 1015 pro
943 975 1022 1016 qiiez's
1037 996 1048 1013 ,

185 1024 285 1065 quibus
301 1044 311 1059 ,
335 1021 366 1053 ἅ
386 1020 537 1059 intelligit
559 1018 678 1060 puellas
694 1040 704 1055 ,
737 1026 805 1058 quae
828 1014 976 1055 ciniflones
1000 1015 1045 1046 di-

185 1071 302 1095 cuntur
321 1062 351 1094 ἃ
367 1062 529 1093 ornai'rices
544 1060 581 1091 in
599 1060 619 1090 l.
638 1062 688 1098 65.
715 1057 741 1099 §.
761 1068 789 1099 3.
810 1057 856 1098 ffa
875 1061 908 1088 ae
936 1058 1047 1099 Legat.

184 1105 239 1138 III.
265 1105 304 1136 de
321 1103 368 1134 his
387 1103 430 1134 ibi
449 1101 590 1142 quaedam
609 1100 713 1138 addit,
744 1100 774 1130 ὅς
791 1100 850 1131 alia
876 1098 947 1131 sunt
971 1098 1050 1139 apud

185 1145 395 1179 Laurentium
413 1143 596 1184 pignorium
616 1143 649 1172 cle
669 1141 769 1172 Servis
782 1146 813 1180 p.
832 1151 870 1171 nz.
895 1150 962 1180 197.
977 1150 1047 1171 200.

185 1188 221 1223 ἐφ’)
245 1196 316 1219 201.
362 1183 509 1216 Psecades
536 1183 655 1214 diceres
671 1206 681 1221 ,
712 1191 782 1213 nam
800 1181 913 1214 Psecas
937 1181 1050 1212 ancilla

184 1228 325 1269 disponit
333 1226 450 1257 crinem
459 1225 597 1256 dominae
605 1223 876 1266 apudJuvenalein
889 1221 1047 1263 SaterL

186 1270 261 1310 verfss
282 1275 353 1309 489.
375 1277 446 1307 490.
467 1266 503 1301 &2⁵
520 1276 591 1307 493.
638 1264 705 1306 Ipse
722 1264 889 1305 Pignorius
909 1263 1049 1304 Cosmetas

186 1312 312 1344 videtui⁴
330 1307 435 1350 legiss'e
454 1308 484 1339 in
503 1309 531 1339 b.
551 1308 570 1338 i.
587 1317 637 1347 49.
654 1313 704 1346 pr.
723 1314 793 1336 nam
816 1306 845 1336 d.
864 1310 896 1345 p.
917 1314 984 1344 197.
1004 1303 1048 1334 ait

187 1353 381 1394 Ccfinesaruin
405 1348 576 1380 meminiss'e
607 1347 797 1388 Ulpianum,
835 1344 989 1386 adscripta
1014 1343 1052 1375 ad

184 1394 356 1435 marginem
370 1401 424 1428 ea,
452 1399 542 1430 quam
563 1389 823 1429 interpretamur,
845 1387 923 1428 lege.
969 1384 1050 1416 Gro-

188 1437 252 1468 tius
276 1434 410 1466 Floribus
422 1429 524 1471 sparsis
541 1431 578 1461 aa
597 1430 628 1461 h.
646 1429 668 1460 i.
686 1439 737 1469 49.
757 1434 803 1469 pr.
822 1429 866 1460 ita
883 1426 1047 1459 rescribit:

180 1477 287 1520 puelia
304 1467 456 1515 fortaffls,
477 1471 540 1511 five
564 1471 693 1512 Cosmetae
704 1493 715 1509 ,
741 1471 790 1511 qia·
806 1470 940 1501 nzab'eres
969 1478 1049 1499 exor-

185 1524 287 1553 nanm
316 1524 379 1556 quo
398 1513 619 1554 significaverit
638 1511 807 1553 Ulpianus,
834 1511 957 1552 legato,
986 1518 1049 1551 quo

185 1561 224 1592 de
241 1558 362 1598 agitur,
389 1564 452 1586 non
478 1554 597 1596 puellas
617 1552 770 1585 duntaxat
789 1553 967 1591 contineri,
1000 1549 1050 1582 sed

188 1602 217 1634 ἃ
240 1601 346 1635 viros,
372 1597 426 1638 qui
444 1596 589 1628 ornandis
605 1594 786 1627 mulieribus
805 1594 998 1632 serviebant,
1020 1592 1051 1623 <St

188 1642 261 1674 inde
280 1640 463 1671 dicebantur
483 1636 633 1678 Cosmetae,
651 1646 722 1668 nam
742 1636 773 1667 in
790 1635 906 1667 Gloffis
924 1635 1051 1667 ,κομήτης

188 1683 234 1715 est
253 1681 506 1717 ornamencarius,
530 1683 657 1709 ornator.
701 1676 816 1709 Deliis
833 1675 991 1709 Cosmetis
1007 1682 1051 1705 et-

187 1726 250 1756 iam
270 1721 427 1764 Juvenalis
448 1720 528 1752 dixit
549 1720 648 1760 Satyr.
668 1718 723 1750 VI.
741 1718 816 1759 vers.
825 1727 898 1758 475.
911 1717 940 1749 ἃ
958 1723 1054 1748 vetus

190 1765 379 1798 Scholiastes
398 1763 622 1802 interpretatur
635 1770 679 1791 eos
689 1782 700 1798 ,
716 1761 764 1801 qai
783 1760 959 1790 ornamentis
979 1763 1052 1798 prae-

182 1809 256 1849 stant
267 1829 277 1844 ,
299 1806 329 1837 <Sc
347 1803 511 1843 distinguit
525 1802 562 1834 ab
583 1803 786 1832 ornazricibus.

234 1848 343 1894 Quum
359 1846 419 1876 viri
439 1845 559 1877 fuerint
575 1841 731 1874 Cosmetae
742 1866 752 1882 ,
765 1841 915 1883 Stephani
930 1839 1054 1878 Lectio,

190 1900 261 1930 quae
279 1897 334 1919 eos
354 1887 384 1918 in
402 1885 535 1918 feminas
554 1892 675 1923 mutat,
700 1893 764 1915 non
781 1882 932 1921 subsistit,
953 1882 1052 1913 Halo-

190 1931 275 1963 andri
298 1927 490 1966 subsisteret,
519 1926 540 1958 fi
568 1934 652 1964 non,
678 1934 718 1956 ex
738 1925 866 1966 ingenio
893 1923 983 1962 fieta,
1009 1923 1055 1953 ni-

191 1973 289 2003 mium
307 1969 467 2001 recederet
486 1977 502 1998 a
520 1966 619 1999 Libro
637 1967 770 2008 optimo.
817 1964 926 1997 Grotii
952 1973 1055 1996 emen-

191 2013 279 2044 datio
300 2012 396 2051 magis
417 2008 523 2048 sensu,
551 2017 642 2049 quam
671 2007 822 2039 modestia
842 2006 873 2038 se
896 2015 1055 2037 commen-

189 2054 253 2085 dat.
282 2052 428 2092 Cujacius
446 2050 588 2092 proxime
607 2048 643 2080 ad
662 2047 845 2090 scripturam
857 2071 866 2087 ,
887 2056 970 2079 nunc
988 2055 1056 2077 cor-

190 2102 331 2136 ruptam,
350 2092 472 2124 acccssit
485 2116 493 2131 ,
523 2091 572 2123 sed
593 2089 680 2121 casca
698 2090 810 2128 nimis,
832 2089 986 2129 nimisque
1012 2087 1056 2118 in-

193 2135 296 2168 solens
323 2133 399 2165 mihi
426 2133 551 2164 videtur
575 2141 611 2163 ea
637 2131 786 2171 locutio,
815 2131 877 2171 qais
893 2128 951 2168 fibi
966 2137 1058 2160 comas

192 2177 325 2217 nizibieres
342 2180 505 2212 exornant,
530 2173 592 2204 illae
620 2173 734 2213 quippe
754 2172 926 2203 ornatrices
943 2180 1007 2202 non
1027 2178 1057 2200 e-

197 2225 267 2250 rant
286 2216 508 2252 instrumenta,
534 2214 646 2255 quibus
665 2213 737 2254 ipsae
756 2221 906 2244 matronae
926 2210 1059 2252 capillos

194 2257 453 2299 componebant,
480 2263 513 2287 ut
542 2255 602 2286 effe
628 2254 780 2286 debebant
797 2276 808 2292 ,
846 2253 869 2285 fi
890 2253 929 2285 iis
953 2261 1058 2284 comas

193 2298 413 2336 exornall'ent,
437 2297 488 2329 sed
506 2295 578 2337 ipsae
597 2296 720 2327 ancillae
742 2294 894 2327 ornabant
911 2317 922 2334 ,
947 2295 978 2326 &
1003 2293 1059 2324 mi-

195 2339 356 2373 nisterium
379 2338 558 2382 praebebant
581 2337 775 2370 mulierculis
797 2335 956 2379 superbis,
989 2344 1058 2378 quae

799 2428 1161 2465 CAPUT

1084 106 1691 145 BYNKERSHOEK

1092 231 1343 271 interrogantes,
1370 228 1458 258 alcior
1476 229 1523 257 bic
1544 237 1629 268 quare
1646 229 1829 260 cincinnus?
1851 238 1884 262 ut
1916 244 1947 265 u-

1090 271 1210 303 venalis
1233 272 1300 302 lime
1328 269 1408 300 ridet
1432 269 1460 299 d.
1482 269 1582 309 Satyr.
1603 268 1660 300 VI.
1679 269 1754 308 versi
1771 280 1843 310 490.
1916 273 1951 306 d-'

1089 312 1131 343 do
1150 313 1267 344 nullam
1289 321 1329 342 ex
1349 311 1413 348 his,
1433 319 1507 350 quas
1528 309 1641 348 retuli,
1666 304 1834 343 lectionem
1849 313 1899 344 vel
1917 323 1948 346 e-

1088 354 1319 385 mendationem
1347 352 1440 382 etiam
1467 351 1538 382 ideo
1557 351 1680 392 placere
1698 373 1709 389 ,
1733 352 1818 393 quod
1844 353 1951 396 Ulpia-

1087 405 1145 426 nus
1166 396 1197 426 in
1221 396 1249 426 ci.
1269 395 1289 425 l.
1308 403 1358 433 49.
1374 398 1423 432 pr.
1443 402 1478 423 ea
1496 392 1649 423 duntaxat
1665 401 1806 432 enarret,
1831 400 1898 436 quie
1915 397 1946 430 in

1088 435 1272 476 prodeundo
1293 435 1402 465 uxoris
1421 432 1509 465 causa
1535 441 1664 475 compta
1688 442 1834 480 pai-atave
1861 435 1952 477 sunt,

1089 476 1282 515 lecticarios,
1305 477 1464 517 jumenta,
1488 475 1629 506 lesticam
1644 498 1654 514 ,
1680 476 1787 507 sellam
1804 500 1814 516 ,
1838 476 1949 511 burdo-

1087 527 1160 556 nes,
1184 518 1297 559 quibus
1315 515 1461 548 omnibus
1480 516 1598 555 utitur,
1611 516 1684 548 dum
1701 517 1732 548 in
1750 517 1880 558 publico
1897 518 1950 552 est.

1089 558 1150 590 His
1171 559 1312 599 adjungit
1330 558 1389 589 alia
1400 557 1571 598 mancipia,
1592 558 1707 598 pzieilas
1717 558 1954 602 f02·ta[]‘is,quar

1083 598 1141 638 fibi
1157 606 1283 631 εοπιαῑας
1302 599 1435 631 maneres
1453 605 1606 631 exornant.
1652 598 1771 641 Quaero
1788 594 1885 642 figitur
1902 602 1954 636 hic

1088 641 1226 681 puellas,
1251 651 1319 682 quae
1339 650 1403 671 non
1422 639 1525 679 domi,
1552 639 1602 672 sed
1619 642 1746 681 publice
1761 643 1957 676 mulierculis

1089 681 1276 714 serviebant.
1956 682 1958 712 ζ

1131 723 1200 756 Has
1215 723 1357 763 reperio,
1375 722 1417 760 fi,
1437 731 1472 754 ut
1491 732 1575 754 nunc
1595 724 1718 756 tandem
1737 726 1897 767 conjicio,
1909 727 1957 759 le«,

1090 775 1214 806 gamus:
1240 764 1348 796 Paelice
1361 763 1512 805 sortaffis,
1528 774 1617 805 qam,
1632 764 1690 803 fibi
1700 768 1838 805 comites,
1855 768 1954 800 malia-

1090 817 1134 837 res
1151 812 1304 838 exornant.
1350 805 1395 837 Ut
1414 805 1609 837 intellexerit
1629 806 1781 848 Ulpianus
1801 817 1852 840 eas
1871 809 1962 849 puch·

1092 848 1136 879 las
1147 871 1157 887 ,
1169 857 1242 888 quas
1259 848 1289 878 in
1308 847 1483 878 wodeundo
1492 847 1678 879 adhibebant
1688 855 1858 888 matronae‚
1867 846 1952 890 quas-

1091 899 1151 928 que
1170 888 1266 930 ipsas,
1302 889 1344 920 ibi
1361 888 1515 927 comites,
1540 898 1693 919 exornare
1709 888 1868 930 solebant,
1892 901 1955 932 quo

1092 930 1283 971 splendidior
1302 929 1378 961 effet
1397 929 1576 962 comitatus.
1624 929 1715 961 Unde
1734 930 1886 972 Ulpianus
1901 942 1956 964 no-

1091 973 1161 1004 strae
1186 972 1226 1003 L.
1238 971 1365 1011 almior,
1390 970 1427 1002 ad
1442 970 1626 1011 dignitatem
1645 972 1690 1002 ait
1707 973 1956 1013 pertinere,cam

1091 1023 1180 1045 comes
1207 1020 1344 1044 matronae
1364 1013 1517 1043 abducitur
1543 1013 1563 1044 l.
1586 1022 1613 1044 1.
1628 1012 1670 1085 ἕ.
1688 1023 1717 1045 2.
1737 1012 1779 1054 ff.
1806 1015 1839 1045 cle
1860 1014 1956 1058 Injur.

1093 1055 1133 1101 .&.
1149 1054 1213 1100 ipse
1240 1054 1294 1085 ille
1318 1054 1350 1085 in
1374 1054 1393 1085 l.
1424 1062 1470 1092 15.
1497 1052 1524 1094 §.
1554 1063 1601 1094 15.
1652 1055 1703 1086 od.
1727 1053 1865 1096 disputat
1883 1079 1895 1096 ,
1917 1065 1957 1089 an.

1091 1105 1273 1135 injuriarum
1305 1103 1446 1126 teneatur
1464 1118 1474 1134 ,
1518 1097 1570 1136 qui
1611 1096 1762 1127 comitem
1794 1096 1958 1130 abduxerit

1091 1136 1240 1175 feminae,
1270 1146 1334 1168 non
1359 1136 1525 1168 matronali
1550 1135 1636 1168 veste
1651 1160 1662 1176 ,
1700 1136 1752 1168 sed
1781 1139 1958 1171 meretricia

1092 1178 1214 1209 vestitae
1233 1177 1250 1209 ἱ)
1290 1178 1320 1208 dc
1353 1187 1430 1208 mox
1462 1177 1493 1208 in
1526 1177 1554 1218 §.
1584 1182 1630 1209 16.
1656 1178 1807 1210 comitem
1830 1174 1960 1220 definit,

1092 1221 1141 1260 qui
1161 1220 1312 1249 comitetur
1331 1218 1367 1253 {5⁹
1377 1219 1539 1259 sequatur,
1563 1218 1599 1253 ὅ)
1609 1241 1620 1257 ,
1639 1225 1672 1250 ut
1689 1221 1734 1250 ait
1753 1219 1874 1259 Labeo,
1894 1216 1978 1260 five·

1092 1261 1214 1291 liberum
1222 1258 1298 1297 ,five
1309 1259 1430 1305 servani
1441 1257 1521 1297 ,five
1539 1260 1695 1304 masculam
1705 1283 1716 1299 ,
1726 1259 1957 1301 fivefeminam.

1093 1301 1256 1341 Maneipia
1280 1299 1350 1332 sane
1369 1309 1532 1341 utriusque
1560 1301 1653 1332 sexus
1667 1309 1756 1333 erant
1776 1311 1808 1333 in
1825 1303 1963 1336 comita--
1978 1314 1986 1325 f

1095 1350 1130 1374 tu
1148 1367 1158 1383 ,
1192 1351 1228 1373 ea
1246 1340 1325 1383 saepe
1344 1350 1459 1382 pompa
1477 1364 1486 1380 ,
1521 1348 1557 1372 ut
1575 1341 1747 1373 Athenaeus
1768 1332 1982 1392 Deipntybph5''-

1095 1385 1138 1416 L.
1157 1383 1213 1416 VI.
1227 1389 1260 1423 p.
1281 1393 1320 1414 sn.
1339 1392 1415 1429 ².7.2·-
1434 1382 1571 1421 referat,
1595 1382 1690 1414 fuisse
1713 1383 1893 1425 Romanos,
1905 1395 1959 1427 qul

1095 1426 1203 1457 decem
1213 1448 1222 1464 ,
1236 1424 1300 1455 imo
1316 1424 1436 1470 *vrgmti
1448 1424 1547 1455 millia
1566 1423 1728 1456 servorum
1744 1425 1884 1466 alebant,
1896 1436 1985 1463 non·¹

1092 1466 1234 1511 quaestus.
1244 1473 1360 1507 gratia,
1385 1463 1436 1496 sed
1453 1465 1629 1506 praecipue,
1646 1472 1682 1497 ut
1698 1466 1807 1507 ingens
1823 1466 1898 1500 ess'et
1906 1477 1961 1500 co-
1978 1491 1979 1497 ,

1681 1506 1841 1540 Matronae
1866 1505 1974 1542 anci1-‘

1094 1550 1172 1583 lulas
1193 1549 1261 1581 suas
1285 1547 1440 1579 habebant
1461 1570 1471 1587 ,
1496 1547 1811 1587 anteambulatrices,
1833 1549 1961 1591 pediss'es
1980 1563 1989 1571 ⁴

1093 1509 1206 1541 mitum
1227 1516 1259 1538 m
1276 1506 1459 1548 prodeundo
1478 1516 1635 1538 numerus.

1117 1602 1169 1623 uas
1186 1615 1196 1630 ‚
1221 1591 1252 1623 &
1267 1598 1342 1630 quas
1357 1599 1420 1621 non
1438 1589 1512 1620 alias
1529 1588 1546 1620 ¹?
1571 1587 1748 1631 suppeditat
1772 1599 1823 1622 eas
1845 1591 1963 1625 notitia

1093 1602 1234 1665 fi'ainiliae
1263 1630 1396 1662 Urbanae
1432 1630 1513 1670 apud
1539 1629 1724 1671 Pignorium
1747 1632 1781 1663 de
1810 1631 1911 1665 Servis
1951 1656 1965 1667 ,Α

1093 1685 1132 1706 m.
1158 1683 1229 1705 211.
1255 1671 1291 1706 ὅ)
1304 1670 1337 1712 se
1379 1696 1387 1703 .
1430 1670 1521 1703 Addo
1561 1670 1763 1705 Ammianum
1797 1672 1923 1707 Marcel
1935 1673 1960 1707 i-

1093 1725 1186 1754 num,
1200 1714 1253 1756 qui
1271 1681 1411 1745 Liffiv.
1429 1718 1457 1753 pi
1468 1722 1508 1744 m.
1521 1720 1572 1752 25.
1596 1712 1824 1752 Familiarium,
1841 1704 1966 1757 inquit,s

1097 1758 1219 1799 agmina
1231 1761 1370 1796 tanquam
1381 1755 1566 1795 praedatorios
1581 1753 1711 1797 globulos
1723 1753 1788 1796 post
1804 1760 1891 1799 terga
1901 1762 1961 1789 tra-

1097 1800 1195 1835 bentes
1214 1819 1224 1833 .,
1245 1807 1280 1827 ne
1302 1795 1448 1828 Sannione
1469 1795 1603 1837 qzadem,
1622 1800 1655 1827 ut
1673 1797 1718 1827 ait
1740 1797 1891 1837 Comicus,
1914 1798 1964 1830 do-

1098 1841 1138 1871 mi
1156 1838 1266 1871 relifto.
1292 1835 1356 1882 Quo
1377 1838 1516 1868 comitatu
1533 1842 1668 1868 rizatronae
1688 1837 1864 1878 complures,
1884 1844 1964 1880 oper-

1100 1882 1138 1913 tis
1159 1881 1303 1920 capitibus
1320 1876 1523 1919 &basta-nis,
1533 1883 1586 1918 per
1595 1878 1690 1909 latera
1702 1878 1845 1910 Civitatis
1855 1879 1961 1913 cancia

1098 1921 1275 1963 disearrant.
1306 1920 1450 1954 Pluribus
1468 1918 1511 1949 ibi
1536 1919 1724 1951 comitatum
1739 1919 1831 1951 illurn
1848 1919 1963 1954 descri-

1098 1964 1169 2002 bit,
1202 1961 1252 1994 sed
1276 1971 1335 2004 ego
1358 1961 1440 1994 ultra
1456 1969 1520 1991 non
1538 1959 1693 1992 exscribo.
1738 1960 1771 1992 Si
1787 1960 1903 2002 igitur,
1926 1970 1963 1995 ut

1101 2004 1279 2042 tentabam,
1304 2013 1363 2044 pro
1382 2006 1507 2033 comatos
1519 2023 1530 2039 ,
1551 2011 1650 2043 parvo
1665 2000 1829 2033 molimine
1845 2025 1858 2042 ‚
1881 2003 1962 2046 lega-

1099 2055 1189 2084 mus,
1222 2047 1358 2083 comites‚
1387 2042 1593 2083 intelligimus
1611 2043 1691 2089 apud
1711 2042 1884 2084 Ulpianum
1907 2045 1979 2078 has‘

1100 2087 1239 2128 puellas,
1262 2096 1337 2127 quas
1348 2085 1402 2117 fibi
1415 2084 1549 2115 comites
1565 2084 1641 2125 legit
1656 2084 1686 2116 ὅς
1701 2091 1834 2116 exornat
1850 2092 1962 2118 mater-

1099 2127 1235 2160 familias
1249 2150 1259 2166 ,
1292 2136 1356 2168 quo
1374 2124 1548 2166 elegantior
1567 2125 1597 2157 &
1623 2125 1733 2165 majori
1758 2123 1841 2157 fastu
1858 2126 1965 2167 prodi-

1101 2177 1158 2201 ret.
1205 2167 1256 2201 De
1280 2167 1420 2209 superbia
1442 2165 1629 2197 feminarum
1646 2190 1656 2206 ,
1689 2167 1764 2199 dum
1787 2168 1965 2208 prodeunt,

1101 2209 1220 2251 poffem
1248 2209 1337 2255 plura
1357 2207 1488 2245 addere,
1512 2206 1562 2238 sed
1585 2217 1650 2239 non
1674 2205 1780 2240 addo:
1812 2208 1965 2241 nonnulla

1102 2258 1273 2292 occupaV1t
1284 2251 1413 2282 Marcus
1431 2248 1615 2281 Vei-cranius
1624 2249 1758 2283 Maurus
1776 2249 1810 2281 de
1820 2249 1898 2292 Jare
1907 2249 1967 2288 Liw

1103 2294 1230 2326 berorum
1250 2292 1283 2325 C.
1303 2289 1429 2326 XXIV.

1257 2428 1358 2464 XX.

686 2515 835 2564 Defensa
862 2516 950 2552 Icaro
971 2516 1012 2551 L.
1041 2526 1099 2560 25.
1126 2515 1165 2551 ff.
1193 2515 1237 2552 de
1263 2513 1464 2563 Fidejussor.

260 2616 385 2647 roximo
404 2614 516 2656 Capite
536 2614 696 2656 scripturae
713 2614 958 2646 coutroverfiam
972 2613 1060 2645 movi

280 2657 436 2697 Ulpiano,
463 2656 534 2696 quia
552 2666 600 2687 res
619 2656 708 2687 aliter
728 2655 811 2687 salva
830 2655 891 2687 esse
914 2665 979 2687 non
1004 2664 1060 2696 po-

199 2707 300 2737 terat,
334 2707 435 2736 nunc,
473 2698 544 2737 quia
568 2697 659 2728 aliter
687 2695 768 2728 salva
786 2696 846 2728 effe
865 2696 986 2737 potest,
1013 2695 1061 2728 In-

199 2740 315 2772 ter-ilitio
339 2739 394 2770 Uti
412 2736 554 2780 pofficletis
572 2738 760 2770 contendam
775 2737 814 2769 ad
827 2737 972 2769 tuendam
984 2737 1061 2777 ejus-

197 2783 268 2813 dem
296 2781 420 2827 Ulpiani
449 2779 633 2820 scripturam
652 2802 662 2818 ,
687 2787 778 2820 quam
801 2779 887 2810 varie
910 2778 1061 2819 Interpre-

200 2832 247 2855 tes
266 2822 394 2854 turbant
419 2821 450 2852 in
474 2821 502 2852 d.
527 2821 548 2852 l.
574 2830 624 2861 25.
669 2819 774 2851 Verba
795 2819 861 2859 ejus
876 2819 943 2850 haec
961 2817 1032 2849 sunt
1052 2829 1059 2850 :

202 2863 366 2895 illirreilas
383 2862 514 2902 scribit,
530 2860 558 2901 fi
574 2863 636 2903 qais
650 2867 703 2902 pro
718 2861 827 2901 pupillo
840 2883 850 2899 ,
876 2859 938 2898 fine
958 2861 1062 2890 tutoris

198 2906 369 2949 ‹zatioritate
388 2903 512 2944 obligato
524 2925 535 2941 ,
553 2904 712 2946 prodigove
723 2924 734 2940 ,
757 2902 804 2933 vel
817 2901 927 2942 furioso
940 2899 1059 2942 fidejus-

196 2947 270 2984 stris
283 2968 292 2982 ‚
315 2946 410 2986 magis
428 2944 478 3017 eslf?
489 2966 500 2982 ,
522 2950 555 2975 ut
572 2945 598 2975 ei
617 2954 674 2975 non
684 2944 903 2984 subveniatur,
925 2943 1060 2984 quoniam

203 2988 246 3029 bis
264 2987 396 3030 amadati
415 2996 448 3016 ac
464 2988 488 3016 io
505 2995 562 3016 non
579 2986 723 3026 competit.
753 2984 800 3016 Ita
818 2982 997 3015 constanter
1016 2983 1058 3014 le-

201 3036 285 3070 gatur
309 3036 338 3057 m
360 3027 506 3057 omnibus
530 3025 659 3066 Libris,
684 3035 762 3067 quos
780 3025 888 3063 adivi,
914 3024 1005 3056 MSS.
1030 3024 1061 3055 δι

202 3065 314 3104 editis,
339 3067 391 3097 nili
409 3067 493 3108 quod
511 3067 541 3099 in
559 3067 742 3108 quibusdam
757 3065 793 3098 fit
805 3091 813 3105 ,
838 3067 934 3108 magis
953 3064 1014 3106 est,
1032 3065 1061 3095 &

202 3106 331 3150 demde,
355 3113 515 3148 competat,
539 3107 589 3139 sed
608 3117 676 3149 quae
695 3108 778 3139 levia
798 3106 887 3145 sunt,
913 3107 959 3145 ὃς,
977 3105 1062 3147 quod

201 3153 237 3176 aa
257 3144 390 3189 sensum,
416 3148 504 3179 nullo
522 3147 699 3180 discrimine
716 3149 877 3180 habentur.
924 3145 991 3188 Ipse
1009 3156 1060 3178 ve-

204 3196 238 3217 ro
265 3188 366 3217 lenius
385 3188 507 3220 videtur
532 3189 671 3221 laborare
688 3213 697 3230 ,
729 3190 759 3223 &
777 3189 902 3231 quidem
928 3188 1000 3222 bina
1017 3197 1061 3221 ra-

1104 2613 1211 2652 tione3
1235 2612 1350 2652 altera,
1375 2612 1458 2653 quod
1479 2609 1540 2652 ipsa
1563 2608 1713 2651 fideiuffio
1735 2609 1896 2642 videretur
1921 2609 1968 2642 in-

1104 2655 1193 2686 utilis
1209 2677 1220 2693 ,
1244 2653 1423 2695 interposita
1439 2663 1497 2695 pro
1516 2652 1659 2693 pupillo,
1683 2651 1817 2693 prodigo
1831 2675 1841 2691 ,
1865 2649 1966 2683 furio-

1104 2694 1138 2727 so
1155 2719 1165 2735 ,
1189 2695 1262 2737 quia
1285 2695 1405 2727 inutilis
1433 2694 1477 2726 est
1504 2703 1614 2724 corum
1633 2692 1788 2734 obligatio
1805 2715 1815 2732 ,
1846 2692 1879 2724 in
1899 2700 1965 2724 tan-

1105 2745 1191 2775 tum,
1216 2745 1250 2767 ut
1270 2746 1309 2768 ne
1324 2736 1487 2777 negotium
1503 2734 1626 2775 quidem
1644 2734 1745 2766 ullum
1760 2742 1832 2765 cum
1849 2733 1898 2765 his
1934 2741 1964 2764 e-

1103 2777 1184 2810 stum
1201 2777 1414 2819 intelligatur3
1437 2777 1532 2808 altera
1546 2799 1556 2815 ,
1581 2775 1666 2817 quod
1679 2798 1689 2814 ,
1712 2774 1735 2807 fi
1751 2774 1803 2806 vel
1815 2773 1886 2815 fidej
1932 2774 1966 2806 io

1103 2817 1258 2858 subfistat,
1271 2827 1372 2850 tamen
1393 2816 1560 2858 fidcjtiss'ori
1580 2826 1644 2848 non
1661 2815 1882 2855 subveniatur,
1894 2814 1966 2857 quia

1102 2859 1225 2901 pupillo
1246 2881 1256 2897 ,
1280 2859 1413 2901 prodigo
1438 2860 1468 2890 ὅτ.
1493 2856 1616 2889 furioso
1637 2856 1772 2889 mandati
1796 2856 1879 2888 aCtio
1901 2861 1966 2889 non

1103 2900 1276 2941 competit:
1302 2910 1370 2941 quae
1388 2899 1470 2931 ratio
1489 2898 1616 2930 videtur
1627 2897 1718 2930 valde
1738 2896 1965 2939 inexspectata,

1103 2941 1133 2973 ἀ
1151 2941 1252 2972 minus
1268 2941 1387 2972 idonea.
1420 2939 1532 2972 Varios
1549 2939 1644 2980 igitur
1663 2937 1893 2977 emendatores,
1913 2945 1966 2970 va·

1102 2981 1166 3014 rios
1187 2981 1371 3023 interpretes
1388 2981 1494 3013 naCtus
1510 2978 1554 3011 est.
1573 2980 1743 3021 Ulpianus,
1766 2977 1836 3019 sed,
1854 2977 1964 3020 rejecta

1104 3023 1190 3054 omni
1213 3023 1449 3062 emendatione,
1474 3021 1567 3052 alium
1585 3043 1596 3059 ,
1643 3030 1712 3052 uam
1737 3019 1837 3052 adhuc
1859 3019 1964 3053 nastus

1103 3063 1148 3095 cst
1166 3087 1175 3103 ,
1210 3063 1413 3104 interpretem
1438 3063 1563 3095 videtur
1577 3062 1615 3094 de
1628 3062 1757 3095 iderare.
1800 3059 1853 3093 De
1867 3061 1964 3103 prima

1126 3104 1229 3137 uidem
1254 3105 1442 3137 difficultate
1468 3113 1551 3135 nunc
1572 3112 1637 3137 non
1660 3112 1747 3145 agam
1762 3126 1772 3143 ,
1805 3112 1877 3135 cum
1899 3102 1909 3134 i
1933 3099 1965 3133 se

1134 3144 1287 3186 ccurfius,
1313 3146 1343 3178 ὅ(
1360 3144 1429 3186 post
1447 3155 1518 3176 eum
1534 3145 1637 3187 plures
1659 3144 1711 3176 alii
1730 3143 1894 3185 exsequuti
1915 3149 1962 3174 int

1103 3197 1156 3221 cas
1170 3185 1306 3229 specics,
1331 3187 1442 3229 quibus
1458 3186 1525 3227 jure
1546 3183 1676 3223 subsistit
1691 3184 1858 3229 fidejussiO,
1881 3181 1964 3215 facia

1903 3230 1962 3263 pro

1985 0 2005 89 ,l

2002 95 2005 110 ι

1091 190 1129 220 de
1146 188 1271 229 singulis
1292 186 1447 218 cincinnis
1465 186 1495 217 in
1516 185 1680 218 confilium
1698 185 1802 227 ibant,
1827 188 1948 224 Psecam
1990 163 2007 219 il
