2008 3436
195 137 262 177 298
429 128 826 168 CORNELII

197 212 227 244 ἅ
252 211 363 243 deinde
385 211 500 250 alium,
535 211 575 242 ab
603 210 770 241 Advocato
797 207 858 247 iam
890 205 1059 242 defuneto,

196 252 405 293 compositum
430 252 510 293 (4),
533 252 626 282 etiam
643 258 806 291 precatus,
837 254 873 279 ut
893 246 1059 278 secundum

194 293 227 327 se
255 294 422 325 decernere
450 294 588 331 vellent,
621 290 697 329 sed,
740 289 882 330 quamvis
908 289 965 319 lite
996 296 1059 319 tam

195 335 317 375 prolixe
334 333 524 374 contestata,
548 335 577 365 δε
595 330 806 364 instrumentis
825 330 897 361 hinc
922 327 993 360 inde
1008 337 1060 360 cx-

195 375 328 414 hibitis,
350 376 430 407 nihil
451 384 552 407 tamen
572 373 781 405 definiverunt
801 371 956 407 Ordines,
976 369 1061 410 quod

197 417 297 449 turbis
316 416 542 458 componendis
561 414 684 446 sufficit.
730 411 894 455 Quicquid
919 411 972 442 hic
992 411 1060 441 illic

198 458 360 496 occurrit,
384 458 480 499 magis
502 456 638 498 pertinet
662 454 699 485 ad
722 453 943 491 differendam,
967 460 1061 492 quam

197 499 235 530 ad
253 499 423 530 tollendam
443 499 550 536 litem,
569 496 753 536 excogitato
772 496 804 526 in
821 493 945 534 singulis
963 491 1060 523 caufis

196 541 338 578 ὤονζμκῖι,
363 549 426 580 quo
442 540 490 570 vis
509 539 541 570 &-
558 538 605 569 vis
624 545 740 568 armata
755 535 991 578 prohiberetur,
1004 532 1059 565 sal-

197 590 241 612 vo
260 581 408 621 cujusque
423 580 490 620 jure
509 579 540 610 in
554 577 720 619 posterum.

241 623 421 662 Optandum
438 621 507 653 sane
532 619 628 657 esset,
653 627 688 649 ut
706 618 840 650 Ordines
861 617 984 648 tandem
1006 625 1057 647 au-

199 664 345 694 tior-itate
375 661 424 693 sua
450 661 696 699 intercederent,
729 660 759 691 ὃς
778 659 1060 699 quomodocunque

199 704 305 745 potius
329 704 400 735 lites
419 703 566 741 finirent,
591 711 681 743 quam
705 708 760 739 ut,
790 700 827 731 iis
853 709 917 731 non
940 699 1061 736 finitis,

199 743 290 776 causa
310 745 400 776 detur
415 744 542 784 majoris
562 743 724 774 turnultus.
768 741 892 772 Vereor
908 741 1060 778 cnim,ne

199 796 248 817 res
267 785 433 827 aliquando
454 786 484 816 in
505 793 635 816 nervum
650 790 809 823 erumpat,
835 790 869 812 ut
888 791 949 812 non
967 780 1061 812 semel

199 827 302 866 erupit
309 849 320 865 ,
343 826 536 867 apprehensis
553 826 582 857 δε
598 825 630 856 in
647 833 800 856 carcerem
815 823 915 854 dutus
936 822 1062 854 Officia-

198 868 298 906 libus,
335 869 384 908 qui
408 866 655 907 jurisdictionem
685 865 848 906 Haganam
877 863 1062 901 tuebantur,

197 919 255 950 qua
269 909 431 941 occ-alione
449 908 512 940 scio
526 907 729 939 deliberatum
758 905 838 944 effe,
861 915 898 936 an
916 914 980 936 non
996 904 1063 935 vim

198 951 231 981 vi
252 950 401 991 repellere
417 950 536 982 liceret.
583 948 779 980 Auctor-itate
796 947 892 987 igitur
912 945 1064 987 praesente

200 1001 277 1032 opus
294 990 360 1029 est,
383 1001 423 1022 ne
438 997 538 1032 partes
549 990 586 1021 ad
603 999 703 1028 arina,
725 998 792 1028 quae
809 987 890 1028 saepe
909 987 1062 1018 minitatae

198 1032 289 1072 sunt,
315 1032 481 1073 aliquando
498 1030 666 1071 prosiliant.
714 1029 815 1069 Atque
837 1029 905 1060 liaec
931 1027 1062 1059 austori-

201 1083 247 1105 tas
265 1084 282 1104 a
306 1073 377 1105 solis
394 1073 564 1105 Ordinibus
581 1070 749 1112 praestanda
763 1069 827 1108 est,
851 1078 919 1100 nam
938 1068 960 1100 fi
982 1068 1064 1100 inter

200 1125 274 1153 cos,
297 1115 347 1156 qui
374 1114 618 1155 jtii·isdi6tionein
646 1111 774 1143 nomine
793 1110 947 1150 Principis
972 1119 1062 1141 exer-

199 1165 291 1194 cent,
316 1156 354 1187 de
371 1156 484 1187 finibus
500 1153 722 1195 jurisdictionis
740 1151 907 1184 contentio
926 1151 1063 1188 oriatur,

200 1197 297 1228 solius
314 1197 465 1237 Principis
489 1194 533 1228 cst
552 1204 607 1226 eos
628 1194 704 1225 fines
722 1202 846 1233 regere,
873 1192 902 1223 ὃ(
924 1192 1065 1223 nomina-

201 1239 259 1270 tim
279 1247 400 1279 quoquc
417 1237 550 1269 Ordines
568 1235 655 1267 Holl.
681 1235 712 1266 in
733 1235 760 1264 d.
787 1233 814 1274 §.
838 1243 884 1274 13.
909 1233 937 1263 d.
961 1232 1062 1263 Fiduc.

197 1280 264 1322 jaff.
290 1280 342 1311 sibi
367 1278 563 1309 reservarunt
586 1275 803 1317 cognitionem
829 1283 938 1304 eorum
955 1294 966 1310 ,
995 1282 1066 1313 quae

204 1322 287 1353 inter
304 1320 430 1352 Curiam
449 1319 479 1350 δε
496 1315 717 1357 Magistratum
737 1314 903 1356 Haganum
918 1314 950 1345 in
967 1313 1068 1354 poste-

203 1373 273 1394 rum
289 1367 610 1393 controvertcrcntur.

246 1402 367 1434 Prodiit
386 1400 466 1431 haud
485 1400 527 1431 ita
544 1399 663 1440 pridem
682 1397 823 1430 Collatio
839 1396 898 1437 (5)
924 1399 1006 1428 inter
1030 1396 1066 1427 li-

202 1444 326 1480 bellos,
350 1449 412 1473 tam
429 1451 446 1472 a
461 1440 576 1479 Curia,
600 1449 692 1480 quain
711 1449 728 1470 a
751 1438 939 1479 Magistratu
963 1436 1067 1478 Haga-

202 1495 245 1517 no
262 1484 380 1522 editos,
406 1483 436 1514 ἅ
449 1505 457 1518 ,
485 1481 563 1513 lesta
578 1480 802 1521 inscriptione,
821 1478 1067 1520 exspes‘taveram

203 1527 385 1558 collationem
403 1525 547 1560 amicam,
570 1532 637 1564 quae
654 1520 851 1553 transaftioni
874 1519 975 1552 ansani
994 1519 1067 1550 dare

202 1567 323 1609 posset,
350 1564 399 1597 sed
421 1564 580 1604 comperi,
605 1564 672 1603 ejus
696 1561 865 1593 Austorem
889 1560 957 1592 fere
981 1561 1064 1601 pedi-

204 1610 262 1641 bus
279 1609 323 1639 ire
338 1608 369 1638 in
390 1606 495 1638 Curiae
512 1604 698 1636 sententiam
712 1626 723 1642 ,
745 1603 840 1634 variis
863 1603 959 1634 etiam
984 1601 1065 1633 adla-

204 1651 245 1682 tis
263 1648 455 1687 rationibus,
479 1656 554 1688 quas
575 1644 699 1684 nescio,
724 1654 762 1675 an
783 1643 879 1675 Curia
899 1642 965 1675 suas
984 1641 1066 1674 face-

205 1701 239 1724 re
265 1690 373 1721 vellet.
427 1688 495 1720 Iino
518 1695 638 1719 tantum
661 1695 701 1717 ex
726 1684 781 1717 suo
808 1693 914 1725 penu.
957 1691 1068 1715 contra

206 1732 296 1775 ipsius
319 1730 425 1762 Curiae
450 1729 654 1767 sententiam,
687 1727 732 1759 ibi
758 1725 878 1758 addidit
900 1725 1065 1764 Collator,

206 1781 244 1805 ut
268 1772 363 1804 Curia
393 1772 475 1802 hunc
497 1768 614 1802 foetum
643 1768 780 1802 noluerit
805 1767 935 1806 tollere,
968 1774 1072 1807 aperte

208 1813 339 1852 testata,
363 1812 457 1844 etiam
475 1811 556 1853 apud
572 1810 744 1852 Delegatos
763 1808 917 1841 Ordinum
936 1807 1071 1840 Hollan-

206 1856 266 1887 diae
278 1878 286 1894 ,
311 1853 341 1885 se
355 1863 413 1895 pro
428 1852 532 1894 spurio
549 1852 661 1884 habere
674 1850 856 1892 ‚quicquid
877 1848 923 1881 est
947 1849 1013 1889 ejus
1037 1848 1073 1880 li-

209 1896 297 1928 belli.
328 1895 410 1928 Mihi
431 1902 555 1935 quoque
574 1893 694 1925 animus
711 1891 774 1931 est,
797 1891 920 1923 resectis
936 1890 992 1929 iis,
1004 1898 1072 1930 quae

208 1938 301 1979 plane
327 1934 496 1977 superflua,
529 1935 668 1973 incerta,
707 1933 738 1965 ἀ
774 1932 948 1974 longiffime
976 1931 1076 1973 petita

210 1978 300 2017 sunt,
326 1977 433 2018 paucis
451 1976 628 2017 inquirere,
649 1985 686 2006 an
709 1975 747 2006 iis
759 1997 771 2013 ,
794 1983 870 2015 quas
891 1973 977 2010 dixi,
1001 1981 1076 2004 con·

210 2019 367 2052 troveriiis
392 2017 618 2058 componendis
644 2016 696 2047 vel
730 2014 908 2048 decidendis
940 2014 1074 2054 aliquam

210 2062 315 2093 lucem
333 2058 490 2090 affundere
509 2057 639 2099 possim,
660 2057 790 2098 prolatis
807 2055 987 2094 nonnullis,
1007 2063 1075 2096 quae

211 2102 244 2134 in
262 2101 324 2132 hoc
342 2106 527 2140 argumento
545 2099 678 2130 necdum
698 2098 821 2138 prolata
841 2097 917 2129 vidi.

254 2141 371 2173 Ordior
388 2150 405 2171 a
421 2139 579 2180 personis,
604 2139 634 2171 &
652 2139 690 2170 ab
711 2138 776 2176 his,
800 2147 869 2179 quae
891 2147 975 2170 nunc
990 2144 1076 2169 certa

212 2183 304 2221 sunt,
323 2181 504 2224 progrediar
524 2181 560 2211 ad
583 2181 722 2218 incerta,
746 2180 776 2212 δε
799 2179 837 2211 ad
857 2179 1010 2220 regulam,
1035 2187 1076 2210 ex

236 2234 295 2263 ua,¹
324 2233 395 2264 quae
418 2223 536 2254 incerta
563 2220 633 2252 sunt
650 2243 661 2259 ,
690 2221 824 2251 certiora
847 2220 929 2252 effici
951 2219 1076 2261 poffint.

244 2273 350 2296 autum
371 2263 415 2295 est
431 2262 460 2304 ἕ.
484 2273 515 2300 9.
540 2264 569 2294 cl.
589 2261 690 2293 Fidae.
710 2261 780 2304 juff.
807 2261 926 2293 Curiam
951 2260 1078 2293 Hollcin-

214 2308 268 2338 ἀίω
288 2304 521 2347 jicrz'sclitli'onem
546 2304 595 2345 effe
622 2309 800 2334 retenturam
827 2304 859 2334 in
898 2303 1020 2335 Nobiles
1043 2301 1080 2336 {5²

217 2348 350 2379 Silbciitos
374 2347 486 2384 Curtoe,
509 2355 567 2376 non
594 2349 759 2376 exercentes
781 2349 858 2375 artes
887 2343 1079 2375 Mechanicas

216 2389 263 2420 vel
280 2390 432 2426 zabernas,
455 2388 579 2428 itemque
598 2386 674 2417 alias
687 2385 840 2426 perfines,
865 2395 925 2426 qnae
933 2384 999 2425 fori
1011 2385 1074 2425 pri-

216 2430 360 2472 vilegium
382 2429 506 2464 habent,
529 2436 692 2474 quocunque
718 2427 776 2458 loco
804 2425 903 2468 Hagae
928 2426 1079 2457 habitave-

215 2473 288 2503 rint.
333 2469 438 2501 Verba
451 2469 578 2510 Belgica
591 2468 658 2500 liaec
675 2467 765 2500 sunt:
789 2467 849 2500 Die
864 2477 926 2499 van
943 2468 997 2498 den
1015 2467 1078 2498 Ra-

217 2513 249 2543 de
268 2511 458 2543 Provinclale
477 2511 573 2542 zallen
591 2510 698 2548 blyven
715 2509 856 2541 behouden
878 2509 912 2540 de
925 2510 1079 2548 privative

213 2552 379 2597 jilri'srlic'tz'e
401 2562 468 2583 over
486 2552 542 2582 alle
561 2553 593 2582 cle
615 2545 729 2588 Edelen
752 2560 787 2581 en
807 2548 997 2591 Suppoosten,
1018 2551 1081 2581 niet

219 2594 405 2625 exercet-ende
446 2594 546 2634 eenr'ge
575 2593 712 2633 neeringe
740 2591 774 2630 of
801 2591 1000 2623 hanclwerken
1032 2597 1081 2622 ten

220 2634 329 2675 cliethe
350 2635 459 2664 vande
479 2633 650 2675 Bur-geren,
671 2642 707 2662 en
723 2633 810 2663 oncler
824 2633 929 2663 andere
949 2634 1080 2674 geprivi-

220 2676 346 2718 ligem-de
366 2675 526 2715 perlbnen,
537 2674 646 2715 fimder
663 2672 865 2712 ontlerschez'd,
895 2673 928 2712 of
944 2675 989 2704 (lie
1009 2683 1084 2705 woo-

222 2728 279 2749 nen
296 2723 328 2757 op
344 2717 391 2746 bet
410 2715 479 2757 Hos
493 2715 526 2755 of
541 2717 573 2746 in
590 2715 644 2745 den
665 2712 739 2744 Haa
763 2736 771 2743 .
817 2712 879 2744 Pro
892 2715 979 2745 under
998 2716 1086 2746 ande-

222 2769 270 2797 re,
296 2767 330 2789 ut
349 2757 463 2789 lcoitui·
482 2756 513 2788 in
534 2755 716 2797 quibusdam
758 2752 961 2793 ¹ditionibus,
984 2756 1084 2787 omni-

222 2810 264 2832 no
281 2782 444 2840 legendum
461 2797 503 2830 est
520 2807 587 2829 over
599 2797 704 2827 cmclere
716 2816 728 2833 ,
751 2794 859 2826 calami
877 2795 929 2826 vel
943 2796 1010 2836 typi
1025 2806 1086 2828 rna-

222 2840 355 2872 nifcstus
371 2849 458 2870 error
473 2839 537 2877 est,
560 2839 646 2870 oncler
664 2837 788 2874 andere,
814 2845 884 2866 nam
909 2835 985 2868 dolo
1004 2837 1086 2869 malo

223 2882 254 2914 id
272 2889 429 2913 mutatum
443 2880 525 2918 effe,
550 2880 580 2912 δε
599 2876 801 2919 quamobrem
818 2884 973 2908 mutatum
991 2877 1089 2916 esset,

224 2922 362 2954 nondum
380 2922 470 2962 potui
490 2920 743 2953 animadvertere.
784 2917 882 2948 Porro
899 2926 1024 2950 cautum
1043 2917 1088 2950 est

226 2964 255 3005 §ss
282 2973 328 2995 10.
353 2963 476 3004 Jilcllces
492 2962 637 3003 Hagnnos
662 2960 711 3002 effe
729 2964 889 2989 retenturos
909 2959 1085 3000 jurisdlc‘lz'o-

226 3015 293 3035 nem
311 3006 344 3035 in
361 3014 404 3034 eos
417 3027 425 3042 ,
450 3005 500 3044 qui
515 3008 647 3034 exercent
666 3008 742 3033 artes
766 2999 958 3033 Mechanicas
977 3003 1025 3034 vel
1043 3009 1087 3033 za-

228 3046 330 3076 berncis
340 3067 351 3083 ,
372 3046 530 3086 ubicunque
548 3043 647 3086 Htagoe
662 3042 874 3074 habitaverint.
919 3043 1004 3076 Ecce
1019 3053 1088 3075 ver-

899 135 1008 162 VAN

270 3126 332 3163 (4)
354 3127 511 3164 Rcmarques
525 3137 556 3156 en
564 3126 678 3165 solulien
706 3133 734 3164 op
750 3125 792 3156 bet
805 3124 900 3164 Ampe!
921 3127 1032 3164 Berigt:
1053 3131 1092 3155 et-

230 3165 285 3193 iam
303 3165 356 3192 sinc
373 3166 416 3193 die
434 3166 458 3194 δι
475 3166 606 3195 Consule.

267 3202 327 3240 (5)
349 3202 456 3233 Collatia
472 3212 525 3233 van
538 3205 578 3233 het
590 3204 685 3241 Ampel
700 3203 797 3242 Berigt
816 3211 870 3234 van
891 3203 940 3233 den
955 3203 1032 3233 How
1043 3207 1093 3233 mu

1083 120 1680 158 BYNKERSHOEK

1101 201 1141 233 ba
1163 203 1306 243 Belgica:
1331 201 1390 233 Dfe
1414 211 1475 232 van
1493 202 1549 231 den
1564 200 1661 242 Haag
1679 201 1775 232 zallen
1797 202 1902 236 houden
1921 208 1954 241 de

1096 243 1261 285 jtcrz'rdz'c‘tle
1285 253 1353 275 orer
1371 243 1428 273 cille
1444 241 1620 281 persbonen,
1643 245 1827 275 exercerena'e
1850 255 1954 288 gemee-

1977 108 1999 179 ¹7³

1993 183 1999 211 i

1981 214 2002 292 l

1101 295 1136 316 ne
1153 285 1367 316 Hanclwerken
1382 294 1415 314 en
1437 283 1610 356 Neerz'ffen
1622 306 1631 322 ‚
1651 293 1698 314 zvo
1713 285 1772 314 wel
1787 290 1834 316 ten
1851 287 1953 330 diciiste
1998 295 2001 318 i

1087 336 1161 361 ,van
1178 329 1210 357 cie
1231 327 1358 368 Burgerr
1375 335 1436 356 ‘tan
1453 325 1509 355 den
1564 334 1638 367 age,
1660 325 1704 356 als
1728 335 1789 356 van
1808 328 1840 358 de
1868 328 1954 364 Edelg

1102 377 1138 398 en
1155 367 1344 408 Suppooften,
1359 367 1465 408 sunder
1477 366 1659 407 ondeischeid
1670 389 1679 404 ‚
1704 367 1737 407 of
1751 367 1783 397 de
1800 369 1879 400 zelve
1891 377 1952 411 per.

1094 408 1208 450 stmen,
1231 409 1335 440 doende
1359 408 1465 449 cilsslllre
1490 409 1573 438 πενίη
1926 409 1930 415 ‘

1102 460 1160 481 nen
1189 456 1222 490 op
1244 450 1290 480 het
1314 449 1383 489 Hos
1397 449 1430 489 of
1445 450 1477 479 z'n
1500 450 1556 480 <len
1600 447 1685 490 laag.

1102 491 1166 522 duo
1184 499 1294 531 genera
1318 490 1478 521 hominum
1491 514 1500 528 ,
1526 490 1659 521 alterum
1682 489 1806 530 Curiae‚
1827 493 1957 528 alterum

1619 407 1652 447 of
1676 407 1856 447 hand-werk,
1881 421 1954 445 woo-
1990 406 2001 446 ‘⁴1

1741 449 1792 481 Sic
1812 450 1955 489 habemut
1993 451 2001 473 ’ἲ

1102 531 1260 573 Judicibus
1278 531 1413 573 Haganis
1427 530 1767 578 subjeetum,·primum
1780 533 1957 575 compleffi.
1993 552 2003 570 ς,

1103 582 1152 605 tur
1170 572 1303 604 Nobiles
1328 576 1356 605 <St
1380 572 1529 606 Subditos
1551 572 1655 605 Curiae
1669 597 1678 612 ,
1710 573 1848 614 itemque
1865 575 1958 617 alios,

1103 615 1156 655 qui
1172 615 1219 654 jus
1236 613 1351 646 habent
1376 614 1546 645 revocandi
1570 616 1608 646 ad
1626 613 1772 653 Curiam,
1796 614 1958 650 secundum
2002 627 2003 640 ³

1103 655 1324 696 complestitur
1354 664 1555 695 quoscunque
1584 656 1691 688 fabros
1715 656 1745 688 ὃς
1774 656 1958 692 tabernarios
2002 654 2004 694 ᾗ

1103 696 1263 742 Haganos.
1306 696 1367 728 Sed
1387 695 1487 735 Hagae
1511 696 1630 730 habitat
1648 697 1776 728 tertium
1795 706 1890 744 genus
1904 697 1958 731 ho·
2002 716 2005 736 2

1103 747 1243 775 minum,
1266 738 1319 778 qui
1342 746 1400 768 nec
1417 737 1552 768 Nobiles
1566 737 1654 777 sunt,
1679 747 1737 769 nec
1760 737 1885 770 Curiam
1900 738 1959 771 fre-

1104 786 1275 824 quentant,
1297 788 1355 809 nec
1379 778 1545 818 privilegio
1570 779 1634 811 fori
1657 778 1687 810 se
1714 780 1791 810 tueri
1818 779 1941 820 possunt

1105 829 1162 852 nec
1179 827 1273 850 etiam
1293 817 1374 850 fabri
1399 819 1451 851 vel
1477 819 1644 852 tabernarii
1668 819 1748 853 sunt.
1794 819 1908 866 Quaero
1929 803 1961 854 id

1105 871 1202 902 genus
1219 860 1400 900 hominum,
1426 868 1461 891 ut
1481 859 1551 892 sunt
1568 862 1734 894 Sacrorum
1758 860 1963 910 Interpretoe,
2006 867 2008 873 “

1105 901 1252 939 Notarii,
1275 900 1431 948 DoCtoi-es
1444 901 1636 941 Medicinae3
1660 902 1968 944 Procuratores‚qu

1105 941 1778 1017 trgi1fait§strarant-{2¹geza
1802 938 1964 1017 risit

1107 1025 1239 1057 tionales
1257 1025 1468 1066 Ormgiorum
1486 1035 1594 1066 operas
1613 1026 1679 1058 suas
1692 994 1840 1065 'locantF
1853 1024 1964 1067 stipen-

2002 752 2006 861 l

2004 878 2008 931 i

1106 1067 1229 1098 diorum
1249 1066 1430 1097 militarium
1448 1067 1630 1106 exactores,
1649 1068 1701 1099 vel
1717 1068 1849 1109 denique
1868 1066 1967 1099 homi·
2006 1082 2008 1089 π

1106 1117 1160 1140 nes
1172 1130 1183 1145 ,
1203 1107 1255 1138 vel
1274 1116 1312 1140 ex
1330 1107 1417 1139 India
1430 1107 1586 1140 Orientali
1605 1108 1656 1139 vel
1673 1108 1796 1140 aliunde
1819 1108 1968 1148 reduces,

1106 1147 1205 1189 Judaei
1222 1156 1400 1194 magnates,
1426 1148 1520 1180 aliive
1535 1148 1636 1191 Hagae
1659 1149 1745 1188 nati,
1768 1149 1821 1181 vel
1845 1148 1888 1180 ibi
1914 1148 1966 1180 ad-

1106 1198 1214 1227 venae‚
1239 1198 1314 1233 qui,
1337 1189 1445 1229 pofitis
1471 1190 1503 1220 in
1529 1188 1653 1222 foenore
1681 1191 1831 1229 nummis,
1855 1188 1886 1221 se
1912 1189 1969 1221 suo

1108 1238 1170 1261 aere
1191 1229 1363 1274 exhibe-nt,
1394 1230 1424 1261 ὃς
1446 1230 1584 1270 reliqui,
1619 1240 1698 1272 quos
1723 1239 1970 1263 commemorare

1109 1271 1240 1315 longum
1263 1268 1359 1307 esset,
1384 1269 1434 1309 id,
1466 1270 1608 1315 inquam,
1641 1271 1768 1302 tertium
1792 1281 1907 1312 genus,
1931 1281 1970 1304 an

1111 1311 1149 1342 ad
1165 1310 1292 1356 Curiae,
1316 1319 1360 1356 an.
1377 1310 1414 1341 ad
1428 1310 1630 1351 Magistratus
1648 1311 1768 1352 Hagani
1781 1311 1969 1352 jnrisditrio·

1111 1361 1182 1384 nem
1207 1351 1403 1393 pertinebit?
1431 1351 1521 1383 silent
1544 1352 1679 1384 Ordines
1701 1353 1734 1384 in
1757 1354 1787 1384 αϊ
1810 1351 1859 1394 §§.
1882 1362 1912 1390 9.
1935 1351 1971 1389 δ’

1116 1403 1161 1424 10.
1188 1393 1218 1425 ὃς
1237 1393 1310 1424 hinc
1329 1392 1390 1423 illae
1410 1392 1590 1434 lachrymae.

1154 1435 1213 1467 Sed
1232 1434 1405 1475 priusquam
1423 1433 1462 1465 de
1482 1435 1579 1465 tertio
1602 1434 1659 1467 illo
1677 1444 1790 1476 genere
1809 1435 1970 1469 hominum

1110 1485 1197 1517 agam
1211 1499 1220 1513 ,
1252 1474 1396 1506 nonnihil
1416 1475 1670 1516 praemitcendum
1692 1475 1736 1508 est
1760 1476 1799 1508 de
1829 1476 1894 1516 his,
1917 1476 1970 1517 qui

1110 1517 1141 1549 in
1155 1518 1182 1548 cl.
1197 1515 1246 1558 ὃς.
1262 1516 1436 1548 enumerati
1453 1516 1546 1554 sunt,
1569 1526 1604 1548 ut
1615 1516 1765 1556 sciamus,
1785 1527 1841 1557 an,
1865 1526 1968 1559 quem-

1109 1558 1274 1590 admodum
1296 1566 1379 1588 nunc
1403 1557 1441 1589 de
1468 1557 1505 1589 iis
1530 1557 1672 1597 constat,
1709 1558 1751 1591 fic
1775 1559 1868 1592 etiam
1893 1558 1970 1591 olim

1109 1598 1311 1638 constiterit,
1343 1598 1384 1630 fic
1416 1598 1499 1630 enim
1520 1600 1693 1640 proclivius
1722 1600 1783 1631 erit
1814 1599 1907 1632 etiam
1931 1599 1971 1631 de

1110 1641 1178 1672 aliis
1192 1641 1339 1680 judicare.
1384 1639 1481 1672 Nunc
1507 1640 1630 1672 constat
1656 1649 1698 1673 ex
1715 1642 1744 1672 d.
1763 1640 1791 1682 §.
1814 1650 1844 1679 9.
1869 1639 1972 1672 Curiae

1110 1681 1357 1722 iurisdietionem
1376 1680 1438 1713 ess'e
1462 1681 1495 1712 in
1520 1681 1666 1720 Nobiles,
1689 1682 1719 1713 hi
1738 1682 1853 1723 quippe
1871 1681 1974 1722 primo

1111 1725 1187 1756 loco
1203 1730 1381 1754 occurrunt.
1428 1722 1476 1754 An
1493 1723 1570 1754 olim
1591 1722 1697 1755 Curiae
1712 1722 1860 1765 generalis
1877 1721 1974 1754 fuerit

1113 1764 1287 1807 jurisdiCtiO
1303 1764 1334 1795 in
1350 1762 1505 1803 Nobiles,
1529 1764 1575 1796 est
1600 1774 1656 1796 cui·
1674 1764 1824 1797 dubitem.
1867 1762 1976 1808 Quid,

1116 1807 1256 1848 inquies,
1279 1804 1428 1838 dubitas?
1451 1815 1522 1837 nam
1542 1806 1587 1837 ait
1607 1806 1635 1837 d.
1658 1805 1688 1847 §.
1713 1816 1742 1844 9.
1765 1804 1890 1838 Curiam
1911 1802 1975 1836 effe

1115 1853 1293 1881 retenturam
1320 1847 1381 1878 &c.
1425 1856 1499 1888 ergo
1527 1847 1634 1879 babuit
1659 1854 1732 1880 ante
1750 1854 1860 1879 annum
1881 1847 1972 1885 1614.

1117 1889 1268 1930 Largior,
1292 1887 1342 1920 sed
1361 1888 1508 1929 quamdiu
1529 1896 1601 1920 ante
1620 1888 1651 1921 d.
1668 1897 1782 1920 annum
1808 1889 1897 1927 1614.
1921 1885 1974 1918 ha-

1116 1931 1239 1970 buerit,
1263 1928 1339 1961 milii
1361 1938 1425 1961 non
1440 1927 1583 1968 constat,
1605 1929 1635 1961 δι
1649 1930 1752 1962 minus
1771 1925 1913 1966 constat,
1935 1933 1975 1960 aa

1118 1972 1197 2004 olim
1215 1979 1340 2013 quoque
1355 1970 1497 2002 habuerit
1505 1993 1516 2010 ,
1538 1980 1608 2002 nam
1631 1969 1660 2011 ἓ.
1681 1980 1734 2011 94.
1757 1968 1863 2001 Formoe
1884 1968 1976 2000 Can-ic

1119 2014 1202 2046 Holl.
1230 2015 1319 2053 1462.
1350 2012 1396 2044 ait
1421 2010 1545 2044 Curiam
1572 2011 1762 2052 cognoscere
1784 2019 1844 2042 van
1867 2009 1978 2052 obliga·

1119 2057 1182 2088 tien
1203 2064 1264 2086 van
1281 2053 1505 2091 Edelmannen,
1529 2059 1556 2083 te
1573 2058 1672 2083 weten
1695 2052 1821 2084 Brieven
1846 2059 1907 2082 van
1931 2059 1975 2081 eo·

1116 2108 1147 2129 re
1161 2121 1170 2137 ‚
1196 2097 1269 2127 daar
1283 2095 1322 2138 sy
1347 2095 1434 2126 henlu
1454 2095 1509 2125 den
1532 2094 1619 2125 onder
1642 2094 1747 2125 heuren
1767 2091 1867 2135 segele
1897 2091 1976 2128 mede

1117 2138 1280 2172 verhonden
1288 2136 1388 2178 stillen
1404 2137 1436 2169 he
1456 2137 1508 2167 hen
1516 2141 1548 2176 op
1561 2141 1669 2166 trouwe
1681 2157 1690 2174 ‚
1703 2143 1764 2166 eere
1782 2143 1818 2165 en
1827 2127 1977 2175 [εΙεεν-ὺείἆ

1089 2200 1093 2204 -
1109 2181 1209 2223 sekere
1231 2178 1374 2220 memz'ge
1396 2187 1458 2209 van
1474 2177 1646 2218 penningen
1671 2183 1697 2207 te
1723 2175 1857 2213 betalen,
1879 2173 1912 2214 ⁰f
1925 2181 1977 2205 nn-

1119 2224 1183 2254 dere
1210 2221 1320 2263 dingen
1347 2225 1373 2251 te
1404 2220 1486 2250 doen.
1530 2217 1645 2250 Rursus
1693 2241 1700 2248 .
1728 2221 1758 2251 8.
1788 2215 1883 2248 Form.
1909 2214 1978 2247 Cur.

1121 2262 1206 2295 Holl.
1233 2270 1323 2303 1531.
1351 2260 1436 2292 Ende
1451 2259 1625 2301 aangaande
1642 2259 1673 2289 oh
1688 2258 1802 2300 igatien
1819 2265 1881 2288 vem
1900 2255 1977 2288 Ede-

1122 2305 1147 2336 le
1165 2303 1301 2336 Mannen
1314 2323 1324 2340 ,
1335 2302 1432 2334 zallen
1445 2302 1519 2332 daur
1535 2310 1596 2331 van
1610 2309 1712 2342 magen
1729 2299 1841 2331 kennen
1860 2298 1876 2328 b
1907 2302 1978 2337 ρω-

1122 2346 1231 2377 ventie.
1275 2343 1325 2375 Ex
1342 2350 1476 2383 utroque
1492 2341 1521 2383 §.
1554 2340 1650 2373 Curia
1671 2349 1734 2372 non
1759 2347 1861 2380 cogno
1877 2337 1922 2368 cit
1942 2336 1983 2368 de

1121 2386 1259 2428 qualibet
1288 2384 1431 2423 afflone,
1465 2392 1533 2424 quae
1566 2388 1676 2414 contra
1705 2379 1855 2424 Nobilem
1873 2386 1981 2423 *quern

1121 2426 1277 2468 competit
1289 2424 1360 2464 ,sed
1377 2425 1415 2458 de
1430 2424 1495 2457 sola
1513 2423 1678 2461 cautione,
1693 2430 1752 2462 qua
1767 2418 1896 2453 Nobilis
1907 2425 1980 2458 pro·

1122 2468 1205 2503 misit
1225 2467 1256 2500 se
1275 2466 1392 2507 aliquid
1408 2464 1470 2498 ess'e
1491 2465 1636 2497 daturum
1655 2462 1706 2494 vel
1719 2459 1885 2508 facturum.
1930 2457 1982 2504 ¹.)ss

1122 2509 1303 2542 criminibus
1318 2507 1486 2540 Nobilium
1501 2502 1672 2546 judicandis
1695 2501 1772 2534 nihil
1793 2508 1919 2542 quoque
1938 2498 1984 2532 ibt

1123 2549 1297 2592 express'um
1312 2548 1368 2581 est.
1392 2547 1488 2580 Addit
1505 2547 1532 2577 d.
1550 2544 1577 2586 §.
1596 2548 1624 2578 8.
1643 2544 1679 2584 by
1695 2538 1982 2589 'Praesentia-Quod

1123 2601 1187 2624 non
1203 2591 1294 2623 aliter
1313 2588 1479 2629 intelligo,
1500 2594 1590 2631 quam
1614 2582 1768 2630 Nobiles,
1791 2582 1832 2614 ob
1853 2581 1984 2628 dign-118-

1126 2634 1167 2665 tis
1183 2632 1213 2664 ὅ(
1233 2630 1383 2673 potentiae
1398 2628 1616 2663 eminentiam,
1638 2632 1734 2656 etiam
1757 2622 1836 2664 apud
1857 2621 1983 2655 Curiam

1125 2673 1288 2706 conveniri
1327 2670 1413 2708 offe,
1436 2668 1486 2700 sed
1509 2665 1594 2708 poss'c
1614 2674 1760 2707 quoque,
1782 2663 1804 2696 fi
1827 2663 1913 2695 atior
1931 2670 1983 2695 νο

1127 2715 1187 2753 lit,
1210 2712 1290 2754 apud
1322 2711 1465 2747 udicem,
1490 2708 1521 2740 in
1541 2707 1628 2747 cujus
1650 2705 1812 2738 territorio
1827 2703 1988 2743 habitant,

1127 2763 1163 2787 ut
1178 2754 1216 2786 de
1231 2750 1432 2785 senatoribus
1447 2748 1492 2782 est
1510 2749 1540 2780 in
1559 2749 1579 2780 l.
1596 2748 1709 2789 penult.
1729 2745 1769 2787 ff.
1793 2746 1826 2777 de
1854 2745 1984 2777 Senator.

1131 2798 1162 2828 ὃς
1184 2796 1215 2827 in
1240 2794 1260 2825 l.
1278 2803 1318 2824 un
1337 2793 1368 2824 C.
1393 2793 1440 2823 ubi
1465 2792 1596 2822 Senator.
1630 2789 1677 2820 vel
1702 2785 1816 2827 Clartff.
1859 2783 1986 2818 Possunt

1131 2836 1226 2878 igitur
1244 2835 1281 2866 ad
1308 2833 1436 2866 Curiam
1460 2830 1562 2863 statim
1586 2830 1715 2867 vocari,
1747 2827 1825 2860 sicut
1855 2826 1885 2858 &
1914 2825 1986 2866 alii,

1131 2878 1184 2920 qui
1208 2884 1296 2918 parte
1321 2873 1372 2906 sua
1401 2871 1526 2905 adversa
1556 2871 1778 2903 imbecilliores
1800 2866 1986 2906 credunturb

1131 2928 1172 2950 ex
1189 2918 1215 2949 d.
1240 2915 1268 2958 §.
1293 2920 1322 2949 8.
1347 2914 1429 2946 reste
1457 2921 1584 2954 quoque
1606 2911 1719 2944 ibidem
1743 2916 1848 2955 agunt.
1894 2905 1987 2940 Curia

1130 2957 1309 2992 Hollandiae
1334 2956 1364 2987 in
1390 2955 1522 2992 Forma,
1546 2962 1637 2994 quain
1661 2951 1798 2992 coniecit
1818 2954 1867 2984 28-
1890 2948 1985 2981 Mart.

1136 3003 1222 3040 1670.
1247 2997 1428 3037 {impliciter
1455 2996 1507 3029 sibi
1531 2992 1776 3035 jurisdictionem
1802 2989 1913 3022 tribuit
1930 2987 1988 3031 (6)

1132 3050 1199 3073 over
1218 3038 1274 3070 alle
1293 3038 1406 3070 Edelen
1422 3048 1482 3069 van
1501 3035 1585 3077 onsen
1604 3034 1739 3066 Lauden.
1785 3031 1901 3070 Recte,
1919 3037 1987 3103 na?

1137 3121 1296 3158 tweederley
1310 3120 1478 3160 Schrifturen
1492 3130 1548 3150 vem
1563 3120 1611 3148 den
1626 3117 1718 3154 Haag.
1967 3119 1970 3123 '

1177 3159 1241 3199 (6)
1261 3161 1297 3190 1⁴.
1322 3169 1367 3192 ιε.
1387 3168 1428 3189 vs.
1449 3160 1523 3190 Over
1542 3159 1592 3189 aue
1611 3155 1715 3185 Edelm.
