2008 3436
193 99 636 141 OBSERVATIONUM
687 96 822 146 JURIS
871 95 1085 134 ROMANI

46 185 143 219 mium
157 194 287 217 numero
305 183 427 215 habitos
443 181 635 223 propinquos
645 203 655 219 ,
673 178 725 220 qui
742 185 807 208 atra
824 176 911 209 vesle

46 238 109 260 non
126 227 309 258 ''nc-„aiebant
321 249 330 264 ,
347 223 398 256 vel
416 224 494 255 hanc
510 222 666 253 exuebant
683 227 755 252 ante
774 226 908 260 tempus,

45 281 60 302 a
88 270 183 300 Paulo
205 267 378 299 definitum.
443 265 531 295 lutire
560 263 589 295 ἃ
603 262 639 294 ad
657 270 759 293 mores
775 258 880 291 refero
898 284 908 300 ,

47 312 130 352 quod
150 311 180 341 in
217 310 235 339 l.
260 316 305 349 17.
325 307 365 348 ff.
394 308 427 338 (Ie
470 304 583 346 porzsal.
611 303 706 335 ctiam
732 309 841 333 mortes
857 309 909 348 pa-

45 362 174 386 retusum
188 350 295 391 justam
308 348 465 390 praebeant
485 345 605 378 causam
622 343 784 390 differendi
802 353 908 389 matri-

45 394 164 431 monii,
189 402 250 424 non
269 390 369 431 quod,
396 389 415 421 ii
435 387 652 425 consentiant,
672 394 909 417 matrimonium

45 435 265 479 prohibeatur,
300 430 349 462 sed
375 429 459 471 quod
476 438 516 462 ex
538 426 651 469 sponsu
665 426 767 473 agenti
788 426 908 467 opponi

44 485 136 519 queat
152 473 298 514 exceptio
322 471 477 503 dilatoria.
522 470 571 502 Ad
596 478 699 501 mores
713 476 809 514 etiarn
828 466 906 499 refe-

46 529 101 557 ro,
125 516 207 558 quod
226 515 359 555 placuit,
381 513 596 544 exheredatum
613 510 838 552 qw,›quejzlium
862 511 906 540 lu-

45 560 123 592 tiam
142 562 167 589 o.
182 560 244 588 bere
256 557 357 597 patris
377 557 517 586 memors'ae
531 578 539 591 ,
570 553 717 595 perinde,
744 559 778 582 ut
798 554 829 583 in
847 561 906 582 ma-

45 609 91 633 tre
108 623 117 637 ,
145 600 234 637 cujus
261 598 411 629 hereditas
437 598 474 627 acl
494 595 596 636 filium
613 604 670 625 non
687 595 842 632 pertinet,
866 592 907 624 fic

44 644 126 676 enini
155 640 200 672 cst
225 639 303 681 apud
328 638 530 680 Papinianum
554 637 583 668 in
617 637 634 666 l.
653 636 710 667 ult.
739 642 788 682 pr:
810 636 851 675 ff.
873 636 907 665 de

44 684 105 718 His
130 686 180 725 qui
205 687 321 712 notant.
351 680 456 719 insum.
502 679 599 711 Reste
621 678 661 709 ibi
686 675 795 708 Glolla
816 687 832 722 z⁴
854 682 907 716 pro

45 733 125 759 motu
144 724 304 758 onftnijiai.
348 721 417 753 Nisi
432 720 540 760 malis,
565 722 593 751 d.
618 720 637 750 l.
651 720 708 750 ult.
732 718 907 759 intelligere

44 769 81 800 de
99 766 268 800 necessario
285 764 370 795 lustu
382 785 391 800 ,
416 762 466 803 qui
478 761 617 793 consistit
634 761 665 792 in
682 759 801 791 familia
818 757 907 790 fune-

46 809 138 847 stata,
171 806 290 848 quozid,
323 814 377 845 per
399 803 627 842 Novendizilia,
662 801 744 833 suem
761 801 840 846 fiunt
854 799 906 846 de-

45 850 166 883 functo.
215 848 259 879 lta
280 845 348 877 sane
369 845 528 876 intellexit
553 843 701 884 Cujzicius
717 842 752 874 ad
769 841 907 883 Papinia-

47 894 79 924 ni
108 893 142 921 Ι..
161 889 198 921 11.
225 887 336 933 Qoeoejt.
359 887 389 918 in
411 888 440 917 d.
463 887 483 918 l.
501 886 557 917 ult.
582 886 611 918 ἃ
630 885 674 916 ita
692 892 815 924 quoque
828 889 907 928 ¹tunc

48 931 207 965 intellexit
231 942 258 961 a.
285 931 303 960 Ι.
324 938 372 969 23.
392 928 464 960 Eod.
489 935 523 958 ut
538 935 648 967 nempe
669 924 698 956 in
716 923 906 969 parentibus,

48 975 154 1006 liberis
176 997 184 1011 ,
218 964 405 1011 reliquisque
429 968 547 1010 agnatis
573 968 602 999 ὃς
629 974 771 1006 cognatis
794 964 907 1005 aliquis

50 1016 150 1048 luctus
175 1012 346 1049 i'uil'ecerit,
379 1020 435 1041 nm
453 1034 460 1046 ‚
488 1008 606 1048 inquit,
631 1008 730 1038 latius
755 1015 874 1037 annuus
894 1028 905 1044 ,

42 1057 95 1098 sed
113 1054 207 1087 latios
231 1062 329 1083 rorem
356 1053 470 1082 dicrum
489 1072 498 1086 ,
528 1050 686 1080 transabiit
700 1048 873 1088 facillimus
893 1070 905 1086 ,

51 1099 122 1140 qui,
147 1105 182 1127 ut
197 1104 267 1126 ante
284 1093 426 1130 dixerat,
456 1089 630 1122 absolvitur
652 1091 798 1131 exsequiis
817 1113 825 1127 ,
848 1089 903 1129 fu-

49 1137 263 1178 neresaciendo
279 1159 287 1173 ,
304 1134 398 1175 justis
407 1134 560 1172 faciendis
585 1157 592 1171 ‚
615 1133 789 1164 celebranda
804 1140 904 1162 memo-

48 1183 96 1213 ria
114 1178 265 1215 defuncti.
288 1183 377 1218 atque
392 1177 481 1206 eti-'am
504 1177 534 1205 in
556 1174 664 1206 amitiit
688 1182 771 1212 atro,
793 1173 905 1204 dumis

47 1215 262 1263 supraterrawa
281 1217 331 1258 ast.
374 1217 542 1257 Reliquum
555 1216 673 1247 lustum
687 1215 833 1261 Cujacius
852 1213 906 1245 suo

38 1258 196 1303 'cujusque
212 1260 342 1292 arbitrio
363 1257 499 1299 permitit
511 1280 521 1295 ,
544 1257 673 1295 melius,
704 1265 740 1288 ut
754 1256 905 1302 arbitror,

47 1313 139 1336 ouum
163 1303 201 1334 L.
217 1300 308 1334 xxi.
336 1301 461 1340 Observ.
488 1299 518 1330 C.
544 1308 591 1330 12.
613 1298 774 1340 postquam
788 1297 907 1329 scilicet

47 1337 86 1377 <fx
105 1345 202 1378 Libro
216 1341 391 1374 Vesontino
409 1341 499 1372 aliter
518 1339 626 1380 sapuit.

90 1386 150 1419 Sed
170 1386 191 1418 fi
215 1384 384 1424 Ulpianum
408 1382 504 1413 Paulo
532 1380 732 1422 praeferamus
749 1403 760 1419 ,
791 1388 828 1412 ut
846 1390 906 1423 ego

47 1427 181 1471 praefero
203 1425 311 1457 multis
337 1423 534 1462 nominibus,
569 1422 656 1463 quia,
683 1432 755 1454 cum
775 1430 906 1454 ventum

47 1470 84 1505 ad
99 1477 209 1500 verum
223 1464 285 1505 est,
316 1464 414 1497 Paulo
432 1465 515 1505 leges
533 1473 698 1505 moresque
715 1471 903 1505 repugnant,

46 1509 121 1553 quid
147 1508 269 1542 tandem
290 1506 350 1537 erit
366 1530 375 1546 ,
400 1506 485 1547 quod
509 1504 554 1537 illi
578 1505 791 1548 reponamus?
814 1503 905 1537 Nihil

45 1553 138 1594 plane
158 1549 293 1583 turbaret
310 1547 396 1589 prior
412 1556 481 1588 pars
494 1548 646 1581 sententiae
657 1571 667 1585 ,
689 1557 759 1589 quae
772 1547 834 1586 ait,
853 1556 903 1588 pa-

46 1602 151 1626 rentes
167 1592 198 1624 &
215 1590 298 1623 filios
313 1588 445 1628 maJ‘ores
460 1586 513 1619 sex
533 1589 620 1621 annis
636 1598 717 1621 anno
733 1590 831 1629 lugeri
840 1594 905 1630 pos-

37 1636 93 1678 se,
116 1633 250 1666 minores
274 1629 379 1662 mense
392 1653 402 1668 ,
434 1629 579 1661 maritum
600 1631 709 1662 decem
725 1629 877 1670 mensibus
894 1652 905 1668 ‚

47 1677 78 1709 &
103 1681 254 1717 cognatos
278 1671 481 1713 proximioris
506 1671 617 1712 gradus
637 1672 732 1712 οξὶο,
756 1681 845 1711 nam,
870 1679 905 1702 ut

44 1717 152 1757 vides,
181 1715 242 1754 ait,
273 1714 372 1754 lugeri
382 1711 478 1753 poffe,
499 1721 594 1754 atque
620 1713 664 1745 ita
692 1720 755 1745 tem
780 1722 834 1744 ora
852 1713 903 1744 de-

41 1758 115 1794 finit
131 1767 173 1791 ex
189 1764 275 1791 more
292 1754 454 1794 civitatis,
479 1761 555 1786 tunc
572 1762 724 1797 recept03
762 1754 799 1786 ed
811 1753 902 1796 poffe,

626 1845 898 1883 CAPU

1158 96 1245 133 Lm.
1275 96 1325 135 V.
1376 97 1414 134 C.
1442 98 1540 135 XIII.
1571 98 1672 137 XIV.
1759 99 1827 137 161

954 176 1059 217 inquit
1075 175 1244 217 CuJ'acius,
1276 177 1359 208 dixit
1386 186 1445 217 pro
1465 179 1579 212 debere.
1625 180 1670 212 Et
1685 179 1755 222 quis
1773 179 1830 212 dn«

953 217 1056 255 bitet,
1090 217 1111 249 fi
1137 217 1225 249 Pauli
1250 226 1377 258 quoque
1397 218 1432 249 iit
1448 228 1519 260 pars
1541 220 1698 262 posterior
1703 221 1829 262 senten-

953 258 1029 290 tice?
1050 258 1117 290 haec
1134 259 1217 290 enim
1232 259 1294 290 ait:
1320 258 1385 304 Qui
1400 263 1648 301 contrafecerit,
1661 260 1831 300 'infamium

952 311 1074 333 numero
1087 301 1226 332 babetur.
1270 299 1316 331 Ut
1336 324 1345 340 ,
1379 302 1465 342 quod
1492 300 1595 335 sentio
1610 326 1621 342 ,
1661 304 1761 338 libere
1784 304 1830 336 di-

952 352 1040 382 cam,
1065 351 1130 374 non
1147 350 1226 383 puto
1246 341 1299 374 vel
1320 341 1478 383 integrum
1504 343 1583 375 illud
1604 347 1830 381 &mammosam

951 384 990 416 de
1009 392 1153 426 tempore
1176 379 1296 421 lut‘tus,
1329 383 1381 414 vel
1401 392 1489 415 certe
1505 394 1626 426 partem
1642 386 1708 427 ejus
1724 386 1829 428 poste·

952 426 1068 457 riorem
1095 425 1186 466 ipsius
1212 424 1299 456 Pauli
1321 423 1402 464 css'e,
1436 424 1486 457 sed
1504 426 1635 466 Aniani,
1661 426 1713 469 qui
1737 428 1828 461 Pauli

952 466 1120 499 sententias
1143 465 1298 508 excerpsit
1320 490 1330 506 ,
1365 466 1395 498 δε
1418 466 1469 498 hic
1495 466 1644 508 sequutus
1667 468 1712 501 est
1729 469 1826 501 ratio-

950 518 1022 540 nem
1039 508 1133 540 animi
1157 507 1221 547 sui,
1256 507 1308 539 vel
1327 517 1448 540 morem
1465 507 1510 540 sui
1530 511 1691 551 temporis.
1707 510 1828 557 Quem-

950 549 1118 581 admodum
1136 548 1275 581 Anianus
1301 547 1415 589 Gajum
1442 550 1472 582 ἀ
1495 549 1627 583 Paulum
1655 552 1826 594 interpola-

949 591 1055 632 verit,
1080 591 1118 622 ab
1136 590 1204 633 ipso
1223 590 1356 631 Cujacio
1373 591 1478 623 malim
1497 599 1531 623 te
1546 593 1708 634 accipere,
1733 603 1827 635 quam

951 642 967 664 a
983 642 1140 674 quoquam
1162 632 1236 664 alio.
1283 631 1311 663 Is
1333 638 1438 665 autem
1463 633 1539 666 Not.
1555 636 1650 675 prior.
1669 636 1707 667 ad
1726 635 1753 678 §.
1770 646 1823 678 34.

950 673 1026 714 Jth.
1053 676 1087 706 de
1102 673 1144 707 R.
1159 673 1202 706 D.
1225 673 1366 706 itainfit:
1392 671 1464 706 Non
1480 674 1522 716 est
1541 676 1615 709 liber
1632 678 1707 720 Gaji
1723 684 1826 719 purus

946 722 1064 757 putus,
1087 726 1156 748 nam
1171 717 1352 753 immutata,
1376 718 1500 755 addita,
1533 718 1695 758 detrabia,
1716 722 1823 761 depra-

950 765 1025 789 vata
1035 758 1111 799 sunt
1131 758 1226 789 multa
1246 758 1412 790 Gothorum
1432 759 1561 791 arbitrio
1578 783 1589 799 ,
1620 772 1638 793 a
1652 763 1761 803 quibus
1787 772 1825 795 ea

950 800 1175 841 qualiacunque
1199 800 1380 842 fragmenta
1402 803 1517 834 veteris
1540 802 1717 836 Prudentia:
1742 814 1824 838 acce-

947 843 1066 882 pimus,
1094 842 1232 883 suntque
1255 843 1379 882 puriora
1400 843 1492 875 multo
1507 844 1688 887 fragmenta
1704 845 1823 880 Panae-

951 883 1078 914 &arunu
1124 882 1167 914 Et
1185 882 1368 924 postquam,
1394 884 1468 926 quid
1488 893 1591 919 tamen
1608 887 1640 920 in
1659 887 1824 922 Pandettis

950 924 1178 965 interpolandis
1198 923 1288 956 ausus
1315 923 1424 958 fuiss'et
1451 925 1692 969 Tribonianus,
1723 939 1822 972 expo-

950 964 1056 997 suiffet
1066 965 1173 1004 ,addit
1186 976 1193 996 :
1205 975 1263 997 non
1272 966 1362 1006 secus
1378 974 1468 1008 atque
1490 969 1604 1008 Gothi,
1626 974 1680 1013 qui
1697 982 1734 1004 ex
1750 974 1824 1015 legi-

950 1006 1057 1049 bus&
1080 1007 1296 1045 moribus-suis
1325 1009 1358 1039 in
1381 1010 1460 1051 Gajo
1485 1008 1521 1044 ὃ)
1542 1010 1661 1044 PAULO
1675 1015 1761 1053 plera
1785 1025 1822 1047 ue

949 1055 1183 1080 commutarunt.
1226 1048 1369 1090 Excerpt
1408 1051 1505 1092 igitur
1520 1051 1574 1083 illa
1601 1052 1743 1087 Gothica
1789 1066 1822 1089 u-

947 1090 1063 1131 jacium
1090 1099 1221 1122 movere
1245 1100 1310 1122 non
1333 1091 1371 1122 de
1395 1099 1505 1124 uerant
1520 1116 1529 1132 ,
1563 1101 1599 1125 ut
1621 1104 1761 1130 mutatus
1784 1097 1823 1130 ab

949 1141 1007 1172 eo,
1042 1132 1096 1174 qui
1119 1139 1191 1163 ante
1217 1130 1340 1170 fuerat,
1374 1131 1503 1174 Ulpiani
1528 1143 1632 1175 partes
1654 1137 1821 1171 desereret.

949 1172 1037 1220 Quid
1055 1173 1194 1205 Anianus
1212 1173 1268 1205 fibi
1287 1172 1472 1215 sumpserit,
1498 1174 1519 1207 fi
1535 1176 1662 1217 prolixe
1679 1178 1759 1212 scire
1770 1181 1823 1212 de-

949 1215 1060 1247 fidcras
1073 1237 1084 1253 ‚
1116 1213 1287 1246 satisfaciet
1314 1214 1451 1255 Jacobus
1475 1214 1699 1253 Gothofredus
1718 1221 1826 1255 Prole-

947 1266 1025 1297 gom.
1043 1257 1080 1288 ad
1098 1256 1167 1287 Cod.
1186 1255 1321 1297 Theodosi
1347 1257 1379 1288 C.
1398 1257 1454 1290 VI.
1480 1258 1527 1298 &,
1559 1260 1582 1292 fi
1608 1262 1712 1294 minus
1734 1262 1822 1297 satis-

948 1297 1063 1337 faciat,
1089 1298 1166 1329 adde
1183 1297 1374 1330 Briss'onium
1391 1302 1426 1330 de
1440 1299 1524 1341 Jure
1547 1302 1767 1338 connubiorum
1785 1313 1825 1347 p.

949 1350 988 1372 m.
1004 1344 1054 1379 65v
1079 1339 1116 1375 &i’
1135 1343 1188 1371 66.
1212 1339 1243 1372 &
1266 1339 1461 1381 Hilligerum
1489 1341 1612 1376 Donell.
1643 1345 1754 1380 Enucl.
1776 1349 1822 1381 L.

948 1380 1076 1428 XXVI.
1103 1382 1134 1414 C.
1153 1391 1182 1414 2.
1206 1381 1244 1413 L.
1262 1383 1306 1413 A.
1330 1382 1379 1421 ὃς,
1404 1383 1457 1424 qui
1478 1393 1519 1416 ex
1538 1385 1678 1426 professo
1694 1389 1725 1421 id
1742 1389 1823 1432 egit,

948 1422 1118 1465 Baptistam
1136 1433 1154 1455 a
1166 1421 1237 1464 Jesu
1252 1422 1381 1456 Christo
1398 1425 1483 1458 Nov.
1499 1434 1595 1459 veter.
1612 1431 1727 1462 vindic.
1739 1431 1824 1473 Jur.

950 1465 1043 1497 Cfvz'l.
1070 1465 1145 1498 Art.
1165 1465 1210 1497 ll.
1234 1465 1373 1498 adductis
1398 1466 1431 1499 in
1457 1477 1525 1501 eam
1552 1477 1618 1502 rem
1644 1472 1755 1505 multis
1769 1483 1823 1506 au-

949 1506 1150 1539 {toritatibus
1177 1507 1208 1539 &
1236 1506 1400 1549 exemplis.
1452 1508 1730 1550 Tribonianismos
1765 1515 1848 1547 ille-

948 1558 1013 1581 non
1028 1556 1121 1595 negat
1134 1548 1167 1582 in
1187 1548 1365 1595 Pandefitis,
1390 1547 1442 1581 sed
1466 1550 1667 1586 Anianismos
1687 1555 1821 1597 largitur

947 1591 1053 1631 plures
1075 1600 1108 1622 m
1135 1589 1331 1631 Fragmentis
1353 1597 1497 1624 veterum
1522 1592 1686 1633 JCtorum.
1732 1597 1764 1629 Si
1779 1598 1820 1630 ab

947 1631 1072 1664 Aniano
1099 1631 1225 1673 culpam
1248 1639 1415 1672 avertere,
1453 1633 1483 1665 ἀ
1508 1634 1594 1668 illam
1628 1637 1666 1668 de
1690 1637 1821 1672 infamia

947 1671 1118 1705 clausulam
1136 1673 1168 1704 in
1186 1672 1395 1714 Interpretem
1410 1673 1498 1706 forte
1515 1676 1652 1718 aliquem
1675 1678 1820 1712 transcri-

942 1714 1020 1746 bere
1035 1714 1144 1754 malis,
1170 1723 1230 1756 ego
1245 1724 1311 1747 non
1329 1715 1514 1755 intercedo,
1539 1719 1637 1752 modo
1651 1729 1692 1753 ne
1710 1720 1821 1763 Ulpiaf

945 1765 989 1789 no
1009 1755 1040 1789 δε
1055 1756 1185 1789 veritati
1203 1755 1316 1790 obstet.

947 1847 983 1883 T
1080 1847 1228 1886 XIV.

622 1936 676 1974 Ad
697 1937 738 1973 L.
765 1948 817 1983 19.
845 1935 885 1973 ff.
912 1939 956 1975 de
981 1937 1085 1976 Offic.
1112 1939 1249 1976 Praefid.

112 2038 264 2072 ambertus
286 2036 382 2071 Goris
417 2037 551 2080 <quidni
573 2037 656 2070 enim
683 2034 896 2078 nominem‘2)

134 2081 286 2123 integrum
309 2082 552 2113 Commentarium
576 2078 695 2120 scripsit
718 2078 755 2110 ad
769 2079 796 2109 h.
821 2079 841 2109 l.
866 2079 897 2110 ὃς

46 2128 148 2154 tamen
166 2124 242 2154 adeo
262 2122 378 2163 liquida
395 2121 457 2161 est,
482 2129 517 2153 ut
531 2121 588 2153 vix
607 2121 778 2160 interprete
794 2120 896 2151 videa-

45 2172 97 2195 tur
113 2171 210 2194 eoere.
289 2172 334 2194 uae
354 2162 417 2204 ipse
431 2163 531 2202 dixit,
564 2173 582 2193 a
598 2171 648 2193 me
670 2170 709 2193 ne
725 2160 869 2202 exspecta
885 2184 895 2200 ,

43 2213 100 2236 cur
118 2188 177 2236 aiia
193 2213 260 2245 quae
283 2212 330 2235 arn
347 2203 531 2242 addiderim,
554 2213 630 2236 mox
650 2202 816 2244 intelliges.
842 2201 897 2234 Ait

43 2243 239 2277 Callistratus
258 2245 288 2278 in
304 2247 403 2285 princ.
434 2246 661 2286 Observandum
686 2242 727 2285 est
743 2245 799 2286 jus
829 2245 895 2275 red·

43 2287 144 2324 denti,
178 2295 211 2317 ut
236 2288 267 2318 in
290 2287 420 2318 adeundo
434 2286 725 2327 quidemfacilemse
741 2287 869 2327 praebeat
885 2307 895 2324 ,

32 2327 89 2368 sed
113 2330 259 2360 contemni
272 2337 328 2359 non
349 2329 508 2369 patiatur?
533 2331 609 2360 unde
624 2330 775 2360 mandatis
790 2328 896 2370 adjici-

42 2376 114 2406 tur,
136 2379 171 2401 ne
195 2369 338 2409 Praefides
360 2370 593 2401 Provinciarum
613 2371 646 2401 in
661 2370 832 2401 ulteriorem
839 2370 894 2410 fa—

41 2411 251 2443 minoritatem
268 2412 479 2444 Provinciales
493 2413 658 2443 admittant
668 2421 679 2449 ,-
696 2421 764 2443 nam
780 2420 817 2443 ex
830 2421 894 2444 con·

41 2452 206 2492 versatione
226 2455 334 2495 aeqnali
368 2455 541 2494 contemptio
562 2454 723 2495 dignitatis
747 2454 895 2493 nascitur.

39 2492 255 2535 Temperantia
270 2495 366 2537 igitur
386 2495 430 2526 est
445 2494 581 2526 facilitas
607 2495 637 2526 δε
651 2495 837 2535 auctoritas,
862 2502 898 2527 ut

39 2541 201 2577 utramque
229 2537 380 2568 virtutem
405 2536 594 2578 temperavit
616 2535 788 2577 Agricola3
825 2545 898 2568 nam

39 2575 192 2616 Tacitus,
216 2578 297 2609 bunc
316 2577 459 2618 laudans,
484 2578 516 2610 in
539 2579 604 2620 ejus
627 2579 696 2608 vita
721 2578 790 2615 C.9‚
814 2576 898 2610 inter

38 2618 98 2649 alia
116 2617 183 2649 haec
194 2618 280 2650 infit:
304 2628 356 2650 nec
378 2619 447 2658 illi,
467 2622 542 2662 quod
564 2618 606 2660 est
622 2618 819 2661 rarz'ffimum,
840 2625 896 2652 aut

33 2659 176 2700 facilitas
188 2660 397 2692 auetoritatem
405 2683 416 2700 ,
434 2669 488 2692 aut
495 2661 650 2701 severitas
666 2671 793 2694 amorem
808 2663 893 2693 dimi-

37 2702 117 2732 nuit.
159 2699 206 2734 Ut
232 2702 264 2733 id
289 2702 385 2744 magis
411 2702 578 2735 observent
605 2702 749 2736 Praefides
766 2727 775 2742 ,
808 2702 894 2734 addit

38 2739 250 2782 Callistratus,
281 2752 389 2775 eorum
412 2745 563 2777 mandatis
582 2744 734 2784 adJectum
750 2744 830 2784 effe,
853 2753 893 2776 ne

37 2783 249 2815 Provinciales
266 2784 432 2817 admittant
448 2786 478 2818 in
503 2787 673 2817 ulteriorem
687 2787 892 2826 familiarita-

39 2831 107 2856 tem.
150 2824 211 2856 Pro
229 2826 399 2858 ulteriorem
416 2825 619 2860 Hotomanus
637 2827 674 2859 L.
686 2827 742 2860 IV.
762 2828 890 2865 Observ.

38 2867 71 2899 C.
95 2875 139 2907 13.
160 2866 283 2906 reponit
300 2868 487 2906 interiorem,
499 2877 610 2900 contra
627 2869 768 2902 omnium
779 2868 891 2901 Libro-

36 2917 106 2940 rum
123 2906 226 2938 fidem.
270 2907 366 2949 quue
382 2909 529 2950 probavit
553 2910 738 2943 Lambertus
753 2933 764 2950 ‚
787 2920 893 2952 quam-

37 2949 87 2980 vis
99 2947 222 2990 probari
246 2959 309 2980 non
330 2949 490 2990 debuerit,
514 2958 643 2992 utraque
658 2952 741 2984 enim
757 2962 824 2984 vox
845 2961 892 2983 ea-

35 2990 106 3022 dem
128 2987 352 3030 significatione
377 2991 407 3022 ὅ(
427 2992 501 3023 alias
519 2993 667 3025 occurrit.
711 2991 894 3026 Ammianus

35 3030 243 3063 Marcellinus
272 3031 310 3062 L.
333 3030 438 3064 XVII.
472 3032 511 3064 de
535 3041 626 3066 terrae
651 3041 764 3067 motu:
797 3035 893 3066 Terra

36 3077 180 3104 tremente
204 3080 359 3104 ventorum
381 3075 458 3114 apud
481 3083 532 3106 nos
547 3075 718 3115 spiramina
731 3077 891 3118 multaſsen-

36 3115 113 3150 τίτί,
143 3116 218 3153 quod
240 3116 272 3146 t'n
294 3115 412 3146 ultimis
420 3113 575 3156 seceffibus
591 3124 786 3157 occupantur.
833 3118 889 3150 Ul-

36 3156 119 3230 timi}
135 3153 255 3230 sciIIicet
273 3165 332 3198 pro
348 3157 475 3190 intimis.
496 3156 600 3200 Atque
615 3159 660 3191 ita
677 3159 729 3198 hic
747 3160 889 3203 ulterior,

107 3207 158 3231 orn.
199 3221 206 3229 .

937 2048 997 2081 pro
1014 2037 1162 2080 interior,
1185 2039 1341 2081 ulterior,
1372 2046 1450 2084 puta
1464 2065 1476 2082 ,
1508 2049 1600 2085 quam
1618 2051 1674 2085 par
1689 2042 1754 2086 est,
1778 2053 1824 2079 ur„

940 2082 970 2114 &
988 2080 1098 2113 Glossa
1117 2083 1304 2124 explicavit.

981 2123 1041 2155 Sed
1058 2124 1134 2165 quid
1150 2123 1210 2163 est,
1237 2122 1320 2165 quod
1340 2125 1454 2166 audio,
1485 2126 1559 2159 ideo
1575 2126 1738 2161 vitandam
1753 2129 1818 2164 effe

939 2164 1067 2196 nimiam
1093 2175 1165 2198 cum
1191 2165 1446 2200 provincialibus
1469 2167 1719 2203 familiaritatem
1734 2193 1745 2211 ,
1777 2181 1819 2204 ne

939 2205 1107 2252 Przefidum
1124 2207 1294 2239 auctoritas
1318 2208 1487 2243 minuatur.
1534 2209 1588 2242 Sic
1601 2209 1663 2251 est,
1689 2212 1720 2244 &
1738 2221 1816 2245 ecce

939 2254 1113 2279 rationem:
1143 2259 1213 2280 nam
1233 2258 1271 2281 ex
1295 2251 1520 2291 conversatione
1539 2254 1649 2292 oequali
1685 2260 1816 2286 contem-

934 2291 1001 2330 ptio
1025 2291 1187 2330 dignitatis
1200 2292 1348 2331 naseitur.
1391 2292 1498 2327 Etiam
1522 2293 1578 2331 alii
1594 2294 1675 2327 hanc
1690 2293 1816 2329 senten-

940 2330 1016 2363 tiam
1045 2331 1113 2363 fere
1139 2332 1275 2365 totidem
1301 2332 1408 2366 verbis
1429 2334 1615 2368 extulerunt
1631 2359 1643 2376 ,
1685 2336 1716 2369 ὅ(
1740 2337 1817 2370 inde

938 2382 1064 2414 quoque
1088 2373 1156 2414 est,
1187 2374 1272 2415 quod
1300 2374 1447 2408 Valerius
1463 2376 1573 2409 scribit
1595 2377 1636 2410 L.
1655 2376 1696 2411 ΙΙ.
1723 2378 1756 2411 C.
1779 2383 1815 2413 6.

938 2414 966 2456 §.
989 2424 1036 2456 17.
1081 2415 1133 2447 Ne
1154 2416 1309 2448 Numidice
1328 2418 1448 2458 quidem
1468 2418 1568 2460 Reges
1582 2421 1784 2461 vituperandi
1799 2444 1814 2461 ‚

940 2457 992 2497 qui
1014 2467 1092 2490 more
1116 2458 1228 2490 Gentis
1242 2458 1307 2498 suae
1328 2459 1409 2491 nulli
1433 2461 1605 2493 mortalium
1618 2462 1749 2503 osculum
1757 2463 1813 2504 fe-

940 2500 1071 2530 rebant:
1102 2501 1248 2541 quicquid
1268 2503 1348 2533 enim
1368 2502 1400 2533 in
1420 2502 1671 2546 excelfhfafiigz'o
1682 2503 1813 2544 positum

940 2539 983 2581 est
998 2563 1009 2578 ,
1031 2542 1138 2573 humili
1151 2540 1187 2576 &³
1203 2543 1282 2574 trita
1309 2543 1539 2584 consuetudine,
1556 2546 1665 2588 quasit
1682 2555 1811 2578 venera-

940 2583 1053 2621 bilius,
1075 2593 1207 2616 vacuum
1222 2583 1274 2624 effe
1292 2587 1444 2617 convenit.
1489 2584 1569 2626 Sed,
1600 2587 1623 2620 fi
1641 2597 1753 2620 verum
1778 2597 1810 2620 a·

938 2634 1076 2664 mamus,
1107 2624 1161 2658 illa
1183 2624 1360 2658 admonitio
1386 2627 1426 2659 de
1446 2627 1574 2660 vitanda
1591 2628 1813 2661 familiaritate

937 2666 1031 2698 unice
1042 2666 1281 2699 accommodata
1297 2665 1343 2700 est
1359 2668 1524 2702 hominum
1541 2670 1640 2712 vulgo
1650 2693 1661 2710 ,
1674 2670 1727 2711 qui
1738 2671 1811 2712 plu-

935 2707 979 2739 ris
997 2707 1119 2748 haberi,
1153 2718 1245 2750 quam
1270 2708 1332 2741 effe
1349 2711 1475 2742 volunt.
1521 2709 1598 2755 Quo
1619 2711 1723 2743 minus
1737 2711 1810 2752 quis

935 2747 1032 2791 sapit,
1065 2759 1104 2781 eo
1125 2750 1222 2791 magis
1241 2759 1282 2783 ex
1306 2750 1371 2783 edit
1394 2751 1502 2783 latere.
1547 2751 1616 2794 Qui,
1628 2751 1810 2792 prodeunt,

935 2797 1041 2833 turpes
1063 2791 1217 2824 introrsus
1230 2815 1240 2832 ,
1287 2792 1405 2834 peciofi
1428 2792 1516 2824 veste
1535 2793 1669 2832 decora,
1702 2791 1810 2828 statim

935 2832 1163 2874 turpitudinem
1178 2833 1262 2866 suam
1289 2833 1438 2874 produnt.
1483 2832 1545 2866 His
1563 2833 1661 2874 igitur
1677 2832 1807 2867 vitanda

935 2871 1132 2906 familiaritas
1148 2899 1158 2914 ,
1189 2884 1229 2907 ne
1253 2874 1390 2906 detracta
1415 2873 1502 2905 larva
1532 2882 1778 2908 contemnantur
1793 2899 1808 2916 ‚

937 2915 1017 2947 tanti
1032 2916 1116 2947 enim
1135 2926 1153 2947 a
1174 2916 1289 2957 quovis
1305 2914 1371 2946 fieri
1391 2911 1547 2960 solemus,
1594 2916 1680 2948 uanti
1701 2916 1728 2948 is
1745 2926 1806 2950 nos

936 2954 998 2987 esse
1014 2954 1253 2988 existimaverit.
1297 2954 1385 2987 Hinc
1401 2955 1545 2988 imbelles
1603 2956 1713 2989 rientis
1740 2957 1802 2990 Ren

935 3006 1007 3038 ges,
1032 2998 1062 3030 &
1077 2997 1175 3037 olim,
1200 2998 1343 3035 &nunc,
1366 3005 1438 3027 raro
1453 2994 1517 3028 sese
1534 2996 1719 3038 ostendunt,
1738 3007 1803 3031 me-

935 3038 1114 3070 diocritatis
1130 3037 1191 3070 suae
1211 3038 1267 3071 fibi
1284 3037 1383 3085 probe
1404 3037 1534 3070 conscii.
1580 3037 1658 3072 Non
1675 3039 1802 3073 aliunde

935 3086 998 3110 tam
1014 3078 1110 3110 facile
1126 3078 1366 3111 existimationis
1383 3076 1445 3112 suae
1462 3079 1659 3122 naufragium
1677 3081 1802 3122 patiun‘

934 3128 985 3151 tur
1003 3119 1139 3152 humiles
1155 3121 1185 3153 &
1204 3121 1287 3152 viles
1307 3120 1422 3159 animi,
1445 3120 1499 3163 qui
1517 3120 1613 3164 longe
1626 3121 1800 3156 maximum

933 3161 1096 3197 hominum
1108 3171 1274 3237 aneruin
1290 3160 1505 3204 constituunt,
1538 3173 1631 3207 quam
1648 3173 1690 3211 ως
1707 3163 1800 3239 ΐειίῃῑ-
1838 3170 1843 3172 ·

1754 3214 1796 3238 ia-
