2008 3436
482 108 880 163 6011ΝΕ111
945 134 1051 161 vin

213 129 285 162 216

208 205 268 239 suis
288 206 438 247 privetur.
473 206 652 238 Austoritas
672 205 881 246 quoqueJ'uris
897 203 1008 245 praesto
1023 203 1067 235 cst

208 249 241 278 in
261 247 356 278 causis
380 247 515 287 ejusdem
539 247 606 278 fei-e
630 254 823 287 argumenti:
852 255 921 277 nam
948 246 969 277 fi
992 255 1067 277 unus

209 297 252 319 ex
269 288 406 329 pluribus
433 288 596 320 heredibus
620 297 684 318 rem
711 295 835 318 munem
858 287 947 318 causa
969 287 1065 317 vecti-

208 330 286 370 galis
314 328 479 370 subripiat,
505 330 666 370 portiones
691 328 804 358 ceteris
837 337 900 359 non
923 327 1066 358 auferun-

153 390 157 395 ·
207 378 259 401 tur
278 371 299 401 l.
320 375 349 405 8.
376 369 404 411 §.
422 379 447 401 1.
465 370 506 411 ff.
525 372 558 401 de
579 369 692 400 Public,
713 368 748 402 [5⁹
768 367 876 410 vestig.
909 369 952 400 Et
971 368 991 399 fi
1011 377 1064 398 co-

208 411 273 443 loni
294 412 344 442 vel
366 411 443 443 servi
462 410 604 451 cjus‚qui
625 410 767 440 dominus
785 408 828 440 est
846 409 975 448 alicujus
990 418 1065 453 prte-

206 453 273 489 dii,
296 451 414 484 ferrum
442 452 554 483 illicite
576 452 607 481 in
633 450 752 490 praedio
777 449 931 487 fecerint,
956 449 977 481 si
997 459 1063 490 qui-

207 493 279 525 dem
293 495 447 536 ignorante
470 494 603 528 [la-nino,
626 491 711 521 nulla
732 500 823 531 poena
849 491 995 522 dominus
1021 499 1064 521 te-

206 543 299 567 netur
326 535 346 565 l.
370 537 415 565 16.
443 533 470 574 ς.
495 542 541 564 11.
568 532 643 563 Eod.
696 530 765 563 Nec
793 531 942 563 creditori
964 530 1064 562 foene-

206 575 271 607 bris
292 575 430 616 pecuniae
451 576 613 615 quicquam
630 581 743 610 nocet,
765 572 785 604 fi
801 573 878 604 dolo
895 572 1066 609 debitoris,

206 617 329 648 illicitis
349 615 535 656 comparatis
555 614 725 652 mercibus,
739 613 866 651 cuneta,
891 623 959 654 quae
979 614 1067 644 navis

207 658 348 689 contine·
364 665 414 694 at,
447 655 552 687 Fiscus
581 655 784 695 occupaverit
807 655 835 685 d.
861 655 882 686 l.
912 665 943 696 3.
977 656 1009 686 C.
1031 655 1064 685 cie

206 699 304 730 Naue.
320 694 398 737 foe‘n.

247 739 307 771 Sed
325 738 398 778 quid
414 738 434 770 fi
451 738 609 769 licitarum
634 737 784 768 mercium
811 736 930 769 domini
952 736 1064 777 simpli·

205 780 286 811 citer
307 778 476 816 sciverint,
507 780 544 811 ab
564 779 633 810 aliis
657 778 751 809 etiarn
781 778 909 811 illicitas
932 779 963 809 in
986 787 1064 808 nave

203 821 323 862 imponi
335 820 440 852 Phanc
455 820 625 861 {implicem
641 818 801 852 scientiam
821 819 978 850 licitarum
989 828 1061 859 quo-

204 871 263 902 que
280 862 431 892 mercium
453 861 657 902 publicationi
680 861 784 891 locum
804 859 928 891 faciet?
946 860 986 892 lic
1001 860 1062 891 vel·
1083 894 1085 896 ,

203 903 235 935 16
252 903 377 933 videtur
399 901 570 934 Consultor
590 901 712 943 quidam
727 900 824 941 (15);
847 900 898 932 sed
918 901 983 941 ejus
1001 899 1064 932 sen-

203 944 303 975 tentia
322 953 381 984 ego
402 953 465 975 non
484 951 574 981 utor,
599 952 658 974 nec
676 951 774 983 reperi
793 943 887 973 etiarn
899 966 908 981 ‚
934 942 1017 983 quod
1035 942 1062 973 ei

201 984 421 1017 auctoritatem
437 985 583 1025 praebeat.
615 983 743 1015 Poterat
764 982 849 1014 forte
867 992 1062 1023 provocare,

204 1026 348 1065 quamvis
363 1035 424 1057 non
444 1034 619 1066 provocet,
645 1025 681 1055 ad
701 1026 728 1056 d.
745 1024 765 1055 l.
789 1028 835 1056 16.
858 1024 886 1065 ἓ.
908 1034 955 1056 11.
974 1024 1015 1065 ff.
1028 1025 1062 1055 de

204 1066 320 1098 Public.
347 1067 382 1101 &⁹
407 1066 514 1109 vestig.
541 1066 592 1097 ubi
618 1065 746 1097 domino
768 1075 830 1096 non
853 1074 965 1104 nocet,
990 1066 1010 1097 fi
1033 1074 1062 1096 eo

206 1109 362 1149 ignorante
378 1107 498 1140 ferrum
510 1108 541 1140 in
557 1106 612 1139 suo
627 1107 744 1148 praedio
756 1106 870 1138 illicite
885 1105 1059 1139 fabricave-

769 1205 1123 1243 CAPUT

1114 123 1716 161 BYNKERSHOEK

1111 203 1173 235 rint
1196 204 1303 236 coloni
1324 204 1375 236 vel
1401 203 1501 243 servi,
1532 214 1567 236 ut
1587 204 1627 237 fic
1650 215 1765 238 nocere
1787 205 1921 249 dixeris,
1941 213 1964 247 fi

1109 245 1181 285 quid
1198 245 1350 290 ejusmodi
1369 245 1424 277 fiat
1440 246 1551 277 domino
1561 248 1694 287 strenze,
1708 246 1757 278 sed
1772 247 1860 288 ideo,
1872 248 1974 286 scien.'
1995 244 1998 254 '

1108 292 1139 316 te
1157 285 1304 324 domino,
1327 286 1356 317 ei
1381 287 1530 324 nocebit,
1554 296 1625 328 quia
1644 288 1709 328 ejus
1730 297 1796 320 erat
1820 292 1963 331 prohibe-

1108 336 1160 364 re,
1191 327 1221 358 δι
1240 328 1364 359 colonis
1389 327 1545 369 servisque
1563 328 1622 360 suis
1639 329 1808 370 imperare,
1832 341 1871 364 ne
1893 335 1966 375 quid

1108 367 1254 399 illicitum
1280 369 1312 400 in
1331 369 1446 407 praedio
1476 368 1533 400 suo
1555 370 1708 402 facerent.
1753 372 1795 403 At
1824 373 1843 405 si
1864 375 1967 415 plures

1107 408 1244 448 domini,
1268 417 1303 440 ut
1319 410 1375 447 fit,
1400 410 1471 441 navi
1489 412 1638 442 onerariae
1657 421 1775 444 merces
1787 411 1853 446 suas
1869 416 1966 458 1111ρο-

1108 457 1203 494 nant,
1228 450 1305 481 alius
1324 450 1376 481 alii
1392 451 1470 482 nihil
1491 451 1595 492 potest
1615 453 1787 493 imperare,
1809 456 1882 495 quin
1904 468 1964 491 nec

1108 489 1161 530 ipsi
1187 491 1364 529 navarchO,
1396 492 1450 532 qui
1471 502 1590 524 merces
1625 495 1865 528 transvehendas
1889 507 1965 532 con-

1109 531 1209 563 duxit.
1255 531 1350 577 Quod
1366 532 1460 573 igitur
1476 534 1633 566 licitarum
1650 536 1800 568 mercium
1823 537 1966 573 dominus

1109 572 1273 618 prohibere
1300 582 1362 604 non
1390 573 1511 618 potest,
1544 585 1582 606 ne
1608 575 1661 616 ipsi
1689 585 1821 616 noceat3
1849 582 1966 620 poterit

1110 613 1233 653 quidem
1248 622 1366 644 merces
1383 614 1449 644 luas
1466 615 1599 647 retinere
1609 641 1616 652 ,
1629 616 1678 648 sed
1693 617 1711 648 fi
1732 620 1868 651 retinere
1882 630 1967 654 com-

1108 654 1235 685 modum
1252 663 1315 685 non
1328 653 1389 689 est,
1402 655 1533 687 aliorum
1552 656 1659 690 dolum
1677 658 1728 690 vel
1748 660 1872 701 culpam
1888 671 1967 704 prae-

1108 693 1185 726 stare
1204 704 1266 725 non
1288 695 1457 727 tenebitur.

1150 737 1202 768 Sic
1222 735 1345 776 quidem
1367 736 1444 775 mihi
1468 737 1612 777 videtur,
1644 740 1674 771 &
1697 741 1811 774 vellem
1825 766 1835 782 ,
1859 743 1965 778 secun-

1107 778 1179 809 dum
1198 778 1285 814 liaec,
1309 776 1399 808 Pacta
1423 778 1452 809 ὅ(
1465 777 1591 818 Edicta,
1614 789 1682 820 quae
1699 786 1966 826 commemoravi,

1107 818 1205 850 ess‘ent
1229 816 1342 858 scripta
1361 819 1389 849 dt
1414 818 1565 851 distincta.
1612 821 1643 852 Si
1674 829 1707 852 tu
1732 832 1839 862 putes,
1863 825 1967 860 distin-

1107 860 1243 894 ctiones,
1279 859 1321 889 ibi
1347 868 1410 890 non
1439 860 1592 900 expressas
1609 885 1619 899 ,
1648 862 1744 893 tacite
1765 863 1826 895 effe
1851 866 1965 900 intelli-

1106 900 1240 942 gendas,
1267 900 1296 931 ὃς
1313 899 1354 931 fic
1366 900 1456 932 Paeta
1473 902 1502 933 &
1522 901 1630 934 Edicta
1647 903 1795 943 explicari
1815 905 1901 945 posse
1910 917 1966 949 pro

1107 942 1192 972 varia
1218 941 1336 981 specie,
1363 950 1431 981 quae
1456 942 1586 981 incidit,
1619 944 1752 982 vellem,
1782 945 1801 977 fi
1830 948 1966 992 poffern,

1107 982 1179 1013 huic
1199 980 1360 1013 sententiae
1377 984 1542 1021 accedere,
1568 984 1619 1015 sed
1635 994 1763 1024 vereor,
1789 996 1827 1018 ne
1844 989 1966 1024 obirent

1105 1024 1199 1054 verba
1216 1023 1309 1054 nimis
1330 1025 1494 1064 generalia.
1520 1024 1660 1056 Confusa
1679 1027 1708 1057 <Sc
1727 1026 1855 1060 obscura
1875 1030 1966 1072 sunt,

1105 1073 1173 1103 quae
1201 1063 1240 1095 de
1263 1063 1310 1094 his
1339 1064 1484 1097 omnibus
1507 1064 1624 1106 scripsit
1647 1066 1811 1100 Albericus
1829 1069 1966 1105 Gentilis

1105 1104 1235 1147 Hispan.
1254 1104 1369 1138 Advoc.
1394 1105 1433 1138 L.
1455 1106 1480 1139 1.
1505 1107 1537 1138 C.
1556 1116 1606 1140 20.

1229 1205 1396 1241 XIII.

619 1290 670 1329 De
695 1291 864 1330 amicorum
889 1297 997 1338 bonis,
1025 1296 1058 1330 in
1083 1293 1215 1341 hostium
1243 1295 1381 1329 navibus
1405 1295 1552 1340 repertis.

236 1390 239 1391 ⁷
292 1401 344 1424 um
365 1389 434 1432 post
450 1390 604 1422 subaCtam
624 1391 662 1423 ab
687 1391 834 1433 Hispanis
852 1391 1040 1435 Lysitaniam
1054 1415 1064 1430 ‚

305 1433 414 1464 Batavi
434 1441 515 1464 anno
536 1436 625 1465 1602.
646 1433 758 1465 multas
781 1432 1000 1469 Lvsstanorum
1012 1443 1063 1464 na-

201 1485 257 1506 ves
282 1473 455 1514 cepissent,
489 1473 595 1505 scribit
631 1473 765 1506 Grotius
794 1470 833 1507 L.
863 1474 920 1507 XI.
948 1472 1063 1515 Histor.

202 1515 289 1557 Belg.
310 1515 348 1546 ad
378 1516 405 1546 d.
426 1514 509 1546 Amr.
532 1514 610 1546 [llud
635 1516 793 1556 obscurius,
819 1527 858 1547 an
881 1526 940 1558 quae
970 1517 1064 1555 captis

201 1558 235 1588 in
260 1557 403 1595 navibus,
431 1555 667 1588 Italormirhona
681 1559 925 1596 inveniebantur,
946 1559 977 1588 in
992 1563 1063 1598 prae-

200 1600 269 1629 clam
287 1596 444 1629 cederent?
465 1597 526 1628 Res
543 1599 621 1628 inter
634 1600 794 1640 nequitatem
813 1599 848 1633 ὅ)
859 1600 909 1641 jus
924 1599 992 1630 belli
1003 1609 1060 1630 me-

198 1640 252 1670 dia
271 1637 455 1681 trarzfigerzdo
473 1639 566 1680 decis&
581 1637 630 1679 est.
676 1639 777 1681 Igitur
805 1649 879 1672 tunc
902 1640 1061 1671 dubitavit

200 1678 351 1718 Grotius,
377 1689 415 1711 an
439 1680 519 1711 bona
543 1681 734 1719 amicorum,
760 1682 790 1713 in
816 1680 949 1713 hostium
972 1681 1060 1712 navi-

199 1721 260 1752 bus
277 1728 418 1761 reperta,
442 1730 500 1762 pro
517 1720 680 1754 hostilibus
704 1721 801 1754 essent
831 1722 985 1760 habenda,
1011 1721 1062 1754 sed

200 1771 264 1794 non
291 1761 446 1794 dubitavit
472 1763 504 1794 in
529 1761 633 1795 Libris
653 1765 686 1794 de
707 1762 784 1804 Jure
803 1763 880 1795 Belli
897 1773 930 1794 ac
950 1763 1061 1801 Pacis,

199 1813 278 1887 2¹²}
293 1803 492 1876 edidiixiiissss
516 1807 611 1875 ¹⁶32.
632 1814 711 1876 {3331
720 1804 881 1878 ‘sirit‘
894 1804 981 1878 iffi-1¹¹
985 1804 1065 1877 Lissi

200 1854 428 1926 quae'liostium
453 1854 552 1924 sur’it,J
574 1895 636 1917 non
660 1896 729 1926 quae
754 1856 925 1919 3111160111111
943 1869 1065 1927 ,’1icet

199 1926 281 1967 apud
311 1925 415 1958 hostes
446 1926 735 1968 deprehendantur,
768 1929 798 1960 in
825 1928 949 1969 oppidis
978 1927 1065 1959 forte

199 1976 327 2009 eorum,
353 1975 405 1999 aut
424 1968 504 1999 intra
516 1967 671 2008 praesidia,
696 1969 767 2001 inde
783 1979 859 2001 mox
879 1969 976 2001 efficit
991 1968 1020 2010 ᾗ.
1031 1973 1061 2000 6.

199 2017 241 2038 ex
260 2008 331 2047 Jure
346 2007 500 2040 Gentium
519 2018 582 2040 non
601 2009 663 2041 esse
702 2011 861 2042 aroemiam
881 2011 1041 2051 vulgarem
1053 2033 1064 2049 ,

199 2047 313 2089 hostiles
333 2049 441 2089 censeri
463 2059 508 2080 res
523 2071 535 2088 ‚
563 2051 596 2080 in
624 2018 744 2091 hoffium
767 2053 892 2082 navibus
915 2056 1060 2092 repertas,

200 2089 253 2121 sed
269 2099 325 2130 pro
341 2089 524 2129 hostilibus,
549 2100 589 2121 ex
605 2091 825 2131 praesumtione
845 2092 971 2133 quadarn
985 2091 1062 2128 ,esse

200 2130 377 2169 habendas,
399 2130 501 2162 donec
519 2132 711 2164 contrarium
727 2132 854 2173 liqueat.
879 2133 978 2174 Atque
995 2135 1059 2171 ita,

201 2172 325 2214 pergit,
349 2173 382 2202 in
403 2171 569 2203 Hollandz'a
585 2170 682 2212 nostra
693 2173 759 2214 jam
777 2174 864 2211 olim,
886 2184 963 2205 anno
972 2175 1059 2214 ch‘li-

205 2218 251 2243 cet
275 2217 364 2254 1338.
383 2211 535 2255 flagrante
554 2223 617 2244 cum
631 2214 797 2253 Anfiatz'cis
814 2215 903 2253 bello,
921 2215 1061 2256 frequen-

202 2255 227 2285 ti
249 2253 359 2284 Senatu
388 2255 553 2296 judicatum
573 2276 585 2292 ,
620 2254 655 2289 ὅ)
678 2266 715 2287 ex
741 2256 873 2298 judicato
903 2257 936 2287 in
969 2257 1061 2298 legem

201 2293 342 2335 tranfiiffe
359 2296 490 2334 comperi.
536 2295 675 2328 Eandem
692 2295 894 2337 quaestionem
920 2298 1062 2328 tractavit

199 2336 282 2367 idem
309 2335 440 2368 Grotius
469 2336 542 2367 Not.
566 2337 604 2367 ad
621 2337 661 2369 L.
685 2337 738 2369 ΙΙΙ.
764 2339 797 2369 de
817 2338 893 2378 Jure
914 2338 948 2369 B.
969 2338 1004 2373 δ’
1022 2338 1060 2369 Ρ.

202 2378 235 2408 C.
259 2386 283 2408 1.
305 2376 332 2418 §.
351 2387 382 2417 5.
399 2387 429 2409 n.
448 2387 478 2418 4.
504 2377 626 2409 laudata
643 2378 748 2410 eadem
773 2380 903 2411 Senatus
926 2379 1060 2411 Hollan-

200 2417 263 2449 dici
281 2417 444 2451 sententia.

243 2458 338 2504 Plane
355 2469 415 2500 ego
436 2460 568 2493 inscitiae
588 2470 664 2493 meae
683 2461 849 2504 indignor,
875 2461 961 2503 quod
981 2462 1061 2493 hanc

197 2508 271 2531 anni
296 2505 385 2542 1338.
412 2500 595 2533 sententiam
612 2512 671 2534 nec
694 2504 860 2544 repererim
877 2527 886 2542 ,
911 2503 985 2544 quin
1004 2512 1061 2534 nec

197 2539 373 2580 intelligam
392 2564 400 2578 ‚
433 2543 503 2582 quis
525 2542 657 2573 Senatus
683 2544 714 2574 id
741 2545 880 2584 judicare
903 2544 1059 2585 potuerit:

200 2580 324 2612 constat
349 2583 432 2613 6111111
487 2583 555 2613 lena
583 2583 668 2619 fido,
702 2585 827 2625 integro
853 2585 922 2616 fere
947 2584 1062 2616 saeculo

202 2620 293 2662 post,
317 2621 443 2654 Curiam
463 2591 643 2654 {Iollandiae
661 2623 785 2656 demum
806 2624 969 2657 instituisse
992 2625 1065 2657 Phi-

199 2663 321 2703 lippum
342 2664 403 2695 Bur
421 2663 553 2694 undum.
596 2663 680 2694 Idem
701 2665 825 2704 quidem
841 2666 972 2697 Grotius
988 2665 1060 2697 Not.

201 2705 239 2735 ad
258 2705 287 2735 d.
307 2704 346 2735 L.
372 2673 427 2736 ils.
455 2705 488 2735 C.
511 2713 536 2735 1.
562 2703 590 2746 §.
609 2713 640 2744 5.
664 2713 694 2735 n.
711 2714 741 2744 4.
767 2705 899 2750 innova
914 2706 1064 2738 Editione

200 2744 293 2776 habet
311 2755 425 2777 annum
454 2750 544 2787 1438.
588 2745 648 2777 Sed
673 2745 702 2777 ὃς
730 2746 913 2784 noviffima,
944 2746 973 2777 &
993 2747 1064 2778 anni

202 2790 292 2827 1632.
338 2786 448 2818 Editio
464 2787 495 2818 in
513 2785 626 2817 Forma
646 2785 754 2817 oetava
771 2785 878 2827 (quarn
900 2786 963 2827 ipse
982 2785 1063 2818 Gro-

199 2826 263 2857 tius
292 2832 321 2862 8.
350 2827 423 2868 Apr.
448 2831 539 2869 1632.
563 2826 818 2858 accuratissimam
846 2826 907 2857 ess'e
935 2828 1062 2860 testatus

200 2866 264 2908 est)
289 2868 319 2899 in
337 2869 365 2899 d.
383 2868 412 2910 §.
433 2872 462 2900 6.
489 2868 641 2900 exhibent
665 2877 778 2899 annum
809 2872 898 2909 1338.
924 2868 953 2900 ὅ(
979 2868 1061 2900 hunc

199 2907 294 2940 etiam
325 2907 519 2949 sequuntur,
559 2909 610 2949 qui
636 2907 786 2940 Grotium
813 2908 1060 2950 exscripserunt,

199 2959 208 2976 ‹
224 2949 461 2983 uemadmodum
481 2950 648 2983 Zoucheus
670 2951 704 2980 de
732 2949 809 2991 Jure
834 2949 945 2981 Feciali
973 2949 1058 2981 Part.

201 2958 242 3020 sl.
267 2990 341 3022 Setz.
361 2996 389 3026 8.
416 2991 456 3039 Q
482 3000 512 3031 5.
540 2992 570 3023 δι
596 2990 804 3023 Consultores
823 2991 927 3033 Beigae
956 2989 1057 3029 Confil.

205 3029 288 3071 Belg.
317 3031 351 3063 Τ.
370 3032 425 3064 111.
453 3031 554 3070 Confll.
581 3041 651 3073 253.
697 3031 839 3064 Eundem
863 3041 988 3073 quoque
1007 3041 1058 3063 an-

200 3079 275 3101 num
298 3077 386 3113 1338.
409 3072 546 3105 servavit
562 3073 752 3106 Clarissimus
767 3073 961 3116 Bartaeyrac,
984 3073 1057 3105 ami-

234 3189 310 3229 (15)
331 3191 357 3221 d.
378 3192 470 3231 Consti.
491 3194 570 3233 Belg.
593 3192 694 3227 T.1v.
714 3195 817 3226 Confil.
835 3203 899 3227 210.

1106 1401 1161 1424 cus
1182 1400 1287 1429 meus,
1318 1391 1350 1422 in
1375 1389 1480 1423 Grotii
1504 1389 1647 1424 versione
1675 1391 1801 1425 Gallica
1829 1394 1856 1425 d.
1883 1394 1912 1436 §.
1933 1400 1966 1430 6.

1106 1441 1190 1465 ratus
1214 1431 1320 1471 forte,
1343 1432 1433 1464 aliam
1461 1432 1538 1464 hanc
1560 1431 1622 1465 effe
1650 1433 1852 1474 sententiam,
1875 1446 1967 1477 quam

1107 1483 1178 1514 quae
1199 1473 1339 1505 laudatur
1358 1474 1390 1505 in
1410 1473 1486 1505 Noc.
1503 1475 1542 1504 ad
1560 1475 1588 1505 d.
1607 1474 1634 1516 §.
1652 1485 1683 1515 5.
1706 1485 1736 1507 n.
1760 1485 1790 1516 4.
1814 1486 1967 1519 quamque

1107 1515 1169 1551 ibi,
1196 1515 1227 1546 in
1245 1514 1384 1547 versione
1401 1513 1543 1553 Gallica,
1562 1515 1733 1548 Ordinibus
1753 1516 1862 1549 tribuit
1874 1544 1881 1552 ,
1896 1527 1967 1552 cum

1108 1564 1212 1588 tamen
1229 1555 1259 1587 hi
1277 1565 1379 1596 neque
1393 1556 1441 1595 jus
1458 1556 1617 1594 dixerint,
1641 1566 1744 1598 neque
1770 1557 1893 1591 Senatus
1909 1568 1966 1592 no-

1106 1598 1190 1629 mine
1206 1597 1404 1638 appellentur
1420 1606 1565 1638 unquam.
1610 1599 1670 1630 Sed
1693 1599 1823 1631 omnino
1847 1610 1905 1632 una
1920 1609 1968 1633 ea-

1105 1640 1236 1679 demque
1255 1637 1301 1670 est
1318 1638 1469 1670 sententia
1481 1661 1490 1676 ,
1511 1638 1540 1670 &
1558 1639 1588 1671 in
1609 1641 1636 1671 d.
1648 1638 1676 1681 §.
1686 1643 1716 1672 6.
1735 1639 1852 1672 restitui
1869 1641 1963 1674 debet

1105 1689 1201 1712 annus
1223 1684 1313 1721 1438.
1337 1687 1372 1711 ut
1384 1678 1510 1711 senserit
1527 1678 1662 1712 Grotius
1677 1681 1715 1712 de
1731 1681 1815 1714 bello
1830 1681 1967 1714 Hansea-

1106 1721 1194 1759 tico,
1218 1721 1258 1751 de
1301 1730 1341 1751 110
1356 1719 1401 1751 est
1419 1720 1535 1760 Liber,
1560 1723 1611 1762 qui
1640 1721 1778 1754 servatur
1805 1723 1836 1755 in
1856 1723 1965 1756 Archi-

1106 1772 1149 1793 νο
1170 1761 1274 1793 Cui-iae
1330 1761 1514 1801 ollandicae,
1538 1764 1655 1805 quique
1670 1763 1848 1796 inscribitur
1864 1764 1964 1796 005-

1107 1813 1129 1834 a*
1140 1812 1159 1834 Ε
1170 1813 1189 1834 R
1201 1811 1220 1834 L
1231 1812 1242 1834 1
1254 1812 1277 1834 N
1290 1812 1309 1833 6
1322 1812 1341 1834 E
1353 1812 1386 1841 u.

1147 1844 1195 1876 Ad
1212 1853 1276 1875 rem
1295 1843 1389 1885 ipsam
1406 1845 1490 1886 quod
1506 1847 1640 1886 attinet,
1665 1846 1806 1889 quamvis
1822 1844 1876 1879 illa
1893 1847 1966 1880 anni

1109 1889 1199 1927 1438.
1224 1884 1375 1917 sententia
1392 1886 1585 1928 diligentiam
1603 1897 1702 1920 meam
1719 1886 1836 1929 fugerit
1852 1911 1861 1925 ,
1885 1887 1966 1920 Gro-

1107 1927 1153 1958 110
1177 1935 1300 1964 tamen,
1332 1927 1363 1958 id
1387 1927 1580 1968 adfirmanti,
1614 1929 1708 1960 etiam
1733 1929 1796 1960 fine
1820 1927 1967 1970 sponsore

1106 1967 1221 2006 credo,
1253 1968 1282 1999 ἀ
1305 1966 1401 1999 facile
1427 1969 1520 1999 etiam
1548 1969 1624 2000 mihi
1643 1969 1809 2010 persuadeo
1827 1993 1836 2007 ‚
1867 1969 1966 2009 alios,

1106 2009 1168 2041 sine
1186 2008 1249 2039 ulla
1266 2008 1326 2039 alia
1343 2009 1530 2040 auctoritate
1548 2010 1643 2049 juris,
1667 2009 1772 2041 Grotii
1819 2010 1967 2043 raeeuntis

1106 2049 1197 2082 fidem
1220 2050 1248 2080 ἀ
1279 2048 1465 2080 sententiam
1497 2049 1644 2091 sequutos
1673 2050 1742 2082 effe.
1815 2059 1844 2083 ta
1874 2051 1968 2091 sane,

1106 2099 1252 2131 tanquam
1277 2089 1315 2120 de
1339 2090 1406 2129 jure
1426 2098 1572 2130 recepto,
1604 2091 1712 2123 scribit
1733 2090 1911 2125 Loccenius
1931 2093 1966 2124 de

1105 2131 1182 2172 Jure
1200 2132 1345 2162 maritimo
1363 2131 1402 2163 L.
1420 2129 1459 2162 ΙΙ.
1486 2132 1519 2162 C.
1540 2142 1569 2172 4.
1593 2142 1620 2163 n.
1645 2133 1697 2164 ult.
1725 2133 1753 2164 ἃ
1774 2133 1817 2165 ita
1843 2143 1967 2175 quoque

1104 2171 1268 2213 respondet
1282 2171 1373 2202 turba
1390 2171 1442 2203 sex
1458 2172 1684 2205 advocatorum
1707 2175 1736 2206 d.
1758 2173 1861 2213 Confil.
1880 2172 1964 2218 Belg.
2007 2194 2008 2199 =

1107 2213 1185 2245 Toni.
1199 2213 1254 2245 111.
1270 2212 1371 2252 Confil.
1384 2223 1454 2255 253.
1470 2214 1623 2260 maxime,
1638 2215 1723 2261 ajunt
1734 2215 1780 2247 illi
1792 2215 1967 2262 ,li-publice
2007 2241 2008 2254 i

1104 2255 1325 2286 denunciatum
1343 2263 1406 2286 non
1422 2258 1474 2292 lit,
1499 2264 1538 2286 ne
1550 2264 1617 2295 quis
1636 2266 1755 2288 amicus
1770 2266 1841 2288 navi
1859 2255 1968 2290 hostili
2007 2263 2008 2276 ¹

1104 2304 1223 2327 merces
1246 2293 1313 2327 suas
1332 2295 1495 2336 imponere
1517 2296 1618 2335 velit,
1641 2297 1693 2329 vel
1721 2297 1767 2337 is,
1792 2297 1844 2339 qui·
1866 2297 1966 2338 impo-

1106 2335 1188 2375 suit,
1219 2336 1293 2368 belli
1326 2337 1451 2377 ignarus
1473 2336 1519 2369 fit.

1104 2510 1227 2532 merces
1246 2500 1329 2540 suas,
1354 2510 1410 2532 cur
1425 2501 1504 2532 illud
1528 2500 1674 2532 illicitum
1694 2499 1761 2531 fieri
1780 2500 1872 2541 poffit
1887 2501 1964 2534 alte-

1106 2543 1170 2574 rius
1186 2541 1300 2574 Gentis
1343 2542 1446 2573 ublica
1462 2541 1493 2572 in
1509 2541 1698 2572 contrarium
1710 2541 1964 2575 denunciatione.

1106 2583 1192 2615 Inter
1209 2583 1288 2614 duos
1334 2582 1466 2622 opulos,
1492 2581 1567 2612 mihi
1595 2581 1732 2620 amicos,
1758 2580 1808 2614 sed
1825 2582 1966 2617 invicem

1106 2623 1230 2662 hostes,
1253 2622 1441 2663 commercia
1457 2621 1534 2652 mihi
1554 2630 1703 2653 exercerc
1720 2623 1816 2662 licet,
1839 2623 1895 2656 nifi
1915 2633 1966 2667 pa·

1106 2665 1154 2696 &a
1167 2663 1305 2705 express'a
1314 2663 1363 2694 vel
1382 2663 1475 2693 tacita
1494 2661 1524 2693 id
1534 2663 1765 2702 quodammodo
1784 2664 1825 2696 im
1850 2665 1967 2705 ediant,

1107 2714 1141 2737 ut
1167 2705 1233 2737 fere
1255 2703 1380 2734 obtinet
1407 2703 1438 2734 in
1463 2705 1688 2741 contrabandz's3
1710 2705 1794 2746 quod
1817 2673 1848 2738 tf
1863 2713 1966 2740 tamen

1105 2747 1201 2778 altera
1221 2743 1307 2775 Gens
1327 2743 1388 2775 sine
1403 2743 1530 2775 alterius
1547 2744 1698 2776 consensu
1715 2746 1898 2778 omnimodo
1910 2747 1966 2780 mi-

1105 2787 1136 2818 hi
1152 2784 1352 2818 commerciis
1367 2784 1559 2817 interdicat?
1585 2785 1693 2826 injusta
1715 2787 1823 2828 utique
1839 2788 1901 2820 erit
1918 2788 1963 2821 in-

1106 2827 1249 2860 terdifflo
1265 2825 1350 2866 quod
1365 2825 1401 2856 ad
1420 2824 1563 2857 subditos
1579 2836 1640 2858 non
1658 2826 1737 2859 suos.
1783 2826 1829 2860 Ita
1860 2838 1965 2871 uoque

1105 2867 1224 2900 senfiffe
1239 2867 1363 2897 videtur
1382 2865 1514 2898 Grotius
1535 2866 1608 2899 Not.
1635 2869 1672 2899 ad
1690 2869 1730 2900 L.
1755 2867 1810 2900 111.
1855 2879 1869 2901 e
1886 2869 1963 2912 Jure

1106 2910 1141 2941 B.
1166 2908 1252 2944 &R
1281 2908 1311 2939 C.
1343 2916 1368 2938 1.
1394 2906 1422 2949 §.
1446 2916 1477 2946 5.
1500 2918 1530 2940 n.
1555 2919 1586 2950 4.
1611 2909 1662 2940 ubi
1689 2910 1718 2940 id
1742 2919 1962 2951 argumentum

1104 2951 1194 2992 plena
1210 2958 1301 2981 manu
1316 2947 1505 2989 exsequutus
1523 2949 1578 2982 cst.
1623 2949 1708 2982 Dico
1731 2952 1867 2991 videtur,
1891 2952 1963 2994 quia

1104 2992 1132 3022 d.
1154 3001 1185 3022 n.
1208 3000 1238 3031 4.
1264 2989 1399 3030 publicis
1415 2989 1566 3022 Gentium
1585 2991 1962 3026 denunciationibusnon-

1101 3031 1178 3063 nihil
1197 3031 1306 3062 tribuit
1319 3053 1329 3069 ,
1352 3030 1465 3072 quibus
1491 3038 1593 3064 tamen
1612 3033 1653 3064 im
1678 3041 1737 3063 une
1761 3043 1825 3066 non
1844 3033 1961 3075 pareri,

1101 3073 1134 3106 in
1157 3072 1248 3105 Notis
1272 3072 1355 3104 recte
1383 3071 1511 3106 indicat.
1557 3072 1643 3107 Dein
1666 3081 1683 3104 6
1712 3074 1786 3116 quid
1813 3072 1961 3113 interest,

1858 3122 1960 3149 utrum

1565 2336 1599 2369 In
1626 2338 1754 2370 eandem
1780 2337 1966 2371 sententiam
2007 2364 2008 2369 ,

1105 2376 1286 2418 responsum
1313 2378 1357 2409 est
1380 2376 1482 2416 Confil.
1509 2378 1593 2420 Belg.
1623 2379 1656 2411 T.
1681 2378 1738 2410 IV.
1764 2376 1865 2417 Consil.
1891 2387 1962 2420 207.
2007 2377 2008 2406 5

1105 2419 1164 2451 Sed
1188 2428 1250 2450 non
1276 2419 1495 2451 animadverto
1512 2443 1521 2459 ,
1555 2422 1574 2452 11
1598 2419 1671 2459 ]111·6
1695 2418 1846 2450 Gentium
1870 2418 1965 2452 liceat
2007 2434 2008 2438 ¹

1104 2461 1207 2491 amico
1221 2459 1367 2491 hostilem
1383 2469 1494 2492 navem
1512 2459 1657 2492 adhibere
1671 2459 1707 2491 ad
1725 2459 1966 2493 transvehendas
2006 2462 2008 2476 ³
