2008 3436
163 130 232 173 336
409 124 810 163 CORNELII
885 131 992 158 vars

158 205 337 245 minantur,
358 214 452 248 atque
472 207 543 239 ideo
566 205 660 238 etiam
679 205 710 236 in
728 204 831 244 primo
850 201 963 243 Capite
984 201 1023 233 A·

157 247 285 287 quiliae,
316 247 459 280 distincta
482 248 710 290 significatione
735 244 878 285 accipio,
902 244 1025 286 aicadru-

153 290 257 328 pedem
283 290 331 320 vel
354 292 519 330 pecudem,
560 298 594 321 ut
622 298 698 320 mox
728 287 758 318 iri
795 286 823 326 ᾗ.
844 296 871 316 2.
895 288 922 315 d.
947 285 966 315 l.
994 293 1024 315 α.

157 328 359 375 recensentur
388 332 550 372 utriusque
575 330 698 372 generis
716 327 879 364 animalia,
902 335 971 366 quae
988 325 1026 355 ad

157 379 293 411 primuni
309 381 405 414 caput
419 373 649 412 pertinuerint,
678 380 762 406 oves,
784 374 875 412 capra·
886 389 897 405 ,
920 369 1022 404 boves,

156 413 239 453 equi,
264 414 354 452 ntuli,
377 413 460 452 afini.
507 413 554 445 Ita
567 413 651 444 malo
664 435 673 450 ‚
695 419 786 450 quam
802 408 954 453 disjuncta
974 407 1026 438 hic

156 462 214 493 pro
233 455 408 494 conjunctis
428 464 559 496 capere,
590 454 619 485 ἃ
639 453 687 483 vel
706 460 778 482 cum
801 449 952 480 Accurlio
971 457 1024 479 ex-

155 494 293 534 plicare,
314 498 345 527 id
361 494 418 536 eli,
442 497 516 536 quin
536 497 579 526 ita
595 494 698 531 malo,
721 500 812 533 quam
832 498 904 520 cum
920 487 1025 520 Hoto-

158 545 251 567 inano
273 537 314 569 L.
334 537 404 569 Vll.
431 538 585 578 Observat.
614 536 644 566 C.
667 544 715 565 12.
740 533 769 564 &
786 531 839 571 qni
861 539 932 560 eum
945 539 1021 570 prae-

155 586 283 609 euntem
305 578 494 619 sequuntur,
515 587 573 618 pro
596 574 809 617 quadrupedum
827 571 875 601 vel
886 571 1023 611 pecudem

156 619 320 650 restituere
346 621 591 660 quadrupedemve
612 617 759 657 pecudem.
806 612 883 644 Non
900 620 1023 643 tantum

155 660 241 699 quod
259 659 427 692 suffeciss'et
445 660 497 690 vel
513 658 704 699 quadrupedis
715 678 726 694 ,
748 654 801 686 vel
809 654 929 694 pecudis
943 662 1022 691 vox,

155 701 187 731 in
203 711 316 741 genere
337 700 475 741 sumpta,
494 700 523 731 ἃ
540 700 633 730 latius
651 697 826 741 explicata,
837 694 1023 735 sed&quod

156 751 228 772 cuni
245 742 283 772 dc
300 743 419 783 pecude
440 742 543 783 agitur
558 763 568 778 ,
597 740 703 780 inepta
719 736 818 768 videri
836 734 938 776 posset
954 745 1023 776 qua-

154 784 288 822 drupedis
312 783 444 822 adjectio
461 806 470 821 ,
505 783 578 823 quia
593 790 686 813 omne
709 787 808 820 pecus
826 775 874 822 est
889 779 1020 822 quadru-

154 832 228 863 pes,
262 824 348 864 pres
374 824 425 855 vel
451 824 547 864 tripes
574 823 706 855 nullum.
751 818 897 859 Aqullius
923 818 1020 859 igitur

153 865 288 905 primum
308 865 540 906 quadrupedes,
562 864 675 896 deinde
698 861 833 903 pecudes
853 858 999 900 expreffit
1011 881 1022 897 ,

153 913 188 935 ut
207 906 335 938 tertium
355 916 451 947 genus
463 930 472 945 ‚
496 906 579 947 quod
596 904 732 937 ferarum
750 902 813 939 est,
838 901 1021 932 excluderet

152 956 168 976 a
184 947 287 990 primo
302 947 397 988 Legis
415 948 538 989 capite,
563 947 585 979 fi
603 946 666 978 sola
680 953 762 976 voce
775 943 897 983 pecudis
914 941 1021 973 fuiffet

141 989 235 1027 -ulus,
252 998 288 1019 ea
302 989 332 1020 ὅ(
353 989 536 1029 elephantos
554 989 584 1021 ὅ(
601 986 739 1019 camelos
757 983 1022 1024 comprehendere

150 1029 368 1061 duriusculum
384 1030 459 1062 esset
472 1052 483 1068 ,
508 1030 537 1062 δε
557 1038 661 1061 tamen
682 1027 714 1058 hi
732 1025 891 1068 pertinent
905 1024 941 1055 ad
959 1024 1018 1065 pri-

151 1080 237 1102 mum
262 1079 357 1112 caput
381 1071 516 1112 Aquiliae
545 1072 574 1102 d.
605 1071 626 1102 l.
650 1080 678 1101 2.
704 1067 732 1110 §.
756 1077 784 1098 2.
807 1066 950 1107 quamvis
969 1066 1019 1096 be-

150 1110 219 1143 stiae
236 1111 312 1152 fint,
336 1120 371 1144 ut
390 1112 542 1154 Ulpianus
558 1110 704 1143 definivit
730 1108 902 1150 Fragment.
926 1107 956 1138 d.
984 1106 1017 1137 Τ.

149 1152 245 1186 XIX.
271 1152 300 1194 §.
330 1163 354 1185 1.
374 1154 426 1185 vel
440 1154 568 1195 potius,
591 1161 627 1183 ut
649 1150 747 1191 Gajus
761 1150 793 1181 in
809 1149 837 1180 d.
862 1148 882 1179 l.
901 1158 929 1179 2.
947 1147 976 1189 §.
988 1157 1016 1178 2.

150 1194 244 1225 mixti
261 1195 344 1226 inter
382 1194 574 1235 uadrupedes
597 1194 627 1225 ἃ
645 1192 765 1224 bestias.
810 1189 904 1228 Scio,
927 1188 1016 1220 Mar-

151 1235 258 1267 tialern
289 1236 330 1268 L.
353 1204 393 1268 V.
425 1236 484 1276 Epi
508 1245 533 1267 r.
555 1245 606 1277 37.
635 1234 754 1275 pecudis
781 1231 885 1262 indica
904 1230 1018 1260 dentem

148 1285 209 1317 pro
227 1278 306 1308 ebore
322 1276 453 1316 dixiffe,
489 1277 541 1308 cio
558 1279 588 1308 ὁ(
605 1271 949 1313 Pliniumelephantum
961 1279 1017 1301 vo-

149 1317 232 1349 cass'e
274 1320 389 1350 ecudem
406 1342 417 1358 ,
453 1317 505 1350 sed
528 1317 620 1349 valde
645 1318 846 1352 καταχρκςικΰς
860 1336 872 1351 ,
902 1321 961 1344 nec
977 1320 1018 1344 ex

148 1367 216 1391 arte
259 1361 331 1392 uris.
411 1359 649 1391 uemadmoduin
676 1366 734 1389 nec
758 1364 816 1397 pro
839 1354 885 1385 rie
915 1353 1017 1386 locuti

141 1399 220 1432 ,sunt
231 1401 383 1433 Auderes
393 1400 508 1439 nostri,
533 1399 604 1440 qui,
626 1398 734 1431 omissa
748 1405 808 1439 qua
832 1395 1016 1437 rupedisap-

170 1442 335 1481 ellatione,
361 1450 430 1482 quae
447 1449 514 1473 erat
532 1441 564 1472 in
582 1440 652 1482 ipsis
672 1439 776 1471 verbis
803 1437 897 1479 Legis
919 1437 1016 1478 Aqui—

163 1483 218 1521 iae,
241 1482 423 1523 fimpliciter
436 1483 555 1524 pecudis
569 1483 780 1514 meminerunt
791 1502 802 1518 ,
824 1478 878 1510 vel
889 1480 1013 1520 quadru-

141 1525 249 1566 pedis,
289 1534 330 1555 uae
344 1526 488 1565 pecudum
507 1533 623 1555 numero
633 1522 675 1562 fit
685 1546 696 1562 ,
717 1530 753 1554 ut
772 1520 872 1560 Gajus
889 1521 921 1552 in
941 1520 963 1551 l.
981 1529 1011 1551 2.

144 1565 176 1607 §.
197 1575 222 1596 1.
279 1565 400 1606 lpianus
418 1566 450 1598 in
474 1566 494 1598 l.
518 1574 569 1606 27.
591 1564 619 1606 §.
643 1573 673 1605 5.
700 1565 730 1596 ὅ(
756 1563 776 1594 l.
794 1571 844 1599 29.
866 1560 895 1602 §.
919 1564 948 1593 6.
968 1560 1010 1602 ff.

144 1607 184 1638 ad
207 1606 248 1637 L.
271 1606 304 1638 A
323 1607 376 1639 uil.
398 1606 586 1647 Justinianus
603 1612 650 1647 pr.
674 1606 704 1637 ἄ
728 1603 755 1646 §.
776 1613 823 1646 13.
850 1600 1010 1648 Inst.Eod.

143 1654 180 1678 ut
196 1647 226 1679 ὅτ.
241 1656 280 1689 pa
305 1657 346 1680 im
365 1648 497 1681 Bafilici.
542 1648 676 1686 Minus,
701 1647 846 1686 inquam,
868 1652 1013 1685 propr1e;

142 1687 215 1727 sed,
241 1696 276 1721 ut
293 1689 362 1721 haec
373 1689 502 1722 ferenda
515 1688 606 1728 sunt,
628 1698 693 1722 non
710 1687 782 1719 ideo
798 1694 876 1718 mox
890 1692 1012 1717 mutan-

142 1729 181 1761 da
193 1753 203 1769 ‚
225 1740 294 1771 quae
313 1730 361 1762 his
375 1730 532 1772 praestant.

185 1771 267 1804 Dixi
287 1771 325 1803 de
346 1771 488 1813 singulari
508 1771 738 1814 significatione
756 1769 964 1812 quadrupedis
982 1768 1012 1800 ἀ
1047 1769 1073 1810 f

142 1813 290 1855 pecudis,
318 1813 360 1859 de
384 1812 488 1845 bestiis
518 1814 686 1845 dicendum
711 1811 854 1853 superest.
900 1809 1011 1857 Bestiae

142 1854 225 1895 apud
247 1854 420 1900 Ulpianum
451 1856 487 1901 d.
512 1854 540 1927 ἓ.
575 1864 602 1887 1.
637 1855 667 1887 δε
693 1853 774 1895 apud
791 1852 906 1893 Gajum
927 1861 958 1883 in
975 1852 1009 1899 d.

142 1895 164 1941 ζ·
187 1905 229 1941 ²²
241 1895 641 1976 §·G32.¹.¹¹h{.¹.s2¹¹¹i.0.¹{3}¹‘2
659 1894 869 1968 §.3223‘2'
880 1893 1009 1967 muta

141 1944 360 2018 {lietllltlpiatius
377 1959 460 2010 ind.
474 1959 503 2009 Ἰ.
530 1988 579 2016 29.
605 1943 657 2019 '§.p
663 1982 692 2009 6.
723 1978 754 2009 &
767 1941 951 2023 simpliciter
965 1975 1011 2021 fe-

141 2028 191 2048 ras
206 2026 321 2057 vocat,
346 2018 534 2058 Justinianus
554 2020 747 2067 conjunftim
755 2019 842 2058 seras
859 2016 963 2058 bestias
978 2026 1009 2047 in

143 2060 171 2089 d.
196 2057 224 2101 ὃ.
240 2068 288 2101 13.
311 2058 383 2100 last.
409 2062 441 2092 de
466 2060 507 2092 L.
532 2061 636 2103 Aquil.
663 2060 698 2093 In
717 2059 802 2101 Lege
813 2058 888 2092 XII.
901 2057 1006 2090 Tabb.

745 2149 1015 2186 CAPU

1073 115 1672 155 BYNKERSIIOEK

1066 210 1134 242 quse
1161 198 1316 231 actionem
1339 197 1453 238 dabat,
1483 198 1512 237 fi
1529 199 1688 239 quadrupes
1702 199 1871 240 pauperiem
1882 203 1932 242 fe.
1984 214 1986 223 r

1066 241 1130 282 ciffe
1147 243 1310 278 diceretur,
1333 248 1393 281 ego
1411 248 1508 280 puto,
1533 247 1645 271 contra
1663 249 1754 280 quam
1770 241 1821 272 alii
1832 243 1934 276 existi-

1068 290 1174 321 mant,
1197 283 1293 314 etiam
1308 280 1389 313 feras
1406 281 1563 313 contineri
1589 281 1749 312 vocabulo
1766 282 1882 323 quadru
1905 295 1933 317 e-

1068 324 1135 362 dis,
1154 324 1250 355 modo
1278 323 1409 354 domitae
1437 323 1467 354 dc
1492 322 1524 354 in
1545 321 1689 353 dominio
1704 321 1782 360 fint,
1805 333 1868 364 quo
1905 335 1935 357 e.

1067 366 1133 396 nim
1155 365 1272 396 dicitur
1292 365 1322 395 in
1347 364 1368 395 l.
1396 373 1422 395 1.
1448 363 1477 405 §.
1504 373 1549 395 10.
1570 362 1610 404 ff.
1639 363 1673 394 Si
1712 365 1932 407 uadr.pauper.

1059 406 1123 447 fec.
1145 407 1201 438 dic.
1229 414 1304 437 tunc
1324 414 1434 436 verum
1452 405 1514 444 est,
1539 412 1575 436 ut
1603 403 1667 445 ipse
1720 405 1841 445 lpianus
1859 407 1937 441 indi-

1067 456 1141 486 cat,
1160 447 1182 480 fi
1199 446 1286 479 ursus
1316 447 1449 487 amplius
1471 456 1536 479 non
1550 444 1650 478 fuerit
1671 446 1703 478 in
1719 447 1882 487 dominio;
1904 449 1936 483 ἀ

1068 489 1105 520 ad
1131 499 1225 521 omnes
1245 488 1439 530 quadrupedes
1463 488 1620 530 pertinere
1644 486 1724 519 hanc
1738 487 1892 521 adtionem
1910 491 1935 522 i-

1066 529 1120 570 pse
1135 530 1190 561 ille
1205 528 1360 570 Ulpianus
1378 529 1462 561 dixit
1478 530 1510 562 in
1533 530 1561 560 d.
1583 529 1602 560 l.
1632 538 1658 560 1.
1685 528 1712 570 §.
1737 539 1768 561 2.
1788 529 1933 565 etiamad

1067 580 1159 602 canes
1178 572 1200 602 l.
1225 581 1253 602 2.
1279 569 1360 615 §·.1.·
1386 569 1460 602 Eod.
1482 570 1535 612 qui
1553 570 1694 611 alioquin
1718 571 1823 611 primo
1841 570 1932 614 Capi-

1068 619 1100 642 te
1118 612 1212 653 Legis
1238 610 1395 651 Aquiliae,
1427 621 1465 653 ap
1488 612 1638 643 ellatione
1671 612 1905 653 quadrupedum
1920 639 1933 656 ,

1066 661 1131 684 non
1150 652 1406 684 continebantur.
1493 653 1555 684 uod
1584 652 1621 683 ad
1636 652 1821 694 elephantos
1837 654 1868 686 &
1885 664 1934 688 ca-

1066 694 1186 733 melos,
1219 702 1293 731 eos,
1321 693 1464 733 quamvis
1490 694 1578 726 collo
1593 693 1730 726 dorsove
1741 694 1934 738 domentur,

1065 734 1231 766 bestiarum
1260 741 1364 765 tamen
1390 743 1522 766 numero
1549 734 1643 766 habet
1668 735 1843 776 Ulpianus,
1869 738 1899 770 ἀ
1918 748 1936 770 a

1064 778 1157 807 rebus
1174 774 1311 816 mancipi
1327 776 1449 816 excipit
1468 776 1496 807 d.
1522 774 1550 816 §.
1579 785 1605 808 1.
1638 785 1674 808 ea
1686 775 1773 808 forte
1788 779 1934 820 ratione,

1063 827 1154 858 quarn
1176 817 1278 857 Capite
1290 821 1376 856 prox.
1402 816 1523 856 dicam3
1543 817 1615 858 quia
1640 823 1764 857 tamen,
1785 826 1821 850 ut
1837 818 1936 860 Gajus

1063 857 1282 895 existimabat,
1304 858 1437 889 mixtam
1451 866 1593 890 naturam
1610 857 1784 898 habebant,
1806 860 1933 901 ipseeos

1064 902 1167 942 primo
1183 899 1289 940 Capiti
1308 897 1402 940 Legis
1431 898 1568 940 Aquiliae
1594 898 1731 931 inclufit.
1775 899 1875 933 Causa
1887 903 1933 936 rei

1063 941 1150 974 forte
1166 941 1303 981 duplex:
1323 941 1438 979 altera,
1461 940 1547 981 quod
1573 939 1621 971 his
1645 940 1849 981 animalibus,
1873 944 1934 985 pri-

1065 991 1150 1014 mum
1167 981 1263 1020 feris,
1286 981 1398 1013 deinde
1414 980 1566 1020 subactis,
1589 981 1726 1013 Romani
1747 983 1871 1016 tandem
1887 984 1932 1016 di-

1064 1022 1209 1055 diciffent
1235 1023 1282 1053 uti
1304 1045 1315 1061 ,
1349 1022 1431 1053 unde
1448 1023 1633 1064 elephantos
1652 1023 1682 1055 ὅ(
1699 1024 1837 1056 camelos
1854 1025 1934 1067 quast

1062 1066 1168 1096 mixtos
1182 1063 1319 1105 appellat
1337 1062 1434 1103 Gajus
1457 1065 1485 1095 d.
1508 1064 1529 1095 l.
1556 1074 1584 1095 2.
1610 1062 1638 1104 §.
1653 1074 1682 1096 2.
1706 1065 1824 1104 altera,
1847 1067 1932 1108 quod

1064 1105 1303 1150 quadrupedes,
1314 1113 1384 1150 quae
1399 1105 1552 1146 gregatim
1568 1105 1755 1145 pascuntur,
1777 1107 1814 1138 ad
1828 1106 1933 1149 Caput

1086 1148 1199 1178 riinum
1223 1145 1360 1186 Aquiliae
1390 1146 1609 1185 pertinuerint.
1654 1145 1707 1178 De
1745 1147 1933 1189 Elephantis

1089 1188 1184 1219 liuius
1206 1186 1247 1218 L.
1270 1185 1356 1218 VIII.
1391 1187 1425 1218 C.
1446 1196 1477 1227 5.
1511 1187 1673 1227 Elephanti
1688 1197 1741 1229 gre
1765 1190 1839 1220 atim
1849 1189 1929 1231 Jem-

1056 1235 1111 1270 per
1130 1229 1348 1269 ingrediuntur.
1370 1226 1400 1258 &
1415 1227 1453 1258 de
1472 1226 1609 1259 Cameiis
1642 1228 1683 1259 L.
1708 1228 1736 1259 V
1756 1229 1795 1262 11.
1823 1231 1855 1262 C.
1878 1236 1928 1266 18.

1065 1269 1193 1301 Camelos
1207 1269 1287 1299 inter
1305 1273 1439 1299 armenta
1460 1268 1559 1310 pascit
1589 1268 1708 1302 Oriens.
1732 1270 1790 1304 hac
1804 1272 1930 1305 ratione

1061 1309 1295 1354 quadrupedes,
1315 1318 1382 1341 non
1398 1308 1488 1341 ferae.

1139 1351 1260 1385 uamvis
1274 1357 1379 1383 autem
1396 1349 1483 1392 fera,
1503 1352 1625 1387 laxiore
1641 1354 1748 1395 sensu,
1774 1355 1838 1387 dici
1855 1365 1928 1398 pos-

1059 1395 1097 1430 fit
1112 1394 1285 1437 quadrupes
1305 1417 1315 1433 ,
1345 1401 1410 1425 non
1436 1400 1538 1427 tamen
1556 1397 1659 1428 omnis
1676 1397 1850 1438 quadrupes
1865 1397 1930 1432 dici

1058 1435 1163 1480 potest
1180 1435 1258 1467 fera.
1301 1435 1337 1467 Id
1353 1443 1478 1475 tamen,
1500 1435 1608 1469 nescio
1627 1446 1693 1479 quo
1731 1438 1821 1477 atto,
1841 1438 1929 1470 vide-

1059 1487 1111 1511 tur
1136 1477 1221 1510 velle
1245 1475 1434 1509 scholiastes
1455 1477 1601 1520 Virgilii,
1633 1479 1688 1520 qui
1724 1479 1831 1511 ervius
1848 1479 1928 1512 dici·-

1055 1528 1124 1560 tur‚
1150 1519 1188 1551 ad
1212 1519 1335 1551 AEneid.
1356 1518 1398 1550 L.
1422 1517 1447 1550 I.
1472 1518 1558 1561 Vers.
1581 1528 1653 1556 219.
1674 1520 1749 1552 dum
1773 1520 1837 1552 ait:
1861 1520 1924 1553 Fie-

1055 1571 1119 1595 RAs
1140 1561 1282 1598 dicimus,
1301 1565 1354 1591 aut
1370 1560 1443 1601 quod
1461 1563 1538 1592 omni
1564 1567 1676 1602 corpore
1709 1567 1847 1600 eruntur,
1872 1567 1925 1594 aut

1055 1604 1128 1646 quod
1151 1602 1283 1633 naturali
1308 1607 1431 1633 utuntur
1453 1601 1589 1634 libertate
1605 1625 1617 1642 ‚
1711 1609 1766 1643 pro
1787 1602 1925 1642 desiderio

1046 1646 1100 1687 juo
1113 1644 1276 1685 feruntur,
1303 1648 1422 1683 propter
1446 1652 1541 1675 omnes
1567 1644 1764 1685 quadrupedes
1769 1644 1858 1685 feras
1879 1645 1925 1677 di·

1055 1687 1180 1724 cebant,
1201 1690 1257 1717 ut:
1278 1685 1365 1725 inque
1371 1683 1439 1724 feri
1456 1693 1577 1717 curvam
1601 1687 1787 1728 compagibus
1802 1686 1927 1725 alvum,

1054 1726 1200 1766 contorfit.
1244 1725 1309 1757 Et:
1340 1724 1526 1757 Armentalis
1554 1736 1567 1758 e
1589 1736 1629 1757 uoe
1643 1728 1777 1758 mammis
1796 1726 1833 1762 &²
1847 1725 1924 1759 lade

1072 1770 1161 1800 erino.
1207 1766 1243 1799 In
1269 1766 1420 1798 Editione
1446 1766 1532 1798 Petri
1587 1767 1699 1800 anielis
1727 1767 1818 1800 nullo
1833 1765 1924 1800 sensu

1056 1810 1171 1851 legitur
1184 1813 1321 1850 propter,
1342 1807 1364 1839 si
1381 1808 1538 1848 placeret,
1561 1817 1596 1840 ut
1614 1809 1690 1840 mihi
1717 1809 1856 1850 placuit,
1877 1817 1925 1840 re-

1054 1851 1356 1891 scriberepropterea,
1369 1849 1536 1881 rotundior
1547 1849 1622 1881 esset
1633 1848 1803 1888 sententia,
1815 1859 1923 1891 quam-

1053 1893 1103 1924 vis
1127 1901 1191 1924 non
1214 1891 1330 1922 verior.
1384 1890 1444 1921 Sed
1467 1890 1709 1922 emendatiffinia
1724 1889 1835 1922 Editio
1851 1891 1924 1924 Ser-

1052 1934 1118 1973 vii,
1154 1941 1245 1974 quam
1271 1941 1370 1973 nuper
1397 1932 1521 1964 curavit
1549 1932 1606 1963 Vir
1624 1930 1828 1963 Doctiffirnus
1843 1931 1923 1964 Pan-

1052 1975 1169 2007 cratius
1186 1971 1382 2011 Masvicius‚
1410 1971 1452 2004 fic
1476 1973 1585 2004 habet:
1600 1972 1675 2014 fitne
1692 1972 1815 2004 Veteres
1829 1978 1921 2014 prope

1052 2026 1147 2048 omnes
1183 2016 1358 2054 uadrupcdes
1377 2013 1464 2053 ferus
1482 2015 1646 2051 vocabant,
1671 2013 1701 2046 &
1725 2013 1769 2045 ita
1789 2022 1887 2054 porro
1904 2036 1918 2053 ‚

1049 2066 1142 2098 quarn
1171 2056 1362 2097 cripturam,
1383 2054 1405 2087 fi
1423 2062 1489 2087 non
1505 2054 1694 2096 interpolata
1711 2054 1770 2094 fit,
1794 2053 1919 2096 sequor.

1062 2148 1098 2184 T
1196 2146 1308 2182 V11.

188 2241 315 2290 Rursus
340 2243 376 2279 de
400 2242 691 2292 Qiiadrupedibus‚
718 2244 852 2288 aliisque
879 2241 1075 2276 animalibus
1092 2265 1102 2282 ‚
1138 2249 1199 2285 qua
1223 2239 1384 2284 mancipi,
1410 2248 1471 2283 qua
1496 2249 1552 2274 nec
1576 2239 1731 2286 mancipi.
1783 2240 1871 2277 Var-

781 2303 814 2327 ro
839 2293 944 2326 variis
973 2291 1048 2326 locis
1075 2288 1264 2334 illustratus.

197 2397 233 2430 ed
249 2397 285 2430 ad
299 2397 469 2439 Ulpianum
484 2404 688 2430 revertamur.
733 2397 788 2429 Ait
804 2397 859 2429 ille
874 2397 902 2429 d.
924 2397 952 2439 §.
976 2406 1004 2429 1.

216 2439 387 2482 Fragment.
415 2440 552 2472 T.X1X.
572 2440 705 2481 mancipi
723 2439 784 2471 esse
799 2440 1005 2480 quadrupedes,

138 2495 199 2526 quoe
222 2482 300 2522 dorso
326 2480 433 2512 collove
460 2482 634 2520 domantur,
664 2482 746 2513 velut
766 2482 870 2519 boves,
890 2480 1003 2518 mulos,

138 2533 237 2567 equos,
256 2521 370 2562 astrios,
393 2527 506 2553 caeteras
524 2533 569 2553 res
583 2532 635 2554 nec
654 2524 784 2563 mancipi
801 2521 862 2563 effe.
893 2521 940 2553 Ut
954 2530 1005 2552 eo-

138 2576 207 2598 rum
219 2587 231 2602 ,
255 2573 323 2605 quae
342 2563 478 2603 mancipi
501 2572 589 2594 erant
601 2586 612 2602 ‚
633 2563 736 2596 statim
754 2563 849 2604 pleno
865 2563 933 2603 jure
948 2563 1004 2594 do-

134 2607 268 2639 minium
289 2611 498 2645 quaereretur,
522 2605 681 2636 alienanda
692 2612 780 2636 erant
799 2604 1005 2645 mancipatio-

136 2658 196 2686 ne,
219 2646 272 2678 vel
289 2646 320 2677 in
340 2645 408 2685 jure
422 2644 572 2684 ceffione,
600 2655 670 2677 narn
698 2645 896 2686 usucapionis
914 2644 1003 2676 causa

136 2689 213 2721 hinc
227 2687 327 2719 aliena
345 2685 411 2725 est,
433 2686 504 2727 quia
523 2686 654 2717 tractum
673 2686 824 2727 temporis
842 2685 1001 2717 desiderat.

137 2730 239 2762 Varro
265 2728 307 2760 L.
330 2726 367 2759 11.
392 2729 425 2758 de
449 2726 492 2758 R.
515 2726 558 2757 R.
585 2728 617 2758 C.
645 2736 671 2758 i.
694 2727 847 2768 exponit,
868 2728 1002 2766 quemad-

135 2773 250 2804 modum
266 2778 404 2812 quamque
416 2768 554 2808 pecudem
576 2769 632 2799 emi
649 2773 776 2808 oporteat
793 2767 885 2797 Civili
903 2766 1001 2807 Jure,

137 2813 169 2844 ἃ
184 2812 247 2850 ait,
270 2811 341 2853 quod
368 2810 489 2841 alterius
510 2809 573 2849 fuit
584 2832 596 2848 ,
618 2810 649 2840 id
663 2815 696 2840 ut
709 2808 768 2848 fiat
783 2817 876 2839 meum
896 2807 999 2848 neceffie

135 2851 177 2893 est
205 2852 319 2894 aliquid
344 2852 538 2882 intercedere:
573 2860 662 2892 neque
678 2851 710 2881 in
730 2851 858 2880 omnibus
866 2847 946 2889 satis
961 2847 1001 2889 est

132 2894 305 2935 stipulatio,
338 2898 390 2923 aut
406 2891 513 2932 solutio
531 2901 709 2923 nummorum
725 2913 737 2930 ‚
756 2891 794 2922 ad
812 2890 1001 2921 mutationem

135 2936 266 2966 dominii.
311 2932 420 2979 Quum
442 2934 583 2973 pecudem
608 2933 711 2971 dicit,
736 2940 862 2963 omnem
883 2930 1000 2961 intelli-

134 2976 182 3015 git
198 2997 208 3013 ‚
232 2983 293 3006 tam
322 2974 472 3014 majorem
489 2997 499 3013 ,
530 2983 622 3015 quam
641 2974 793 3006 minorem
805 2995 816 3011 ,
835 2979 871 3003 ut
887 2970 951 3012 ipse
967 2971 999 3003 in

135 3015 385 3055 praecedentibus
403 3015 628 3056 explicaverat.
674 3014 708 3047 In
732 3014 823 3046 rebus
840 3021 899 3044 nec
916 3021 999 3043 man-

135 3055 196 3094 cipi
215 3055 386 3087 sufficiebat
404 3055 584 3097 stipulatio,
600 3064 729 3097 eamque
748 3054 853 3087 secuta
870 3053 997 3085 traditio

138 3095 168 3126 ὅ(
189 3093 326 3135 solutio,
347 3105 383 3128 ut
398 3096 450 3129 hic
470 3097 591 3137 Varro,
616 3098 647 3129 δι
691 3104 783 3128 raeter
799 3104 870 3127 eum
891 3093 995 3135 Ulpia-

136 3144 198 3180 nus
209 3133 357 3174 significat
374 3138 404 3169 in
425 3137 453 3179 §.
480 3147 509 3179 7.
533 3140 561 3170 d.
590 3137 623 3170 Τ.
683 3137 742 3170 IX.
767 3136 801 3169 ln
812 3138 994 3168 rebusnian-

137 3184 199 3215 cipi
224 3175 325 3220 neceffe
348 3176 409 3221 εΗ,
441 3188 476 3209 ut
498 3179 541 3210 ait
567 3179 642 3218 ille,
673 3179 714 3210 ali
734 3179 785 3209 uid
800 3177 995 3214 intercedere,

137 3216 199 3248 sive
219 3224 424 3257 mantlpatio,
448 3218 512 3251 five
533 3220 567 3256 in
592 3220 661 3260 jure
675 3229 712 3252 ce
737 3228 790 3259 io,
814 3227 850 3252 ut
867 3218 936 3251 haec
953 3226 995 3249 ex

1005 2374 1007 2377 .
1046 2395 1158 2428 eodem
1175 2393 1314 2436 Ulpiano
1334 2393 1479 2426 constant
1498 2392 1527 2436 §.
1553 2403 1584 2435 3.
1608 2392 1639 2424 &
1662 2390 1690 2438 ᾖ.
1713 2399 1743 2428 9.
1767 2393 1795 2424 d.
1822 2392 1855 2425 T.
1881 2395 1914 2427 ὄε

1046 2447 1087 2469 ex
1106 2436 1205 2477 Cajo,
1229 2435 1404 2474 Cicerone,
1426 2435 1584 2472 Boethio,
1605 2433 1809 2474 variislocis,
1833 2443 1914 2475 quos

1047 2478 1137 2520 supra
1155 2477 1370 2509 indicavimus.
1416 2476 1452 2508 In
1468 2475 1559 2508 servo
1571 2498 1580 2514 ,
1603 2483 1636 2505 re
1649 2474 1806 2515 mancipi,
1825 2484 1913 2508 com-

1048 2519 1183 2561 parando
1193 2542 1202 2557 ,
1217 2527 1308 2560 quam
1322 2516 1459 2548 sollicite
1475 2523 1650 2556 emptorem
1666 2516 1825 2547 monuerit
1835 2516 1913 2548 Var-

1047 2571 1104 2600 ro,
1130 2561 1163 2592 C.
1185 2559 1224 2591 V.
1255 2557 1421 2598 exsequuti
1451 2556 1564 2588 sumus.
1610 2556 1645 2588 Id
1669 2553 1768 2596 ipsum
1786 2557 1913 2590 obtinet

1047 2603 1080 2634 in
1093 2611 1198 2643 equo,
1216 2600 1299 2631 asino
1310 2621 1321 2637 ,
1341 2598 1428 2629 mulo
1440 2620 1452 2637 ‚
1474 2598 1574 2636 bove,
1600 2597 1671 2638 quia
1684 2596 1779 2629 etiam
1797 2599 1913 2631 manci-

1069 2643 1076 2674 i
1099 2642 1177 2674 sunt.
1224 2640 1275 2672 De
1296 2639 1457 2680 emptione
1487 2648 1640 2680 equorum
1661 2638 1762 2670 Varro
1780 2639 1845 2681 agit
1868 2639 1910 2672 L.

1062 2683 1085 2716 Ι.
1110 2684 1143 2714 de
1164 2682 1206 2714 R.
1230 2681 1271 2713 R.
1299 2682 1331 2712 C.
1353 2689 1383 2728 3.
1406 2679 1546 2720 Emptio,
1571 2680 1694 2720 inquit,
1711 2681 1816 2721 equina
1829 2679 1911 2720 fimi-

1043 2725 1080 2756 lis
1092 2725 1160 2765 fere
1179 2732 1214 2754 ac
1235 2724 1314 2753 boum
1333 2721 1370 2756 ὣ)
1388 2720 1551 2760 afinorum,
1574 2722 1645 2762 quod
1662 2722 1768 2752 eisdem
1783 2723 1865 2753 rebus
1876 2723 1910 2754 in

1041 2767 1182 2807 emptione
1199 2765 1357 2794 dominium
1369 2767 1471 2793 mutat.
1493 2771 1551 2793 nec
1569 2762 1653 2793 enim
1671 2761 1735 2802 est,
1758 2770 1793 2794 ut
1811 2763 1854 2794 ibi
1865 2762 1909 2795 le-

1041 2816 1148 2848 gamus
1165 2810 1311 2843 mutatur,
1346 2803 1471 2835 mallem
1499 2803 1606 2844 potius
1623 2804 1769 2835 dominum
1787 2812 1846 2845 pro
1863 2804 1910 2835 do-

1041 2849 1187 2886 minium,
1218 2845 1325 2876 eadem
1351 2844 1449 2885 phrasi
1470 2867 1481 2883 ,
1511 2853 1572 2885 qua
1586 2853 1663 2876 mox
1682 2844 1783 2876 utitur
1798 2845 1837 2876 de
1854 2844 1907 2877 afi-

1042 2890 1110 2928 nis,
1135 2887 1185 2919 sed
1203 2886 1281 2918 nihil
1299 2885 1407 2927 potius
1421 2883 1467 2916 est
1488 2885 1717 2917 solicitandum.
1747 2884 1824 2918 Non
1839 2885 1906 2927 qui-

1041 2930 1131 2968 dem,
1164 2935 1199 2959 ut
1223 2927 1332 2965 vides,
1377 2925 1486 2958 raecise
1512 2927 1610 2966 dicit,
1634 2935 1732 2967 equos
1748 2926 1905 2968 mancipio

1041 2970 1105 3001 dari
1131 2969 1161 3001 ὅ(
1189 2968 1288 3009 accipi
1309 2992 1318 3007 ‚
1364 2968 1422 3006 ed,
1449 2967 1533 3009 quod
1551 2968 1587 2999 ad
1604 2967 1787 2999 mutandum
1805 2967 1903 2999 domi-

1040 3011 1146 3049 nium,
1171 3019 1244 3041 com
1268 3017 1333 3040 arat
1349 3009 1450 3041 bobus
1470 3009 1499 3041 ὅ(
1513 3008 1602 3041 asinis
1614 3031 1624 3048 ,
1655 3008 1710 3048 qui
1728 3008 1805 3040 item
1820 3017 1903 3040 man-

1040 3052 1104 3093 cipi
1123 3050 1203 3082 sunt.
1267 3059 1284 3080 e
1304 3049 1394 3082 afinis
1412 3050 1477 3091 agit
1496 3050 1536 3082 L.
1559 3048 1598 3081 11.
1625 3049 1655 3080 C.
1679 3051 1710 3080 6.
1735 3058 1835 3090 neque
1850 3049 1901 3081 vel

1038 3093 1081 3124 ibi
1105 3092 1291 3124 nominatim
1318 3091 1559 3132 mancipationis
1588 3089 1748 3122 meminit:
1781 3092 1813 3122 in
1831 3099 1902 3121 mer-

1038 3135 1128 3165 cando
1139 3155 1150 3172 ,
1183 3134 1226 3164 ait
1246 3155 1257 3171 ‚
1287 3133 1357 3163 item
1378 3139 1411 3163 ut
1431 3138 1536 3164 coeterae
1550 3132 1695 3172 pecudes,
1713 3131 1900 3173 emptionibus

1037 3174 1073 3210 &²
1090 3175 1296 3206 traditionibus
1314 3174 1459 3205 dominum
1470 3177 1594 3205 mutant.
1618 3171 1702 3212 quod
1722 3170 1897 3212 intelligen-

1036 3211 1110 3248 dum
1127 3214 1172 3248 est
1186 3214 1225 3248 de
1240 3214 1364 3248 caeteris
1379 3214 1570 3256 pecudibus,
1591 3221 1662 3254 quae
1677 3211 1749 3245 sunt
1762 3211 1898 3290 ejusdflzn

1987 172 1998 210 ἰ
