2008 3436
294 109 384 156 DE
457 109 664 152 Fono
738 100 1550 151 LEGATORUM,C.111.1V.

26 198 117 237 *fiiant
140 202 213 234 huie
238 195 474 239 disputationi,
507 201 618 225 verum
645 189 676 222 id
704 189 872 237 largiamur
887 204 900 229 ,-

27 253 100 279 nam
119 242 235 285 singula
255 248 407 272 excutere
422 235 578 283 longioris
596 240 701 278 operte
720 231 815 270 esset,
840 241 899 278 nec

27 294 132 318 tamen
158 283 314 316 continuo
340 279 411 312 inde
444 278 614 310 efficiamus
632 294 644 312 ,
674 281 718 305 ita
747 272 900 314 plaeursse

27 327 195 365 omnibus,
218 324 270 356 vel
294 322 454 364 plerisque
478 316 656 353 Gentibus,
679 323 720 346 ex
743 323 809 355 quo
828 313 899 346 solo

27 366 172 400 censetur
186 366 240 407 Jus
260 363 424 396 Gentium.
449 359 582 392 Carolus
596 356 749 402 Emanucl
760 355 898 401 ‚Saban-

27 409 87 441 diae
108 407 206 446 Dux,
231 404 394 448 postquam
418 401 572 434 factiones
595 405 706 429 tacitas
723 396 846 428 alurffct
867 406 898 429 in

28 448 186 487 Francia,
210 447 274 490 ipse
298 446 335 478 ad
360 442 536 487 Heni-icum
563 439 620 473 IV.
644 438 792 477 advenit,
818 448 896 479 prae-

28 497 118 523 texta
135 489 263 522 honoris
282 488 313 520 &
338 483 534 518 salutationis
563 479 674 519 causa,
699 479 749 512 scd
767 489 876 511 rcvcra
887 500 898 518 ,

27 538 65 564 ut
79 530 216 574 praesens
229 529 332 571 aptius
350 524 564 557 velificaretur
583 522 718 554 confilio
737 520 802 553 sun.
828 521 898 568 Rei<

27 573 186 610 Franciae,
209 580 243 603 re
257 569 376 602 detecta
387 591 397 606 ,
422 565 573 598 Carolum
591 564 795 596 Emanuelem
809 563 899 595 drml-

27 613 66 648 fit
92 613 304 654 impunitum,
334 619 399 641 non
423 617 464 640 ex
492 606 647 639 sententia
673 605 804 637 Consilii
832 604 898 644 sui,

27 655 80 688 sed
99 664 140 686 ex
157 652 230 692 sua,
254 661 346 693 quam
363 650 426 691 Juri
445 647 599 681 Gentium
620 657 669 680 ma
695 648 718 678 is
728 655 831 688 aptam
844 655 899 687 pu-

27 697 122 730 tabat.
153 693 226 726 Nec
243 693 430 726 Franciscus
451 691 475 723 Ι.
500 689 650 722 Carolum
701 713 708 721 .
757 697 791 719 er
807 687 899 719 Fran-

25 738 108 772 ciam
136 735 373 773 transeuntem,
394 732 532 765 detinuit
549 731 580 763 dt
607 731 716 772 coegit
771 738 898 775 ucatum

26 776 239 814 Milanensem
255 777 402 813 reddere,
428 783 522 815 quem
546 771 578 805 se
602 772 797 804 redditurum
821 773 899 811 laepe

26 818 237 864 promiserat,
253 827 289 850 ut
305 826 341 850 ut
360 816 460 849 ess‘ent
473 838 484 854 ,
531 815 560 846 ui
578 823 613 846 ut
632 814 788 846 detineret
807 812 899 844 &co-

27 869 136 905 geret,
160 860 304 894 auuores
319 867 419 892 erant.
462 857 505 889 Et
553 857 644 897 egina
661 855 898 900 Sueciae,cum,

27 913 66 936 ut
90 903 181 945 supra
202 901 389 940 rumenam,
424 899 516 932 Anno
541 902 632 938 1657.
677 895 899 941 Mai-cluonem

30 942 312 979 Monaldeschium
330 940 496 975 occidiss'et
513 940 544 971 in
561 938 710 976 Francia,
725 937 765 970 fic
782 936 811 968 se
820 944 901 968 turta

29 986 91 1019 est:
116 986 163 1018 Re
188 987 270 1018 inam
278 985 313 1027 se
339 983 412 1025 effe,
435 982 545 1014 nemini
560 980 617 1022 se,
640 981 730 1011 etiam
753 980 786 1010 in
804 977 899 1009 Fran-

28 1030 100 1068 cia,
124 1030 157 1059 ni
171 1039 181 1060 ι
198 1027 261 1060 Deo
274 1027 444 1068 subditam,
468 1032 556 1064 neque
574 1023 653 1053 enim
669 1021 819 1066 captivam
836 1019 899 1061 effe,

30 1069 69 1106 δ’
85 1072 118 1102 in
135 1070 261 1101 homines
271 1068 341 1109 suos
354 1065 522 1139 szaeremum
540 1063 698 1103 Imperium
717 1064 838 1099 hahere,
864 1068 900 1092 ut

29 1110 77 1144 est
99 1110 181 1153 apud
207 1109 351 1141 Aitzema
412 1107 451 1137 ib.
484 1103 664 1149 XXXVlI.
683 1109 716 1144 p.
739 1113 777 1134 m.
792 1106 898 1149 aeon„

28 1153 116 1195 quod
141 1151 258 1183 fastum
282 1148 389 1188 Galli,-
414 1146 558 1188 quamvis
577 1145 818 1187 indignabundi,
844 1153 899 1175 nn-

25 1202 112 1237 pune
128 1191 383 1226 transmiserunt,
401 1199 443 1221 ex
458 1187 649 1229 impotentia
669 1186 834 1225 muliebri,
856 1185 900 1217 di-

27 1243 81 1268 cet
94 1235 194 1273 alter,
219 1233 301 1265 alter
318 1241 417 1270 vero,
439 1240 480 1262 ex
500 1231 573 1271 Jure
590 1227 765 1267 Gentium,
788 1235 824 1259 ut
842 1236 898 1269 op-

29 1282 153 1309 tumum
172 1283 421 1314 maxumumque
437 1272 492 1304 est.
700 1284 704 1288 ·
901 1309 903 1311 Ι

72 1317 164 1350 Nihil
181 1317 279 1358 igitur
301 1316 333 1347 in
357 1316 419 1347 hoc
435 1317 622 1355 argumento
641 1312 787 1354 proficies
808 1311 901 1344 rebus

28 1358 174 1394 fimiliter
187 1367 206 1389 a
221 1356 381 1389 Gentibus
404 1355 566 1396 judicatis,
596 1363 691 1396 atque
710 1355 755 1385 ita
773 1353 839 1385 sola
855 1352 900 1385 su-

29 1398 133 1444 perest
146 1399 247 1438 ratio,
269 1408 361 1440 quam
376 1397 584 1429 consulamus.
631 1396 674 1428 Et
690 1396 748 1426 hac
759 1394 903 1427 consulta

31 1450 92 1484 ego
116 1450 181 1474 non
205 1440 300 1473 aufim
326 1441 397 1481 plus
420 1439 498 1479 juris
515 1438 654 1469 tribuere
675 1437 707 1469 in
724 1437 902 1478 Principem

30 1493 97 1517 non
115 1481 296 1521 subditum,
319 1490 410 1522 quam
428 1481 460 1511 in
484 1480 624 1520 legatum
643 1489 705 1511 non
725 1477 902 1516 subditum,

31 1524 178 1566 quamvis
196 1524 266 1565 plus
283 1522 530 1568 tribuerint,qui
552 1530 611 1562 pro
631 1519 903 1558 Elisabecha,An-

55 1566 104 1598 liae
121 1565 260 1607 Regina,
284 1572 397 1596 contra
412 1563 569 1600 Mariam,
593 1563 710 1594 Scotiae
731 1562 904 1603 Reginam,

31 1576 195 1649 {isputant
214 1606 296 1648 apud
316 1605 511 1644 Camdenum
532 1604 648 1635 Annal.
674 1603 772 1646 Angl.
798 1606 835 1635 ad
852 1614 904 1635 an-

33 1658 104 1681 num
132 1651 222 1688 1586.
240 1656 273 1688 p.
290 1657 413 1688 ⁷⁷²·443·
437 1653 568 1687 propter
586 1645 802 1677 necessitatem
820 1645 902 1677 scili-

34 1698 89 1721 cet
109 1689 285 1730 legationis.
331 1689 391 1721 Sed
409 1688 480 1719 inde
498 1687 598 1727 maior
613 1697 678 1719 non
699 1685 744 1718 cst
763 1685 905 1719 sanstita's

32 1731 238 1773 mandatarii,
264 1739 357 1772 quarn
373 1729 547 1761 mandantis
559 1753 567 1768 ,
592 1728 614 1760 fi
632 1738 680 1760 res
699 1727 766 1760 suas
781 1727 845 1769 ipse
854 1738 906 1759 ve-

33 1772 74 1805 lit
91 1781 190 1813 agere.
238 1772 345 1818 Quare
364 1779 398 1802 ut
413 1779 592 1802 extremum
611 1769 656 1801 est
673 1770 704 1800 in
722 1770 847 1811 legato,
871 1779 906 1801 ut

33 1813 178 1856 iubeatur
193 1813 333 1855 Imperio
349 1813 522 1852 excedere,
535 1811 577 1844 fic
593 1811 624 1844 δε
642 1811 674 1844 in
690 1811 838 1852 Principe
850 1809 906 1842 sta-

643 1900 1002 1948 CAPUT

1743 111 1809 158 tsi

943 190 1086 227 'tuci-em,-
1110 187 1131 220 ss
1147 187 1196 228 J‘us
1214 186 1344 229 hospitii
1360 188 1471 221 violet.
1506 191 1566 223 Sed
1583 201 1642 223 nce
1657 191 1719 225 fine
1738 202 1811 224 cau-

943 229 1085 263 tionibus
1100 240 1138 262 ea
1154 228 1415 276 resvtranfigenda
1430 230 1485 263 est.
1510 232 1598 278 Quid
1614 233 1634 265 fi
1649 235 1733 266 euim
1744 244 1811 266 mo-

943 281 977 304 re
992 272 1123 303 latronis
1138 272 1168 303 in
1185 279 1303 309 Vltam,
1328 272 1360 304 in
1377 272 1479 310 bona,
1505 273 1537 305 in
1555 274 1737 313 pudicitiam
1757 285 1811 306 eu-

941 315 1053 355 jusquc
1068 314 1189 351 irruat,
1211 322 1272 344 nec
1288 311 1376 346 secus
1395 322 1491 354 atque
1509 313 1606 345 hostis
1620 324 1711 356 capta
1730 326 1811 357 gras--

937 354 1028 394 jetur
1044 355 1076 386 in
1101 354 1188 386 urbe.
1230 354 1353 386 Poterit
1370 355 1482 396 utique
1495 355 1652 392 detineri,
1675 356 1762 388 forte
1781 358 1811 390 δι

941 396 1086 435 occludi,
1106 396 1250 434 quamvis
1266 405 1321 436 pcr
1338 395 1461 428 turbam
1484 397 1610 435 malim,
1627 406 1718 436 quam
1736 408 1812 430 con-

941 437 1054 471 stituto
1068 438 1198 479 judicio„
1235 436 1340 469 Etiam
1355 437 1388 470 in
1405 437 1541 479 imperio
1562 437 1743 479 {impliciter
1761 440 1813 470 de-

940 481 1029 519 lato,
1051 479 1131 511 hanc
1145 477 1357 520 potestatem,
1379 479 1410 511 in
1428 488 1464 511 ea
1482 479 1603 521 specie,
1627 478 1696 519 ipsis
1713 478 1814 512 subdi-

943 522 984 554 tis
1008 520 1154 553 adversus
1179 520 1357 562 Principem
1386 520 1531 553 'tribuunt
1548 545 1558 560 ,
1591 522 1644 562 qui
1671 521 1812 562 alioquin

941 563 1124 604 Principum
1140 561 1239 594 causae
1258 562 1433 605 iniquiores
1448 572 1513 596 non
1529 562 1618 601 sunt,
1636 569 1671 593 ut
1690 561 1812 594 scilicet

942 603 1102 646 insurgere
1120 604 1214 636 liceat
1232 604 1263 635 in
1280 611 1447 646 tyrannum
1459 629 1469 643 ‚
1494 605 1546 647 qui
1566 603 1724 644 Principis
1738 612 1807 644 per·

943 646 1049 679 sonam
1065 644 1223 686 deposuit.
1248 646 1301 678 Sic
1317 645 1466 678 Huberus
1475 648 1510 678 de
1525 646 1603 688 Jure
1619 647 1710 678 Cieit.
1738 645 1810 677 Lib.

942 688 965 721 Ι.
993 687 1068 720 secr.
1094 698 1125 729 3.
1151 688 1184 718 C.
1199 697 1230 727 4.
1249 694 1297 728 pr.
1322 687 1363 719 lic
1380 688 1443 719 alii.
1469 688 1500 720 Si
1521 689 1671 728 Princeps
1690 687 1720 719 in
1738 681 1812 718 alie-¹

942 740 984 762 no
1004 729 1141 770 Imperio
1160 739 1252 761 manu
1273 738 1337 760 rem
1356 737 1446 770 agat,
1472 730 1526 761 vel
1542 739 1598 771 per
1616 728 1664 768 se,
1689 728 1742 760 vel
1757 737 1812 769 per

941 772 1094 810 comites,
1119 771 1195 812 quin
1212 780 1305 803 manu
1318 771 1428 812 repelli
1445 771 1558 813 poffit,
1579 780 1643 803 non
1660 777 1741 811 puto
1759 770 1814 802 du-

943 813 1117 846 bitandum.
1141 812 1172 844 Si
1189 812 1346 852 veroquid
1355 813 1554 845 machinetur
1570 811 1716 844 adversus
1726 811 1814 844 Prin-

943 856 1048 897 cipem
1066 852 1221 894 hospitem
1234 877 1245 893 ,
1261 854 1370 894 ejusve
1387 853 1576 894 Imperium,
1596 853 1618 886 fi
1637 853 1721 886 aliud
1730 863 1817 885 com-

943 906 1039 929 mune
1056 895 1207 928 delictum
1222 903 1382 936 perpetret
1395 918 1405 935 ‚
1429 896 1520 935 satis,
1546 905 1626 937 puto
1637 919 1647 935 ,
1673 895 1728 927 fiet
1744 895 1816 927 rati-

942 939 997 970 oni
1022 938 1052 970 &
1075 937 1140 979 Juri
1171 936 1343 976 Gentium,
1368 936 1389 969 fi
1415 938 1500 979 quod
1518 937 1570 969 hic
1586 938 1639 978 Jus
1659 935 1814 968 Gentium

942 980 1010 1018 est,
1035 979 1057 1012 fi
1083 978 1228 1020 jubeatur
1252 978 1367 1011 finibus
1393 977 1519 1020 Imperii
1545 978 1722 1018 excedere,
1753 987 1816 1010 nec

942 1021 1077 1062 amplius
1096 1020 1222 1051 turbare
1238 1019 1480 1060 Rempublicam
1497 1020 1642 1052 nostram.
1668 1021 1703 1052 In
1719 1019 1813 1051 causa

945 1064 1016 1095 aeris
1039 1062 1133 1094 alieni
1155 1061 1236 1094 idem
1265 1061 1423 1101 dixerim,
1447 1071 1517 1093 nam
1536 1061 1653 1093 arresto
1672 1062 1815 1093 detinere

943 1104 1048 1137 Princi
1074 1112 1143 1142 em,
1168 1111 1204 1134 ut
1229 1113 1271 1135 aes
1293 1103 1431 1135 alienum
1456 1112 1640 1145 expungat,
1671 1104 1815 1144 quamvis

942 1145 1031 1179 forte
1046 1146 1057 1177 1
1073 1144 1141 1177 rieti
1159 1145 1238 1185 juris
1259 1145 1342 1176 ratio
1361 1144 1578 1186 permitteret,
1603 1154 1666 1176 non
1684 1144 1814 1185 permit-

945 1188 983 1220 tit
1001 1195 1105 1219 tamen
1124 1186 1266 1228 analogia
1274 1187 1341 1228 ejus
1355 1187 1449 1227 Juris,
1461 1187 1547 1228 quod
1563 1187 1603 1218 cle
1620 1186 1732 1218 leoacis
1748 1186 1815 1217 ubi-

941 1239 1005 1271 que
1021 1227 1174 1260 Gentium
1191 1236 1353 1270 receptum
1369 1227 1424 1261 est.
1448 1228 1481 1261 Si
1501 1236 1595 1269 neges
1606 1250 1617 1266 ,
1640 1210 1691 1259 ιῗῠὶ
1710 1226 1748 1259 de
1763 1226 1814 1267 Ju-

943 1281 978 1303 re
997 1269 1150 1302 Gentium
1167 1270 1292 1311 agitur,
1314 1279 1355 1302 ex
1380 1270 1524 1312 analogia
1538 1269 1690 1312 disputari
1706 1268 1793 1310 posse
1806 1292 1817 1308 ‚

944 1321 1006 1355 ego
1021 1311 1205 1354 negaverim
1216 1335 1225 1351 ,
1249 1312 1331 1344 hanc
1349 1312 1556 1354 quaestionem
1583 1321 1623 1343 ex
1640 1311 1714 1352 Jure
1729 1309 1816 1342 Gen-

947 1356 1027 1387 tium
1050 1354 1190 1394 expediri
1238 1353 1303 1385 oss'e
1319 1377 1328 1392 ‚
1368 1362 1442 1385 cum
1465 1354 1612 1395 exempla
1639 1352 1789 1385 deficiant
1801 1371 1816 1391 ·,

945 1396 1059 1438 quibus
1081 1393 1199 1427 consen
1217 1404 1251 1427 us
1278 1393 1432 1427 Gentium
1457 1395 1629 1437 probetur,
1652 1403 1714 1426 nec
1730 1394 1818 1435 quic-

946 1447 1039 1479 quam
1057 1437 1136 1468 adeo
1153 1435 1283 1478 supersit
1294 1459 1306 1476 ,
1329 1447 1421 1479 quam
1445 1444 1481 1468 ut
1508 1437 1545 1469 ad
1561 1437 1738 1479 legatorum
1759 1445 1815 1468 ex-

947 1479 1086 1521 emplum
1108 1478 1193 1520 ipsos
1218 1479 1322 1520 Reges
1354 1479 1384 1511 &
1406 1478 1570 1520 Principes
1587 1501 1598 1517 ,
1629 1478 1659 1510 ὅ(
1687 1478 1815 1518 quidem

942 1521 1065 1563 magis,
1088 1520 1126 1552 ab
1144 1519 1263 1552 arresto
1278 1520 1420 1552 dicamus
1444 1521 1618 1558 immunes,
1642 1520 1673 1551 dt
1690 1520 1722 1551 in
1741 1528 1780 1550 eo
1799 1529 1817 1551 a

948 1562 1072 1594 caeteris
1096 1562 1228 1603 privatis
1251 1560 1387 1594 differre.
1433 1561 1539 1594 Audio
1559 1561 1702 1602 equidem
1722 1560 1815 1593 Curi-

947 1614 996 1636 am
1020 1602 1205 1636 Hollandiae
1229 1603 1322 1635 Anno
1352 1608 1441 1645 1693.
1477 1603 1518 1635 ob
1544 1613 1586 1634 aes
1605 1603 1762 1641 alienum,
1784 1603 1818 1635 in

948 1645 1121 1678 Hollandia
1138 1644 1256 1677 arresto
1278 1645 1445 1677 detinuiss'e
1468 1644 1593 1676 Ducem
1610 1644 1816 1677 Meklenbur-

947 1686 1092 1735 gensem,
1116 1686 1297 1728 Principem
1316 1685 1362 1718 sui
1387 1687 1485 1727 J'uris,
1510 1685 1581 1724 sed,
1606 1686 1628 1718 fi
1647 1685 1699 1717 vel
1721 1685 1818 1717 veris-

948 1731 1057 1762 lunum
1080 1728 1111 1760 id
1132 1727 1229 1768 estet,
1253 1730 1396 1769 quamvis
1423 1728 1482 1765 fit,
1506 1737 1563 1759 cur
1588 1726 1752 1765 dubitem,
1776 1727 1818 1758 ob

942 1780 1004 1817 ea,
1028 1779 1099 1812 quae
1123 1769 1211 1809 dixi,
1235 1770 1308 1802 inde
1326 1779 1391 1802 non
1411 1769 1489 1802 licet
1515 1768 1708 1809 cfficcrejus
1732 1768 1817 1800 Gen-⁴

950 1819 1043 1844 tium.

1102 1909 1192 1948 IV.

262 2002 428 2048 Principis
453 2002 534 2037 bona
561 2001 595 2036 in
619 2001 757 2036 alterius
783 2001 945 2048 Imperio,
972 2008 1013 2035 an
1035 1998 1094 2046 per
1119 1998 1273 2048 arrestum
1291 1999 1405 2047 forum
1431 1995 1590 2036 tribuant)

32 2089 174 2182 Dixi
195 2099 234 2133 de
260 2099 480 2141 Principibus,
501 2108 586 2130 nunc
606 2098 645 2130 de
668 2107 778 2129 eorum
805 2097 899 2130 bonis
941 2117 943 2119 ·

145 2141 305 2179 dicamus;
329 2141 360 2173 ὃ(
377 2150 413 2172 ut
430 2141 589 2178 dicamus,
609 2139 730 2172 necesse
745 2138 811 2178 est,
828 2140 901 2182 quia

32 2192 100 2215 non
125 2181 220 2213 modo
251 2182 396 2223 corporis
413 2206 422 2220 ,
456 2181 507 2213 sed
537 2182 567 2214 δε
591 2181 749 2213 bonorum
777 2182 902 2213 ratione

32 2223 219 2264 subjicimur
233 2223 384 2263 potestati
403 2223 469 2263 ejus
482 2222 616 2263 judicis,
633 2223 686 2254 ubi
702 2223 785 2254 bona
799 2221 903 2254 nostra

30 2264 125 2304 sunt,
151 2264 182 2296 ὁὶ
203 2264 276 2305 quia
309 2262 513 2303 subjicimur,
536 2264 579 2295 ibi
608 2264 774 2296 conveniri
803 2263 904 2306 possu-

32 2315 126 2345 mus,
148 2304 267 2336 arresto
293 2304 420 2337 inclusis
443 2305 482 2336 iis
498 2304 600 2337 bonis.
646 2305 682 2337 In
702 2305 793 2337 causa
813 2305 904 2338 civili

32 2356 109 2379 cum
135 2346 167 2378 id
193 2346 277 2378 inter
295 2347 438 2387 privatos
464 2346 631 2386 obtineat,
652 2347 770 2378 ubicun
794 2356 833 2378 ue
859 2356 904 2379 ar-

33 2387 116 2421 resta
147 2387 390 2428 frequentantur
410 2411 419 2427 ,
451 2397 512 2430 ego
535 2388 640 2420 nullus
665 2388 768 2420 anima
793 2396 904 2428 verto,

32 2438 92 2462 cur
116 2438 179 2463 non
206 2428 288 2460 idem
317 2429 464 2461 obtinere
489 2436 637 2469 oporteat
658 2429 744 2470 quod
766 2429 803 2460 ad
820 2429 903 2463 bona

33 2477 239 2505 externorum
257 2469 450 2511 Principum.
494 2471 527 2503 Si
545 2471 585 2502 ab
608 2469 725 2502 arresto
746 2470 902 2513 Principis

34 2519 246 2554 temperemus
261 2511 304 2543 ob
325 2510 520 2544 sanctitatem
542 2511 704 2554 personae,
729 2512 798 2554 quis
819 2512 902 2544 bona

34 2552 191 2620 Principis
216 2552 248 2584 in
273 2553 378 2585 alieno
396 2553 534 2595 Imperio
553 2563 640 2595 aeque
656 2552 758 2586 sanCta
778 2553 839 2586 esse
856 2554 901 2586 di-

33 2595 122 2627 xerit
141 2621 149 2627 .
183 2593 240 2626 usu
267 2593 419 2632 Gentium
450 2595 604 2634 invaluit,
629 2602 665 2626 ut
691 2595 773 2627 bona
789 2618 800 2634 ,
832 2605 902 2637 quae

35 2635 189 2676 Princeps
209 2635 241 2667 in
257 2636 385 2668 alterius
403 2635 540 2669 Ditione
559 2636 612 2668 fibi
633 2637 850 2678 comparavit,
867 2636 902 2669 fi-

34 2685 79 2708 ve
96 2676 316 2722 baereditatis,-
340 2677 393 2709 vel
417 2687 481 2719 quo
509 2678 574 2710 alio
600 2677 698 2710 titulo
721 2678 905 2720 acquisivit,

33 2717 167 2760 perinde
183 2717 372 2757 habeantur,-
388 2727 424 2750 ac
440 2719 524 2752 bona
534 2719 733 2761 privatorum
745 2744 754 2759 ‚
773 2728 833 2751 nec
850 2719 906 2751 mi-

35 2768 116 2806 nus,
140 2767 233 2804 quam
253 2758 340 2799 haec,
366 2759 570 2800 subjiciantur
592 2761 742 2793 oneribus
763 2761 792 2793 &
810 2761 907 2792 tribu—

35 2807 89 2832 tis.
134 2799 219 2846 Quia
235 2798 357 2831 subdita
373 2800 443 2833 sunt
458 2802 561 2842 bona,-
584 2802 780 2834 subditorum
796 2798 904 2834 condi-

37 2841 160 2874 tionem
183 2839 353 2886 sequuntur
371 2842 404 2873 in
424 2843 570 2875 omnibus
589 2843 618 2875 &
635 2853 691 2885 per
708 2844 824 2876 omnia.
849 2844 905 2876 Sin

35 2882 120 2923 aias,
144 2882 348 2928 Imperatoris
375 2881 508 2916 Romani
527 2893 627 2926 equos
647 2886 677 2917 δε
693 2895 808 2924 canes,
832 2885 862 2917 δι’.
882 2884 905 2917 fi

61 2923 114 2955 uid
132 2923 179 2955 his
189 2932 292 2955 minus
310 2922 374 2970 est,-
399 2923 475 2956 olim
496 2926 590 2958 etiam
600 2925 718 2967 saucios
734 2926 905 2964 audiviffe,

76 2974 113 2997 ea
129 2965 252 2996 ratione
263 2964 343 2996 vehs
359 2965 595 3005 contradicere,
605 2966 699 3000 risum
715 2967 803 3000 dabis
813 2968 843 3001 ἀ
859 2968 905 3008 Jo-

35 3014 115 3044 cos,
137 3014 196 3037 nec
213 3013 249 3037 ut
266 3004 347 3037 serio
363 3004 607 3047 respondeatur,-
627 3009 818 3051 impetrabis.
853 3008 906 3042 Ne

36 3047 161 3084 dicam,
185 3047 237 3078 vel
262 3046 348 3079 illam
374 3046 586 3088 sanctitatem,
609 3052 680 3090 quae
714 3058 902 3092 tantopere,

36 3087 228 3130 praedicatur
244 3087 283 3119 de
298 3088 430 3129 legatis,
454 3089 532 3120 mihi
557 3090 678 3124 causam
697 3092 760 3124 effe
776 3102 842 3124 non
859 3093 905 3123 vi-

36 3129 122 3173 deri,
145 3137 202 3159 cur
226 3129 404 3162 exnnantur
431 3127 507 3161 foro·
523 3131 609 3172 ejus,-
633 3133 714 3173 apud
729 3143 823 3175 quem
849 3133 902 3165 de-

36 3177 135 3217 gunt,
160 3167 212 3200 sed
227 3170 317 3202 aliam
338 3171 368 3203 dc
385 3170 481 3213 longe
497 3171 672 3213 diversam,
686 3177 780 3215 quam
799 3176 901 3216 Capite

32 3215 167 3252 proximo
184 3219 348 3252 exponam.
552 3213 555 3217 '

986 2097 1084 2142 Quod
1114 2098 1152 2129 ad
1184 2098 1267 2130 bona
1308 2106 1514 2130 externorum
1541 2096 1725 2138 Principum
1758 2097 1825 2136 noir

944 2148 1006 2171 una
1023 2147 1126 2171 tamen
1144 2140 1287 2171 omnium
1304 2138 1460 2172 sententia
1475 2138 1530 2172 est.
1576 2138 1647 2180 Ego
1664 2137 1824 2170 adsentior

945 2180 1108 2225 Hilligero
1130 2183 1168 2212 ad
1189 2180 1311 2213 Donell.
1335 2181 1406 2213 Lib.
1432 2179 1546 2213 XVIL
1568 2180 1600 2212 C.
1627 2189 1674 2222 17.
1699 2179 1748 2212 lit.
1772 2179 1815 2211 A.

947 2232 1021 2254 cum
1038 2223 1100 2254 ait:
1123 2222 1254 2254 Ratione
1269 2223 1312 2254 rei
1331 2221 1463 2261 etiamst,
1486 2223 1537 2263 qui
1549 2219 1689 2264 poffidet,
1714 2221 1818 2252 bonore

939 2264 1074 2306 superior
1092 2262 1157 2303 fit,
1179 2264 1335 2305 inferioris
1349 2263 1585 2308 jurisdifflonem
1606 2264 1709 2302 subit,
1734 2272 1819 2304 eoque

946 2305 1073 2347 respestu
1083 2306 1238 2347 subditum
1254 2315 1339 2347 quem
1355 2307 1501 2343 tradunt,
1524 2304 1576 2344 etsi
1594 2304 1699 2347 Regia
1715 2305 1816 2346 digni-

943 2353 1007 2379 tate
1037 2349 1174 2379 emineat.
1220 2347 1388 2380 Subditum
1411 2355 1508 2378 vocat
1533 2346 1657 2378 ratione
1679 2344 1765 2383 fori,
1787 2345 1819 2376 ὅτ.

943 2389 1172 2427 executionis,
1195 2398 1287 2431 quarn
1311 2388 1412 2429 Judex
1435 2387 1522 2419 forte
1540 2387 1683 2418 decrevit
1699 2387 1732 2417 in
1751 2395 1818 2417 rem

944 2430 1000 2463 fibi
1028 2429 1216 2470 subiectam,
1240 2429 1305 2462 five
1323 2429 1497 2468 mobilem,
1521 2427 1584 2460 five
1601 2427 1817 2466 immobilem,

944 2471 1008 2505 five
1028 2471 1215 2512 pecuniam,
1238 2480 1280 2503 ex
1303 2479 1490 2513 quacunque
1512 2468 1636 2501 tandem
1658 2467 1748 2500 causa
1763 2468 1814 2500 de-

939 2513 1076 2550 ‘beatur3
1100 2512 1232 2554 utique,
1254 2512 1275 2544 fi
1292 2520 1343 2543 me
1361 2510 1518 2553 sequaris,
1541 2510 1584 2542 fic
1606 2519 1642 2541 ea
1661 2510 1816 2551 interpre-

947 2562 1008 2585 tor.
1053 2554 1096 2586 Et
1112 2561 1217 2586 tamen
1234 2552 1384 2586 Huberus
1404 2552 1537 2584 Praeleuz
1559 2553 1597 2583 ad
1628 2550 1688 2584 Tit.
1708 2550 1749 2592 ff.
1780 2552 1815 2582 ἅθ’

945 2597 979 2626 in
993 2596 1044 2638 jus
1062 2605 1128 2627 voc.
1151 2595 1250 2634 Loco,
1271 2596 1305 2626 de
1328 2592 1450 2635 Arrefio
1474 2594 1549 2625 reali
1573 2602 1604 2625 n.
1630 2601 1656 2624 1.
1682 2593 1725 2624 ita
1744 2602 1816 2625 cen-

950 2635 1014 2676 set,
1038 2644 1132 2678 atque
1147 2637 1170 2669 fi
1187 2646 1243 2676 ea,
1258 2646 1327 2678 quae
1347 2635 1545 2677 Principibus
1563 2635 1685 2666 exteris
1701 2634 1815 2666 deben-

951 2686 1002 2709 tur
1019 2687 1059 2710 ex
1078 2678 1207 2719 publica
1233 2677 1452 2711 conventione
1463 2700 1476 2716 ,
1498 2687 1564 2709 non
1580 2676 1756 2716 reciperent
1772 2685 1818 2706 ar-

949 2718 1047 2758 resta,
1071 2720 1200 2752 laudans
1218 2727 1290 2752 cum
1309 2718 1373 2758 ibi,
1397 2726 1465 2750 tum
1480 2720 1514 2750 de
1530 2716 1608 2759 Jure
1630 2718 1721 2749 Civit.
1741 2716 1814 2748 Lilu

949 2760 1002 2793 111.
1030 2761 1105 2793 Seu.
1142 2771 1170 2793 2.
1198 2762 1230 2794 C.
1256 2771 1286 2793 2.
1309 2770 1340 2792 n.
1364 2769 1415 2792 21.
1462 2759 1569 2792 Curiae
1599 2757 1722 2790 Frificae
1752 2756 1816 2796 sen-

949 2803 1080 2835 tentiam
1097 2821 1110 2842 ,
1139 2806 1200 2844 qu'a
1225 2806 1317 2837 1681.
1342 2798 1485 2843 7.'Nov.·
1507 2799 1662 2841 judicavit
1680 2811 1693 2837 ‚-
1721 2798 1817 2843 pecu-¹

947 2844 1031 2876 niam
1058 2844 1140 2886 apud
1164 2843 1365 2888 Quaestorem
1380 2841 1504 2881 Frifiae,
1530 2840 1717 2882 Imperatori
1737 2838 1818 2872 Ger-

948 2885 1076 2918 manico
1092 2885 1253 2924 debitam,
1274 2894 1333 2926 pro
1358 2883 1575 2924 obligatione,
1600 2891 1661 2922 qua
1679 2881 1816 2922 Impera-

949 2934 1001 2959 tor
1016 2927 1086 2959 aliis
1102 2927 1140 2958 ad
1155 2927 1277 2967 aliquot
1292 2924 1504 2966 Imperialium
1521 2923 1620 2955 millia
1636 2923 1816 2960 tenebatur,

950 2967 1066 3000 arresto
1083 2967 1202 3000 includi
1221 2976 1286 2999 non
1306 2964 1462 3008 potuiss‘e,
1487 2964 1560 3006 quia
1575 2983 1587 3004 ,
1609 2964 1654 2995 ait
1669 2965 1696 2996 d.
1710 2970 1741 2996 π’.
1761 2973 1812 2996 21.

949 3009 1091 3052 legitima
1110 3009 1177 3049 eius
1193 3007 1397 3041 denunciatio
1419 3006 1485 3038 fieri
1501 3015 1569 3038 non
1582 3012 1716 3047 poterat.
1762 3005 1814 3037 Sa-

947 3060 989 3082 ne
1016 3051 1104 3082 illam
1129 3049 1288 3081 rationem
1313 3047 1433 3080 nullius
1453 3046 1516 3078 effe
1541 3047 1695 3079 momenti
1715 3046 1816 3088 palam

947 3091 1014 3131 est,
1037 3094 1095 3123 cur
1124 3091 1210 3122 enim
1233 3088 1436 3121 denunciatio
1461 3087 1528 3120 fieri
1553 3097 1618 3120 non
1634 3095 1760 3130 poterat
1777 3097 1819 3120 ex

946 3132 1087 3165 clausula
1113 3131 1221 3163 Edieti
1240 3153 1252 3169 ,
1283 3128 1484 3168 transmfflis,
1505 3136 1542 3161 ut
1567 3128 1669 3169 solet,
1691 3130 1758 3161 eam
1786 3130 1820 3161 in'

945 3173 1138 3205 remliteris.
1185 3171 1229 3204 Et
1244 3181 1282 3203 an
1307 3180 1405 3203 nemo
1434 3170 1637 3211 Imperatoris
1660 3171 1817 3203 mandata-

944 3216 1009 3248 rius
1027 3223 1096 3246 eam
1116 3213 1284 3256 pecuniam
1310 3222 1328 3244 a
1347 3211 1518 3259 Quaestor-e
1543 3211 1662 3246 Frifico
1686 3219 1751 3244 erat
1762 3220 1820 3282 ⁶eit-

1744 3262 1758 3283 a
1780 3261 1825 3284 tu-
