2008 3436
391 122 793 160 CORNELII

144 212 221 243 cuit.
254 207 353 242 reete3
378 203 429 235 scd
446 212 601 244 nunquam
621 209 761 242 repertus
779 201 839 232 erit
856 200 1005 239 creditor,

144 251 198 290 qui
215 248 346 288 turpiter
363 244 486 276 delusus
503 243 655 275 debitoris
674 243 817 283 pmfidia,
842 241 913 273 usus
931 241 1006 273 fuis-

144 291 191 324 set
209 290 277 329 lege
295 287 388 325 dura,
413 294 445 316 at
463 293 564 316 tamen
581 285 623 315 ita
641 283 778 324 scripta?
803 294 840 315 an
855 283 1006 320 dicemus,

143 340 209 364 rem
233 329 312 361 hanc
336 337 400 359 non
425 326 518 359 fuiss'e
534 326 659 367 dignam
678 325 828 355 memoria
846 323 1006 364 posterita-

149 141 195 167 20
865 133 972 159 VAN

767 427 1126 463 CAPUT

660 532 713 566 Ad
750 532 789 564 L.
827 541 859 565 2.

237 647 258 678 d
280 646 357 676 hanc
380 644 416 676 L.
444 643 622 680 videamus,
654 641 795 682 nunquid
819 643 921 674 notari
937 642 1006 683 pos-

143 646 235 730 Α
258 687 313 725 fit,
338 685 423 727 quod
438 684 573 715 aliorum
588 682 673 724 fugit
692 681 882 714 industriam.
929 684 1006 715 Ver-

142 732 182 763 ba
207 731 247 762 sic
272 727 400 758 habent:
434 725 529 757 Nemo
554 734 703 756 carcerem
726 724 1008 765 plumbatarumque

142 773 268 804 verbera
288 774 341 800 aut
363 769 516 808 pondera³
547 767 666 807 aliaque
682 766 717 796 ab
738 765 895 806 insolentia
912 765 1007 806 Judi·

143 823 209 845 cuin
230 815 349 851 reperta
361 809 531 850 supplicia,
562 809 594 839 in
614 807 1008 847 debitoruntsolutionibus‚

142 855 192 887 vel
204 863 221 885 a
232 850 400 894 perverfis,
422 851 472 882 vel
487 852 523 882 ab
536 851 627 881 iratis
642 850 797 890 judicibus
814 850 1006 890 expavescat.

142 897 251 927 Carcer
266 894 427 933 poenalium
445 915 455 930 ,
477 902 581 924 carcer
604 892 752 923 hominum
770 893 927 922 noxiorum
945 890 1005 932 est,

141 937 178 972 ὅ)
193 935 363 977 officialium
373 959 382 971 ,
404 934 440 968 δ’
454 944 520 965 cum
534 935 721 965 denotatione
735 943 834 964 eorznn
843 932 1004 973 Judicuin,

141 987 268 1021 quorum
286 979 321 1008 de
343 975 432 1018 officio
454 977 596 1007 certiores
615 973 668 1015 effe
685 976 851 1012 debebunt,
874 977 925 1016 qui
939 985 1004 1006 con-

140 1028 192 1052 tra
213 1021 289 1051 hanc
306 1019 397 1061 legem
424 1018 610 1058 admiserint.
656 1017 760 1048 Securi
780 1017 877 1057 juxta
900 1015 1003 1055 Praesi-

140 1064 205 1094 dem
226 1061 382 1101 transeam
397 1059 557 1100 solutores.
604 1057 664 1090 Vel
688 1064 786 1096 certe,
807 1056 837 1096 fi
854 1059 923 1098 quir
945 1066 1005 1089 tam

139 1104 257 1135 alienus
278 1105 313 1134 ab
342 1103 469 1134 humano
481 1101 574 1142 sensu
589 1098 656 1140 est,
686 1106 721 1131 ut
743 1101 796 1131 hac
813 1100 1005 1140 indulgencia

141 1147 180 1177 ad
197 1145 413 1176 contumaciam
426 1146 573 1175 abutatur
585 1142 793 1181 ,contineatur
808 1147 912 1181 aperta
923 1140 1004 1176 &li-

140 1189 211 1219 bera
221 1184 259 1221 ἑὸ)
273 1187 305 1218 in
313 1186 396 1227 usum
406 1186 555 1216 hominnm
562 1187 594 1216 in
591 1183 707 1224 stituta
715 1181 848 1223 custodia
863 1184 1002 1215 militari.

140 1229 175 1260 Si
188 1233 256 1270 quis
269 1229 302 1260 in
317 1229 462 1259 obdurato
476 1228 613 1267 nequitia
627 1226 832 1266 permanebit,
858 1225 894 1255 ad
910 1234 958 1256 res
975 1236 1003 1257 e-

134 1272 191 1312 jus
212 1280 378 1310 omnemque
392 1267 597 1309 substantiam
618 1266 738 1299 exustor
763 1267 904 1297 accedat:
919 1267 1003 1305 solu-

139 1313 231 1344 tionis
249 1312 380 1352 obsequio
400 1321 466 1342 cum
477 1309 651 1350 substantiae
663 1309 846 1349 proprietate
853 1307 1002 1349 suscepto.

139 1353 375 1401 Quasacultate
388 1354 515 1394 praebita
531 1361 626 1382 ornnes
637 1351 708 1391 fore
724 1351 871 1381 credimus
884 1353 1003 1389 pronio-

137 1406 189 1429 res
209 1397 247 1427 ad
258 1396 406 1436 solvenda
428 1404 480 1432 ea,
509 1403 572 1435 quae
587 1396 624 1424 ad
638 1391 732 1433 nostri
749 1391 833 1431 usum
848 1393 1004 1424 exercitus

133 1443 191 1480 pro
207 1439 352 1469 communi
366 1436 464 1472 salute
477 1436 649 1475 poliuntur.
693 1431 825 1465 Constat
849 1432 928 1464 hanc
952 1433 1003 1465 de-

137 1479 360 1511 clamationem
377 1477 619 1510 Constantinum
641 1475 679 1507 ad
701 1474 858 1520 Populum
875 1474 1005 1506 edixisse

139 1521 177 1552 ad
196 1519 402 1551 coercendam
417 1518 572 1552 saevitiam
589 1517 707 1550 tributa
721 1515 933 1557 exigentium:
950 1515 1003 1547 sae-

138 1571 178 1603 pe
202 1561 285 1592 enim
310 1561 342 1592 in
371 1561 451 1592 hanc
477 1567 597 1601 partem
620 1565 784 1600 peccatum
808 1555 870 1595 est,
896 1556 1004 1589 hodie-

138 1612 199 1645 que
222 1602 303 1633 inter
326 1602 409 1643 leges
443 1601 561 1632 irolixe
585 1606 760 1644 peccatur..
788 1596 913 1630 Illustre
938 1599 1006 1639 ejus

138 1645 183 1676 rei
206 1643 387 1684 exemplum
411 1611 489 1674 oiim
514 1641 681 1673 annotavit
703 1639 797 1671 Philo
822 1638 945 1679 Judaeus
971 1640 1005 1672 in

137 1684 224 1718 Libr.
251 1686 285 1716 de
299 1685 432 1725 Legibus
444 1683 627 1724 specialibus
644 1683 682 1714 ad
699 1691 730 1722 3.
753 1690 784 1720 4.
802 1680 838 1715 &³
853 1690 884 1721 5.
905 1682 1003 1714 Praec.

134 1733 168 1767 p.
184 1737 222 1758 ni.
240 1729 312 1768 673.
338 1727 376 1757 de
390 1736 430 1757 eo
445 1725 560 1767 quippe
578 1725 709 1766 longum
730 1730 853 1768 narrat,
877 1723 931 1764 qui
949 1723 1003 1755 tri-

135 1768 286 1799 butorum
310 1767 470 1799 debitores
485 1790 495 1805 ,
527 1774 673 1806 totasque
689 1773 728 1796 eo
746 1772 874 1796 nomine
890 1774 1004 1806 cogna-

136 1810 241 1841 tiones
263 1809 294 1841 &
320 1808 410 1840 vicos
434 1807 544 1849 insigni
563 1806 749 1839 crudelitate
770 1804 893 1837 afflixit.
938 1806 1003 1838 Ne-

139 1860 200 1892 que
215 1850 292 1882 adeo
308 1857 481 1881 contumax
497 1849 615 1881 malum
631 1847 690 1878 hac
709 1845 947 1879 Constitutione
956 1857 1003 1879 re-

138 1891 243 1933 preffit
269 1890 513 1929 Constantinus,
545 1890 620 1931 quin
638 1888 793 1920 continuo
814 1887 880 1926 ejus
896 1888 953 1920 filii
970 1899 1004 1920 o-

139 1942 196 1974 pus
214 1932 380 1963 habuerint
394 1941 479 1963 nova
504 1932 536 1962 in
564 1930 643 1961 hanc
662 1938 727 1961 rem
746 1927 1003 1969 Constitutione,

164 1984 209 2005 uae
227 1972 329 2005 exstat
352 1973 382 2004 in
405 1973 425 2003 l.
453 1982 482 2008 7.
506 1973 537 2004 C.
558 1971 612 2004 To.
631 1972 666 2002 de
680 1969 840 2002 Examen.
886 1970 931 2002 Et
952 1971 1006 2003 vel

139 1984 181 2048 iic
196 2015 276 2046 vicit
292 2024 331 2046 ne
354 2014 433 2045 uitia
449 2013 556 2045 saeculi
576 2013 606 2044 &
625 2011 824 2053 improbitas:
851 2021 921 2043 nam
940 2011 1005 2053 ipse

138 2023 568 2097 justinianuscilhinotmetus
592 2053 733 2095 pecuniae
754 2052 888 2093 publicae
904 2052 1003 2093 praefi-

139 2097 244 2128 ciebat
269 2097 356 2128 viros
379 2095 604 2128 crudelissimos
619 2118 630 2134 ,
662 2094 716 2135 qui
735 2093 822 2125 foede
836 2093 1006 2125 saeviebant

138 2138 172 2170 in
187 2138 317 2169 obvium
357 2147 507 2178 uemque,
531 2136 626 2167 etiam
642 2135 842 2176 Imperatoris
860 2142 1003 2174 matrem,

139 2188 178 2210 ut
202 2179 311 2211 Suidas
350 2178 443 2209 cribit
470 2178 500 2210 in
525 2179 662 2209 'nunnae
683 2181 694 2206 ὁ
713 2178 892 2210 ‘Puerum-&n
945 2176 1005 2208 Sed

140 2226 337 2252 revertamur
350 2221 387 2250 ad
409 2220 427 2250 l.
446 2229 475 2251 ρ.
499 2229 570 2251 nam
587 2218 677 2250 locos
695 2226 878 2249 communes
894 2226 1006 2249 contra

142 2261 333 2293 Publicanos
350 2260 468 2302 ubique
483 2260 589 2292 videas
603 2258 755 2291 comestos
773 2259 803 2290 &
818 2257 1003 2300 exscriptos.

184 2302 258 2341 Ait,
284 2303 567 2343 plumbatarumque
583 2302 719 2332 verbera.
764 2298 816 2331 De
838 2300 1008 2341 plumbatis

143 2343 223 2375 nihil
238 2344 356 2383 dicam,
381 2353 454 2375 cum
470 2341 542 2375 satis
555 2342 692 2374 dixerint
707 2340 854 2380 Cujacius
870 2341 900 2372 &
915 2340 1007 2372 Ama-

167 2394 184 2416 a
198 2386 262 2422 hic,
278 2384 339 2425 Jac.
359 2384 579 2416 Gothofredus
592 2384 630 2415 ad
642 2384 662 2415 l.
681 2393 710 2414 2.
734 2382 766 2413 C.
785 2381 883 2414 Tinde
892 2381 1008 2426 Quaest-

142 2395 265 2467 ioseph.
299 2425 435 2467 Scaliger
465 2425 564 2466 Epist.
595 2425 636 2457 L.
660 2424 698 2457 II.
737 2423 835 2464 Epist.
867 2427 936 2462 146.
967 2423 1008 2455 G.

142 2466 340 2499 Paneirollus
363 2467 443 2499 Var.
463 2467 546 2498 Len.
570 2466 610 2498 L.
628 2466 650 2498 Ι.
686 2467 718 2497 C.
737 2475 788 2505 41.
806 2472 838 2505 p.
856 2469 908 2500 68.
954 2465 1010 2497 Vi-

144 2508 174 2539 di
200 2508 230 2539 &
252 2507 346 2539 hodie
367 2508 544 2550 hujusmodi
570 2507 768 2549 plumbatas,
803 2507 833 2538 δε
856 2506 922 2538 tusa
946 2506 1010 2538 illis

146 2559 202 2580 cor
226 2559 288 2580 ora.

188 2558 261 2630 siit,
288 2590 398 2622 Carcer
419 2591 597 2631 poenalium.
625 2599 729 2622 carcer
745 2590 892 2620 hominnm
911 2589 1011 2622 noxio-

145 2642 213 2663 rum
227 2631 278 2672 est.
321 2632 416 2664 Retia
431 2632 475 2665 est
494 2632 561 2664 haec
577 2631 748 2673 scriptura,
773 2631 916 2671 quamvis
933 2631 964 2662 in
981 2640 1010 2661 a·

144 2673 197 2705 liis
223 2673 311 2705 libris
342 2673 451 2705 variet.
498 2674 685 2708 Poenalium.
719 2672 749 2703 id
770 2669 839 2711 est,
873 2680 981 2702 eorum
998 2695 1008 2711 ‚

168 2715 199 2745 ui
221 2724 346 2755 poenam
370 2722 559 2746 meruerunt.
605 2714 653 2746 Ita
675 2713 744 2745 fere
769 2713 798 2744 ὅ(
818 2713 870 2744 alii
885 2713 917 2744 lo
942 2713 1010 2744 uuti

145 2723 237 2793 Ruit,
259 2755 375 2796 paenale
391 2755 432 2796 eli
448 2757 559 2787 occulte
576 2757 697 2797 auferre
717 2754 800 2786 dixit
824 2754 916 2796 Augu
946 2753 1013 2784 inus

145 2796 177 2827 in
203 2798 232 2828 C.
255 2806 302 2838 ¹3·
324 2798 356 2828 C.
373 2797 463 2830 XIV.
495 2796 535 2840 Q,
558 2797 595 2828 V.
623 2797 756 2828 Poenalis
767 2796 852 2836 ferri
870 2795 1013 2826 meminit

149 2836 329 2870 Ammianus
342 2839 488 2871 Marcell.
515 2840 554 2871 L.
566 2837 722 2870 XXVIII.
746 2843 778 2877 p.
797 2847 834 2867 rn.
853 2839 925 2876 644.
947 2835 1011 2867 No-

149 2879 233 2909 xium.
255 2889 383 2921 quoque
402 2889 461 2920 pro
485 2886 606 2912 nocente
628 2879 690 2910 dici
715 2879 746 2910 in
774 2877 894 2909 Codice
926 2876 1008 2908 obti-

148 2919 233 2958 nuit,
258 2920 351 2962 idque
366 2919 567 2961 simpliciter,
592 2919 643 2953 sed
660 2920 712 2951 hic
727 2918 772 2951 est
792 2920 940 2950 hominum
960 2928 1010 2948 no-

152 2961 290 3031 οὶεέιίἲῖιηι,
325 2970 360 2993 ut
384 2961 465 3002 apud
486 2963 636 2995 Senecam
662 2963 697 2993 de
719 2961 839 2993 Brevit.
867 2960 950 2991 Vitae
975 2960 1008 2990 C.

197 3040 267 3079 Ast>
291 3043 326 3077 δ’
341 3043 546 3086 Officialium‚
569 3042 607 3078 ἐπ’
628 3053 696 3075 cum
712 3044 897 3075 denotatione
911 3051 1010 3074 eorum

153 3078 299 3127 Juotcum
309 3107 318 3121 ‚
333 3095 458 3125 quorum
471 3087 506 3118 de
520 3084 611 3127 officio
628 3085 769 3117 certiores
784 3085 836 3125 effe
852 3086 1008 3122 debebunt,

154 3130 205 3165 qni
220 3128 320 3166 eontra
335 3128 410 3157 hanc
423 3127 514 3167 legem
528 3128 714 3166 admiserint.
747 3126 851 3158 Verba
868 3125 938 3158 sunt
955 3125 1009 3156 im-

152 3161 262 3202 plicita
277 3164 305 3195 ὃ(
320 3175 484 3204 contorta,
510 3168 575 3198 imo
603 3169 651 3207 ὃς,
684 3167 706 3200 fi
723 3166 886 3207 Cujacium
909 3166 1010 3204 audis,

153 3204 339 3243 depravata:
369 3206 447 3237 dicit
473 3207 502 3238 se
527 3207 636 3248 saepius
661 3207 775 3242 frustm
808 3207 955 3246 tentasse,
990 3206 1014 3239 si

903 532 941 567 C.
989 533 1046 568 De

1047 110 1656 157 BYNKERSHOEK

1049 200 1117 232 tis‘?
1140 200 1301 233 Salmasius
1317 209 1381 231 non
1401 199 1473 230 satis
1490 199 1557 230 haec
1573 199 1717 230 extricat.
1751 198 1912 245 Quicquid

1049 242 1104 280 fit,
1130 242 1329 273 taciturnitas
1346 240 1518 271 Auctorum
1539 240 1577 270 de
1596 240 1704 272 occisis
1720 240 1914 272 debitoribus

1050 283 1147 323 magis
1166 283 1243 313 mihi
1262 282 1388 313 videtur
1404 280 1559 320 refutare,
1592 290 1684 321 quam
1699 281 1832 322 probare
1847 280 1911 313 sen-

1052 323 1183 354 tentiam
1193 323 1231 355 de
1242 323 1428 355 crudelitate
1438 321 1531 364 Legis
1540 346 1549 360 ,
1564 329 1686 361 tlt-natat
1698 345 1707 360 ‚
1716 321 1757 354 fic
1767 331 1910 355 morture.

1224 428 1241 462 I
1258 427 1284 461 Ι.

1094 530 1215 567 Exafit.
1259 530 1398 566 Tribut.

1051 652 1112 715 gua
1131 643 1254 674 ratione
1278 642 1379 684 poffet
1397 641 1567 674 restituere.
1614 642 1686 673 Alia
1703 641 1746 673 est
1764 641 1858 674 lettio
1882 643 1914 674 in

1081 684 1174 715 odice
1194 684 1320 716 Theod.
1348 685 1392 715 ita
1417 685 1501 716 enim
1523 684 1565 715 ibi
1591 682 1736 715 scribitur
1752 683 1804 714 hic
1822 683 1914 715 versi-

1052 725 1142 756 culus
1159 725 1191 755 in
1217 726 1237 755 l.
1251 735 1282 764 53.
1305 727 1339 757 de
1355 725 1468 757 Exaft.
1483 735 1607 767 quorum
1619 726 1653 756 de
1670 724 1759 766 officio
1774 724 1918 756 coherciti

1052 767 1208 797 citatiores
1231 765 1284 838 ege
1305 768 1467 802 debebunt,
1497 768 1549 808 qui
1574 766 1636 802 &a
1682 766 1803 798 Contra
1822 765 1914 797 Ama-

1053 816 1144 849 yam,
1171 807 1223 848 qui
1272 808 1396 839 odicem
1417 807 1638 847 Justinianeum
1660 807 1691 838 in
1710 817 1749 839 eo
1766 805 1914 848 praefert,

1052 847 1177 880 morose
1196 848 1275 879 hanc
1291 847 1476 889 scripturam
1500 848 1641 880 defendit
1655 847 1717 887 Jac.
1737 847 1915 880 Gothofre-

1049 889 1106 920 dus
1125 889 1156 921 in
1172 890 1277 921 Comm.
1303 890 1341 921 ad
1364 891 1392 921 d.
1416 890 1437 922 l.
1458 899 1488 930 3.
1512 888 1564 921 sed
1579 898 1655 930 pace
1668 889 1734 928 ejus
1749 888 1860 920 dixiffe
1878 890 1914 921 li-

1049 937 1135 969 ceat,
1161 931 1255 962 etiam
1270 931 1372 963 minus
1386 940 1453 962 eam
1467 931 1615 971 intelligo
1630 930 1663 961 in
1679 930 1916 970 Theodosiano,

1049 981 1143 1012 quam
1164 971 1363 1012 Justinianeo.
1410 971 1481 1003 Nec
1506 971 1643 1003 multum
1665 970 1839 1012 profeceris
1853 994 1862 1010 ‚
1892 972 1916 1004 fi

1048 1022 1107 1052 pro
1123 1015 1281 1051 where-izi,
1307 1022 1342 1044 ut
1362 1013 1445 1055 ipse,
1470 1014 1552 1054 legas
1568 1014 1700 1044 coe'rcere
1714 1013 1794 1044 mala
1811 1021 1916 1044 emen-

1048 1053 1176 1085 datione
1201 1054 1232 1085 &
1252 1055 1353 1095 pejori
1378 1055 1648 1096 interpretatione.
1694 1053 1754 1086 Sed
1770 1063 1834 1085 non
1850 1054 1916 1095 pla-

1049 1102 1102 1125 cet
1122 1095 1170 1126 his
1187 1095 1366 1135 immorari,
1390 1095 1506 1127 aliasve
1522 1095 1656 1126 aliorum
1669 1095 1838 1134 leffiones,
1862 1095 1917 1127 vel

1045 1135 1084 1166 de
1100 1135 1238 1181 Vulgata
1262 1135 1429 1168 sententias
1453 1136 1609 1175 refutare;
1638 1135 1711 1168 satis
1727 1135 1843 1168 sincere
1859 1137 1916 1168 mi-

1047 1176 1079 1208 hi
1100 1178 1130 1208 se
1155 1177 1267 1209 habere
1288 1177 1414 1209 videtur
1435 1177 1487 1209 hie
1505 1177 1604 1209 locus.
1650 1177 1730 1208 Vult
1747 1186 1916 1217 careerem,

1047 1218 1155 1258 potius
1180 1218 1241 1250 ess'e
1265 1218 1459 1251 Officialium
1474 1243 1484 1258 ,
1516 1219 1546 1250 &
1564 1228 1639 1250 cum
1657 1227 1751 1258 poena
1765 1217 1818 1249 seu
1836 1217 1916 1250 infa-

1047 1259 1110 1290 mia
1127 1259 1305 1299 hujusmodi
1320 1260 1465 1300 Judicum
1476 1283 1485 1299 ,
1503 1261 1556 1300 qui
1573 1259 1682 1291 officio
1701 1258 1757 1290 suo
1771 1269 1835 1291 non
1842 1258 1917 1292 fun-

1048 1300 1089 1331 eti
1111 1309 1223 1333 contra
1244 1302 1325 1333 hanc
1343 1301 1380 1333 L.
1404 1300 1583 1333 admiserint
1602 1311 1610 1332 t
1633 1300 1762 1341 perinde
1778 1300 1830 1332 hic
1852 1300 1919 1341 est,

1046 1340 1137 1382 officio
1157 1352 1215 1373 non
1228 1343 1345 1384 fungi,
1367 1343 1397 1374 ἃ
1419 1345 1452 1374 de
1468 1341 1558 1383 officio
1583 1343 1685 1374 debere
1700 1343 1855 1374 certiorem
1873 1343 1918 1382 ef-

1038 1385 1085 1424 se.
1111 1382 1213 1424 Igitur
1220 1382 1408 1423 nihildeest,
1421 1393 1513 1425 quam
1529 1383 1679 1425 loquendi
1695 1383 1916 1424 accuratio,&

1071 1425 1119 1456 uis
1133 1434 1200 1456 eam
1214 1425 1247 1457 in
1255 1424 1392 1466 Legibus
1407 1424 1605 1457 Constantini
1615 1423 1768 1466 quaefierit
1778 1424 1795 1456 52
1804 1424 1916 1457 Theo-

1046 1434 1122 1497 dosii
1138 1466 1233 1497 lectio
1246 1466 1356 1499 multis
1371 1466 1552 1499 nominibus
1569 1466 1659 1507 pejor
1672 1464 1735 1505 est,
1759 1475 1856 1507 quum
1871 1475 1916 1498 ta-

1047 1516 1119 1539 men
1135 1506 1347 1540 &Gutherius
1369 1510 1403 1540 de
1420 1507 1508 1550 Offic.
1524 1509 1598 1539 dein.
1620 1506 1703 1548 Aug.
1726 1507 1768 1540 L.
1784 1507 1837 1539 111.
1864 1517 1914 1548 17.

1048 1557 1117 1581 eam
1132 1548 1307 1590 probasset,
1332 1549 1412 1582 Ama
1435 1560 1479 1590 ae,
1505 1559 1580 1591 quas
1594 1548 1722 1589 debuit,
1744 1558 1853 1591 poenas
1862 1549 1915 1582 de-

1048 1590 1105 1621 dit.
1151 1588 1269 1632 Estque
1290 1591 1384 1632 ipsius
1435 1601 1534 1634 mayae
1557 1590 1612 1623 hic
1637 1590 1763 1632 elegans
1784 1590 1815 1623 &
1836 1590 1917 1630 justa

1047 1630 1240 1673 indignatio:
1264 1643 1318 1665 nec
1326 1634 1435 1674 ferre,
1456 1632 1577 1674 inquit,
1599 1631 1709 1672 poffum
1730 1631 1802 1673 istos
1820 1628 1916 1665 Criti‘·

1048 1682 1114 1712 cos,
1143 1676 1196 1715 qui
1209 1675 1313 1715 pluris
1327 1676 1455 1715 faciunt
1477 1673 1667 1714 Theodosiani
1681 1675 1797 1706 Codicis
1815 1674 1916 1707 leffiu-

1047 1724 1131 1754 nem,
1152 1725 1242 1756 quam
1254 1715 1466 1757 Justinianei,
1489 1716 1710 1758 &plerumque
1726 1716 1861 1758 alicujus
1877 1717 1916 1749 li·

1047 1758 1114 1796 bri,
1138 1757 1175 1792 &⁹
1189 1760 1222 1790 in
1235 1761 1279 1790 eis
1295 1758 1332 1794 δὲ)
1345 1760 1472 1800 pulvere
1494 1758 1647 1797 extrasti,
1669 1757 1838 1790 auctoritas
1841 1759 1916 1801 plus

1047 1799 1131 1831 valet
1144 1802 1226 1841 apud
1241 1811 1288 1832 eos
1298 1824 1307 1839 ,
1331 1811 1421 1842 quam
1433 1802 1485 1842 qui
1498 1802 1630 1842 quotidie
1645 1801 1678 1831 in
1694 1802 1831 1832 manibus
1844 1810 1917 1833 ver·

1038 1841 1148 1883 satur.
1190 1842 1298 1884 Atque
1314 1843 1359 1875 ita
1374 1842 1459 1882 fere,
1484 1850 1520 1874 ut
1533 1842 1628 1874 altius
1649 1842 1815 1874 videantur
1829 1841 1913 1884 sape-

1047 1892 1090 1915 re.
1124 1882 1175 1914 sed
1191 1893 1298 1925 perge.
1344 1884 1396 1917 De
1413 1883 1608 1916 Officialibus
1626 1890 1731 1915 autem
1748 1882 1801 1914 hic
1815 1883 1915 1915 edicit

1049 1923 1273 1957 Constantinus
1288 1949 1298 1964 ,
1332 1926 1421 1967 quia,
1452 1924 1475 1957 fi
1494 1925 1526 1956 in
1549 1923 1597 1956 his
1614 1949 1625 1964 ,
1677 1934 1724 1956 uae
1739 1923 1916 1966 specialiter

1048 1965 1149 1997 vetita
1163 1964 1442 2006 sunt,·Praesidum
1457 1966 1590 2007 imperio
1615 1965 1657 1997 ob
1672 1973 1843 2007 equantur,
1866 1975 1915 1996 re-

1046 2006 1096 2037 ete
1114 2007 1218 2047 puniri
1233 2007 1355 2040 constat
1380 2009 1410 2050 §.
1433 2017 1463 2045 9.
1485 2006 1560 2046 last.
1579 2009 1613 2039 de
1627 2007 1716 2039 Publ.
1728 2009 1800 2049 jud.
1822 2007 1843 2039 l.
1857 2017 1914 2049 33.

1049 2048 1081 2079 C.
1103 2051 1137 2080 de
1155 2048 1270 2081 Decur.
1293 2050 1315 2080 l.
1331 2060 1385 2082 un.
1409 2050 1442 2081 C.
1458 2050 1493 2081 de
1510 2050 1602 2081 Crim.
1616 2049 1714 2090 pecul.
1733 2049 1833 2081 Auth.
1856 2049 1915 2081 Sed

1048 2090 1130 2122 hodie
1147 2090 1179 2122 C.
1198 2093 1231 2122 de
1249 2089 1339 2132 Offic.
1356 2093 1419 2123 div.
1432 2092 1502 2133 jud.
1518 2092 1619 2123 Auth.
1633 2091 1730 2123 Hodie
1742 2091 1774 2122 C.
1786 2092 1819 2122 de
1829 2089 1914 2130 Cast.

1046 2141 1124 2163 reor.
1164 2131 1325 2179 Quoniam
1346 2142 1425 2164 vero
1445 2132 1500 2174 ipsi
1527 2132 1652 2174 Judices
1675 2133 1800 2173 gravius
1815 2132 1915 2164 delin-

1049 2181 1170 2214 quunt,
1194 2173 1283 2213 jubet
1296 2183 1351 2205 eos
1368 2173 1429 2205 effe
1444 2174 1576 2205 carceris
1591 2174 1764 2214 inquilinos
1781 2183 1848 2205 cunt
1866 2174 1916 2206 de·

1048 2216 1218 2252 notatione3
1240 2215 1310 2255 alii,
1341 2222 1376 2246 ut
1397 2222 1488 2246 notat
1512 2215 1676 2247 Accurfius
1690 2239 1701 2253 ‚
1731 2225 1797 2246 curn
1812 2216 1916 2247 conde-

1049 2257 1200 2288 mnatione
1212 2280 1221 2294 ,
1232 2256 1317 2296 quod
1325 2263 1429 2287 tamen
1439 2255 1527 2287 forte
1543 2255 1750 2297 expositionis
1763 2256 1916 2288 duntaxat

1050 2298 1125 2329 loco
1139 2297 1312 2339 adpositum
1335 2296 1387 2328 est.
1433 2297 1586 2329 Denotare
1607 2296 1742 2338 sequiori
1764 2307 1835 2329 aevo
1858 2297 1914 2330 usi-

1051 2347 1153 2370 tatum
1168 2348 1226 2380 pro
1244 2340 1386 2370 damnare
1403 2362 1412 2376 ‚
1438 2341 1570 2379 punire,
1599 2339 1828 2378 reprehendere,
1851 2349 1918 2370 cor*-

1051 2381 1168 2421 ripere‚
1193 2380 1223 2412 &
1238 2389 1277 2411 eo
1292 2379 1380 2411 sensu
1393 2390 1484 2421 quam
1509 2380 1629 2412 lurimis
1649 2379 1728 2420 apud
1742 2379 1916 2412 Tertullia-

1053 2431 1128 2453 num
1153 2421 1234 2454 locis
1248 2445 1257 2461 ‚
1290 2430 1326 2453 ut
1349 2421 1463 2453 Beatus
1482 2390 1647 2452 Rhenanus
1666 2421 1704 2450 acl
1726 2420 1861 2453 Pallium
1883 2424 1917 2453 in

1048 2465 1150 2504 princ.
1169 2463 1206 2495 .&
1229 2463 1351 2503 plenius
1374 2462 1537 2494 adnotavit
1561 2460 1610 2492 Cl:
1635 2461 1798 2494 Salmasius
1830 2463 1864 2494 C.
1889 2462 1915 2495 Ι.

1047 2512 1080 2546 p.
1099 2515 1153 2548 93.
1180 2504 1209 2536 &
1233 2505 1266 2535 C.
1284 2502 1322 2534 ΙΙ.
1352 2509 1382 2542 ρ.
1406 2512 1476 2543 173.
1522 2500 1689 2534 Postremis
1709 2512 1836 2544 quoque
1860 2503 1915 2536 sae-

1053 2547 1134 2578 culis
1157 2545 1188 2576 in
1213 2544 1340 2576 eandem
1356 2543 1541 2576 sententiam
1555 2552 1591 2574 ea
1606 2552 1673 2574 vox
1688 2552 1816 2590 accepta
1831 2544 1894 2577 fuit
1904 2569 1915 2584 ‚

1052 2587 1098 2619 ita
1123 2586 1207 2619 enim
1231 2584 1301 2617 usus
1325 2586 1450 2616 videtur
1476 2584 1551 2626 Imp.
1573 2583 1597 2615 F
1600 2583 1750 2616 ridericus
1765 2595 1798 2618 m
1815 2586 1914 2618 Auth.

1054 2629 1225 2661 Statuimus
1241 2650 1251 2666 ‚
1283 2626 1353 2667 post
1375 2627 1396 2658 l.
1422 2635 1468 2663 19.
1492 2626 1517 2657 C
1544 2627 1577 2656 de
1595 2625 1694 2665 Episc.
1716 2629 1786 2658 aud.
1820 2637 1914 2670 quan·

1053 2678 1146 2711 quam
1165 2670 1298 2701 denotati
1319 2668 1363 2700 ibi
1389 2667 1570 2708 simpliciter
1599 2665 1660 2698 effe
1680 2668 1793 2708 possint
1817 2670 1919 2700 notati

1053 2721 1121 2744 cum
1138 2712 1285 2752 insamia3
1307 2710 1352 2742 ita
1368 2708 1438 2741 sane
1461 2707 1505 2739 est
1527 2710 1666 2746 denotare
1682 2709 1762 2750 apud
1778 2708 1916 2751 Pompo-

1055 2754 1141 2785 nium
1161 2754 1191 2784 in
1216 2752 1237 2785 l.
1267 2761 1319 2791 54.
1344 2750 1386 2792 ff.
1417 2751 1451 2782 de
1480 2750 1554 2791 Leg.
1583 2749 1605 2781 I.
1652 2749 1758 2796 Quare
1810 2751 1917 2790 robo,

1056 2795 1140 2836 quod
1157 2794 1218 2834 Jac.
1238 2791 1456 2824 Gotliofredus
1472 2791 1534 2830 ait,
1558 2792 1774 2822 denotationem
1797 2792 1842 2823 iic
1856 2791 1919 2824 css'e

1065 2845 1113 2867 iro
1135 2836 1300 2876 ignominia
1317 2856 1326 2871 ‚
1357 2843 1415 2875 pro
1446 2839 1514 2863 nota
1535 2831 1795 2873 existimauerun-
1825 2833 1917 2865 locus

1052 2845 1180 2908 iiirmici
1197 2898 1207 2915 ,
1241 2883 1333 2917 quem
1354 2873 1418 2915 ipse
1439 2873 1565 2912 attulit,
1598 2874 1627 2905 &
1643 2874 1737 2905 etiam
1754 2873 1918 2906 Salmasius

1053 2917 1204 2949 indicavit
1221 2940 1230 2956 ‚
1263 2916 1401 2956 apprime
1424 2913 1468 2946 est
1488 2914 1519 2946 in
1542 2923 1609 2946 eam
1641 2924 1716 2946 rem.
1762 2914 1916 2957 Alioquin

1052 2958 1237 3000 generaliter
1252 2956 1434 2995 dicendum,
1458 2957 1598 2987 denotare
1613 2955 1674 2987 css'c
1689 2966 1746 2997 pro
1762 2956 1852 2988 valde
1865 2965 1918 2986 no-

1053 3008 1139 3037 tare,
1172 3008 1244 3030 cum
1263 3000 1297 3029 de
1318 3004 1427 3038 augeat
1448 2995 1706 3038 significationem
1721 3021 1732 3037 ,
1770 2997 1915 3038 quemad·
1944 3017 1947 3020 -

1052 3041 1178 3072 modum
1205 3040 1236 3070 in
1259 3038 1357 3071 verbo
1382 3040 1558 3078 deprecandi
1589 3038 1719 3080 aliisque
1750 3036 1915 3070 observavi

1053 3081 1149 3154 Gall.
1174 3080 1265 3113 Libr.
1283 3078 1364 3121 sing.
1388 3081 1425 3111 ad
1453 3079 1474 3111 l.
1499 3089 1530 3117 9.
1557 3080 1596 3121 ff.
1626 3081 1660 3111 de
1688 3079 1728 3111 L.
1753 3079 1852 3112 Rbod.
1883 3080 1918 3111 de

1069 3133 1084 3154 o
1118 3133 1148 3153 u.

1048 3133 1063 3166 1
1098 3163 1151 3195 Ait
1191 3163 1287 3204 juxta
1301 3161 1468 3202 Praesidem.
1513 3162 1548 3194 In
1566 3161 1737 3194 Codieibus
1751 3160 1915 3195 Theodos.

1054 3212 1125 3238 ante
1139 3186 1374 3238 &othon-eduin
1393 3204 1509 3246 legitur-
1526 3227 1536 3243 ‚
1558 3205 1651 3246 juxta
1670 3213 1754 3245 eam,
1777 3211 1854 3246 puta
1874 3202 1916 3233 le-

1826 3252 1892 3285 gem
1899 3268 1911 3285 ,
