<?xml version="1.0" encoding="UTF-8"?>
<!DOCTYPE html PUBLIC "-//W3C//DTD XHTML 1.0 Transitional//EN"
    "http://www.w3.org/TR/xhtml1/DTD/xhtml1-transitional.dtd">
<html xmlns="http://www.w3.org/1999/xhtml" xml:lang="en" lang="en">
 <head>
  <title>
</title>
<meta http-equiv="Content-Type" content="text/html;charset=utf-8" />
  <meta name='ocr-system' content='tesseract 3.04.00' />
  <meta name='ocr-capabilities' content='ocr_page ocr_carea ocr_par ocr_line ocrx_word'/>
</head>
<body>
  <div class='ocr_page' id='page_1' title='image "./corneliivanbynke00bijn_0038.png"; bbox 0 0 2008 3436; ppageno 0'>
   <div class='ocr_carea' id='block_1_1' title="bbox 151 117 977 170">
    <p class='ocr_par' dir='ltr' id='par_1_1' title="bbox 151 117 977 170">
     <span class='ocr_line' id='line_1_1' title="bbox 151 117 977 170; baseline -0.013 -8"><span class='ocrx_word' id='word_1_1' title='bbox 151 137 195 170; x_wconf 79' lang='lat'>24</span> <span class='ocrx_word' id='word_1_2' title='bbox 387 117 794 156; x_wconf 86' lang='lat' dir='ltr'>CORNELII</span> <span class='ocrx_word' id='word_1_3' title='bbox 867 126 977 152; x_wconf 73' lang='lat' dir='ltr'>viiN</span> 
     </span>
    </p>
   </div>
   <div class='ocr_carea' id='block_1_2' title="bbox 134 195 1025 3249">
    <p class='ocr_par' dir='ltr' id='par_1_2' title="bbox 134 195 1025 3249">
     <span class='ocr_line' id='line_1_2' title="bbox 148 195 1006 242; baseline -0.01 -7"><span class='ocrx_word' id='word_1_4' title='bbox 148 205 294 235; x_wconf 87' lang='lat' dir='ltr'>ultimum</span> <span class='ocrx_word' id='word_1_5' title='bbox 311 200 460 238; x_wconf 82' lang='lat' dir='ltr'>recitata,</span> <span class='ocrx_word' id='word_1_6' title='bbox 478 208 546 239; x_wconf 75' lang='lat' dir='ltr'>quae</span> <span class='ocrx_word' id='word_1_7' title='bbox 565 198 723 236; x_wconf 83' lang='lat' dir='ltr'>obtinuit,</span> <span class='ocrx_word' id='word_1_8' title='bbox 742 196 903 229; x_wconf 87' lang='lat' dir='ltr'>sententia.</span> <span class='ocrx_word' id='word_1_9' title='bbox 923 195 1006 242; x_wconf 82' lang='lat' dir='ltr'>Qua-</span> 
     </span>
     <span class='ocr_line' id='line_1_3' title="bbox 148 237 1006 281; baseline -0.01 -5"><span class='ocrx_word' id='word_1_10' title='bbox 148 255 181 276; x_wconf 86' lang='lat' dir='ltr'>re</span> <span class='ocrx_word' id='word_1_11' title='bbox 197 243 274 274; x_wconf 92' lang='lat' dir='ltr'>nihil</span> <span class='ocrx_word' id='word_1_12' title='bbox 293 242 344 272; x_wconf 87' lang='lat' dir='ltr'>hic</span> <span class='ocrx_word' id='word_1_13' title='bbox 362 239 496 281; x_wconf 87' lang='lat' dir='ltr'>superest</span> <span class='ocrx_word' id='word_1_14' title='bbox 512 264 521 279; x_wconf 93' lang='lat'>,</span> <span class='ocrx_word' id='word_1_15' title='bbox 553 249 645 281; x_wconf 86' lang='lat' dir='ltr'>quam</span> <span class='ocrx_word' id='word_1_16' title='bbox 671 238 723 270; x_wconf 84' lang='lat' dir='ltr'>illa</span> <span class='ocrx_word' id='word_1_17' title='bbox 739 237 907 277; x_wconf 64' lang='lat' dir='ltr'>inspectio,</span> <span class='ocrx_word' id='word_1_18' title='bbox 932 247 1006 276; x_wconf 81' lang='lat' dir='ltr'>cur,</span> 
     </span>
     <span class='ocr_line' id='line_1_4' title="bbox 147 278 1007 325; baseline -0.007 -11"><span class='ocrx_word' id='word_1_19' title='bbox 147 293 243 325; x_wconf 89' lang='lat' dir='ltr'>quum</span> <span class='ocrx_word' id='word_1_20' title='bbox 262 282 340 313; x_wconf 84' lang='lat' dir='ltr'>Divi</span> <span class='ocrx_word' id='word_1_21' title='bbox 358 281 482 313; x_wconf 82' lang='lat' dir='ltr'>Fratres</span> <span class='ocrx_word' id='word_1_22' title='bbox 495 281 690 312; x_wconf 83' lang='lat' dir='ltr'>contrarium</span> <span class='ocrx_word' id='word_1_23' title='bbox 706 278 947 316; x_wconf 86' lang='lat' dir='ltr'>constituerint,</span> <span class='ocrx_word' id='word_1_24' title='bbox 964 286 1007 309; x_wconf 84' lang='lat' dir='ltr'>ta-</span> 
     </span>
     <span class='ocr_line' id='line_1_5' title="bbox 146 320 1008 362; baseline -0.006 -8"><span class='ocrx_word' id='word_1_25' title='bbox 146 334 216 356; x_wconf 88' lang='lat' dir='ltr'>men</span> <span class='ocrx_word' id='word_1_26' title='bbox 241 322 324 354; x_wconf 87' lang='lat' dir='ltr'>aliud</span> <span class='ocrx_word' id='word_1_27' title='bbox 346 322 512 354; x_wconf 88' lang='lat' dir='ltr'>Marciano</span> <span class='ocrx_word' id='word_1_28' title='bbox 530 321 691 362; x_wconf 80' lang='lat' dir='ltr'>placuerit.</span> <span class='ocrx_word' id='word_1_29' title='bbox 738 321 768 352; x_wconf 89' lang='lat' dir='ltr'>Si</span> <span class='ocrx_word' id='word_1_30' title='bbox 787 320 825 351; x_wconf 90' lang='lat' dir='ltr'>de</span> <span class='ocrx_word' id='word_1_31' title='bbox 842 320 1008 351; x_wconf 85' lang='lat' dir='ltr'>Marciano</span> 
     </span>
     <span class='ocr_line' id='line_1_6' title="bbox 146 360 1007 404; baseline -0.005 -9"><span class='ocrx_word' id='word_1_32' title='bbox 146 366 177 396; x_wconf 85' lang='lat'>&amp;</span> <span class='ocrx_word' id='word_1_33' title='bbox 201 363 339 404; x_wconf 79' lang='lat' dir='ltr'>Ulpiano</span> <span class='ocrx_word' id='word_1_34' title='bbox 357 387 366 402; x_wconf 86' lang='lat'>,</span> <span class='ocrx_word' id='word_1_35' title='bbox 390 364 442 404; x_wconf 90' lang='lat' dir='ltr'>qui</span> <span class='ocrx_word' id='word_1_36' title='bbox 459 364 489 394; x_wconf 92' lang='lat' dir='ltr'>id</span> <span class='ocrx_word' id='word_1_37' title='bbox 509 362 693 401; x_wconf 84' lang='lat' dir='ltr'>rescriptum</span> <span class='ocrx_word' id='word_1_38' title='bbox 715 361 824 392; x_wconf 90' lang='lat' dir='ltr'>retulit</span> <span class='ocrx_word' id='word_1_39' title='bbox 840 360 872 392; x_wconf 91' lang='lat' dir='ltr'>in</span> <span class='ocrx_word' id='word_1_40' title='bbox 889 363 916 391; x_wconf 83' lang='lat' dir='ltr'>d.</span> <span class='ocrx_word' id='word_1_41' title='bbox 939 361 960 391; x_wconf 91' lang='lat' dir='ltr'>l.</span> <span class='ocrx_word' id='word_1_42' title='bbox 978 370 1007 399; x_wconf 85' lang='lat'>7.</span> 
     </span>
     <span class='ocr_line' id='line_1_7' title="bbox 144 401 1008 442; baseline -0.006 -6"><span class='ocrx_word' id='word_1_43' title='bbox 144 405 297 436; x_wconf 81' lang='lat' dir='ltr'>duntaxat</span> <span class='ocrx_word' id='word_1_44' title='bbox 313 404 413 436; x_wconf 86' lang='lat' dir='ltr'>sermo</span> <span class='ocrx_word' id='word_1_45' title='bbox 426 404 501 435; x_wconf 72' lang='lat' dir='ltr'>css‘et</span> <span class='ocrx_word' id='word_1_46' title='bbox 512 428 520 442; x_wconf 81' lang='lat'>,</span> <span class='ocrx_word' id='word_1_47' title='bbox 545 402 642 434; x_wconf 78' lang='lat' dir='ltr'>facile</span> <span class='ocrx_word' id='word_1_48' title='bbox 656 401 832 440; x_wconf 76' lang='lat' dir='ltr'><strong>crederem,</strong></span> <span class='ocrx_word' id='word_1_49' title='bbox 858 401 940 432; x_wconf 88' lang='lat' dir='ltr'>hunc</span> <span class='ocrx_word' id='word_1_50' title='bbox 957 410 1008 432; x_wconf 90' lang='lat' dir='ltr'>ne-</span> 
     </span>
     <span class='ocr_line' id='line_1_8' title="bbox 144 441 1011 486; baseline -0.006 -9"><span class='ocrx_word' id='word_1_51' title='bbox 144 445 245 486; x_wconf 78' lang='lat' dir='ltr'>gasse,</span> <span class='ocrx_word' id='word_1_52' title='bbox 268 446 357 477; x_wconf 89' lang='lat' dir='ltr'>illum</span> <span class='ocrx_word' id='word_1_53' title='bbox 374 444 560 482; x_wconf 69' lang='lat' dir='ltr'>adfirmasse,</span> <span class='ocrx_word' id='word_1_54' title='bbox 585 442 809 483; x_wconf 80' lang='lat' dir='ltr'>cenotaphium</span> <span class='ocrx_word' id='word_1_55' title='bbox 824 441 885 473; x_wconf 89' lang='lat' dir='ltr'>esse</span> <span class='ocrx_word' id='word_1_56' title='bbox 903 442 1011 473; x_wconf 89' lang='lat' dir='ltr'>locum</span> 
     </span>
     <span class='ocr_line' id='line_1_9' title="bbox 145 482 1009 524; baseline -0.006 -6"><span class='ocrx_word' id='word_1_57' title='bbox 145 487 291 518; x_wconf 89' lang='lat' dir='ltr'>Manium</span> <span class='ocrx_word' id='word_1_58' title='bbox 307 486 467 524; x_wconf 79' lang='lat' dir='ltr'>Deorum,</span> <span class='ocrx_word' id='word_1_59' title='bbox 492 486 521 516; x_wconf 66' lang='grc' dir='ltr'>ἃ</span> <span class='ocrx_word' id='word_1_60' title='bbox 534 484 648 524; x_wconf 88' lang='lat' dir='ltr'>cuique</span> <span class='ocrx_word' id='word_1_61' title='bbox 662 482 823 514; x_wconf 71' lang='lat' dir='ltr'>sententiae</span> <span class='ocrx_word' id='word_1_62' title='bbox 841 482 901 514; x_wconf 80' lang='lat' dir='ltr'>suae</span> <span class='ocrx_word' id='word_1_63' title='bbox 915 483 1009 514; x_wconf 77' lang='lat' dir='ltr'>ratio-</span> 
     </span>
     <span class='ocr_line' id='line_1_10' title="bbox 146 524 1010 563; baseline -0.003 -4"><span class='ocrx_word' id='word_1_64' title='bbox 146 537 218 559; x_wconf 90' lang='lat' dir='ltr'>nein</span> <span class='ocrx_word' id='word_1_65' title='bbox 237 526 424 559; x_wconf 83' lang='lat' dir='ltr'>constitisse:</span> <span class='ocrx_word' id='word_1_66' title='bbox 458 525 508 557; x_wconf 87' lang='lat' dir='ltr'>sed</span> <span class='ocrx_word' id='word_1_67' title='bbox 533 525 616 556; x_wconf 83' lang='lat' dir='ltr'>itane</span> <span class='ocrx_word' id='word_1_68' title='bbox 632 524 815 556; x_wconf 82' lang='lat' dir='ltr'>Marcianus</span> <span class='ocrx_word' id='word_1_69' title='bbox 831 533 943 555; x_wconf 84' lang='lat' dir='ltr'>contra</span> <span class='ocrx_word' id='word_1_70' title='bbox 957 524 1010 563; x_wconf 76' lang='lat' dir='ltr'>jus</span> 
     </span>
     <span class='ocr_line' id='line_1_11' title="bbox 146 564 1009 606; baseline -0.005 -6"><span class='ocrx_word' id='word_1_71' title='bbox 146 568 354 600; x_wconf 87' lang='lat' dir='ltr'>constitutum</span> <span class='ocrx_word' id='word_1_72' title='bbox 365 568 380 598; x_wconf 68' lang='grc' dir='ltr'>’.Ρ</span> <span class='ocrx_word' id='word_1_73' title='bbox 406 575 517 598; x_wconf 84' lang='lat' dir='ltr'>contra</span> <span class='ocrx_word' id='word_1_74' title='bbox 535 564 685 606; x_wconf 83' lang='lat' dir='ltr'>rescripta</span> <span class='ocrx_word' id='word_1_75' title='bbox 702 564 908 605; x_wconf 72' lang='lat' dir='ltr'>Principum?</span> <span class='ocrx_word' id='word_1_76' title='bbox 933 565 1009 597; x_wconf 83' lang='lat' dir='ltr'>Non</span> 
     </span>
     <span class='ocr_line' id='line_1_12' title="bbox 144 605 1010 648; baseline -0.006 -7"><span class='ocrx_word' id='word_1_77' title='bbox 144 609 223 641; x_wconf 88' lang='lat' dir='ltr'>licet</span> <span class='ocrx_word' id='word_1_78' title='bbox 242 610 366 647; x_wconf 87' lang='lat' dir='ltr'>dicere,</span> <span class='ocrx_word' id='word_1_79' title='bbox 393 608 477 648; x_wconf 86' lang='lat' dir='ltr'>quod</span> <span class='ocrx_word' id='word_1_80' title='bbox 495 607 665 639; x_wconf 82' lang='lat' dir='ltr'>Connanus</span> <span class='ocrx_word' id='word_1_81' title='bbox 683 605 836 637; x_wconf 78' lang='lat' dir='ltr'>Commenz.</span> <span class='ocrx_word' id='word_1_82' title='bbox 853 606 927 646; x_wconf 75' lang='lat' dir='ltr'>Jur.</span> <span class='ocrx_word' id='word_1_83' title='bbox 942 607 1010 637; x_wconf 80' lang='lat' dir='ltr'>Civ.</span> 
     </span>
     <span class='ocr_line' id='line_1_13' title="bbox 144 646 1011 688; baseline -0.007 -5"><span class='ocrx_word' id='word_1_84' title='bbox 144 651 184 683; x_wconf 91' lang='lat' dir='ltr'>L.</span> <span class='ocrx_word' id='word_1_85' title='bbox 202 650 257 683; x_wconf 88' lang='lat' dir='ltr'>Ill.</span> <span class='ocrx_word' id='word_1_86' title='bbox 293 650 324 680; x_wconf 66' lang='lat' dir='ltr'>C,</span> <span class='ocrx_word' id='word_1_87' title='bbox 348 658 374 680; x_wconf 89' lang='lat'>1.</span> <span class='ocrx_word' id='word_1_88' title='bbox 397 649 458 680; x_wconf 81' lang='lat' dir='ltr'>esse</span> <span class='ocrx_word' id='word_1_89' title='bbox 479 648 564 679; x_wconf 78' lang='lat' dir='ltr'>forte</span> <span class='ocrx_word' id='word_1_90' title='bbox 589 647 745 678; x_wconf 88' lang='lat' dir='ltr'>Marciani</span> <span class='ocrx_word' id='word_1_91' title='bbox 776 646 956 688; x_wconf 87' lang='lat' dir='ltr'>responsum</span> <span class='ocrx_word' id='word_1_92' title='bbox 980 648 1011 683; x_wconf 85' lang='lat' dir='ltr'>in</span> 
     </span>
     <span class='ocr_line' id='line_1_14' title="bbox 145 687 1008 731; baseline -0.005 -8"><span class='ocrx_word' id='word_1_93' title='bbox 145 694 175 724; x_wconf 85' lang='lat' dir='ltr'>d.</span> <span class='ocrx_word' id='word_1_94' title='bbox 199 692 217 722; x_wconf 90' lang='lat' dir='ltr'>l.</span> <span class='ocrx_word' id='word_1_95' title='bbox 234 695 263 722; x_wconf 90' lang='lat'>6.</span> <span class='ocrx_word' id='word_1_96' title='bbox 288 692 316 731; x_wconf 54' lang='grc' dir='ltr'>ᾗ.</span> <span class='ocrx_word' id='word_1_97' title='bbox 332 691 388 721; x_wconf 31' lang='lat' dir='ltr'>ulti</span> <span class='ocrx_word' id='word_1_98' title='bbox 415 700 454 721; x_wconf 83' lang='lat' dir='ltr'>ex</span> <span class='ocrx_word' id='word_1_99' title='bbox 475 689 581 730; x_wconf 82' lang='lat' dir='ltr'>aliquo</span> <span class='ocrx_word' id='word_1_100' title='bbox 606 687 672 727; x_wconf 84' lang='lat' dir='ltr'>ejus</span> <span class='ocrx_word' id='word_1_101' title='bbox 698 688 780 728; x_wconf 88' lang='lat' dir='ltr'>libro</span> <span class='ocrx_word' id='word_1_102' title='bbox 796 712 805 727; x_wconf 88' lang='lat'>,</span> <span class='ocrx_word' id='word_1_103' title='bbox 840 698 933 729; x_wconf 89' lang='lat' dir='ltr'>quem</span> <span class='ocrx_word' id='word_1_104' title='bbox 946 689 1008 719; x_wconf 86' lang='lat' dir='ltr'>edi-</span> 
     </span>
     <span class='ocr_line' id='line_1_15' title="bbox 143 727 1010 772; baseline -0.006 -8"><span class='ocrx_word' id='word_1_105' title='bbox 143 732 234 765; x_wconf 78' lang='lat' dir='ltr'>disset</span> <span class='ocrx_word' id='word_1_106' title='bbox 261 741 332 764; x_wconf 88' lang='lat' dir='ltr'>ante</span> <span class='ocrx_word' id='word_1_107' title='bbox 354 731 539 772; x_wconf 86' lang='lat' dir='ltr'>rescriptum</span> <span class='ocrx_word' id='word_1_108' title='bbox 564 727 724 760; x_wconf 87' lang='lat' dir='ltr'>Divoi‘um</span> <span class='ocrx_word' id='word_1_109' title='bbox 746 729 890 761; x_wconf 80' lang='lat' dir='ltr'>Fratrum</span> <span class='ocrx_word' id='word_1_110' title='bbox 905 753 914 768; x_wconf 89' lang='lat'>,</span> <span class='ocrx_word' id='word_1_111' title='bbox 939 738 1010 760; x_wconf 85' lang='lat' dir='ltr'>nain</span> 
     </span>
     <span class='ocr_line' id='line_1_16' title="bbox 145 769 1011 811; baseline -0.006 -6"><span class='ocrx_word' id='word_1_112' title='bbox 145 773 190 806; x_wconf 89' lang='lat' dir='ltr'>est</span> <span class='ocrx_word' id='word_1_113' title='bbox 212 783 252 804; x_wconf 82' lang='lat' dir='ltr'>ex</span> <span class='ocrx_word' id='word_1_114' title='bbox 281 774 373 804; x_wconf 82' lang='lat' dir='ltr'>Libro</span> <span class='ocrx_word' id='word_1_115' title='bbox 395 772 449 804; x_wconf 87' lang='lat' dir='ltr'>Ill.</span> <span class='ocrx_word' id='word_1_116' title='bbox 485 771 740 811; x_wconf 65' lang='lat' dir='ltr'>Institutionum,</span> <span class='ocrx_word' id='word_1_117' title='bbox 785 780 855 801; x_wconf 92' lang='lat' dir='ltr'>uem</span> <span class='ocrx_word' id='word_1_118' title='bbox 890 769 1011 811; x_wconf 74' lang='lat' dir='ltr'>scripsit</span> 
     </span>
     <span class='ocr_line' id='line_1_17' title="bbox 143 780 1012 856; baseline -0.005 -10"><span class='ocrx_word' id='word_1_119' title='bbox 143 815 303 847; x_wconf 79' lang='lat' dir='ltr'>Fratribus</span> <span class='ocrx_word' id='word_1_120' title='bbox 326 813 491 846; x_wconf 81' lang='lat' dir='ltr'>Antonino</span> <span class='ocrx_word' id='word_1_121' title='bbox 515 814 545 844; x_wconf 68' lang='grc' dir='ltr'>ὅ(</span> <span class='ocrx_word' id='word_1_122' title='bbox 565 811 651 843; x_wconf 85' lang='lat' dir='ltr'>Vero</span> <span class='ocrx_word' id='word_1_123' title='bbox 675 811 736 850; x_wconf 83' lang='lat' dir='ltr'>jain</span> <span class='ocrx_word' id='word_1_124' title='bbox 760 780 872 851; x_wconf 52' lang='lat' dir='ltr'>ssivis,</span> <span class='ocrx_word' id='word_1_125' title='bbox 898 819 932 843; x_wconf 88' lang='lat' dir='ltr'>ut</span> <span class='ocrx_word' id='word_1_126' title='bbox 947 810 1012 856; x_wconf 77' lang='lat' dir='ltr'>ipse</span> 
     </span>
     <span class='ocr_line' id='line_1_18' title="bbox 143 851 1011 927; baseline -0.006 -40"><span class='ocrx_word' id='word_1_127' title='bbox 143 855 241 887; x_wconf 83' lang='lat' dir='ltr'>refert</span> <span class='ocrx_word' id='word_1_128' title='bbox 258 856 288 887; x_wconf 92' lang='lat' dir='ltr'>in</span> <span class='ocrx_word' id='word_1_129' title='bbox 306 855 413 886; x_wconf 90' lang='lat' dir='ltr'>eadem</span> <span class='ocrx_word' id='word_1_130' title='bbox 437 856 457 886; x_wconf 90' lang='lat' dir='ltr'>l.</span> <span class='ocrx_word' id='word_1_131' title='bbox 474 858 506 886; x_wconf 90' lang='lat'>6.</span> <span class='ocrx_word' id='word_1_132' title='bbox 531 855 559 894; x_wconf 83' lang='lat'>§.</span> <span class='ocrx_word' id='word_1_133' title='bbox 581 863 608 885; x_wconf 88' lang='lat'>1.</span> <span class='ocrx_word' id='word_1_134' title='bbox 654 851 809 927; x_wconf 36' lang='lat' dir='ltr'>Quamvis</span> <span class='ocrx_word' id='word_1_135' title='bbox 832 854 915 885; x_wconf 82' lang='lat' dir='ltr'>enini</span> <span class='ocrx_word' id='word_1_136' title='bbox 932 852 1011 884; x_wconf 80' lang='lat' dir='ltr'>Divi</span> 
     </span>
     <span class='ocr_line' id='line_1_19' title="bbox 144 893 1011 937; baseline -0.003 -10"><span class='ocrx_word' id='word_1_137' title='bbox 144 897 238 927; x_wconf 85' lang='lat' dir='ltr'>etiarn</span> <span class='ocrx_word' id='word_1_138' title='bbox 254 896 407 928; x_wconf 85' lang='lat' dir='ltr'>Consules</span> <span class='ocrx_word' id='word_1_139' title='bbox 431 895 492 927; x_wconf 82' lang='lat' dir='ltr'>effe</span> <span class='ocrx_word' id='word_1_140' title='bbox 524 894 611 937; x_wconf 86' lang='lat' dir='ltr'>posse</span> <span class='ocrx_word' id='word_1_141' title='bbox 632 895 679 927; x_wconf 76' lang='lat' dir='ltr'>vit</span> <span class='ocrx_word' id='word_1_142' title='bbox 689 903 798 927; x_wconf 86' lang='lat' dir='ltr'>eantur</span> <span class='ocrx_word' id='word_1_143' title='bbox 815 904 855 925; x_wconf 82' lang='lat' dir='ltr'>ex</span> <span class='ocrx_word' id='word_1_144' title='bbox 884 893 1011 926; x_wconf 85' lang='lat' dir='ltr'>subscri-</span> 
     </span>
     <span class='ocr_line' id='line_1_20' title="bbox 146 936 1013 979; baseline -0.003 -11"><span class='ocrx_word' id='word_1_145' title='bbox 146 938 257 979; x_wconf 90' lang='lat' dir='ltr'>ptione</span> <span class='ocrx_word' id='word_1_146' title='bbox 267 937 377 979; x_wconf 81' lang='lat' dir='ltr'>Legis,</span> <span class='ocrx_word' id='word_1_147' title='bbox 395 936 502 969; x_wconf 88' lang='lat' dir='ltr'>nescio</span> <span class='ocrx_word' id='word_1_148' title='bbox 516 937 617 977; x_wconf 82' lang='lat' dir='ltr'>cujus,</span> <span class='ocrx_word' id='word_1_149' title='bbox 630 937 709 969; x_wconf 86' lang='lat' dir='ltr'>Divo</span> <span class='ocrx_word' id='word_1_150' title='bbox 717 937 851 978; x_wconf 74' lang='lat' dir='ltr'>Joviano</span> <span class='ocrx_word' id='word_1_151' title='bbox 867 936 926 974; x_wconf 66' lang='lat' dir='ltr'>Cos}</span> <span class='ocrx_word' id='word_1_152' title='bbox 941 944 1013 976; x_wconf 86' lang='lat' dir='ltr'>pro-</span> 
     </span>
     <span class='ocr_line' id='line_1_21' title="bbox 145 976 1012 1020; baseline -0.005 -10"><span class='ocrx_word' id='word_1_153' title='bbox 145 979 293 1020; x_wconf 77' lang='lat' dir='ltr'>mulgatae</span> <span class='ocrx_word' id='word_1_154' title='bbox 321 980 352 1010; x_wconf 88' lang='lat' dir='ltr'>in</span> <span class='ocrx_word' id='word_1_155' title='bbox 378 978 518 1018; x_wconf 79' lang='lat' dir='ltr'>Codice,</span> <span class='ocrx_word' id='word_1_156' title='bbox 553 986 656 1010; x_wconf 86' lang='lat' dir='ltr'>tamen</span> <span class='ocrx_word' id='word_1_157' title='bbox 678 988 741 1011; x_wconf 91' lang='lat' dir='ltr'>non</span> <span class='ocrx_word' id='word_1_158' title='bbox 759 976 933 1010; x_wconf 86' lang='lat' dir='ltr'>rescribunt</span> <span class='ocrx_word' id='word_1_159' title='bbox 950 985 1012 1007; x_wconf 86' lang='lat' dir='ltr'>ain-</span> 
     </span>
     <span class='ocr_line' id='line_1_22' title="bbox 145 1017 1011 1061; baseline -0.002 -11"><span class='ocrx_word' id='word_1_160' title='bbox 145 1020 235 1061; x_wconf 87' lang='lat' dir='ltr'>plius.</span> <span class='ocrx_word' id='word_1_161' title='bbox 283 1019 364 1051; x_wconf 80' lang='lat' dir='ltr'>Haec</span> <span class='ocrx_word' id='word_1_162' title='bbox 380 1020 478 1051; x_wconf 86' lang='lat' dir='ltr'>velim</span> <span class='ocrx_word' id='word_1_163' title='bbox 492 1019 561 1051; x_wconf 83' lang='lat' dir='ltr'>addi</span> <span class='ocrx_word' id='word_1_164' title='bbox 577 1020 634 1059; x_wconf 80' lang='lat' dir='ltr'>iis,</span> <span class='ocrx_word' id='word_1_165' title='bbox 659 1030 728 1061; x_wconf 68' lang='lat' dir='ltr'>quae</span> <span class='ocrx_word' id='word_1_166' title='bbox 742 1019 875 1060; x_wconf 82' lang='lat' dir='ltr'>Jacobus</span> <span class='ocrx_word' id='word_1_167' title='bbox 886 1017 1011 1049; x_wconf 89' lang='lat' dir='ltr'>Gotho-</span> 
     </span>
     <span class='ocr_line' id='line_1_23' title="bbox 144 1060 1013 1102; baseline -0.003 -11"><span class='ocrx_word' id='word_1_168' title='bbox 144 1060 252 1092; x_wconf 82' lang='lat' dir='ltr'>fredus</span> <span class='ocrx_word' id='word_1_169' title='bbox 283 1060 433 1093; x_wconf 76' lang='lat' dir='ltr'>Diutrz&#39;ba</span> <span class='ocrx_word' id='word_1_170' title='bbox 453 1064 487 1093; x_wconf 80' lang='lat' dir='ltr'>cle</span> <span class='ocrx_word' id='word_1_171' title='bbox 514 1062 690 1102; x_wconf 75' lang='lat' dir='ltr'>Cenotaphz‘o</span> <span class='ocrx_word' id='word_1_172' title='bbox 715 1061 879 1092; x_wconf 74' lang='lat' dir='ltr'>adnotavit</span> <span class='ocrx_word' id='word_1_173' title='bbox 902 1066 1013 1090; x_wconf 88' lang='lat' dir='ltr'>eontra</span> 
     </span>
     <span class='ocr_line' id='line_1_24' title="bbox 143 1099 1010 1144; baseline -0.002 -12"><span class='ocrx_word' id='word_1_174' title='bbox 143 1103 298 1134; x_wconf 59' lang='grc' dir='ltr'>ᾰιιςοιησίαν</span> <span class='ocrx_word' id='word_1_175' title='bbox 321 1112 432 1134; x_wconf 84' lang='lat' dir='ltr'>eorum</span> <span class='ocrx_word' id='word_1_176' title='bbox 447 1127 456 1142; x_wconf 92' lang='lat'>,</span> <span class='ocrx_word' id='word_1_177' title='bbox 482 1103 535 1144; x_wconf 88' lang='lat' dir='ltr'>qui</span> <span class='ocrx_word' id='word_1_178' title='bbox 563 1105 646 1134; x_wconf 72' lang='lat' dir='ltr'>vitas</span> <span class='ocrx_word' id='word_1_179' title='bbox 669 1103 820 1143; x_wconf 77' lang='lat' dir='ltr'>JCtorum</span> <span class='ocrx_word' id='word_1_180' title='bbox 846 1099 1010 1141; x_wconf 80' lang='lat' dir='ltr'>scripsere,</span> 
     </span>
     <span class='ocr_line' id='line_1_25' title="bbox 143 1142 1012 1185; baseline -0.003 -11"><span class='ocrx_word' id='word_1_181' title='bbox 143 1143 241 1175; x_wconf 83' lang='lat' dir='ltr'>veliin</span> <span class='ocrx_word' id='word_1_182' title='bbox 262 1144 292 1175; x_wconf 66' lang='grc' dir='ltr'>ἃ</span> <span class='ocrx_word' id='word_1_183' title='bbox 316 1145 376 1175; x_wconf 90' lang='lat' dir='ltr'>alia</span> <span class='ocrx_word' id='word_1_184' title='bbox 396 1144 485 1183; x_wconf 81' lang='lat' dir='ltr'>addi,</span> <span class='ocrx_word' id='word_1_185' title='bbox 510 1154 579 1185; x_wconf 82' lang='lat' dir='ltr'>quae</span> <span class='ocrx_word' id='word_1_186' title='bbox 599 1144 771 1176; x_wconf 80' lang='lat' dir='ltr'>refutandis</span> <span class='ocrx_word' id='word_1_187' title='bbox 786 1142 1012 1174; x_wconf 89' lang='lat' dir='ltr'>nonnullorum</span> 
     </span>
     <span class='ocr_line' id='line_1_26' title="bbox 147 1183 1012 1227; baseline -0.003 -11"><span class='ocrx_word' id='word_1_188' title='bbox 147 1183 310 1216; x_wconf 84' lang='lat' dir='ltr'>sententiis</span> <span class='ocrx_word' id='word_1_189' title='bbox 335 1185 406 1216; x_wconf 91' lang='lat' dir='ltr'>heic</span> <span class='ocrx_word' id='word_1_190' title='bbox 433 1186 515 1216; x_wconf 70' lang='lat' dir='ltr'>recle</span> <span class='ocrx_word' id='word_1_191' title='bbox 545 1186 718 1227; x_wconf 77' lang='lat' dir='ltr'>expedivit.</span> <span class='ocrx_word' id='word_1_192' title='bbox 773 1183 887 1225; x_wconf 85' lang='lat' dir='ltr'>Neque</span> <span class='ocrx_word' id='word_1_193' title='bbox 909 1191 1012 1214; x_wconf 86' lang='lat' dir='ltr'>tamen</span> 
     </span>
     <span class='ocr_line' id='line_1_27' title="bbox 145 1224 1011 1267; baseline -0.003 -10"><span class='ocrx_word' id='word_1_194' title='bbox 145 1233 313 1267; x_wconf 87' lang='lat' dir='ltr'>propterea</span> <span class='ocrx_word' id='word_1_195' title='bbox 335 1227 443 1258; x_wconf 63' lang='lat' dir='ltr'>auctor</span> <span class='ocrx_word' id='word_1_196' title='bbox 467 1226 521 1258; x_wconf 73' lang='lat' dir='ltr'>liin</span> <span class='ocrx_word' id='word_1_197' title='bbox 540 1250 550 1266; x_wconf 83' lang='lat'>‚</span> <span class='ocrx_word' id='word_1_198' title='bbox 584 1235 620 1258; x_wconf 90' lang='lat' dir='ltr'>ut</span> <span class='ocrx_word' id='word_1_199' title='bbox 642 1225 836 1258; x_wconf 81' lang='lat' dir='ltr'>Gothofiedi</span> <span class='ocrx_word' id='word_1_200' title='bbox 854 1224 1011 1265; x_wconf 68' lang='lat' dir='ltr'>conjectu-</span> 
     </span>
     <span class='ocr_line' id='line_1_28' title="bbox 146 1265 1013 1309; baseline -0.003 -11"><span class='ocrx_word' id='word_1_201' title='bbox 146 1277 214 1299; x_wconf 83' lang='lat' dir='ltr'>ram</span> <span class='ocrx_word' id='word_1_202' title='bbox 235 1266 333 1299; x_wconf 88' lang='lat' dir='ltr'>secuti</span> <span class='ocrx_word' id='word_1_203' title='bbox 357 1268 518 1299; x_wconf 84' lang='lat' dir='ltr'>credamus</span> <span class='ocrx_word' id='word_1_204' title='bbox 534 1292 543 1306; x_wconf 87' lang='lat'>,</span> <span class='ocrx_word' id='word_1_205' title='bbox 577 1268 632 1307; x_wconf 85' lang='lat' dir='ltr'>id,</span> <span class='ocrx_word' id='word_1_206' title='bbox 664 1268 749 1309; x_wconf 87' lang='lat' dir='ltr'>quod</span> <span class='ocrx_word' id='word_1_207' title='bbox 766 1266 947 1299; x_wconf 84' lang='lat' dir='ltr'>Marcianus</span> <span class='ocrx_word' id='word_1_208' title='bbox 970 1265 1013 1296; x_wconf 89' lang='lat' dir='ltr'>ait</span> 
     </span>
     <span class='ocr_line' id='line_1_29' title="bbox 146 1306 1014 1349; baseline -0.006 -8"><span class='ocrx_word' id='word_1_209' title='bbox 146 1317 255 1341; x_wconf 81' lang='lat' dir='ltr'>MAGIS</span> <span class='ocrx_word' id='word_1_210' title='bbox 271 1310 408 1348; x_wconf 83' lang='lat' dir='ltr'>placere,</span> <span class='ocrx_word' id='word_1_211' title='bbox 425 1309 653 1341; x_wconf 79' lang='lat' dir='ltr'>exaudiendum</span> <span class='ocrx_word' id='word_1_212' title='bbox 669 1308 730 1340; x_wconf 88' lang='lat' dir='ltr'>esse</span> <span class='ocrx_word' id='word_1_213' title='bbox 747 1309 785 1340; x_wconf 92' lang='lat' dir='ltr'>de</span> <span class='ocrx_word' id='word_1_214' title='bbox 797 1309 907 1349; x_wconf 80' lang='lat' dir='ltr'>peritis</span> <span class='ocrx_word' id='word_1_215' title='bbox 921 1306 1014 1338; x_wconf 81' lang='lat' dir='ltr'>Artis</span> 
     </span>
     <span class='ocr_line' id='line_1_30' title="bbox 137 1348 1014 1397; baseline -0.002 -17"><span class='ocrx_word' id='word_1_216' title='bbox 137 1351 289 1391; x_wconf 57' lang='lat' dir='ltr'>fldagicae.</span> <span class='ocrx_word' id='word_1_217' title='bbox 336 1350 431 1397; x_wconf 82' lang='lat' dir='ltr'>Quasi</span> <span class='ocrx_word' id='word_1_218' title='bbox 458 1360 535 1382; x_wconf 86' lang='lat' dir='ltr'>vero</span> <span class='ocrx_word' id='word_1_219' title='bbox 568 1360 678 1382; x_wconf 88' lang='lat' dir='ltr'>eorum</span> <span class='ocrx_word' id='word_1_220' title='bbox 706 1350 831 1381; x_wconf 82' lang='lat' dir='ltr'>decreta</span> <span class='ocrx_word' id='word_1_221' title='bbox 862 1348 1014 1393; x_wconf 59' lang='lat' dir='ltr'>Ausim-es</span> 
     </span>
     <span class='ocr_line' id='line_1_31' title="bbox 137 1391 1012 1433; baseline -0.005 -9"><span class='ocrx_word' id='word_1_222' title='bbox 137 1391 244 1424; x_wconf 83' lang='lat' dir='ltr'>&#39;nostri</span> <span class='ocrx_word' id='word_1_223' title='bbox 272 1391 450 1424; x_wconf 78' lang='lat' dir='ltr'>recitassent</span> <span class='ocrx_word' id='word_1_224' title='bbox 466 1415 475 1431; x_wconf 87' lang='lat'>,</span> <span class='ocrx_word' id='word_1_225' title='bbox 509 1401 607 1433; x_wconf 88' lang='lat' dir='ltr'>quos,</span> <span class='ocrx_word' id='word_1_226' title='bbox 641 1399 675 1423; x_wconf 92' lang='lat' dir='ltr'>ut</span> <span class='ocrx_word' id='word_1_227' title='bbox 692 1391 798 1422; x_wconf 87' lang='lat' dir='ltr'>omnia</span> <span class='ocrx_word' id='word_1_228' title='bbox 818 1391 941 1428; x_wconf 85' lang='lat' dir='ltr'>dicam,</span> <span class='ocrx_word' id='word_1_229' title='bbox 965 1398 1012 1420; x_wconf 81' lang='lat' dir='ltr'>Vl-</span> 
     </span>
     <span class='ocr_line' id='line_1_32' title="bbox 145 1432 893 1472; baseline -0.003 -7"><span class='ocrx_word' id='word_1_230' title='bbox 145 1443 206 1465; x_wconf 89' lang='lat' dir='ltr'>vos</span> <span class='ocrx_word' id='word_1_231' title='bbox 221 1434 311 1465; x_wconf 81' lang='lat' dir='ltr'>exuri</span> <span class='ocrx_word' id='word_1_232' title='bbox 332 1432 489 1472; x_wconf 82' lang='lat' dir='ltr'>scribunt,</span> <span class='ocrx_word' id='word_1_233' title='bbox 515 1434 611 1465; x_wconf 87' lang='lat' dir='ltr'>etiam</span> <span class='ocrx_word' id='word_1_234' title='bbox 629 1433 787 1465; x_wconf 83' lang='lat' dir='ltr'>Marciani</span> <span class='ocrx_word' id='word_1_235' title='bbox 812 1441 893 1464; x_wconf 81' lang='lat' dir='ltr'>aevo.</span> 
     </span>
     <span class='ocr_line' id='line_1_33' title="bbox 190 1471 1010 1515; baseline -0.002 -9"><span class='ocrx_word' id='word_1_236' title='bbox 190 1473 266 1506; x_wconf 89' lang='lat' dir='ltr'>Non</span> <span class='ocrx_word' id='word_1_237' title='bbox 281 1474 375 1505; x_wconf 82' lang='lat' dir='ltr'>video</span> <span class='ocrx_word' id='word_1_238' title='bbox 391 1474 531 1515; x_wconf 80' lang='lat' dir='ltr'>peccari,</span> <span class='ocrx_word' id='word_1_239' title='bbox 544 1474 565 1506; x_wconf 88' lang='lat' dir='ltr'>fi</span> <span class='ocrx_word' id='word_1_240' title='bbox 580 1475 720 1506; x_wconf 87' lang='lat' dir='ltr'>dicamus</span> <span class='ocrx_word' id='word_1_241' title='bbox 734 1473 934 1505; x_wconf 83' lang='lat' dir='ltr'>Marcianum</span> <span class='ocrx_word' id='word_1_242' title='bbox 946 1471 1010 1504; x_wconf 82' lang='lat' dir='ltr'>for-</span> 
     </span>
     <span class='ocr_line' id='line_1_34' title="bbox 134 1514 1015 1557; baseline -0.003 -10"><span class='ocrx_word' id='word_1_243' title='bbox 134 1523 181 1547; x_wconf 85' lang='lat' dir='ltr'>·te</span> <span class='ocrx_word' id='word_1_244' title='bbox 204 1525 268 1547; x_wconf 92' lang='lat' dir='ltr'>non</span> <span class='ocrx_word' id='word_1_245' title='bbox 294 1514 452 1547; x_wconf 88' lang='lat' dir='ltr'>rescivisse</span> <span class='ocrx_word' id='word_1_246' title='bbox 476 1515 661 1557; x_wconf 87' lang='lat' dir='ltr'>rescriptum</span> <span class='ocrx_word' id='word_1_247' title='bbox 691 1514 766 1546; x_wconf 88' lang='lat' dir='ltr'>DD.</span> <span class='ocrx_word' id='word_1_248' title='bbox 800 1514 946 1546; x_wconf 83' lang='lat' dir='ltr'>Fratrum</span> <span class='ocrx_word' id='word_1_249' title='bbox 976 1514 1015 1544; x_wconf 87' lang='lat' dir='ltr'>de</span> 
     </span>
     <span class='ocr_line' id='line_1_35' title="bbox 149 1555 1013 1598; baseline -0.002 -10"><span class='ocrx_word' id='word_1_250' title='bbox 149 1556 359 1598; x_wconf 85' lang='lat' dir='ltr'>Cenotaphio.</span> <span class='ocrx_word' id='word_1_251' title='bbox 414 1556 449 1588; x_wconf 90' lang='lat' dir='ltr'>Id</span> <span class='ocrx_word' id='word_1_252' title='bbox 470 1556 553 1598; x_wconf 83' lang='lat' dir='ltr'>quasi</span> <span class='ocrx_word' id='word_1_253' title='bbox 575 1566 666 1598; x_wconf 87' lang='lat' dir='ltr'>turpe</span> <span class='ocrx_word' id='word_1_254' title='bbox 683 1557 715 1588; x_wconf 91' lang='lat' dir='ltr'>in</span> <span class='ocrx_word' id='word_1_255' title='bbox 738 1555 819 1587; x_wconf 89' lang='lat' dir='ltr'>Viro</span> <span class='ocrx_word' id='word_1_256' title='bbox 835 1555 917 1596; x_wconf 87' lang='lat' dir='ltr'>Juris</span> <span class='ocrx_word' id='word_1_257' title='bbox 933 1555 1013 1597; x_wconf 91' lang='lat' dir='ltr'>peri-</span> 
     </span>
     <span class='ocr_line' id='line_1_36' title="bbox 146 1595 1014 1634; baseline -0.002 -4"><span class='ocrx_word' id='word_1_258' title='bbox 146 1598 263 1630; x_wconf 85' lang='lat' dir='ltr'>tiffimo</span> <span class='ocrx_word' id='word_1_259' title='bbox 286 1607 349 1629; x_wconf 92' lang='lat' dir='ltr'>non</span> <span class='ocrx_word' id='word_1_260' title='bbox 369 1597 478 1629; x_wconf 87' lang='lat' dir='ltr'>ferunt</span> <span class='ocrx_word' id='word_1_261' title='bbox 497 1598 685 1630; x_wconf 85' lang='lat' dir='ltr'>Bertrandus</span> <span class='ocrx_word' id='word_1_262' title='bbox 709 1597 739 1629; x_wconf 70' lang='grc' dir='ltr'>δε</span> <span class='ocrx_word' id='word_1_263' title='bbox 766 1595 987 1628; x_wconf 68' lang='lat' dir='ltr'>Gothori-edus</span> <span class='ocrx_word' id='word_1_264' title='bbox 1004 1606 1014 1634; x_wconf 80' lang='lat'>3</span> 
     </span>
     <span class='ocr_line' id='line_1_37' title="bbox 147 1637 1013 1679; baseline -0.001 -9"><span class='ocrx_word' id='word_1_265' title='bbox 147 1638 200 1671; x_wconf 89' lang='lat' dir='ltr'>sed</span> <span class='ocrx_word' id='word_1_266' title='bbox 219 1639 297 1670; x_wconf 83' lang='lat' dir='ltr'>milii</span> <span class='ocrx_word' id='word_1_267' title='bbox 318 1649 382 1671; x_wconf 92' lang='lat' dir='ltr'>non</span> <span class='ocrx_word' id='word_1_268' title='bbox 405 1640 531 1670; x_wconf 86' lang='lat' dir='ltr'>videtui·</span> <span class='ocrx_word' id='word_1_269' title='bbox 545 1639 633 1679; x_wconf 87' lang='lat' dir='ltr'>JCtis</span> <span class='ocrx_word' id='word_1_270' title='bbox 654 1638 747 1670; x_wconf 85' lang='lat' dir='ltr'>fuiffe</span> <span class='ocrx_word' id='word_1_271' title='bbox 761 1637 865 1670; x_wconf 87' lang='lat' dir='ltr'>fraudi</span> <span class='ocrx_word' id='word_1_272' title='bbox 880 1637 934 1670; x_wconf 91' lang='lat' dir='ltr'>vel</span> <span class='ocrx_word' id='word_1_273' title='bbox 948 1637 1013 1669; x_wconf 90' lang='lat' dir='ltr'>cul-</span> 
     </span>
     <span class='ocr_line' id='line_1_38' title="bbox 148 1678 1015 1722; baseline -0.001 -11"><span class='ocrx_word' id='word_1_274' title='bbox 148 1690 214 1722; x_wconf 81' lang='lat' dir='ltr'>pae,</span> <span class='ocrx_word' id='word_1_275' title='bbox 246 1690 343 1712; x_wconf 90' lang='lat' dir='ltr'>unuin</span> <span class='ocrx_word' id='word_1_276' title='bbox 366 1680 493 1721; x_wconf 83' lang='lat' dir='ltr'>aliquod</span> <span class='ocrx_word' id='word_1_277' title='bbox 513 1680 699 1722; x_wconf 85' lang='lat' dir='ltr'>rescriptum</span> <span class='ocrx_word' id='word_1_278' title='bbox 721 1687 760 1711; x_wconf 82' lang='lat' dir='ltr'>ex</span> <span class='ocrx_word' id='word_1_279' title='bbox 777 1687 828 1712; x_wconf 85' lang='lat' dir='ltr'>tot</span> <span class='ocrx_word' id='word_1_280' title='bbox 843 1678 930 1711; x_wconf 87' lang='lat' dir='ltr'>forte</span> <span class='ocrx_word' id='word_1_281' title='bbox 947 1678 1015 1710; x_wconf 90' lang='lat' dir='ltr'>mil-</span> 
     </span>
     <span class='ocr_line' id='line_1_39' title="bbox 148 1719 1016 1763; baseline -0.002 -10"><span class='ocrx_word' id='word_1_282' title='bbox 148 1722 231 1754; x_wconf 85' lang='lat' dir='ltr'>libus</span> <span class='ocrx_word' id='word_1_283' title='bbox 253 1721 415 1763; x_wconf 80' lang='lat' dir='ltr'>ignorafl&#39;e.</span> <span class='ocrx_word' id='word_1_284' title='bbox 461 1722 507 1754; x_wconf 89' lang='lat' dir='ltr'>Ea</span> <span class='ocrx_word' id='word_1_285' title='bbox 529 1721 596 1754; x_wconf 87' lang='lat' dir='ltr'>fere</span> <span class='ocrx_word' id='word_1_286' title='bbox 619 1729 712 1753; x_wconf 81' lang='lat' dir='ltr'>aetate</span> <span class='ocrx_word' id='word_1_287' title='bbox 726 1745 736 1761; x_wconf 88' lang='lat'>‚</span> <span class='ocrx_word' id='word_1_288' title='bbox 769 1728 806 1753; x_wconf 88' lang='lat' dir='ltr'>ut</span> <span class='ocrx_word' id='word_1_289' title='bbox 822 1719 1016 1753; x_wconf 84' lang='lat' dir='ltr'>Tertulliani</span> 
     </span>
     <span class='ocr_line' id='line_1_40' title="bbox 149 1761 1012 1805; baseline -0.001 -12"><span class='ocrx_word' id='word_1_290' title='bbox 149 1762 257 1794; x_wconf 86' lang='lat' dir='ltr'>verbis</span> <span class='ocrx_word' id='word_1_291' title='bbox 274 1771 360 1803; x_wconf 88' lang='lat' dir='ltr'>utar,</span> <span class='ocrx_word' id='word_1_292' title='bbox 373 1769 465 1795; x_wconf 80' lang='lat' dir='ltr'>totam</span> <span class='ocrx_word' id='word_1_293' title='bbox 479 1764 563 1795; x_wconf 83' lang='lat' dir='ltr'>illam</span> <span class='ocrx_word' id='word_1_294' title='bbox 578 1762 754 1805; x_wconf 73' lang='lat' dir='ltr'>veterem&amp;</span> <span class='ocrx_word' id='word_1_295' title='bbox 765 1763 952 1805; x_wconf 68' lang='lat' dir='ltr'>squalentem</span> <span class='ocrx_word' id='word_1_296' title='bbox 961 1761 1012 1801; x_wconf 79' lang='lat' dir='ltr'>fil-</span> 
     </span>
     <span class='ocr_line' id='line_1_41' title="bbox 139 1804 1014 1846; baseline 0.001 -12"><span class='ocrx_word' id='word_1_297' title='bbox 139 1813 221 1835; x_wconf 70' lang='lat' dir='ltr'>‘vain</span> <span class='ocrx_word' id='word_1_298' title='bbox 237 1805 334 1845; x_wconf 70' lang='lat' dir='ltr'>legum</span> <span class='ocrx_word' id='word_1_299' title='bbox 351 1807 437 1836; x_wconf 81' lang='lat' dir='ltr'>novis</span> <span class='ocrx_word' id='word_1_300' title='bbox 455 1806 677 1846; x_wconf 74' lang='lat' dir='ltr'>Principaliuin</span> <span class='ocrx_word' id='word_1_301' title='bbox 691 1804 1014 1846; x_wconf 74' lang='lat' dir='ltr'>rescriptorum&amp;edi-</span> 
     </span>
     <span class='ocr_line' id='line_1_42' title="bbox 138 1845 1017 1884; baseline -0.001 -6"><span class='ocrx_word' id='word_1_302' title='bbox 138 1845 265 1878; x_wconf 62' lang='lat' dir='ltr'>storum</span> <span class='ocrx_word' id='word_1_303' title='bbox 274 1846 434 1884; x_wconf 82' lang='lat' dir='ltr'>securibus</span> <span class='ocrx_word' id='word_1_304' title='bbox 451 1850 633 1879; x_wconf 74' lang='lat' dir='ltr'>truncabant</span> <span class='ocrx_word' id='word_1_305' title='bbox 644 1847 846 1882; x_wconf 65' lang='lat' dir='ltr'>&amp;caedebam</span> <span class='ocrx_word' id='word_1_306' title='bbox 890 1845 1017 1878; x_wconf 85' lang='lat' dir='ltr'>Infinita</span> 
     </span>
     <span class='ocr_line' id='line_1_43' title="bbox 139 1887 1017 1930; baseline -0.001 -11"><span class='ocrx_word' id='word_1_307' title='bbox 139 1888 258 1930; x_wconf 63' lang='lat' dir='ltr'>igitur</span> <span class='ocrx_word' id='word_1_308' title='bbox 273 1887 512 1929; x_wconf 88' lang='lat' dir='ltr'>Rescriptoruni</span> <span class='ocrx_word' id='word_1_309' title='bbox 533 1889 707 1920; x_wconf 90' lang='lat' dir='ltr'>multitudo</span> <span class='ocrx_word' id='word_1_310' title='bbox 723 1913 732 1929; x_wconf 93' lang='lat'>,</span> <span class='ocrx_word' id='word_1_311' title='bbox 768 1890 798 1921; x_wconf 90' lang='lat'>&amp;</span> <span class='ocrx_word' id='word_1_312' title='bbox 823 1889 860 1920; x_wconf 84' lang='lat' dir='ltr'>ad</span> <span class='ocrx_word' id='word_1_313' title='bbox 873 1888 1017 1929; x_wconf 82' lang='lat' dir='ltr'>privatos</span> 
     </span>
     <span class='ocr_line' id='line_1_44' title="bbox 151 1928 1017 1971; baseline -0.001 -10"><span class='ocrx_word' id='word_1_314' title='bbox 151 1929 231 1969; x_wconf 73' lang='lat' dir='ltr'>saepe</span> <span class='ocrx_word' id='word_1_315' title='bbox 244 1929 278 1959; x_wconf 77' lang='lat' dir='ltr'>in</span> <span class='ocrx_word' id='word_1_316' title='bbox 294 1928 391 1961; x_wconf 81' lang='lat' dir='ltr'>causis</span> <span class='ocrx_word' id='word_1_317' title='bbox 404 1929 554 1971; x_wconf 86' lang='lat' dir='ltr'>privatis,</span> <span class='ocrx_word' id='word_1_318' title='bbox 580 1939 649 1971; x_wconf 82' lang='lat' dir='ltr'>quae</span> <span class='ocrx_word' id='word_1_319' title='bbox 666 1931 736 1971; x_wconf 92' lang='lat' dir='ltr'>quis</span> <span class='ocrx_word' id='word_1_320' title='bbox 752 1929 880 1962; x_wconf 76' lang='lat' dir='ltr'>sciverit</span> <span class='ocrx_word' id='word_1_321' title='bbox 895 1928 1017 1960; x_wconf 73' lang='lat' dir='ltr'>omnia?</span> 
     </span>
     <span class='ocr_line' id='line_1_45' title="bbox 151 1969 1017 2011; baseline 0.001 -11"><span class='ocrx_word' id='word_1_322' title='bbox 151 1979 261 2001; x_wconf 88' lang='lat' dir='ltr'>eorum</span> <span class='ocrx_word' id='word_1_323' title='bbox 286 1970 494 2011; x_wconf 76' lang='lat' dir='ltr'>ignorantiam</span> <span class='ocrx_word' id='word_1_324' title='bbox 516 1971 675 2003; x_wconf 86' lang='lat' dir='ltr'>veteribus</span> <span class='ocrx_word' id='word_1_325' title='bbox 700 1970 862 2003; x_wconf 90' lang='lat' dir='ltr'>Consultis</span> <span class='ocrx_word' id='word_1_326' title='bbox 879 1971 909 2002; x_wconf 88' lang='lat'>&amp;</span> <span class='ocrx_word' id='word_1_327' title='bbox 926 1969 1017 2010; x_wconf 89' lang='lat' dir='ltr'>Cuja-</span> 
     </span>
     <span class='ocr_line' id='line_1_46' title="bbox 152 2011 1020 2053; baseline 0.001 -12"><span class='ocrx_word' id='word_1_328' title='bbox 152 2011 237 2041; x_wconf 89' lang='lat' dir='ltr'>cium</span> <span class='ocrx_word' id='word_1_329' title='bbox 253 2011 400 2051; x_wconf 75' lang='lat' dir='ltr'>objeciss&#39;e</span> <span class='ocrx_word' id='word_1_330' title='bbox 424 2012 519 2044; x_wconf 81' lang='lat' dir='ltr'>video</span> <span class='ocrx_word' id='word_1_331' title='bbox 534 2013 563 2044; x_wconf 69' lang='grc' dir='ltr'>ἅ</span> <span class='ocrx_word' id='word_1_332' title='bbox 579 2012 699 2044; x_wconf 87' lang='lat' dir='ltr'>laudem</span> <span class='ocrx_word' id='word_1_333' title='bbox 724 2012 884 2044; x_wconf 69' lang='lat' dir='ltr'>meruisse:</span> <span class='ocrx_word' id='word_1_334' title='bbox 910 2011 1020 2053; x_wconf 69' lang='lat' dir='ltr'>Ulpia-</span> 
     </span>
     <span class='ocr_line' id='line_1_47' title="bbox 152 2051 1017 2095; baseline 0 -11"><span class='ocrx_word' id='word_1_335' title='bbox 152 2062 196 2084; x_wconf 90' lang='lat' dir='ltr'>no</span> <span class='ocrx_word' id='word_1_336' title='bbox 210 2052 371 2091; x_wconf 67' lang='lat' dir='ltr'>objicitin</span> <span class='ocrx_word' id='word_1_337' title='bbox 396 2054 415 2084; x_wconf 91' lang='lat' dir='ltr'>l.</span> <span class='ocrx_word' id='word_1_338' title='bbox 436 2062 462 2085; x_wconf 90' lang='lat'>1.</span> <span class='ocrx_word' id='word_1_339' title='bbox 494 2054 522 2093; x_wconf 84' lang='lat'>§.</span> <span class='ocrx_word' id='word_1_340' title='bbox 542 2054 598 2085; x_wconf 77' lang='lat' dir='ltr'>ult.</span> <span class='ocrx_word' id='word_1_341' title='bbox 631 2054 667 2089; x_wconf 55' lang='grc' dir='ltr'>ὅ)</span> <span class='ocrx_word' id='word_1_342' title='bbox 694 2055 714 2086; x_wconf 92' lang='lat' dir='ltr'>l.</span> <span class='ocrx_word' id='word_1_343' title='bbox 731 2058 784 2095; x_wconf 81' lang='lat'>36.</span> <span class='ocrx_word' id='word_1_344' title='bbox 805 2053 846 2094; x_wconf 88' lang='lat' dir='ltr'>ff.</span> <span class='ocrx_word' id='word_1_345' title='bbox 870 2055 904 2086; x_wconf 85' lang='lat' dir='ltr'>de</span> <span class='ocrx_word' id='word_1_346' title='bbox 926 2051 1017 2094; x_wconf 81' lang='lat' dir='ltr'>Pign.</span> 
     </span>
     <span class='ocr_line' id='line_1_48' title="bbox 152 2093 1019 2139; baseline 0.001 -15"><span class='ocrx_word' id='word_1_347' title='bbox 152 2093 219 2139; x_wconf 36' lang='lat' dir='ltr'>act·</span> <span class='ocrx_word' id='word_1_348' title='bbox 235 2093 272 2123; x_wconf 83' lang='lat' dir='ltr'>ad</span> <span class='ocrx_word' id='word_1_349' title='bbox 287 2093 417 2126; x_wconf 85' lang='lat' dir='ltr'>Paulum</span> <span class='ocrx_word' id='word_1_350' title='bbox 440 2096 480 2126; x_wconf 91' lang='lat' dir='ltr'>L.</span> <span class='ocrx_word' id='word_1_351' title='bbox 500 2095 538 2127; x_wconf 89' lang='lat' dir='ltr'>V.</span> <span class='ocrx_word' id='word_1_352' title='bbox 568 2097 701 2128; x_wconf 79' lang='lat' dir='ltr'>Sentent.</span> <span class='ocrx_word' id='word_1_353' title='bbox 720 2106 770 2135; x_wconf 81' lang='lat'>25.</span> <span class='ocrx_word' id='word_1_354' title='bbox 797 2096 825 2137; x_wconf 85' lang='lat'>§.</span> <span class='ocrx_word' id='word_1_355' title='bbox 842 2107 872 2133; x_wconf 80' lang='grc'>4.</span> <span class='ocrx_word' id='word_1_356' title='bbox 897 2093 947 2127; x_wconf 87' lang='lat' dir='ltr'>sed</span> <span class='ocrx_word' id='word_1_357' title='bbox 956 2104 1019 2135; x_wconf 91' lang='lat' dir='ltr'>quo</span> 
     </span>
     <span class='ocr_line' id='line_1_49' title="bbox 151 2134 1017 2179; baseline 0.001 -13"><span class='ocrx_word' id='word_1_358' title='bbox 151 2134 195 2166; x_wconf 87' lang='lat' dir='ltr'>ibi</span> <span class='ocrx_word' id='word_1_359' title='bbox 209 2143 297 2179; x_wconf 66' lang='lat' dir='ltr'>jure,</span> <span class='ocrx_word' id='word_1_360' title='bbox 322 2144 405 2169; x_wconf 87' lang='lat' dir='ltr'>nunc</span> <span class='ocrx_word' id='word_1_361' title='bbox 423 2147 486 2168; x_wconf 89' lang='lat' dir='ltr'>non</span> <span class='ocrx_word' id='word_1_362' title='bbox 505 2135 640 2178; x_wconf 87' lang='lat' dir='ltr'>disputo.</span> <span class='ocrx_word' id='word_1_363' title='bbox 686 2137 813 2170; x_wconf 71' lang='lat' dir='ltr'>Rectius</span> <span class='ocrx_word' id='word_1_364' title='bbox 834 2137 920 2169; x_wconf 88' lang='lat' dir='ltr'>forte</span> <span class='ocrx_word' id='word_1_365' title='bbox 941 2136 1017 2168; x_wconf 85' lang='lat' dir='ltr'>Pau-</span> 
     </span>
     <span class='ocr_line' id='line_1_50' title="bbox 153 2176 1018 2222; baseline 0 -14"><span class='ocrx_word' id='word_1_366' title='bbox 153 2176 237 2208; x_wconf 87' lang='lat' dir='ltr'>lom</span> <span class='ocrx_word' id='word_1_367' title='bbox 255 2176 274 2206; x_wconf 89' lang='lat' dir='ltr'>l.</span> <span class='ocrx_word' id='word_1_368' title='bbox 289 2180 344 2222; x_wconf 29' lang='lat'>5¹8.</span> <span class='ocrx_word' id='word_1_369' title='bbox 371 2177 399 2217; x_wconf 55' lang='grc' dir='ltr'>ᾗ.</span> <span class='ocrx_word' id='word_1_370' title='bbox 420 2187 445 2209; x_wconf 86' lang='lat'>1.</span> <span class='ocrx_word' id='word_1_371' title='bbox 460 2178 501 2219; x_wconf 91' lang='lat' dir='ltr'>ff.</span> <span class='ocrx_word' id='word_1_372' title='bbox 525 2179 632 2210; x_wconf 79' lang='lat' dir='ltr'>Mami.</span> <span class='ocrx_word' id='word_1_373' title='bbox 654 2179 686 2211; x_wconf 90' lang='lat' dir='ltr'>in</span> <span class='ocrx_word' id='word_1_374' title='bbox 711 2180 859 2211; x_wconf 83' lang='lat' dir='ltr'>Comment</span> <span class='ocrx_word' id='word_1_375' title='bbox 874 2181 911 2210; x_wconf 86' lang='lat' dir='ltr'>ad</span> <span class='ocrx_word' id='word_1_376' title='bbox 932 2178 952 2208; x_wconf 88' lang='lat' dir='ltr'>l.</span> <span class='ocrx_word' id='word_1_377' title='bbox 970 2187 1018 2209; x_wconf 79' lang='lat' dir='ltr'>io.</span> 
     </span>
     <span class='ocr_line' id='line_1_51' title="bbox 152 2216 1017 2262; baseline 0.003 -15"><span class='ocrx_word' id='word_1_378' title='bbox 152 2225 202 2259; x_wconf 84' lang='lat' dir='ltr'>pr.</span> <span class='ocrx_word' id='word_1_379' title='bbox 231 2216 274 2248; x_wconf 90' lang='lat' dir='ltr'>D.</span> <span class='ocrx_word' id='word_1_380' title='bbox 304 2220 338 2249; x_wconf 83' lang='lat' dir='ltr'>de</span> <span class='ocrx_word' id='word_1_381' title='bbox 368 2219 455 2251; x_wconf 75' lang='grc' dir='ltr'>Ραὲῐ.</span> <span class='ocrx_word' id='word_1_382' title='bbox 484 2228 568 2252; x_wconf 85' lang='lat' dir='ltr'>ratus</span> <span class='ocrx_word' id='word_1_383' title='bbox 583 2230 654 2252; x_wconf 84' lang='lat' dir='ltr'>euin</span> <span class='ocrx_word' id='word_1_384' title='bbox 669 2221 824 2262; x_wconf 84' lang='lat' dir='ltr'>quoddam</span> <span class='ocrx_word' id='word_1_385' title='bbox 838 2220 880 2252; x_wconf 93' lang='lat' dir='ltr'>D.</span> <span class='ocrx_word' id='word_1_386' title='bbox 899 2219 950 2252; x_wconf 89' lang='lat' dir='ltr'>Pii</span> <span class='ocrx_word' id='word_1_387' title='bbox 973 2229 1017 2250; x_wconf 60' lang='lat' dir='ltr'>re&gt;</span> 
     </span>
     <span class='ocr_line' id='line_1_52' title="bbox 145 2259 1020 2303; baseline 0.007 -16"><span class='ocrx_word' id='word_1_388' title='bbox 145 2259 300 2299; x_wconf 64' lang='lat' dir='ltr'>scriptum</span> <span class='ocrx_word' id='word_1_389' title='bbox 323 2261 372 2292; x_wconf 84' lang='lat' dir='ltr'>vel</span> <span class='ocrx_word' id='word_1_390' title='bbox 394 2262 557 2303; x_wconf 78' lang='lat' dir='ltr'>ignoraffe‚</span> <span class='ocrx_word' id='word_1_391' title='bbox 590 2263 640 2293; x_wconf 81' lang='lat' dir='ltr'>vel</span> <span class='ocrx_word' id='word_1_392' title='bbox 656 2273 712 2294; x_wconf 87' lang='lat' dir='ltr'>non</span> <span class='ocrx_word' id='word_1_393' title='bbox 731 2262 912 2303; x_wconf 75' lang='lat' dir='ltr'>udveitz&#39;ffe,</span> <span class='ocrx_word' id='word_1_394' title='bbox 934 2260 1020 2295; x_wconf 73' lang='lat' dir='ltr'>&amp;ex</span> 
     </span>
     <span class='ocr_line' id='line_1_53' title="bbox 155 2301 1019 2345; baseline 0.002 -13"><span class='ocrx_word' id='word_1_395' title='bbox 155 2301 251 2341; x_wconf 75' lang='lat' dir='ltr'>Jmis</span> <span class='ocrx_word' id='word_1_396' title='bbox 278 2302 435 2342; x_wconf 76' lang='lat' dir='ltr'>disciplina</span> <span class='ocrx_word' id='word_1_397' title='bbox 452 2327 461 2343; x_wconf 86' lang='lat'>,</span> <span class='ocrx_word' id='word_1_398' title='bbox 487 2305 563 2345; x_wconf 77' lang='lat' dir='ltr'>quod</span> <span class='ocrx_word' id='word_1_399' title='bbox 580 2303 635 2342; x_wconf 81' lang='lat' dir='ltr'>fibi</span> <span class='ocrx_word' id='word_1_400' title='bbox 656 2306 837 2342; x_wconf 77' lang='lat' dir='ltr'>videbatur,</span> <span class='ocrx_word' id='word_1_401' title='bbox 852 2302 1019 2345; x_wconf 63' lang='lat' dir='ltr'>scrspfiffe,</span> 
     </span>
     <span class='ocr_line' id='line_1_54' title="bbox 155 2343 1020 2387; baseline 0.003 -15"><span class='ocrx_word' id='word_1_402' title='bbox 155 2353 192 2373; x_wconf 72' lang='lat' dir='ltr'>ea.</span> <span class='ocrx_word' id='word_1_403' title='bbox 212 2343 295 2383; x_wconf 80' lang='lat' dir='ltr'>juris</span> <span class='ocrx_word' id='word_1_404' title='bbox 316 2346 433 2377; x_wconf 78' lang='lat' dir='ltr'>ratione</span> <span class='ocrx_word' id='word_1_405' title='bbox 453 2369 462 2384; x_wconf 91' lang='lat'><em>‚</em></span> <span class='ocrx_word' id='word_1_406' title='bbox 491 2356 549 2377; x_wconf 84' lang='lat' dir='ltr'>non</span> <span class='ocrx_word' id='word_1_407' title='bbox 571 2357 608 2378; x_wconf 86' lang='lat' dir='ltr'>ex</span> <span class='ocrx_word' id='word_1_408' title='bbox 625 2346 777 2387; x_wconf 81' lang='lat' dir='ltr'>rescripto.</span> <span class='ocrx_word' id='word_1_409' title='bbox 808 2346 870 2377; x_wconf 89' lang='lat' dir='ltr'>hoc</span> <span class='ocrx_word' id='word_1_410' title='bbox 886 2344 1020 2387; x_wconf 86' lang='lat' dir='ltr'>superdi-</span> 
     </span>
     <span class='ocr_line' id='line_1_55' title="bbox 156 2384 1021 2428; baseline 0 -12"><span class='ocrx_word' id='word_1_411' title='bbox 156 2384 233 2416; x_wconf 62' lang='lat' dir='ltr'>cto:</span> <span class='ocrx_word' id='word_1_412' title='bbox 267 2394 332 2416; x_wconf 81' lang='lat' dir='ltr'>czinz</span> <span class='ocrx_word' id='word_1_413' title='bbox 353 2386 447 2425; x_wconf 74' lang='lat' dir='ltr'>Juris</span> <span class='ocrx_word' id='word_1_414' title='bbox 473 2389 642 2419; x_wconf 79' lang='lat' dir='ltr'>rationibus</span> <span class='ocrx_word' id='word_1_415' title='bbox 674 2389 821 2428; x_wconf 71' lang='lat' dir='ltr'>rescripta</span> <span class='ocrx_word' id='word_1_416' title='bbox 850 2387 1021 2427; x_wconf 82' lang='lat' dir='ltr'>plerumque</span> 
     </span>
     <span class='ocr_line' id='line_1_56' title="bbox 152 2428 1020 2475; baseline 0.001 -18"><span class='ocrx_word' id='word_1_417' title='bbox 152 2432 305 2466; x_wconf 79' lang='lat' dir='ltr'>pugnant.</span> <span class='ocrx_word' id='word_1_418' title='bbox 348 2428 408 2460; x_wconf 89' lang='lat' dir='ltr'>Sed</span> <span class='ocrx_word' id='word_1_419' title='bbox 421 2428 483 2460; x_wconf 84' lang='lat' dir='ltr'>hoc</span> <span class='ocrx_word' id='word_1_420' title='bbox 500 2429 561 2469; x_wconf 82' lang='lat' dir='ltr'>jam</span> <span class='ocrx_word' id='word_1_421' title='bbox 575 2439 638 2461; x_wconf 90' lang='lat' dir='ltr'>non</span> <span class='ocrx_word' id='word_1_422' title='bbox 662 2431 789 2470; x_wconf 77' lang='lat' dir='ltr'>agimus.</span> <span class='ocrx_word' id='word_1_423' title='bbox 836 2428 954 2475; x_wconf 83' lang='lat' dir='ltr'>Quidni</span> <span class='ocrx_word' id='word_1_424' title='bbox 970 2437 1020 2459; x_wconf 90' lang='lat' dir='ltr'>au-</span> 
     </span>
     <span class='ocr_line' id='line_1_57' title="bbox 157 2467 1022 2513; baseline 0.002 -16"><span class='ocrx_word' id='word_1_425' title='bbox 157 2476 221 2513; x_wconf 75' lang='lat' dir='ltr'>tem</span> <span class='ocrx_word' id='word_1_426' title='bbox 246 2467 284 2498; x_wconf 92' lang='lat' dir='ltr'>de</span> <span class='ocrx_word' id='word_1_427' title='bbox 307 2467 474 2501; x_wconf 88' lang='lat' dir='ltr'>Marciano</span> <span class='ocrx_word' id='word_1_428' title='bbox 495 2471 547 2502; x_wconf 85' lang='lat' dir='ltr'>liic</span> <span class='ocrx_word' id='word_1_429' title='bbox 570 2471 651 2502; x_wconf 86' lang='lat' dir='ltr'>idem</span> <span class='ocrx_word' id='word_1_430' title='bbox 673 2471 777 2502; x_wconf 86' lang='lat' dir='ltr'>dicere</span> <span class='ocrx_word' id='word_1_431' title='bbox 797 2470 915 2509; x_wconf 82' lang='lat' dir='ltr'>liceat,</span> <span class='ocrx_word' id='word_1_432' title='bbox 938 2468 1022 2510; x_wconf 87' lang='lat' dir='ltr'>quod</span> 
     </span>
     <span class='ocr_line' id='line_1_58' title="bbox 156 2507 1021 2554; baseline 0.002 -16"><span class='ocrx_word' id='word_1_433' title='bbox 156 2508 212 2539; x_wconf 77' lang='lat' dir='ltr'>ille</span> <span class='ocrx_word' id='word_1_434' title='bbox 225 2507 264 2539; x_wconf 90' lang='lat' dir='ltr'>de</span> <span class='ocrx_word' id='word_1_435' title='bbox 280 2508 402 2542; x_wconf 77' lang='lat' dir='ltr'>Paulo?</span> <span class='ocrx_word' id='word_1_436' title='bbox 427 2511 525 2542; x_wconf 86' lang='lat' dir='ltr'>immo</span> <span class='ocrx_word' id='word_1_437' title='bbox 536 2535 545 2550; x_wconf 83' lang='lat'>,</span> <span class='ocrx_word' id='word_1_438' title='bbox 571 2511 679 2553; x_wconf 87' lang='lat' dir='ltr'>quidni</span> <span class='ocrx_word' id='word_1_439' title='bbox 695 2512 790 2554; x_wconf 83' lang='lat' dir='ltr'>inagis</span> <span class='ocrx_word' id='word_1_440' title='bbox 806 2536 815 2551; x_wconf 87' lang='lat'>,</span> <span class='ocrx_word' id='word_1_441' title='bbox 847 2521 921 2542; x_wconf 90' lang='lat' dir='ltr'>cuin</span> <span class='ocrx_word' id='word_1_442' title='bbox 936 2509 1021 2552; x_wconf 84' lang='lat' dir='ltr'>ipse,</span> 
     </span>
     <span class='ocr_line' id='line_1_59' title="bbox 159 2549 1023 2593; baseline 0.003 -14"><span class='ocrx_word' id='word_1_443' title='bbox 159 2549 244 2590; x_wconf 86' lang='lat' dir='ltr'>quod</span> <span class='ocrx_word' id='word_1_444' title='bbox 265 2549 372 2581; x_wconf 90' lang='lat' dir='ltr'>nescio</span> <span class='ocrx_word' id='word_1_445' title='bbox 397 2561 436 2583; x_wconf 82' lang='lat' dir='ltr'>an</span> <span class='ocrx_word' id='word_1_446' title='bbox 456 2553 507 2584; x_wconf 90' lang='lat' dir='ltr'>alii</span> <span class='ocrx_word' id='word_1_447' title='bbox 529 2552 683 2593; x_wconf 79' lang='lat' dir='ltr'>fecerint,</span> <span class='ocrx_word' id='word_1_448' title='bbox 709 2562 931 2593; x_wconf 83' lang='lat' dir='ltr'>nonnunquam</span> <span class='ocrx_word' id='word_1_449' title='bbox 948 2552 1023 2583; x_wconf 85' lang='lat' dir='ltr'>rela-</span> 
     </span>
     <span class='ocr_line' id='line_1_60' title="bbox 159 2589 1024 2635; baseline 0.002 -15"><span class='ocrx_word' id='word_1_450' title='bbox 159 2599 229 2621; x_wconf 88' lang='lat' dir='ltr'>tum</span> <span class='ocrx_word' id='word_1_451' title='bbox 248 2589 363 2623; x_wconf 88' lang='lat' dir='ltr'>scribat</span> <span class='ocrx_word' id='word_1_452' title='bbox 387 2593 424 2624; x_wconf 90' lang='lat' dir='ltr'>de</span> <span class='ocrx_word' id='word_1_453' title='bbox 446 2593 504 2624; x_wconf 82' lang='lat' dir='ltr'>hac</span> <span class='ocrx_word' id='word_1_454' title='bbox 530 2593 625 2625; x_wconf 79' lang='lat' dir='ltr'>illave</span> <span class='ocrx_word' id='word_1_455' title='bbox 640 2594 795 2635; x_wconf 85' lang='lat' dir='ltr'>Principis</span> <span class='ocrx_word' id='word_1_456' title='bbox 815 2592 1024 2626; x_wconf 79' lang='lat' dir='ltr'>Constitutio-</span> 
     </span>
     <span class='ocr_line' id='line_1_61' title="bbox 157 2633 1024 2676; baseline 0.002 -14"><span class='ocrx_word' id='word_1_457' title='bbox 157 2640 217 2670; x_wconf 87' lang='lat' dir='ltr'>ne,</span> <span class='ocrx_word' id='word_1_458' title='bbox 249 2641 342 2673; x_wconf 87' lang='lat' dir='ltr'>quam</span> <span class='ocrx_word' id='word_1_459' title='bbox 366 2635 561 2676; x_wconf 70' lang='lat' dir='ltr'>caeteroquin</span> <span class='ocrx_word' id='word_1_460' title='bbox 582 2635 736 2676; x_wconf 77' lang='lat' dir='ltr'>ignor-asse</span> <span class='ocrx_word' id='word_1_461' title='bbox 758 2634 803 2667; x_wconf 89' lang='lat' dir='ltr'>est</span> <span class='ocrx_word' id='word_1_462' title='bbox 822 2634 993 2667; x_wconf 83' lang='lat' dir='ltr'>credendus</span> <span class='ocrx_word' id='word_1_463' title='bbox 1007 2633 1024 2664; x_wconf 75' lang='lat'>‘2</span> 
     </span>
     <span class='ocr_line' id='line_1_62' title="bbox 159 2674 1023 2718; baseline 0.005 -15"><span class='ocrx_word' id='word_1_464' title='bbox 159 2674 297 2710; x_wconf 80' lang='lat' dir='ltr'>refertur</span> <span class='ocrx_word' id='word_1_465' title='bbox 318 2674 540 2715; x_wconf 73' lang='lat' dir='ltr'>constitutum,</span> <span class='ocrx_word' id='word_1_466' title='bbox 567 2676 611 2708; x_wconf 90' lang='lat' dir='ltr'>ita</span> <span class='ocrx_word' id='word_1_467' title='bbox 625 2676 673 2708; x_wconf 91' lang='lat' dir='ltr'>bis</span> <span class='ocrx_word' id='word_1_468' title='bbox 691 2676 755 2718; x_wconf 88' lang='lat' dir='ltr'>ipse</span> <span class='ocrx_word' id='word_1_469' title='bbox 771 2677 803 2709; x_wconf 89' lang='lat' dir='ltr'>in</span> <span class='ocrx_word' id='word_1_470' title='bbox 825 2678 845 2708; x_wconf 89' lang='lat' dir='ltr'>l.</span> <span class='ocrx_word' id='word_1_471' title='bbox 864 2686 892 2707; x_wconf 88' lang='lat'>2.</span> <span class='ocrx_word' id='word_1_472' title='bbox 921 2676 960 2717; x_wconf 92' lang='lat' dir='ltr'>ff.</span> <span class='ocrx_word' id='word_1_473' title='bbox 989 2677 1023 2706; x_wconf 81' lang='lat' dir='ltr'>de</span> 
     </span>
     <span class='ocr_line' id='line_1_63' title="bbox 161 2713 1022 2759; baseline -0.003 -9"><span class='ocrx_word' id='word_1_474' title='bbox 161 2713 249 2754; x_wconf 68' lang='lat' dir='ltr'>Offic-</span> <span class='ocrx_word' id='word_1_475' title='bbox 282 2715 395 2756; x_wconf 61' lang='lat' dir='ltr'>Adstffff.</span> <span class='ocrx_word' id='word_1_476' title='bbox 418 2718 447 2749; x_wconf 84' lang='lat'>&amp;</span> <span class='ocrx_word' id='word_1_477' title='bbox 475 2717 494 2748; x_wconf 89' lang='lat' dir='ltr'>l.</span> <span class='ocrx_word' id='word_1_478' title='bbox 518 2722 565 2751; x_wconf 89' lang='lat'>18.</span> <span class='ocrx_word' id='word_1_479' title='bbox 604 2718 633 2758; x_wconf 83' lang='lat'>§.</span> <span class='ocrx_word' id='word_1_480' title='bbox 651 2727 681 2754; x_wconf 86' lang='lat'>9.</span> <span class='ocrx_word' id='word_1_481' title='bbox 705 2718 746 2759; x_wconf 89' lang='lat' dir='ltr'>ff.</span> <span class='ocrx_word' id='word_1_482' title='bbox 775 2720 810 2749; x_wconf 82' lang='lat' dir='ltr'>de</span> <span class='ocrx_word' id='word_1_483' title='bbox 840 2718 915 2757; x_wconf 76' lang='lat' dir='ltr'>Jzir.</span> <span class='ocrx_word' id='word_1_484' title='bbox 945 2716 1022 2757; x_wconf 70' lang='lat' dir='ltr'>Fisc.</span> 
     </span>
     <span class='ocr_line' id='line_1_64' title="bbox 159 2754 1022 2799; baseline 0.005 -14"><span class='ocrx_word' id='word_1_485' title='bbox 159 2754 247 2799; x_wconf 82' lang='lat' dir='ltr'>Quin</span> <span class='ocrx_word' id='word_1_486' title='bbox 271 2756 293 2788; x_wconf 88' lang='lat' dir='ltr'>fi</span> <span class='ocrx_word' id='word_1_487' title='bbox 316 2757 501 2799; x_wconf 86' lang='lat' dir='ltr'>rescriptum</span> <span class='ocrx_word' id='word_1_488' title='bbox 523 2757 598 2789; x_wconf 90' lang='lat' dir='ltr'>DD.</span> <span class='ocrx_word' id='word_1_489' title='bbox 624 2758 682 2790; x_wconf 80' lang='lat' dir='ltr'>FF.</span> <span class='ocrx_word' id='word_1_490' title='bbox 708 2758 873 2791; x_wconf 83' lang='lat' dir='ltr'>resciverit</span> <span class='ocrx_word' id='word_1_491' title='bbox 887 2759 1022 2791; x_wconf 85' lang='lat' dir='ltr'>Marcia-</span> 
     </span>
     <span class='ocr_line' id='line_1_65' title="bbox 159 2799 1023 2843; baseline 0.003 -16"><span class='ocrx_word' id='word_1_492' title='bbox 159 2803 232 2840; x_wconf 71' lang='lat' dir='ltr'>nus,</span> <span class='ocrx_word' id='word_1_493' title='bbox 258 2806 360 2830; x_wconf 86' lang='lat' dir='ltr'>tamen</span> <span class='ocrx_word' id='word_1_494' title='bbox 374 2799 413 2830; x_wconf 91' lang='lat' dir='ltr'>de</span> <span class='ocrx_word' id='word_1_495' title='bbox 427 2799 492 2839; x_wconf 85' lang='lat' dir='ltr'>ejus</span> <span class='ocrx_word' id='word_1_496' title='bbox 509 2800 767 2839; x_wconf 80' lang='lat' dir='ltr'>interpretatione</span> <span class='ocrx_word' id='word_1_497' title='bbox 784 2801 892 2843; x_wconf 74' lang='lat' dir='ltr'>potuit</span> <span class='ocrx_word' id='word_1_498' title='bbox 907 2808 978 2830; x_wconf 89' lang='lat' dir='ltr'>cum</span> <span class='ocrx_word' id='word_1_499' title='bbox 994 2809 1023 2830; x_wconf 88' lang='lat' dir='ltr'>a-</span> 
     </span>
     <span class='ocr_line' id='line_1_66' title="bbox 162 2835 1021 2881; baseline 0.002 -12"><span class='ocrx_word' id='word_1_500' title='bbox 162 2835 423 2881; x_wconf 30' lang='lat' dir='ltr'>liis-diffenfiffe,</span> <span class='ocrx_word' id='word_1_501' title='bbox 451 2848 486 2872; x_wconf 91' lang='lat' dir='ltr'>ut</span> <span class='ocrx_word' id='word_1_502' title='bbox 512 2841 542 2872; x_wconf 90' lang='lat' dir='ltr'>in</span> <span class='ocrx_word' id='word_1_503' title='bbox 570 2841 764 2881; x_wconf 84' lang='lat' dir='ltr'>explicandis</span> <span class='ocrx_word' id='word_1_504' title='bbox 785 2841 901 2873; x_wconf 65' lang='lat' dir='ltr'>lssdit‘tis</span> <span class='ocrx_word' id='word_1_505' title='bbox 921 2840 1021 2871; x_wconf 83' lang='lat' dir='ltr'>&amp;Re-</span> 
     </span>
     <span class='ocr_line' id='line_1_67' title="bbox 161 2876 1021 2927; baseline 0.001 -16"><span class='ocrx_word' id='word_1_506' title='bbox 161 2876 284 2924; x_wconf 58' lang='lat' dir='ltr'>iffflptis</span> <span class='ocrx_word' id='word_1_507' title='bbox 307 2879 387 2927; x_wconf 77' lang='lat' dir='ltr'>stepe</span> <span class='ocrx_word' id='word_1_508' title='bbox 413 2882 518 2913; x_wconf 86' lang='lat' dir='ltr'>videas</span> <span class='ocrx_word' id='word_1_509' title='bbox 541 2882 623 2913; x_wconf 90' lang='lat' dir='ltr'>inter</span> <span class='ocrx_word' id='word_1_510' title='bbox 644 2881 742 2922; x_wconf 90' lang='lat' dir='ltr'>JCtos</span> <span class='ocrx_word' id='word_1_511' title='bbox 763 2892 826 2914; x_wconf 82' lang='lat' dir='ltr'>non</span> <span class='ocrx_word' id='word_1_512' title='bbox 843 2881 1021 2913; x_wconf 81' lang='lat' dir='ltr'>convenire.</span> 
     </span>
     <span class='ocr_line' id='line_1_68' title="bbox 163 2917 1024 2965; baseline 0.005 -17"><span class='ocrx_word' id='word_1_513' title='bbox 163 2917 366 2953; x_wconf 60' lang='lat' dir='ltr'>suxistimaVit</span> <span class='ocrx_word' id='word_1_514' title='bbox 386 2921 472 2954; x_wconf 84' lang='lat' dir='ltr'>sorte</span> <span class='ocrx_word' id='word_1_515' title='bbox 493 2923 674 2955; x_wconf 85' lang='lat' dir='ltr'>Marcianus</span> <span class='ocrx_word' id='word_1_516' title='bbox 689 2948 698 2962; x_wconf 86' lang='lat'>‚</span> <span class='ocrx_word' id='word_1_517' title='bbox 723 2923 795 2965; x_wconf 90' lang='lat' dir='ltr'>quia</span> <span class='ocrx_word' id='word_1_518' title='bbox 814 2923 896 2954; x_wconf 86' lang='lat' dir='ltr'>ratio</span> <span class='ocrx_word' id='word_1_519' title='bbox 912 2922 942 2953; x_wconf 92' lang='lat' dir='ltr'>id</span> <span class='ocrx_word' id='word_1_520' title='bbox 958 2921 1024 2963; x_wconf 74' lang='lat' dir='ltr'>sug-</span> 
     </span>
     <span class='ocr_line' id='line_1_69' title="bbox 163 2959 1024 3004; baseline 0.006 -15"><span class='ocrx_word' id='word_1_521' title='bbox 163 2959 306 3002; x_wconf 52' lang='lat' dir='ltr'>{091³ssss</span> <span class='ocrx_word' id='word_1_522' title='bbox 331 2973 346 2993; x_wconf 79' lang='lat' dir='ltr'>a</span> <span class='ocrx_word' id='word_1_523' title='bbox 383 2962 478 2996; x_wconf 80' lang='lat' dir='ltr'>Divis</span> <span class='ocrx_word' id='word_1_524' title='bbox 495 2963 655 2996; x_wconf 83' lang='lat' dir='ltr'>Fratribus</span> <span class='ocrx_word' id='word_1_525' title='bbox 673 2975 736 2997; x_wconf 89' lang='lat' dir='ltr'>non</span> <span class='ocrx_word' id='word_1_526' title='bbox 759 2964 820 2996; x_wconf 80' lang='lat' dir='ltr'>effe</span> <span class='ocrx_word' id='word_1_527' title='bbox 834 2962 961 3004; x_wconf 83' lang='lat' dir='ltr'>praecise</span> <span class='ocrx_word' id='word_1_528' title='bbox 979 2973 1024 2994; x_wconf 90' lang='lat' dir='ltr'>rc-</span> 
     </span>
     <span class='ocr_line' id='line_1_70' title="bbox 164 2999 1023 3046; baseline -0.003 -8"><span class='ocrx_word' id='word_1_529' title='bbox 164 2999 313 3038; x_wconf 57' lang='lat' dir='ltr'>h&#39;mptum</span> <span class='ocrx_word' id='word_1_530' title='bbox 329 3012 439 3035; x_wconf 76' lang='lat' dir='ltr'>contra</span> <span class='ocrx_word' id='word_1_531' title='bbox 457 3005 639 3046; x_wconf 81' lang='lat' dir='ltr'>religionem</span> <span class='ocrx_word' id='word_1_532' title='bbox 661 3004 868 3046; x_wconf 80' lang='lat' dir='ltr'>Cenotaphii,</span> <span class='ocrx_word' id='word_1_533' title='bbox 901 3004 953 3035; x_wconf 86' lang='lat' dir='ltr'>alii</span> <span class='ocrx_word' id='word_1_534' title='bbox 972 3013 1023 3036; x_wconf 81' lang='lat' dir='ltr'>ve-</span> 
     </span>
     <span class='ocr_line' id='line_1_71' title="bbox 166 3044 1023 3086; baseline 0 -9"><span class='ocrx_word' id='word_1_535' title='bbox 166 3044 203 3066; x_wconf 74' lang='lat'>1&#39;0</span> <span class='ocrx_word' id='word_1_536' title='bbox 227 3047 351 3084; x_wconf 55' lang='lat' dir='ltr'>Cimtffl,</span> <span class='ocrx_word' id='word_1_537' title='bbox 381 3055 516 3086; x_wconf 86' lang='lat' dir='ltr'>quorum</span> <span class='ocrx_word' id='word_1_538' title='bbox 536 3045 688 3078; x_wconf 85' lang='lat' dir='ltr'>sententia</span> <span class='ocrx_word' id='word_1_539' title='bbox 711 3046 851 3079; x_wconf 86' lang='lat' dir='ltr'>obtinuit</span> <span class='ocrx_word' id='word_1_540' title='bbox 887 3048 917 3077; x_wconf 80' lang='lat' dir='ltr'>d.</span> <span class='ocrx_word' id='word_1_541' title='bbox 949 3046 968 3077; x_wconf 89' lang='lat' dir='ltr'>l.</span> <span class='ocrx_word' id='word_1_542' title='bbox 993 3056 1023 3086; x_wconf 86' lang='lat'>7.</span> 
     </span>
     <span class='ocr_line' id='line_1_72' title="bbox 167 3077 1023 3130; baseline -0.005 -8"><span class='ocrx_word' id='word_1_543' title='bbox 167 3077 190 3122; x_wconf 69' lang='lat'>7?</span> <span class='ocrx_word' id='word_1_544' title='bbox 205 3081 226 3123; x_wconf 79' lang='lat'>⁶.</span> <span class='ocrx_word' id='word_1_545' title='bbox 257 3086 282 3117; x_wconf 56' lang='grc' dir='ltr'>ὓ</span> <span class='ocrx_word' id='word_1_546' title='bbox 301 3090 325 3125; x_wconf 81' lang='lat'>,¹·</span> <span class='ocrx_word' id='word_1_547' title='bbox 341 3085 381 3123; x_wconf 84' lang='lat' dir='ltr'>ff·</span> <span class='ocrx_word' id='word_1_548' title='bbox 403 3089 436 3116; x_wconf 80' lang='lat' dir='ltr'>de</span> <span class='ocrx_word' id='word_1_549' title='bbox 461 3087 601 3128; x_wconf 80' lang='lat' dir='ltr'>Religios.</span> <span class='ocrx_word' id='word_1_550' title='bbox 647 3087 705 3119; x_wconf 82' lang='lat' dir='ltr'>Sed</span> <span class='ocrx_word' id='word_1_551' title='bbox 728 3096 822 3130; x_wconf 82' lang='lat' dir='ltr'>quum</span> <span class='ocrx_word' id='word_1_552' title='bbox 846 3087 940 3118; x_wconf 73' lang='lat' dir='ltr'>verba</span> <span class='ocrx_word' id='word_1_553' title='bbox 965 3087 1023 3118; x_wconf 89' lang='lat' dir='ltr'>Re-</span> 
     </span>
     <span class='ocr_line' id='line_1_73' title="bbox 154 3118 1025 3168; baseline 0.011 -19"><span class='ocrx_word' id='word_1_554' title='bbox 154 3118 273 3164; x_wconf 65' lang='lat' dir='ltr'>ricripti</span> <span class='ocrx_word' id='word_1_555' title='bbox 299 3127 512 3159; x_wconf 75' lang='lat' dir='ltr'>interciderint</span> <span class='ocrx_word' id='word_1_556' title='bbox 528 3152 537 3167; x_wconf 82' lang='grc'><strong>,</strong></span> <span class='ocrx_word' id='word_1_557' title='bbox 570 3138 634 3161; x_wconf 88' lang='lat' dir='ltr'>non</span> <span class='ocrx_word' id='word_1_558' title='bbox 659 3130 733 3161; x_wconf 87' lang='lat' dir='ltr'>licet</span> <span class='ocrx_word' id='word_1_559' title='bbox 749 3128 787 3160; x_wconf 86' lang='lat' dir='ltr'>de</span> <span class='ocrx_word' id='word_1_560' title='bbox 803 3137 841 3158; x_wconf 85' lang='lat' dir='ltr'>co</span> <span class='ocrx_word' id='word_1_561' title='bbox 857 3128 931 3168; x_wconf 85' lang='lat' dir='ltr'>quid</span> <span class='ocrx_word' id='word_1_562' title='bbox 947 3127 1025 3159; x_wconf 89' lang='lat' dir='ltr'>certi</span> 
     </span>
     <span class='ocr_line' id='line_1_74' title="bbox 165 3157 1024 3211; baseline 0.001 -13"><span class='ocrx_word' id='word_1_563' title='bbox 165 3157 311 3205; x_wconf 46' lang='lat' dir='ltr'>defiffll&#39;ffi</span> <span class='ocrx_word' id='word_1_564' title='bbox 336 3173 373 3211; x_wconf 44' lang='lat' dir='ltr'>ut·</span> <span class='ocrx_word' id='word_1_565' title='bbox 389 3176 444 3196; x_wconf 83' lang='lat' dir='ltr'>nec</span> <span class='ocrx_word' id='word_1_566' title='bbox 459 3168 496 3197; x_wconf 78' lang='lat' dir='ltr'>dc</span> <span class='ocrx_word' id='word_1_567' title='bbox 512 3169 575 3199; x_wconf 78' lang='lat' dir='ltr'>alio</span> <span class='ocrx_word' id='word_1_568' title='bbox 593 3176 686 3210; x_wconf 83' lang='lat' dir='ltr'>atque</span> <span class='ocrx_word' id='word_1_569' title='bbox 700 3170 763 3201; x_wconf 83' lang='lat' dir='ltr'>alio</span> <span class='ocrx_word' id='word_1_570' title='bbox 778 3168 957 3209; x_wconf 67' lang='lat' dir='ltr'>cenotaphii</span> <span class='ocrx_word' id='word_1_571' title='bbox 975 3178 1024 3209; x_wconf 73' lang='lat' dir='ltr'>ge-</span> 
     </span>
     <span class='ocr_line' id='line_1_75' title="bbox 168 3199 1023 3249; baseline 0.007 -13"><span class='ocrx_word' id='word_1_572' title='bbox 168 3199 463 3238; x_wconf 64' lang='lat' dir='ltr'>001‘edlffciit1011t1252</span> <span class='ocrx_word' id='word_1_573' title='bbox 481 3207 649 3249; x_wconf 68' lang='lat' dir='ltr'>Ulpianum</span> <span class='ocrx_word' id='word_1_574' title='bbox 673 3211 703 3244; x_wconf 83' lang='lat'>&amp;</span> <span class='ocrx_word' id='word_1_575' title='bbox 718 3209 918 3247; x_wconf 73' lang='lat' dir='ltr'>Marcianum</span> <span class='ocrx_word' id='word_1_576' title='bbox 933 3209 1023 3244; x_wconf 77' lang='lat' dir='ltr'>intel.-</span> 
     </span>
    </p>
   </div>
   <div class='ocr_carea' id='block_1_3' title="bbox 1049 109 1647 151">
    <p class='ocr_par' dir='ltr' id='par_1_3' title="bbox 1049 109 1647 151">
     <span class='ocr_line' id='line_1_76' title="bbox 1049 109 1647 151; baseline -0.007 0"><span class='ocrx_word' id='word_1_577' title='bbox 1049 109 1647 151; x_wconf 79' lang='lat' dir='ltr'>BYNKERSHOEK</span> 
     </span>
    </p>
   </div>
   <div class='ocr_carea' id='block_1_4' title="bbox 1051 188 1924 1182">
    <p class='ocr_par' dir='ltr' id='par_1_4' title="bbox 1051 188 1916 358">
     <span class='ocr_line' id='line_1_77' title="bbox 1051 188 1914 241; baseline -0.006 -15"><span class='ocrx_word' id='word_1_578' title='bbox 1051 196 1167 241; x_wconf 79' lang='lat' dir='ltr'>ligere,</span> <span class='ocrx_word' id='word_1_579' title='bbox 1191 194 1230 225; x_wconf 89' lang='lat' dir='ltr'>de</span> <span class='ocrx_word' id='word_1_580' title='bbox 1245 194 1355 225; x_wconf 87' lang='lat' dir='ltr'>eodem</span> <span class='ocrx_word' id='word_1_581' title='bbox 1371 193 1487 234; x_wconf 84' lang='lat' dir='ltr'>quippe</span> <span class='ocrx_word' id='word_1_582' title='bbox 1500 190 1704 231; x_wconf 82' lang='lat' dir='ltr'>intellexere,</span> <span class='ocrx_word' id='word_1_583' title='bbox 1731 189 1783 232; x_wconf 85' lang='lat' dir='ltr'>qui</span> <span class='ocrx_word' id='word_1_584' title='bbox 1799 188 1914 222; x_wconf 83' lang='lat' dir='ltr'>Pande·-</span> 
     </span>
     <span class='ocr_line' id='line_1_78' title="bbox 1051 231 1916 277; baseline -0.006 -10"><span class='ocrx_word' id='word_1_585' title='bbox 1051 236 1108 267; x_wconf 67' lang='lat' dir='ltr'>cns</span> <span class='ocrx_word' id='word_1_586' title='bbox 1124 235 1351 277; x_wconf 89' lang='lat' dir='ltr'>componendis</span> <span class='ocrx_word' id='word_1_587' title='bbox 1391 233 1571 265; x_wconf 81' lang='lat' dir='ltr'>raefuerunt.</span> <span class='ocrx_word' id='word_1_588' title='bbox 1616 232 1695 263; x_wconf 82' lang='lat' dir='ltr'>Sane</span> <span class='ocrx_word' id='word_1_589' title='bbox 1715 231 1916 263; x_wconf 82' lang='lat' dir='ltr'>Marcianum</span> 
     </span>
     <span class='ocr_line' id='line_1_79' title="bbox 1051 244 1914 316; baseline -0.003 -9"><span class='ocrx_word' id='word_1_590' title='bbox 1051 277 1090 307; x_wconf 89' lang='lat' dir='ltr'>de</span> <span class='ocrx_word' id='word_1_591' title='bbox 1104 276 1176 316; x_wconf 85' lang='lat' dir='ltr'>Jure</span> <span class='ocrx_word' id='word_1_592' title='bbox 1186 299 1195 315; x_wconf 91' lang='lat'>,</span> <span class='ocrx_word' id='word_1_593' title='bbox 1221 284 1332 307; x_wconf 89' lang='lat' dir='ltr'>contra</span> <span class='ocrx_word' id='word_1_594' title='bbox 1345 244 1616 307; x_wconf 54' lang='lat' dir='ltr'>Clonstitutionem</span> <span class='ocrx_word' id='word_1_595' title='bbox 1632 270 1836 313; x_wconf 85' lang='lat' dir='ltr'>respondiss&#39;e,</span> <span class='ocrx_word' id='word_1_596' title='bbox 1861 281 1914 304; x_wconf 87' lang='lat' dir='ltr'>ne·</span> 
     </span>
     <span class='ocr_line' id='line_1_80' title="bbox 1051 316 1565 358; baseline -0.006 -10"><span class='ocrx_word' id='word_1_597' title='bbox 1051 327 1105 349; x_wconf 88' lang='lat' dir='ltr'>ino</span> <span class='ocrx_word' id='word_1_598' title='bbox 1118 317 1194 348; x_wconf 90' lang='lat' dir='ltr'>milii</span> <span class='ocrx_word' id='word_1_599' title='bbox 1209 316 1403 358; x_wconf 83' lang='lat' dir='ltr'>persuadebit</span> <span class='ocrx_word' id='word_1_600' title='bbox 1420 324 1565 357; x_wconf 83' lang='lat' dir='ltr'>unquam.</span> 
     </span>
    </p>

    <p class='ocr_par' dir='ltr' id='par_1_5' title="bbox 1052 354 1922 758">
     <span class='ocr_line' id='line_1_81' title="bbox 1093 354 1914 404; baseline -0.004 -16"><span class='ocrx_word' id='word_1_601' title='bbox 1093 357 1177 404; x_wconf 86' lang='lat' dir='ltr'>Quia</span> <span class='ocrx_word' id='word_1_602' title='bbox 1200 358 1296 400; x_wconf 77' lang='lat' dir='ltr'>igitur</span> <span class='ocrx_word' id='word_1_603' title='bbox 1320 357 1392 389; x_wconf 86' lang='lat' dir='ltr'>satis</span> <span class='ocrx_word' id='word_1_604' title='bbox 1415 354 1561 395; x_wconf 85' lang='lat' dir='ltr'>constat,</span> <span class='ocrx_word' id='word_1_605' title='bbox 1598 354 1786 386; x_wconf 68' lang='lat' dir='ltr'>auctoritate</span> <span class='ocrx_word' id='word_1_606' title='bbox 1810 354 1914 394; x_wconf 85' lang='lat' dir='ltr'>Juris,</span> 
     </span>
     <span class='ocr_line' id='line_1_82' title="bbox 1053 395 1914 440; baseline -0.005 -10"><span class='ocrx_word' id='word_1_607' title='bbox 1053 398 1286 440; x_wconf 84' lang='lat' dir='ltr'>Cenotapliium</span> <span class='ocrx_word' id='word_1_608' title='bbox 1311 408 1376 430; x_wconf 91' lang='lat' dir='ltr'>non</span> <span class='ocrx_word' id='word_1_609' title='bbox 1400 398 1461 429; x_wconf 87' lang='lat' dir='ltr'>esse</span> <span class='ocrx_word' id='word_1_610' title='bbox 1482 395 1679 438; x_wconf 78' lang='lat' dir='ltr'>religiosum,</span> <span class='ocrx_word' id='word_1_611' title='bbox 1714 395 1764 427; x_wconf 88' lang='lat' dir='ltr'>sed</span> <span class='ocrx_word' id='word_1_612' title='bbox 1778 405 1849 427; x_wconf 88' lang='lat' dir='ltr'>eum</span> <span class='ocrx_word' id='word_1_613' title='bbox 1863 395 1914 426; x_wconf 91' lang='lat' dir='ltr'>de-</span> 
     </span>
     <span class='ocr_line' id='line_1_83' title="bbox 1052 436 1917 478; baseline -0.005 -7"><span class='ocrx_word' id='word_1_614' title='bbox 1052 449 1139 471; x_wconf 87' lang='lat' dir='ltr'>inum</span> <span class='ocrx_word' id='word_1_615' title='bbox 1164 440 1271 471; x_wconf 90' lang='lat' dir='ltr'>locum</span> <span class='ocrx_word' id='word_1_616' title='bbox 1288 463 1297 478; x_wconf 93' lang='lat'>,</span> <span class='ocrx_word' id='word_1_617' title='bbox 1329 439 1380 470; x_wconf 89' lang='lat' dir='ltr'>cui</span> <span class='ocrx_word' id='word_1_618' title='bbox 1396 446 1540 470; x_wconf 80' lang='lat' dir='ltr'>mortuus</span> <span class='ocrx_word' id='word_1_619' title='bbox 1562 437 1725 469; x_wconf 79' lang='lat' dir='ltr'>estillatus</span> <span class='ocrx_word' id='word_1_620' title='bbox 1740 461 1749 477; x_wconf 97' lang='lat'>,</span> <span class='ocrx_word' id='word_1_621' title='bbox 1780 436 1917 468; x_wconf 85' lang='lat' dir='ltr'>dubitari</span> 
     </span>
     <span class='ocr_line' id='line_1_84' title="bbox 1052 478 1917 522; baseline -0.003 -11"><span class='ocrx_word' id='word_1_622' title='bbox 1052 480 1171 522; x_wconf 84' lang='lat' dir='ltr'>poffet,</span> <span class='ocrx_word' id='word_1_623' title='bbox 1197 481 1271 522; x_wconf 91' lang='lat' dir='ltr'>quid</span> <span class='ocrx_word' id='word_1_624' title='bbox 1282 480 1376 520; x_wconf 83' lang='lat' dir='ltr'>juris,</span> <span class='ocrx_word' id='word_1_625' title='bbox 1401 480 1422 512; x_wconf 85' lang='lat' dir='ltr'><strong>fi</strong></span> <span class='ocrx_word' id='word_1_626' title='bbox 1438 490 1502 512; x_wconf 90' lang='lat' dir='ltr'>non</span> <span class='ocrx_word' id='word_1_627' title='bbox 1518 479 1622 510; x_wconf 89' lang='lat' dir='ltr'>omnia</span> <span class='ocrx_word' id='word_1_628' title='bbox 1638 478 1718 517; x_wconf 83' lang='lat' dir='ltr'>offa,</span> <span class='ocrx_word' id='word_1_629' title='bbox 1742 486 1795 509; x_wconf 84' lang='lat' dir='ltr'>aut</span> <span class='ocrx_word' id='word_1_630' title='bbox 1808 485 1917 509; x_wconf 82' lang='lat' dir='ltr'>totuin</span> 
     </span>
     <span class='ocr_line' id='line_1_85' title="bbox 1053 518 1916 565; baseline -0.005 -12"><span class='ocrx_word' id='word_1_631' title='bbox 1053 531 1168 562; x_wconf 89' lang='lat' dir='ltr'>corpus</span> <span class='ocrx_word' id='word_1_632' title='bbox 1179 545 1188 560; x_wconf 95' lang='lat'>,</span> <span class='ocrx_word' id='word_1_633' title='bbox 1212 531 1322 552; x_wconf 78' lang='lat' dir='ltr'>verum</span> <span class='ocrx_word' id='word_1_634' title='bbox 1337 530 1406 561; x_wconf 87' lang='lat' dir='ltr'>pars</span> <span class='ocrx_word' id='word_1_635' title='bbox 1421 528 1542 552; x_wconf 87' lang='lat' dir='ltr'>tantuin</span> <span class='ocrx_word' id='word_1_636' title='bbox 1556 520 1644 551; x_wconf 85' lang='lat' dir='ltr'>illata</span> <span class='ocrx_word' id='word_1_637' title='bbox 1658 518 1773 558; x_wconf 88' lang='lat' dir='ltr'>fuerit,</span> <span class='ocrx_word' id='word_1_638' title='bbox 1799 519 1829 550; x_wconf 72' lang='grc' dir='ltr'>ὃ(</span> <span class='ocrx_word' id='word_1_639' title='bbox 1846 528 1916 565; x_wconf 85' lang='lat' dir='ltr'>quae</span> 
     </span>
     <span class='ocr_line' id='line_1_86' title="bbox 1053 559 1917 604; baseline -0.002 -12"><span class='ocrx_word' id='word_1_640' title='bbox 1053 573 1123 603; x_wconf 78' lang='lat' dir='ltr'>pars</span> <span class='ocrx_word' id='word_1_641' title='bbox 1140 562 1321 604; x_wconf 89' lang='lat' dir='ltr'>religiosum</span> <span class='ocrx_word' id='word_1_642' title='bbox 1339 562 1444 594; x_wconf 81' lang='lat' dir='ltr'>faciat.</span> <span class='ocrx_word' id='word_1_643' title='bbox 1490 562 1533 593; x_wconf 84' lang='lat' dir='ltr'>Et</span> <span class='ocrx_word' id='word_1_644' title='bbox 1560 561 1685 602; x_wconf 89' lang='lat' dir='ltr'>quidem</span> <span class='ocrx_word' id='word_1_645' title='bbox 1702 561 1802 601; x_wconf 87' lang='lat' dir='ltr'>prima</span> <span class='ocrx_word' id='word_1_646' title='bbox 1818 559 1917 601; x_wconf 80' lang='lat' dir='ltr'>inipe-</span> 
     </span>
     <span class='ocr_line' id='line_1_87' title="bbox 1055 599 1922 644; baseline -0.003 -9"><span class='ocrx_word' id='word_1_647' title='bbox 1055 604 1119 635; x_wconf 66' lang='lat' dir='ltr'>Ctio</span> <span class='ocrx_word' id='word_1_648' title='bbox 1135 603 1195 643; x_wconf 84' lang='lat' dir='ltr'>est,</span> <span class='ocrx_word' id='word_1_649' title='bbox 1221 613 1277 642; x_wconf 81' lang='lat' dir='ltr'>an,</span> <span class='ocrx_word' id='word_1_650' title='bbox 1302 604 1355 644; x_wconf 87' lang='lat' dir='ltr'>qui</span> <span class='ocrx_word' id='word_1_651' title='bbox 1370 613 1425 644; x_wconf 84' lang='lat' dir='ltr'>per</span> <span class='ocrx_word' id='word_1_652' title='bbox 1438 611 1541 644; x_wconf 89' lang='lat' dir='ltr'>partes</span> <span class='ocrx_word' id='word_1_653' title='bbox 1564 602 1705 643; x_wconf 78' lang='lat' dir='ltr'>pluribus</span> <span class='ocrx_word' id='word_1_654' title='bbox 1720 601 1801 632; x_wconf 91' lang='lat' dir='ltr'>locis</span> <span class='ocrx_word' id='word_1_655' title='bbox 1816 599 1922 642; x_wconf 77' lang='lat' dir='ltr'>sepul-</span> 
     </span>
     <span class='ocr_line' id='line_1_88' title="bbox 1056 642 1916 686; baseline -0.002 -11"><span class='ocrx_word' id='word_1_656' title='bbox 1056 653 1106 676; x_wconf 92' lang='lat' dir='ltr'>tus</span> <span class='ocrx_word' id='word_1_657' title='bbox 1127 644 1195 684; x_wconf 89' lang='lat' dir='ltr'>est,</span> <span class='ocrx_word' id='word_1_658' title='bbox 1234 645 1324 686; x_wconf 86' lang='lat' dir='ltr'>plura</span> <span class='ocrx_word' id='word_1_659' title='bbox 1356 644 1467 676; x_wconf 79' lang='lat' dir='ltr'>habeat</span> <span class='ocrx_word' id='word_1_660' title='bbox 1498 643 1682 684; x_wconf 84' lang='lat' dir='ltr'>sepulchra,</span> <span class='ocrx_word' id='word_1_661' title='bbox 1719 652 1757 673; x_wconf 87' lang='lat' dir='ltr'>an</span> <span class='ocrx_word' id='word_1_662' title='bbox 1784 642 1916 673; x_wconf 89' lang='lat' dir='ltr'>nullum.</span> 
     </span>
     <span class='ocr_line' id='line_1_89' title="bbox 1053 682 1921 758; baseline -0.002 -43"><span class='ocrx_word' id='word_1_663' title='bbox 1053 684 1105 758; x_wconf 56' lang='lat' dir='ltr'>Pe</span> <span class='ocrx_word' id='word_1_664' title='bbox 1123 686 1239 757; x_wconf 57' lang='lat' dir='ltr'>Rthino</span> <span class='ocrx_word' id='word_1_665' title='bbox 1255 686 1391 717; x_wconf 87' lang='lat' dir='ltr'>lacerato</span> <span class='ocrx_word' id='word_1_666' title='bbox 1410 685 1571 717; x_wconf 81' lang='lat' dir='ltr'>belliffinie</span> <span class='ocrx_word' id='word_1_667' title='bbox 1587 684 1713 726; x_wconf 88' lang='lat' dir='ltr'>quidem</span> <span class='ocrx_word' id='word_1_668' title='bbox 1730 682 1921 715; x_wconf 85' lang='lat' dir='ltr'>Claudianus</span> 
     </span>
    </p>

    <p class='ocr_par' dir='ltr' id='par_1_6' title="bbox 1074 728 1803 757">
     <span class='ocr_line' id='line_1_90' title="bbox 1074 728 1803 757; baseline 0 0"><span class='ocrx_word' id='word_1_669' title='bbox 1074 728 1142 757; x_wconf 83' lang='lat' dir='ltr'>.ibr.</span> <span class='ocrx_word' id='word_1_670' title='bbox 1192 751 1198 757; x_wconf 89' lang='lat'>.</span> <span class='ocrx_word' id='word_1_671' title='bbox 1798 730 1803 734; x_wconf 85' lang='grc'><strong><em>’</em></strong></span> 
     </span>
    </p>

    <p class='ocr_par' dir='ltr' id='par_1_7' title="bbox 1093 765 1838 808">
     <span class='ocr_line' id='line_1_91' title="bbox 1093 765 1838 808; baseline -0.001 -9"><span class='ocrx_word' id='word_1_672' title='bbox 1093 785 1179 790; x_wconf 89' lang='lat'>-——</span> <span class='ocrx_word' id='word_1_673' title='bbox 1196 784 1282 791; x_wconf 84' lang='lat'><strong>—-·—-</strong></span> <span class='ocrx_word' id='word_1_674' title='bbox 1303 767 1415 808; x_wconf 65' lang='lat' dir='ltr'>Jacn,</span> <span class='ocrx_word' id='word_1_675' title='bbox 1437 777 1491 803; x_wconf 85' lang='lat' dir='ltr'>en,</span> <span class='ocrx_word' id='word_1_676' title='bbox 1515 769 1568 807; x_wconf 82' lang='lat' dir='ltr'>qui</span> <span class='ocrx_word' id='word_1_677' title='bbox 1584 765 1705 807; x_wconf 75' lang='lat' dir='ltr'>poffidev</span> <span class='ocrx_word' id='word_1_678' title='bbox 1724 769 1838 807; x_wconf 85' lang='lat' dir='ltr'>orbem,</span> 
     </span>
    </p>

    <p class='ocr_par' dir='ltr' id='par_1_8' title="bbox 1095 808 1786 850">
     <span class='ocr_line' id='line_1_92' title="bbox 1095 808 1786 850; baseline 0 -10"><span class='ocrx_word' id='word_1_679' title='bbox 1095 808 1228 850; x_wconf 79' lang='lat' dir='ltr'>Exiguae</span> <span class='ocrx_word' id='word_1_680' title='bbox 1249 809 1369 840; x_wconf 80' lang='lat' dir='ltr'>telluris</span> <span class='ocrx_word' id='word_1_681' title='bbox 1390 810 1493 849; x_wconf 81' lang='lat' dir='ltr'>inops,</span> <span class='ocrx_word' id='word_1_682' title='bbox 1515 808 1551 842; x_wconf 60' lang='grc' dir='ltr'>ὅ)</span> <span class='ocrx_word' id='word_1_683' title='bbox 1568 811 1695 848; x_wconf 85' lang='lat' dir='ltr'>pulvere</span> <span class='ocrx_word' id='word_1_684' title='bbox 1715 819 1786 840; x_wconf 84' lang='lat' dir='ltr'>raro</span> 
     </span>
    </p>

    <p class='ocr_par' dir='ltr' id='par_1_9' title="bbox 1095 849 1918 892">
     <span class='ocr_line' id='line_1_93' title="bbox 1095 849 1918 892; baseline -0.002 -10"><span class='ocrx_word' id='word_1_685' title='bbox 1095 849 1157 882; x_wconf 86' lang='lat' dir='ltr'>Per</span> <span class='ocrx_word' id='word_1_686' title='bbox 1169 858 1274 890; x_wconf 80' lang='lat' dir='ltr'>portes</span> <span class='ocrx_word' id='word_1_687' title='bbox 1296 852 1411 892; x_wconf 76' lang='lat' dir='ltr'>tegitur</span> <span class='ocrx_word' id='word_1_688' title='bbox 1424 874 1434 890; x_wconf 95' lang='lat'>,</span> <span class='ocrx_word' id='word_1_689' title='bbox 1457 858 1626 889; x_wconf 76' lang='lat' dir='ltr'><strong>NUSQUAM</strong></span> <span class='ocrx_word' id='word_1_690' title='bbox 1650 858 1848 891; x_wconf 62' lang='lat' dir='ltr'>&#39;sonusque</span> <span class='ocrx_word' id='word_1_691' title='bbox 1867 858 1918 881; x_wconf 78' lang='lat' dir='ltr'>sE-</span> 
     </span>
    </p>

    <p class='ocr_par' dir='ltr' id='par_1_10' title="bbox 1055 901 1924 1182">
     <span class='ocr_line' id='line_1_94' title="bbox 1141 901 1279 923; baseline 0 0"><span class='ocrx_word' id='word_1_692' title='bbox 1141 901 1279 923; x_wconf 73' lang='lat' dir='ltr'>PULTUS.</span> 
     </span>
     <span class='ocr_line' id='line_1_95' title="bbox 1056 930 1920 976; baseline -0.002 -11"><span class='ocrx_word' id='word_1_693' title='bbox 1056 932 1115 965; x_wconf 88' lang='lat' dir='ltr'>Sed</span> <span class='ocrx_word' id='word_1_694' title='bbox 1129 932 1199 973; x_wconf 82' lang='lat' dir='ltr'>JCti</span> <span class='ocrx_word' id='word_1_695' title='bbox 1220 932 1317 965; x_wconf 89' lang='lat' dir='ltr'>nostri</span> <span class='ocrx_word' id='word_1_696' title='bbox 1341 934 1468 976; x_wconf 85' lang='lat' dir='ltr'>preffius</span> <span class='ocrx_word' id='word_1_697' title='bbox 1490 930 1632 974; x_wconf 79' lang='lat' dir='ltr'>sapiunt3</span> <span class='ocrx_word' id='word_1_698' title='bbox 1656 933 1700 964; x_wconf 83' lang='lat' dir='ltr'>ita</span> <span class='ocrx_word' id='word_1_699' title='bbox 1715 932 1794 964; x_wconf 77' lang='lat' dir='ltr'>hanc</span> <span class='ocrx_word' id='word_1_700' title='bbox 1811 941 1876 963; x_wconf 85' lang='lat' dir='ltr'>rem</span> <span class='ocrx_word' id='word_1_701' title='bbox 1890 941 1920 962; x_wconf 82' lang='lat' dir='ltr'>c-</span> 
     </span>
     <span class='ocr_line' id='line_1_96' title="bbox 1056 973 1921 1016; baseline -0.003 -10"><span class='ocrx_word' id='word_1_702' title='bbox 1056 981 1161 1006; x_wconf 84' lang='lat' dir='ltr'>narrat</span> <span class='ocrx_word' id='word_1_703' title='bbox 1179 974 1293 1006; x_wconf 88' lang='lat' dir='ltr'>Paulus</span> <span class='ocrx_word' id='word_1_704' title='bbox 1317 975 1348 1007; x_wconf 90' lang='lat' dir='ltr'>in</span> <span class='ocrx_word' id='word_1_705' title='bbox 1374 977 1393 1006; x_wconf 87' lang='lat' dir='ltr'>l.</span> <span class='ocrx_word' id='word_1_706' title='bbox 1406 985 1456 1015; x_wconf 77' lang='lat'>44.</span> <span class='ocrx_word' id='word_1_707' title='bbox 1479 974 1508 1015; x_wconf 83' lang='lat'>§.</span> <span class='ocrx_word' id='word_1_708' title='bbox 1527 985 1552 1006; x_wconf 89' lang='lat'>1.</span> <span class='ocrx_word' id='word_1_709' title='bbox 1570 975 1611 1016; x_wconf 86' lang='lat' dir='ltr'>ff.</span> <span class='ocrx_word' id='word_1_710' title='bbox 1627 976 1661 1006; x_wconf 83' lang='lat' dir='ltr'>de</span> <span class='ocrx_word' id='word_1_711' title='bbox 1678 975 1820 1016; x_wconf 80' lang='lat' dir='ltr'>Religios.</span> <span class='ocrx_word' id='word_1_712' title='bbox 1832 973 1921 1011; x_wconf 80' lang='lat' dir='ltr'>Cum,</span> 
     </span>
     <span class='ocr_line' id='line_1_97' title="bbox 1056 1013 1923 1057; baseline 0 -12"><span class='ocrx_word' id='word_1_713' title='bbox 1056 1015 1159 1055; x_wconf 87' lang='lat' dir='ltr'>inquit</span> <span class='ocrx_word' id='word_1_714' title='bbox 1176 1039 1184 1054; x_wconf 89' lang='lat'>‚</span> <span class='ocrx_word' id='word_1_715' title='bbox 1218 1017 1250 1047; x_wconf 87' lang='lat' dir='ltr'>in</span> <span class='ocrx_word' id='word_1_716' title='bbox 1265 1016 1393 1056; x_wconf 79' lang='lat' dir='ltr'>diversis</span> <span class='ocrx_word' id='word_1_717' title='bbox 1411 1019 1482 1048; x_wconf 81' lang='lat' dir='ltr'>locis</span> <span class='ocrx_word' id='word_1_718' title='bbox 1498 1017 1655 1057; x_wconf 83' lang='lat' dir='ltr'>sepultum</span> <span class='ocrx_word' id='word_1_719' title='bbox 1675 1014 1717 1056; x_wconf 75' lang='lat' dir='ltr'>est</span> <span class='ocrx_word' id='word_1_720' title='bbox 1739 1015 1817 1057; x_wconf 85' lang='lat' dir='ltr'>(seu</span> <span class='ocrx_word' id='word_1_721' title='bbox 1849 1013 1923 1046; x_wconf 86' lang='lat' dir='ltr'>casu</span> 
     </span>
     <span class='ocr_line' id='line_1_98' title="bbox 1056 1055 1922 1098; baseline 0.001 -12"><span class='ocrx_word' id='word_1_722' title='bbox 1056 1056 1088 1087; x_wconf 84' lang='lat' dir='ltr'>id</span> <span class='ocrx_word' id='word_1_723' title='bbox 1105 1055 1175 1095; x_wconf 84' lang='lat' dir='ltr'>fiat,</span> <span class='ocrx_word' id='word_1_724' title='bbox 1201 1056 1254 1088; x_wconf 89' lang='lat' dir='ltr'>seu</span> <span class='ocrx_word' id='word_1_725' title='bbox 1268 1057 1306 1088; x_wconf 89' lang='lat' dir='ltr'>de</span> <span class='ocrx_word' id='word_1_726' title='bbox 1321 1058 1486 1097; x_wconf 85' lang='lat' dir='ltr'>industria,</span> <span class='ocrx_word' id='word_1_727' title='bbox 1512 1057 1773 1098; x_wconf 85' lang='lat' dir='ltr'>quemadmodum</span> <span class='ocrx_word' id='word_1_728' title='bbox 1793 1056 1922 1095; x_wconf 84' lang='lat' dir='ltr'>inillis,</span> 
     </span>
     <span class='ocr_line' id='line_1_99' title="bbox 1055 1097 1924 1139; baseline 0.002 -12"><span class='ocrx_word' id='word_1_729' title='bbox 1055 1104 1168 1128; x_wconf 87' lang='lat' dir='ltr'>contra</span> <span class='ocrx_word' id='word_1_730' title='bbox 1180 1107 1260 1139; x_wconf 90' lang='lat' dir='ltr'>quos</span> <span class='ocrx_word' id='word_1_731' title='bbox 1272 1099 1427 1132; x_wconf 86' lang='lat' dir='ltr'>declamat</span> <span class='ocrx_word' id='word_1_732' title='bbox 1434 1097 1586 1131; x_wconf 81' lang='lat' dir='ltr'>Pontifex</span> <span class='ocrx_word' id='word_1_733' title='bbox 1599 1097 1782 1130; x_wconf 83' lang='lat' dir='ltr'>Bonifacius</span> <span class='ocrx_word' id='word_1_734' title='bbox 1799 1098 1832 1130; x_wconf 89' lang='lat' dir='ltr'>in</span> <span class='ocrx_word' id='word_1_735' title='bbox 1847 1098 1879 1129; x_wconf 85' lang='lat' dir='ltr'>C.</span> <span class='ocrx_word' id='word_1_736' title='bbox 1894 1106 1924 1129; x_wconf 89' lang='lat'>1.</span> 
     </span>
     <span class='ocr_line' id='line_1_100' title="bbox 1056 1138 1924 1182; baseline 0.001 -12"><span class='ocrx_word' id='word_1_737' title='bbox 1056 1138 1196 1170; x_wconf 85' lang='lat' dir='ltr'>Extrav.</span> <span class='ocrx_word' id='word_1_738' title='bbox 1219 1141 1253 1171; x_wconf 85' lang='lat' dir='ltr'>de</span> <span class='ocrx_word' id='word_1_739' title='bbox 1275 1140 1456 1182; x_wconf 82' lang='lat' dir='ltr'>Sepultur.)</span> <span class='ocrx_word' id='word_1_740' title='bbox 1477 1147 1602 1181; x_wconf 77' lang='lat' dir='ltr'>uterque</span> <span class='ocrx_word' id='word_1_741' title='bbox 1624 1141 1740 1181; x_wconf 84' lang='lat' dir='ltr'>quidem</span> <span class='ocrx_word' id='word_1_742' title='bbox 1757 1141 1837 1172; x_wconf 87' lang='lat' dir='ltr'>locus</span> <span class='ocrx_word' id='word_1_743' title='bbox 1851 1140 1924 1171; x_wconf 83' lang='lat' dir='ltr'>reli-</span> 
     </span>
    </p>
   </div>
   <div class='ocr_carea' id='block_1_5' title="bbox 1053 1180 1960 1223">
    <p class='ocr_par' dir='ltr' id='par_1_11' title="bbox 1053 1180 1960 1223">
     <span class='ocr_line' id='line_1_101' title="bbox 1053 1180 1960 1223; baseline 0.001 -13"><span class='ocrx_word' id='word_1_744' title='bbox 1053 1180 1153 1222; x_wconf 83' lang='lat' dir='ltr'>giosus</span> <span class='ocrx_word' id='word_1_745' title='bbox 1170 1190 1226 1212; x_wconf 85' lang='lat' dir='ltr'>non</span> <span class='ocrx_word' id='word_1_746' title='bbox 1239 1180 1297 1222; x_wconf 85' lang='lat' dir='ltr'>fit,</span> <span class='ocrx_word' id='word_1_747' title='bbox 1320 1182 1350 1214; x_wconf 69' lang='grc' dir='ltr'>δε</span> <span class='ocrx_word' id='word_1_748' title='bbox 1367 1183 1489 1214; x_wconf 87' lang='lat' dir='ltr'>additur</span> <span class='ocrx_word' id='word_1_749' title='bbox 1505 1183 1605 1221; x_wconf 80' lang='lat' dir='ltr'>ratio,</span> <span class='ocrx_word' id='word_1_750' title='bbox 1630 1183 1702 1223; x_wconf 80' lang='lat' dir='ltr'>quia</span> <span class='ocrx_word' id='word_1_751' title='bbox 1717 1181 1925 1222; x_wconf 82' lang='lat' dir='ltr'>unasepultu-</span> <span class='ocrx_word' id='word_1_752' title='bbox 1957 1203 1960 1205; x_wconf 21' lang='grc' dir='ltr'><strong>Α</strong></span> 
     </span>
    </p>
   </div>
   <div class='ocr_carea' id='block_1_6' title="bbox 1056 1221 1927 1390">
    <p class='ocr_par' dir='ltr' id='par_1_12' title="bbox 1056 1221 1927 1390">
     <span class='ocr_line' id='line_1_102' title="bbox 1056 1221 1923 1265; baseline 0.002 -13"><span class='ocrx_word' id='word_1_753' title='bbox 1056 1232 1094 1253; x_wconf 84' lang='lat' dir='ltr'>ra</span> <span class='ocrx_word' id='word_1_754' title='bbox 1116 1222 1208 1261; x_wconf 80' lang='lat' dir='ltr'>plura</span> <span class='ocrx_word' id='word_1_755' title='bbox 1229 1224 1392 1264; x_wconf 79' lang='lat' dir='ltr'>sepulchra</span> <span class='ocrx_word' id='word_1_756' title='bbox 1418 1223 1530 1265; x_wconf 81' lang='lat' dir='ltr'>efficere</span> <span class='ocrx_word' id='word_1_757' title='bbox 1552 1234 1610 1255; x_wconf 82' lang='lat' dir='ltr'>non</span> <span class='ocrx_word' id='word_1_758' title='bbox 1639 1222 1746 1264; x_wconf 74' lang='lat' dir='ltr'>potest.</span> <span class='ocrx_word' id='word_1_759' title='bbox 1799 1223 1834 1255; x_wconf 91' lang='lat' dir='ltr'>Id</span> <span class='ocrx_word' id='word_1_760' title='bbox 1850 1221 1923 1263; x_wconf 89' lang='lat' dir='ltr'>est,</span> 
     </span>
     <span class='ocr_line' id='line_1_103' title="bbox 1058 1265 1925 1306; baseline 0.002 -13"><span class='ocrx_word' id='word_1_761' title='bbox 1058 1272 1155 1304; x_wconf 91' lang='lat' dir='ltr'>quum</span> <span class='ocrx_word' id='word_1_762' title='bbox 1171 1273 1251 1296; x_wconf 88' lang='lat' dir='ltr'>unus</span> <span class='ocrx_word' id='word_1_763' title='bbox 1267 1265 1365 1296; x_wconf 89' lang='lat' dir='ltr'>homo</span> <span class='ocrx_word' id='word_1_764' title='bbox 1379 1266 1544 1305; x_wconf 83' lang='lat' dir='ltr'>conditur,</span> <span class='ocrx_word' id='word_1_765' title='bbox 1570 1265 1714 1306; x_wconf 82' lang='lat' dir='ltr'>quamvis</span> <span class='ocrx_word' id='word_1_766' title='bbox 1750 1273 1783 1296; x_wconf 89' lang='lat' dir='ltr'>er</span> <span class='ocrx_word' id='word_1_767' title='bbox 1799 1271 1925 1305; x_wconf 90' lang='lat' dir='ltr'>partes,</span> 
     </span>
     <span class='ocr_line' id='line_1_104' title="bbox 1058 1273 1924 1350; baseline 0.003 -16"><span class='ocrx_word' id='word_1_768' title='bbox 1058 1313 1174 1350; x_wconf 83' lang='lat' dir='ltr'>unuin,</span> <span class='ocrx_word' id='word_1_769' title='bbox 1199 1314 1300 1346; x_wconf 89' lang='lat' dir='ltr'>neque</span> <span class='ocrx_word' id='word_1_770' title='bbox 1314 1307 1464 1348; x_wconf 85' lang='lat' dir='ltr'>amplius,</span> <span class='ocrx_word' id='word_1_771' title='bbox 1490 1306 1689 1348; x_wconf 88' lang='lat' dir='ltr'>sepulchrum</span> <span class='ocrx_word' id='word_1_772' title='bbox 1702 1273 1756 1338; x_wconf 52' lang='lat' dir='ltr'>eff.</span> <span class='ocrx_word' id='word_1_773' title='bbox 1803 1304 1924 1346; x_wconf 80' lang='lat' dir='ltr'>Grego-</span> 
     </span>
     <span class='ocr_line' id='line_1_105' title="bbox 1058 1345 1927 1390; baseline 0.002 -14"><span class='ocrx_word' id='word_1_774' title='bbox 1058 1355 1123 1376; x_wconf 86' lang='lat' dir='ltr'>rius</span> <span class='ocrx_word' id='word_1_775' title='bbox 1144 1345 1325 1378; x_wconf 87' lang='lat' dir='ltr'>Haloander</span> <span class='ocrx_word' id='word_1_776' title='bbox 1349 1349 1380 1380; x_wconf 69' lang='grc' dir='ltr'>ὃς</span> <span class='ocrx_word' id='word_1_777' title='bbox 1399 1347 1499 1389; x_wconf 85' lang='lat' dir='ltr'>Hugo</span> <span class='ocrx_word' id='word_1_778' title='bbox 1524 1358 1540 1379; x_wconf 84' lang='lat' dir='ltr'>a</span> <span class='ocrx_word' id='word_1_779' title='bbox 1564 1347 1660 1380; x_wconf 85' lang='lat' dir='ltr'>Porta</span> <span class='ocrx_word' id='word_1_780' title='bbox 1680 1348 1808 1390; x_wconf 87' lang='lat' dir='ltr'>legunt,</span> <span class='ocrx_word' id='word_1_781' title='bbox 1834 1349 1927 1379; x_wconf 81' lang='lat' dir='ltr'>unius</span> 
     </span>
    </p>
   </div>
   <div class='ocr_carea' id='block_1_7' title="bbox 1050 1386 1924 1431">
    <p class='ocr_par' dir='ltr' id='par_1_13' title="bbox 1050 1386 1924 1431">
     <span class='ocr_line' id='line_1_106' title="bbox 1050 1386 1924 1431; baseline 0.002 -13"><span class='ocrx_word' id='word_1_782' title='bbox 1050 1386 1213 1428; x_wconf 78' lang='lat' dir='ltr'>sepultura</span> <span class='ocrx_word' id='word_1_783' title='bbox 1224 1411 1233 1426; x_wconf 94' lang='lat'>,</span> <span class='ocrx_word' id='word_1_784' title='bbox 1250 1389 1355 1420; x_wconf 86' lang='lat' dir='ltr'>verbis</span> <span class='ocrx_word' id='word_1_785' title='bbox 1370 1389 1496 1431; x_wconf 88' lang='lat' dir='ltr'>quidem</span> <span class='ocrx_word' id='word_1_786' title='bbox 1511 1388 1714 1429; x_wconf 88' lang='lat' dir='ltr'>clarioribus,</span> <span class='ocrx_word' id='word_1_787' title='bbox 1739 1397 1773 1420; x_wconf 87' lang='lat' dir='ltr'>re</span> <span class='ocrx_word' id='word_1_788' title='bbox 1787 1398 1852 1420; x_wconf 91' lang='lat' dir='ltr'>non</span> <span class='ocrx_word' id='word_1_789' title='bbox 1861 1397 1924 1420; x_wconf 86' lang='lat' dir='ltr'>rne-</span> 
     </span>
    </p>
   </div>
   <div class='ocr_carea' id='block_1_8' title="bbox 1057 1428 1932 3254">
    <p class='ocr_par' dir='ltr' id='par_1_14' title="bbox 1057 1428 1932 3254">
     <span class='ocr_line' id='line_1_107' title="bbox 1057 1428 1927 1471; baseline 0.001 -10"><span class='ocrx_word' id='word_1_790' title='bbox 1057 1428 1127 1461; x_wconf 89' lang='lat' dir='ltr'>lius.</span> <span class='ocrx_word' id='word_1_791' title='bbox 1174 1429 1337 1470; x_wconf 73' lang='lat' dir='ltr'>Sepultura</span> <span class='ocrx_word' id='word_1_792' title='bbox 1355 1430 1648 1471; x_wconf 83' lang='lat' dir='ltr'>interpretationem</span> <span class='ocrx_word' id='word_1_793' title='bbox 1667 1429 1732 1463; x_wconf 88' lang='lat' dir='ltr'>fert</span> <span class='ocrx_word' id='word_1_794' title='bbox 1745 1433 1927 1469; x_wconf 75' lang='lat' dir='ltr'>cadaveris,</span> 
     </span>
     <span class='ocr_line' id='line_1_108' title="bbox 1058 1469 1928 1513; baseline 0.003 -12"><span class='ocrx_word' id='word_1_795' title='bbox 1058 1469 1143 1510; x_wconf 83' lang='lat' dir='ltr'>quasi</span> <span class='ocrx_word' id='word_1_796' title='bbox 1164 1480 1212 1503; x_wconf 89' lang='lat' dir='ltr'>res</span> <span class='ocrx_word' id='word_1_797' title='bbox 1227 1470 1419 1513; x_wconf 86' lang='lat' dir='ltr'>sepelienda,</span> <span class='ocrx_word' id='word_1_798' title='bbox 1443 1472 1694 1513; x_wconf 77' lang='lat' dir='ltr'>unafipulturo,</span> <span class='ocrx_word' id='word_1_799' title='bbox 1715 1471 1807 1504; x_wconf 90' lang='lat' dir='ltr'>unius</span> <span class='ocrx_word' id='word_1_800' title='bbox 1825 1474 1928 1511; x_wconf 70' lang='grc' dir='ltr'><strong><em>λείψα-</em></strong></span> 
     </span>
     <span class='ocr_line' id='line_1_109' title="bbox 1058 1512 1928 1561; baseline 0.003 -18"><span class='ocrx_word' id='word_1_801' title='bbox 1058 1523 1097 1542; x_wconf 76' lang='grc' dir='ltr'>να.</span> <span class='ocrx_word' id='word_1_802' title='bbox 1142 1512 1195 1544; x_wconf 89' lang='lat' dir='ltr'>Sic</span> <span class='ocrx_word' id='word_1_803' title='bbox 1210 1514 1343 1546; x_wconf 80' lang='lat' dir='ltr'>humatio</span> <span class='ocrx_word' id='word_1_804' title='bbox 1361 1514 1394 1546; x_wconf 93' lang='lat' dir='ltr'>in</span> <span class='ocrx_word' id='word_1_805' title='bbox 1412 1514 1433 1545; x_wconf 88' lang='lat' dir='ltr'>l.</span> <span class='ocrx_word' id='word_1_806' title='bbox 1450 1523 1499 1546; x_wconf 81' lang='lat'>22.</span> <span class='ocrx_word' id='word_1_807' title='bbox 1524 1513 1553 1554; x_wconf 85' lang='lat'>§.</span> <span class='ocrx_word' id='word_1_808' title='bbox 1572 1524 1601 1554; x_wconf 87' lang='lat'>4.</span> <span class='ocrx_word' id='word_1_809' title='bbox 1618 1514 1659 1556; x_wconf 89' lang='lat' dir='ltr'>ff.</span> <span class='ocrx_word' id='word_1_810' title='bbox 1703 1513 1792 1561; x_wconf 69' lang='lat' dir='ltr'>Qle</span> <span class='ocrx_word' id='word_1_811' title='bbox 1815 1515 1851 1545; x_wconf 84' lang='lat' dir='ltr'>vi</span> <span class='ocrx_word' id='word_1_812' title='bbox 1871 1519 1928 1546; x_wconf 70' lang='lat' dir='ltr'>aut</span> 
     </span>
     <span class='ocr_line' id='line_1_110' title="bbox 1060 1552 1928 1599; baseline 0.006 -16"><span class='ocrx_word' id='word_1_813' title='bbox 1060 1552 1146 1584; x_wconf 87' lang='lat' dir='ltr'>clam.</span> <span class='ocrx_word' id='word_1_814' title='bbox 1170 1564 1229 1596; x_wconf 83' lang='lat' dir='ltr'>pro</span> <span class='ocrx_word' id='word_1_815' title='bbox 1246 1554 1404 1597; x_wconf 87' lang='lat' dir='ltr'>reliquiis,</span> <span class='ocrx_word' id='word_1_816' title='bbox 1429 1565 1498 1597; x_wconf 86' lang='lat' dir='ltr'>quae</span> <span class='ocrx_word' id='word_1_817' title='bbox 1522 1555 1709 1595; x_wconf 68' lang='lat' dir='ltr'>humanm-3</span> <span class='ocrx_word' id='word_1_818' title='bbox 1724 1557 1853 1595; x_wconf 86' lang='lat' dir='ltr'>furtum</span> <span class='ocrx_word' id='word_1_819' title='bbox 1867 1556 1928 1599; x_wconf 69' lang='lat' dir='ltr'>pro</span> 
     </span>
     <span class='ocr_line' id='line_1_111' title="bbox 1060 1593 1929 1640; baseline 0.007 -15"><span class='ocrx_word' id='word_1_820' title='bbox 1060 1603 1094 1625; x_wconf 89' lang='lat' dir='ltr'>re</span> <span class='ocrx_word' id='word_1_821' title='bbox 1109 1593 1277 1628; x_wconf 79' lang='lat' dir='ltr'>furtivain</span> <span class='ocrx_word' id='word_1_822' title='bbox 1293 1597 1314 1629; x_wconf 90' lang='lat' dir='ltr'>l.</span> <span class='ocrx_word' id='word_1_823' title='bbox 1331 1600 1383 1640; x_wconf 84' lang='lat'>36.</span> <span class='ocrx_word' id='word_1_824' title='bbox 1399 1596 1440 1638; x_wconf 92' lang='lat' dir='ltr'>ff.</span> <span class='ocrx_word' id='word_1_825' title='bbox 1462 1599 1496 1630; x_wconf 86' lang='lat' dir='ltr'>de</span> <span class='ocrx_word' id='word_1_826' title='bbox 1517 1596 1650 1629; x_wconf 55' lang='lat' dir='ltr'>Condici.</span> <span class='ocrx_word' id='word_1_827' title='bbox 1676 1599 1773 1630; x_wconf 81' lang='lat' dir='ltr'>indeb.</span> <span class='ocrx_word' id='word_1_828' title='bbox 1794 1598 1877 1630; x_wconf 85' lang='lat' dir='ltr'>Puer</span> <span class='ocrx_word' id='word_1_829' title='bbox 1899 1610 1929 1632; x_wconf 83' lang='lat' dir='ltr'>e·</span> 
     </span>
     <span class='ocr_line' id='line_1_112' title="bbox 1059 1638 1926 1681; baseline 0.009 -15"><span class='ocrx_word' id='word_1_830' title='bbox 1059 1638 1140 1667; x_wconf 82' lang='lat' dir='ltr'>rium</span> <span class='ocrx_word' id='word_1_831' title='bbox 1158 1646 1218 1678; x_wconf 88' lang='lat' dir='ltr'>pro</span> <span class='ocrx_word' id='word_1_832' title='bbox 1233 1638 1385 1681; x_wconf 81' lang='lat' dir='ltr'>e0,quod</span> <span class='ocrx_word' id='word_1_833' title='bbox 1397 1639 1517 1680; x_wconf 88' lang='lat' dir='ltr'>paritur</span> <span class='ocrx_word' id='word_1_834' title='bbox 1530 1639 1561 1672; x_wconf 91' lang='lat' dir='ltr'>in</span> <span class='ocrx_word' id='word_1_835' title='bbox 1579 1640 1611 1671; x_wconf 89' lang='lat' dir='ltr'>C.</span> <span class='ocrx_word' id='word_1_836' title='bbox 1626 1649 1655 1671; x_wconf 82' lang='lat'>2.</span> <span class='ocrx_word' id='word_1_837' title='bbox 1681 1640 1768 1680; x_wconf 77' lang='lat' dir='ltr'>Cous.</span> <span class='ocrx_word' id='word_1_838' title='bbox 1779 1639 1848 1672; x_wconf 89' lang='lat' dir='ltr'>XX</span> <span class='ocrx_word' id='word_1_839' title='bbox 1886 1638 1926 1674; x_wconf 84' lang='grc' dir='ltr'>ΙΙ.</span> 
     </span>
     <span class='ocr_line' id='line_1_113' title="bbox 1060 1677 1927 1753; baseline 0.006 -43"><span class='ocrx_word' id='word_1_840' title='bbox 1060 1677 1103 1722; x_wconf 54' lang='lat' dir='ltr'>Q,</span> <span class='ocrx_word' id='word_1_841' title='bbox 1121 1687 1150 1710; x_wconf 88' lang='lat'>2.</span> <span class='ocrx_word' id='word_1_842' title='bbox 1171 1679 1276 1711; x_wconf 79' lang='lat' dir='ltr'>Exilia</span> <span class='ocrx_word' id='word_1_843' title='bbox 1281 1690 1348 1753; x_wconf 55' lang='lat' dir='ltr'>(pro</span> <span class='ocrx_word' id='word_1_844' title='bbox 1366 1679 1549 1713; x_wconf 81' lang='lat' dir='ltr'>locis‘exilii</span> <span class='ocrx_word' id='word_1_845' title='bbox 1568 1681 1649 1723; x_wconf 85' lang='lat' dir='ltr'>apud</span> <span class='ocrx_word' id='word_1_846' title='bbox 1658 1680 1806 1713; x_wconf 87' lang='lat' dir='ltr'>Curtium</span> <span class='ocrx_word' id='word_1_847' title='bbox 1819 1682 1860 1715; x_wconf 90' lang='lat' dir='ltr'>L.</span> <span class='ocrx_word' id='word_1_848' title='bbox 1869 1682 1927 1720; x_wconf 91' lang='lat' dir='ltr'>VI.</span> 
     </span>
     <span class='ocr_line' id='line_1_114' title="bbox 1062 1721 1929 1767; baseline 0.006 -15"><span class='ocrx_word' id='word_1_849' title='bbox 1062 1722 1094 1752; x_wconf 92' lang='lat' dir='ltr'>C.</span> <span class='ocrx_word' id='word_1_850' title='bbox 1111 1730 1142 1760; x_wconf 86' lang='lat'>4.</span> <span class='ocrx_word' id='word_1_851' title='bbox 1167 1721 1198 1753; x_wconf 88' lang='lat'>&amp;</span> <span class='ocrx_word' id='word_1_852' title='bbox 1220 1731 1281 1764; x_wconf 84' lang='lat' dir='ltr'>apu</span> <span class='ocrx_word' id='word_1_853' title='bbox 1322 1722 1471 1754; x_wconf 78' lang='lat' dir='ltr'>Senecam</span> <span class='ocrx_word' id='word_1_854' title='bbox 1495 1722 1592 1764; x_wconf 77' lang='lat' dir='ltr'>Epist.</span> <span class='ocrx_word' id='word_1_855' title='bbox 1609 1732 1662 1764; x_wconf 88' lang='lat'>95.</span> <span class='ocrx_word' id='word_1_856' title='bbox 1685 1725 1845 1756; x_wconf 76' lang='lat' dir='ltr'>conditura</span> <span class='ocrx_word' id='word_1_857' title='bbox 1867 1731 1929 1767; x_wconf 87' lang='lat' dir='ltr'>pro</span> 
     </span>
     <span class='ocr_line' id='line_1_115' title="bbox 1061 1762 1928 1806; baseline 0.005 -13"><span class='ocrx_word' id='word_1_858' title='bbox 1061 1772 1094 1794; x_wconf 89' lang='lat' dir='ltr'>re</span> <span class='ocrx_word' id='word_1_859' title='bbox 1109 1762 1246 1795; x_wconf 86' lang='lat' dir='ltr'>condita.</span> <span class='ocrx_word' id='word_1_860' title='bbox 1291 1763 1398 1805; x_wconf 78' lang='lat' dir='ltr'>Pergit</span> <span class='ocrx_word' id='word_1_861' title='bbox 1412 1763 1543 1796; x_wconf 87' lang='lat' dir='ltr'>Paulus:</span> <span class='ocrx_word' id='word_1_862' title='bbox 1569 1766 1642 1797; x_wconf 81' lang='lat' dir='ltr'>mihi</span> <span class='ocrx_word' id='word_1_863' title='bbox 1664 1771 1762 1797; x_wconf 85' lang='lat' dir='ltr'>autem</span> <span class='ocrx_word' id='word_1_864' title='bbox 1777 1767 1903 1798; x_wconf 79' lang='lat' dir='ltr'>videtur</span> <span class='ocrx_word' id='word_1_865' title='bbox 1915 1789 1928 1806; x_wconf 91' lang='lat'>,</span> 
     </span>
     <span class='ocr_line' id='line_1_116' title="bbox 1058 1804 1926 1849; baseline 0.006 -14"><span class='ocrx_word' id='word_1_866' title='bbox 1058 1804 1144 1836; x_wconf 86' lang='lat' dir='ltr'>illum</span> <span class='ocrx_word' id='word_1_867' title='bbox 1171 1805 1341 1846; x_wconf 82' lang='lat' dir='ltr'>religiosum</span> <span class='ocrx_word' id='word_1_868' title='bbox 1366 1805 1419 1846; x_wconf 78' lang='lat' dir='ltr'>effe</span> <span class='ocrx_word' id='word_1_869' title='bbox 1436 1829 1447 1846; x_wconf 90' lang='lat'>‚</span> <span class='ocrx_word' id='word_1_870' title='bbox 1479 1808 1548 1845; x_wconf 88' lang='lat' dir='ltr'>ubi,</span> <span class='ocrx_word' id='word_1_871' title='bbox 1575 1808 1651 1848; x_wconf 78' lang='lat' dir='ltr'>quod</span> <span class='ocrx_word' id='word_1_872' title='bbox 1674 1805 1716 1848; x_wconf 74' lang='lat' dir='ltr'>est</span> <span class='ocrx_word' id='word_1_873' title='bbox 1725 1809 1898 1849; x_wconf 80' lang='lat' dir='ltr'>principale</span> <span class='ocrx_word' id='word_1_874' title='bbox 1915 1831 1926 1846; x_wconf 94' lang='lat'>,</span> 
     </span>
     <span class='ocr_line' id='line_1_117' title="bbox 1059 1845 1930 1890; baseline 0.003 -11"><span class='ocrx_word' id='word_1_875' title='bbox 1059 1847 1212 1879; x_wconf 79' lang='lat' dir='ltr'>conditum</span> <span class='ocrx_word' id='word_1_876' title='bbox 1227 1845 1289 1888; x_wconf 72' lang='lat' dir='ltr'>esi,</span> <span class='ocrx_word' id='word_1_877' title='bbox 1311 1849 1342 1878; x_wconf 85' lang='lat' dir='ltr'>id</span> <span class='ocrx_word' id='word_1_878' title='bbox 1359 1847 1400 1888; x_wconf 75' lang='lat' dir='ltr'>est</span> <span class='ocrx_word' id='word_1_879' title='bbox 1412 1871 1422 1886; x_wconf 90' lang='lat'>‚</span> <span class='ocrx_word' id='word_1_880' title='bbox 1445 1854 1547 1890; x_wconf 82' lang='lat' dir='ltr'>caput,</span> <span class='ocrx_word' id='word_1_881' title='bbox 1558 1849 1650 1890; x_wconf 82' lang='lat' dir='ltr'>cujus</span> <span class='ocrx_word' id='word_1_882' title='bbox 1667 1850 1764 1889; x_wconf 78' lang='lat' dir='ltr'>imago</span> <span class='ocrx_word' id='word_1_883' title='bbox 1773 1847 1814 1889; x_wconf 85' lang='lat' dir='ltr'>fit</span> <span class='ocrx_word' id='word_1_884' title='bbox 1828 1874 1837 1887; x_wconf 92' lang='lat'>‚</span> <span class='ocrx_word' id='word_1_885' title='bbox 1858 1851 1930 1882; x_wconf 81' lang='lat' dir='ltr'>inde</span> 
     </span>
     <span class='ocr_line' id='line_1_118' title="bbox 1061 1887 1928 1934; baseline 0.003 -14"><span class='ocrx_word' id='word_1_886' title='bbox 1061 1888 1274 1934; x_wconf 76' lang='lat' dir='ltr'>cognoscimur.</span> <span class='ocrx_word' id='word_1_887' title='bbox 1319 1888 1399 1920; x_wconf 82' lang='lat' dir='ltr'>Haec</span> <span class='ocrx_word' id='word_1_888' title='bbox 1422 1887 1467 1920; x_wconf 88' lang='lat' dir='ltr'>est</span> <span class='ocrx_word' id='word_1_889' title='bbox 1490 1889 1578 1921; x_wconf 90' lang='lat' dir='ltr'>Libri</span> <span class='ocrx_word' id='word_1_890' title='bbox 1605 1889 1630 1921; x_wconf 83' lang='lat' dir='ltr'>F</span> <span class='ocrx_word' id='word_1_891' title='bbox 1632 1890 1783 1922; x_wconf 87' lang='lat' dir='ltr'>lorentini</span> <span class='ocrx_word' id='word_1_892' title='bbox 1807 1891 1902 1923; x_wconf 67' lang='lat' dir='ltr'>lectio</span> <span class='ocrx_word' id='word_1_893' title='bbox 1915 1915 1928 1932; x_wconf 88' lang='lat'>‚</span> 
     </span>
     <span class='ocr_line' id='line_1_119' title="bbox 1062 1929 1928 1973; baseline 0.003 -11"><span class='ocrx_word' id='word_1_894' title='bbox 1062 1929 1114 1962; x_wconf 91' lang='lat' dir='ltr'>sed</span> <span class='ocrx_word' id='word_1_895' title='bbox 1130 1940 1160 1961; x_wconf 90' lang='lat' dir='ltr'>in</span> <span class='ocrx_word' id='word_1_896' title='bbox 1176 1929 1402 1971; x_wconf 91' lang='lat' dir='ltr'>posterioribus</span> <span class='ocrx_word' id='word_1_897' title='bbox 1425 1930 1539 1963; x_wconf 86' lang='lat' dir='ltr'>vitiosa</span> <span class='ocrx_word' id='word_1_898' title='bbox 1554 1955 1563 1972; x_wconf 80' lang='lat'>‚</span> <span class='ocrx_word' id='word_1_899' title='bbox 1594 1931 1744 1973; x_wconf 83' lang='lat' dir='ltr'>quicquid</span> <span class='ocrx_word' id='word_1_900' title='bbox 1759 1933 1787 1963; x_wconf 86' lang='lat' dir='ltr'>ei</span> <span class='ocrx_word' id='word_1_901' title='bbox 1805 1932 1928 1965; x_wconf 82' lang='lat' dir='ltr'>tuendae</span> 
     </span>
     <span class='ocr_line' id='line_1_120' title="bbox 1061 1971 1930 2014; baseline 0.002 -12"><span class='ocrx_word' id='word_1_902' title='bbox 1061 1971 1178 2002; x_wconf 88' lang='lat' dir='ltr'>dixerit</span> <span class='ocrx_word' id='word_1_903' title='bbox 1202 1971 1349 2012; x_wconf 77' lang='lat' dir='ltr'>Cujacius</span> <span class='ocrx_word' id='word_1_904' title='bbox 1379 1971 1419 2002; x_wconf 72' lang='lat' dir='ltr'>L.</span> <span class='ocrx_word' id='word_1_905' title='bbox 1441 1971 1536 2005; x_wconf 85' lang='lat' dir='ltr'><strong>XXI.</strong></span> <span class='ocrx_word' id='word_1_906' title='bbox 1570 1973 1698 2014; x_wconf 63' lang='lat' dir='ltr'>Obse&#39;rv.</span> <span class='ocrx_word' id='word_1_907' title='bbox 1731 1973 1762 2004; x_wconf 91' lang='lat' dir='ltr'>C.</span> <span class='ocrx_word' id='word_1_908' title='bbox 1784 1984 1813 2014; x_wconf 82' lang='lat'>4.</span> <span class='ocrx_word' id='word_1_909' title='bbox 1837 1975 1867 2007; x_wconf 70' lang='grc' dir='ltr'>δε</span> <span class='ocrx_word' id='word_1_910' title='bbox 1891 1973 1930 2005; x_wconf 86' lang='lat' dir='ltr'>ad</span> 
     </span>
     <span class='ocr_line' id='line_1_121' title="bbox 1061 2012 1928 2057; baseline 0.003 -13"><span class='ocrx_word' id='word_1_911' title='bbox 1061 2012 1174 2044; x_wconf 86' lang='lat' dir='ltr'>L.111.</span> <span class='ocrx_word' id='word_1_912' title='bbox 1207 2012 1322 2057; x_wconf 72' lang='lat' dir='ltr'>Quaeji.</span> <span class='ocrx_word' id='word_1_913' title='bbox 1338 2012 1430 2046; x_wconf 77' lang='lat' dir='ltr'>Paul.</span> <span class='ocrx_word' id='word_1_914' title='bbox 1454 2014 1486 2047; x_wconf 88' lang='lat' dir='ltr'>in</span> <span class='ocrx_word' id='word_1_915' title='bbox 1515 2015 1544 2046; x_wconf 85' lang='lat' dir='ltr'>h.</span> <span class='ocrx_word' id='word_1_916' title='bbox 1567 2015 1589 2046; x_wconf 87' lang='lat' dir='ltr'>l.</span> <span class='ocrx_word' id='word_1_917' title='bbox 1608 2026 1659 2055; x_wconf 80' lang='lat'>44.</span> <span class='ocrx_word' id='word_1_918' title='bbox 1683 2013 1790 2047; x_wconf 90' lang='lat' dir='ltr'>Nemo</span> <span class='ocrx_word' id='word_1_919' title='bbox 1815 2015 1856 2047; x_wconf 90' lang='lat' dir='ltr'>sic</span> <span class='ocrx_word' id='word_1_920' title='bbox 1881 2015 1928 2047; x_wconf 93' lang='lat' dir='ltr'>lo-</span> 
     </span>
     <span class='ocr_line' id='line_1_122' title="bbox 1062 2053 1928 2099; baseline 0.002 -15"><span class='ocrx_word' id='word_1_921' title='bbox 1062 2053 1191 2099; x_wconf 74' lang='lat' dir='ltr'>quitur,</span> <span class='ocrx_word' id='word_1_922' title='bbox 1213 2061 1324 2095; x_wconf 80' lang='lat' dir='ltr'>caput,</span> <span class='ocrx_word' id='word_1_923' title='bbox 1345 2056 1434 2096; x_wconf 85' lang='lat' dir='ltr'>cujus</span> <span class='ocrx_word' id='word_1_924' title='bbox 1446 2057 1542 2097; x_wconf 74' lang='lat' dir='ltr'>imago</span> <span class='ocrx_word' id='word_1_925' title='bbox 1554 2055 1613 2096; x_wconf 86' lang='lat' dir='ltr'>fit,</span> <span class='ocrx_word' id='word_1_926' title='bbox 1628 2058 1695 2088; x_wconf 78' lang='lat' dir='ltr'>inde</span> <span class='ocrx_word' id='word_1_927' title='bbox 1712 2057 1928 2097; x_wconf 81' lang='lat' dir='ltr'>cognoscimur,</span> 
     </span>
     <span class='ocr_line' id='line_1_123' title="bbox 1062 2096 1929 2138; baseline 0.005 -12"><span class='ocrx_word' id='word_1_928' title='bbox 1062 2103 1190 2136; x_wconf 88' lang='lat' dir='ltr'>utique,</span> <span class='ocrx_word' id='word_1_929' title='bbox 1216 2096 1237 2128; x_wconf 88' lang='lat' dir='ltr'><strong>fi</strong></span> <span class='ocrx_word' id='word_1_930' title='bbox 1252 2097 1422 2137; x_wconf 85' lang='lat' dir='ltr'>loquatur,</span> <span class='ocrx_word' id='word_1_931' title='bbox 1447 2098 1597 2130; x_wconf 87' lang='lat' dir='ltr'>neniosic</span> <span class='ocrx_word' id='word_1_932' title='bbox 1618 2097 1816 2138; x_wconf 86' lang='lat' dir='ltr'>intelligitur.</span> <span class='ocrx_word' id='word_1_933' title='bbox 1863 2097 1929 2130; x_wconf 86' lang='lat' dir='ltr'>Ha-</span> 
     </span>
     <span class='ocr_line' id='line_1_124' title="bbox 1064 2136 1930 2181; baseline 0.003 -12"><span class='ocrx_word' id='word_1_934' title='bbox 1064 2136 1191 2169; x_wconf 76' lang='lat' dir='ltr'>loandei·</span> <span class='ocrx_word' id='word_1_935' title='bbox 1207 2137 1252 2169; x_wconf 87' lang='lat' dir='ltr'>ita</span> <span class='ocrx_word' id='word_1_936' title='bbox 1269 2137 1337 2168; x_wconf 76' lang='lat' dir='ltr'>haec</span> <span class='ocrx_word' id='word_1_937' title='bbox 1352 2138 1540 2179; x_wconf 86' lang='lat' dir='ltr'>interpolat,</span> <span class='ocrx_word' id='word_1_938' title='bbox 1564 2142 1641 2171; x_wconf 81' lang='lat' dir='ltr'>unde</span> <span class='ocrx_word' id='word_1_939' title='bbox 1663 2142 1762 2181; x_wconf 82' lang='lat' dir='ltr'>qualis</span> <span class='ocrx_word' id='word_1_940' title='bbox 1783 2141 1930 2181; x_wconf 78' lang='lat' dir='ltr'>cujusque</span> 
     </span>
     <span class='ocr_line' id='line_1_125' title="bbox 1065 2177 1930 2218; baseline 0.006 -10"><span class='ocrx_word' id='word_1_941' title='bbox 1065 2180 1161 2218; x_wconf 76' lang='lat' dir='ltr'>imago</span> <span class='ocrx_word' id='word_1_942' title='bbox 1171 2177 1234 2218; x_wconf 78' lang='lat' dir='ltr'>fit,</span> <span class='ocrx_word' id='word_1_943' title='bbox 1257 2180 1450 2218; x_wconf 74' lang='lat' dir='ltr'>cognoscitur.</span> <span class='ocrx_word' id='word_1_944' title='bbox 1505 2181 1571 2212; x_wconf 90' lang='lat' dir='ltr'>Alii</span> <span class='ocrx_word' id='word_1_945' title='bbox 1596 2181 1671 2213; x_wconf 89' lang='lat' dir='ltr'>alias</span> <span class='ocrx_word' id='word_1_946' title='bbox 1696 2181 1862 2214; x_wconf 85' lang='lat' dir='ltr'>cicatrices</span> <span class='ocrx_word' id='word_1_947' title='bbox 1884 2181 1930 2213; x_wconf 89' lang='lat' dir='ltr'>in-</span> 
     </span>
     <span class='ocr_line' id='line_1_126' title="bbox 1063 2219 1928 2264; baseline 0.006 -14"><span class='ocrx_word' id='word_1_948' title='bbox 1063 2219 1192 2251; x_wconf 87' lang='lat' dir='ltr'>ducunt.</span> <span class='ocrx_word' id='word_1_949' title='bbox 1238 2221 1323 2253; x_wconf 84' lang='lat' dir='ltr'>Mihi</span> <span class='ocrx_word' id='word_1_950' title='bbox 1340 2221 1443 2261; x_wconf 85' lang='lat' dir='ltr'>placet</span> <span class='ocrx_word' id='word_1_951' title='bbox 1459 2220 1571 2261; x_wconf 67' lang='lat' dir='ltr'>lectio,</span> <span class='ocrx_word' id='word_1_952' title='bbox 1589 2232 1681 2264; x_wconf 87' lang='lat' dir='ltr'>quain</span> <span class='ocrx_word' id='word_1_953' title='bbox 1698 2222 1850 2255; x_wconf 83' lang='lat' dir='ltr'>exhibent</span> <span class='ocrx_word' id='word_1_954' title='bbox 1859 2222 1928 2255; x_wconf 80' lang='lat' dir='ltr'>Hu-</span> 
     </span>
     <span class='ocr_line' id='line_1_127' title="bbox 1064 2260 1930 2304; baseline 0.002 -12"><span class='ocrx_word' id='word_1_955' title='bbox 1064 2270 1106 2302; x_wconf 82' lang='lat' dir='ltr'>go</span> <span class='ocrx_word' id='word_1_956' title='bbox 1129 2270 1146 2291; x_wconf 88' lang='lat' dir='ltr'>a</span> <span class='ocrx_word' id='word_1_957' title='bbox 1166 2260 1261 2293; x_wconf 85' lang='lat' dir='ltr'>Porta</span> <span class='ocrx_word' id='word_1_958' title='bbox 1275 2285 1284 2300; x_wconf 93' lang='lat'>,</span> <span class='ocrx_word' id='word_1_959' title='bbox 1323 2261 1482 2294; x_wconf 89' lang='lat' dir='ltr'>Robcrtus</span> <span class='ocrx_word' id='word_1_960' title='bbox 1512 2263 1686 2304; x_wconf 88' lang='lat' dir='ltr'>Stephanus</span> <span class='ocrx_word' id='word_1_961' title='bbox 1700 2288 1709 2303; x_wconf 94' lang='lat'>,</span> <span class='ocrx_word' id='word_1_962' title='bbox 1745 2263 1930 2296; x_wconf 89' lang='lat' dir='ltr'>Ludovicus</span> 
     </span>
     <span class='ocr_line' id='line_1_128' title="bbox 1063 2300 1930 2346; baseline 0.001 -11"><span class='ocrx_word' id='word_1_963' title='bbox 1063 2300 1331 2342; x_wconf 81' lang='lat' dir='ltr'>Blaublomniius,</span> <span class='ocrx_word' id='word_1_964' title='bbox 1363 2303 1391 2334; x_wconf 70' lang='grc' dir='ltr'>ὅ(</span> <span class='ocrx_word' id='word_1_965' title='bbox 1410 2313 1450 2334; x_wconf 75' lang='lat' dir='ltr'>ex</span> <span class='ocrx_word' id='word_1_966' title='bbox 1467 2304 1604 2346; x_wconf 87' lang='lat' dir='ltr'>antiquis</span> <span class='ocrx_word' id='word_1_967' title='bbox 1619 2305 1768 2336; x_wconf 89' lang='lat' dir='ltr'>Editores</span> <span class='ocrx_word' id='word_1_968' title='bbox 1783 2304 1854 2336; x_wconf 83' lang='lat' dir='ltr'>alii:</span> <span class='ocrx_word' id='word_1_969' title='bbox 1878 2313 1930 2335; x_wconf 82' lang='lat' dir='ltr'>cu-</span> 
     </span>
     <span class='ocr_line' id='line_1_129' title="bbox 1060 2343 1929 2389; baseline 0.003 -16"><span class='ocrx_word' id='word_1_970' title='bbox 1060 2344 1115 2386; x_wconf 82' lang='lat' dir='ltr'>jus</span> <span class='ocrx_word' id='word_1_971' title='bbox 1133 2344 1228 2385; x_wconf 82' lang='lat' dir='ltr'>imago</span> <span class='ocrx_word' id='word_1_972' title='bbox 1241 2343 1302 2384; x_wconf 87' lang='lat' dir='ltr'>fit,</span> <span class='ocrx_word' id='word_1_973' title='bbox 1325 2346 1402 2376; x_wconf 80' lang='lat' dir='ltr'>unde</span> <span class='ocrx_word' id='word_1_974' title='bbox 1416 2349 1629 2389; x_wconf 76' lang='lat' dir='ltr'>cognoscimur.</span> <span class='ocrx_word' id='word_1_975' title='bbox 1671 2345 1768 2377; x_wconf 88' lang='lat' dir='ltr'>Forte</span> <span class='ocrx_word' id='word_1_976' title='bbox 1793 2346 1824 2378; x_wconf 65' lang='grc' dir='ltr'>δε</span> <span class='ocrx_word' id='word_1_977' title='bbox 1839 2346 1929 2386; x_wconf 86' lang='lat' dir='ltr'>traje-</span> 
     </span>
     <span class='ocr_line' id='line_1_130' title="bbox 1066 2383 1931 2428; baseline 0.003 -12"><span class='ocrx_word' id='word_1_978' title='bbox 1066 2384 1114 2416; x_wconf 64' lang='lat' dir='ltr'>&amp;a</span> <span class='ocrx_word' id='word_1_979' title='bbox 1129 2383 1174 2416; x_wconf 89' lang='lat' dir='ltr'>est</span> <span class='ocrx_word' id='word_1_980' title='bbox 1189 2386 1324 2425; x_wconf 86' lang='lat' dir='ltr'>vocula,</span> <span class='ocrx_word' id='word_1_981' title='bbox 1347 2388 1424 2418; x_wconf 75' lang='lat' dir='ltr'>unde</span> <span class='ocrx_word' id='word_1_982' title='bbox 1438 2411 1448 2427; x_wconf 92' lang='lat'><em>‚</em></span> <span class='ocrx_word' id='word_1_983' title='bbox 1479 2395 1573 2428; x_wconf 89' lang='lat' dir='ltr'>atque</span> <span class='ocrx_word' id='word_1_984' title='bbox 1588 2387 1632 2418; x_wconf 88' lang='lat' dir='ltr'>ita</span> <span class='ocrx_word' id='word_1_985' title='bbox 1644 2385 1848 2419; x_wconf 86' lang='lat' dir='ltr'>restituenda:</span> <span class='ocrx_word' id='word_1_986' title='bbox 1873 2398 1931 2419; x_wconf 83' lang='lat' dir='ltr'>un-</span> 
     </span>
     <span class='ocr_line' id='line_1_131' title="bbox 1067 2426 1931 2469; baseline 0.005 -12"><span class='ocrx_word' id='word_1_987' title='bbox 1067 2429 1119 2464; x_wconf 82' lang='lat' dir='ltr'>de,</span> <span class='ocrx_word' id='word_1_988' title='bbox 1144 2428 1233 2469; x_wconf 83' lang='lat' dir='ltr'>cujus</span> <span class='ocrx_word' id='word_1_989' title='bbox 1255 2429 1350 2466; x_wconf 75' lang='lat' dir='ltr'>imago</span> <span class='ocrx_word' id='word_1_990' title='bbox 1363 2426 1427 2466; x_wconf 82' lang='lat' dir='ltr'>fit,</span> <span class='ocrx_word' id='word_1_991' title='bbox 1449 2429 1666 2468; x_wconf 68' lang='lat' dir='ltr'>cognoscimur,</span> <span class='ocrx_word' id='word_1_992' title='bbox 1696 2427 1748 2459; x_wconf 82' lang='lat' dir='ltr'>vel</span> <span class='ocrx_word' id='word_1_993' title='bbox 1771 2427 1857 2460; x_wconf 89' lang='lat' dir='ltr'>forte</span> <span class='ocrx_word' id='word_1_994' title='bbox 1884 2439 1931 2461; x_wconf 89' lang='lat' dir='ltr'>co·</span> 
     </span>
     <span class='ocr_line' id='line_1_132' title="bbox 1064 2467 1932 2512; baseline 0.003 -13"><span class='ocrx_word' id='word_1_995' title='bbox 1064 2468 1220 2509; x_wconf 83' lang='lat' dir='ltr'>gnoscitur</span> <span class='ocrx_word' id='word_1_996' title='bbox 1232 2491 1242 2507; x_wconf 92' lang='lat'>‚</span> <span class='ocrx_word' id='word_1_997' title='bbox 1264 2467 1351 2500; x_wconf 88' lang='lat' dir='ltr'>sensu</span> <span class='ocrx_word' id='word_1_998' title='bbox 1365 2469 1459 2510; x_wconf 90' lang='lat' dir='ltr'>plano</span> <span class='ocrx_word' id='word_1_999' title='bbox 1475 2469 1642 2510; x_wconf 90' lang='lat' dir='ltr'>plenoque.</span> <span class='ocrx_word' id='word_1_1000' title='bbox 1693 2468 1798 2511; x_wconf 87' lang='lat' dir='ltr'>Caput</span> <span class='ocrx_word' id='word_1_1001' title='bbox 1819 2479 1932 2512; x_wconf 85' lang='lat' dir='ltr'>nempe</span> 
     </span>
     <span class='ocr_line' id='line_1_133' title="bbox 1066 2508 1930 2551; baseline 0.003 -10"><span class='ocrx_word' id='word_1_1002' title='bbox 1066 2508 1111 2541; x_wconf 89' lang='lat' dir='ltr'>est</span> <span class='ocrx_word' id='word_1_1003' title='bbox 1127 2519 1195 2550; x_wconf 89' lang='lat' dir='ltr'>pars</span> <span class='ocrx_word' id='word_1_1004' title='bbox 1211 2510 1385 2551; x_wconf 68' lang='lat' dir='ltr'>praecipua,</span> <span class='ocrx_word' id='word_1_1005' title='bbox 1412 2510 1527 2551; x_wconf 88' lang='lat' dir='ltr'>quippe</span> <span class='ocrx_word' id='word_1_1006' title='bbox 1543 2510 1628 2551; x_wconf 89' lang='lat' dir='ltr'>quod</span> <span class='ocrx_word' id='word_1_1007' title='bbox 1645 2510 1810 2551; x_wconf 84' lang='lat' dir='ltr'>imaginem</span> <span class='ocrx_word' id='word_1_1008' title='bbox 1827 2512 1930 2544; x_wconf 85' lang='lat' dir='ltr'>conti-</span> 
     </span>
     <span class='ocr_line' id='line_1_134' title="bbox 1068 2549 1929 2599; baseline 0.003 -17"><span class='ocrx_word' id='word_1_1009' title='bbox 1068 2558 1139 2582; x_wconf 88' lang='lat' dir='ltr'>neat</span> <span class='ocrx_word' id='word_1_1010' title='bbox 1167 2551 1186 2582; x_wconf 88' lang='lat' dir='ltr'>i.</span> <span class='ocrx_word' id='word_1_1011' title='bbox 1210 2559 1235 2582; x_wconf 90' lang='lat' dir='ltr'>c.</span> <span class='ocrx_word' id='word_1_1012' title='bbox 1262 2550 1355 2582; x_wconf 84' lang='lat' dir='ltr'>habet</span> <span class='ocrx_word' id='word_1_1013' title='bbox 1375 2549 1505 2590; x_wconf 78' lang='lat' dir='ltr'>faciem,</span> <span class='ocrx_word' id='word_1_1014' title='bbox 1537 2551 1681 2591; x_wconf 90' lang='lat' dir='ltr'>vultum,</span> <span class='ocrx_word' id='word_1_1015' title='bbox 1714 2551 1796 2588; x_wconf 88' lang='lat' dir='ltr'>unde</span> <span class='ocrx_word' id='word_1_1016' title='bbox 1812 2562 1929 2599; x_wconf 82' lang='lat' dir='ltr'>cognu-</span> 
     </span>
     <span class='ocr_line' id='line_1_135' title="bbox 1068 2591 1930 2633; baseline 0.002 -9"><span class='ocrx_word' id='word_1_1017' title='bbox 1068 2591 1201 2632; x_wconf 89' lang='lat' dir='ltr'>scimur,</span> <span class='ocrx_word' id='word_1_1018' title='bbox 1227 2592 1278 2623; x_wconf 89' lang='lat' dir='ltr'>vel</span> <span class='ocrx_word' id='word_1_1019' title='bbox 1296 2601 1335 2622; x_wconf 88' lang='lat' dir='ltr'>ex</span> <span class='ocrx_word' id='word_1_1020' title='bbox 1376 2601 1416 2623; x_wconf 89' lang='lat' dir='ltr'>uo</span> <span class='ocrx_word' id='word_1_1021' title='bbox 1430 2602 1470 2624; x_wconf 87' lang='lat' dir='ltr'>co</span> <span class='ocrx_word' id='word_1_1022' title='bbox 1480 2591 1671 2632; x_wconf 75' lang='lat' dir='ltr'>rnoscimus,</span> <span class='ocrx_word' id='word_1_1023' title='bbox 1696 2593 1785 2633; x_wconf 85' lang='lat' dir='ltr'>cujus</span> <span class='ocrx_word' id='word_1_1024' title='bbox 1800 2593 1837 2626; x_wconf 91' lang='lat' dir='ltr'>fit</span> <span class='ocrx_word' id='word_1_1025' title='bbox 1855 2603 1930 2626; x_wconf 87' lang='lat' dir='ltr'>inia-</span> 
     </span>
     <span class='ocr_line' id='line_1_136' title="bbox 1068 2602 1930 2675; baseline 0.003 -11"><span class='ocrx_word' id='word_1_1026' title='bbox 1068 2642 1110 2675; x_wconf 83' lang='lat' dir='ltr'>go</span> <span class='ocrx_word' id='word_1_1027' title='bbox 1132 2633 1162 2665; x_wconf 73' lang='grc' dir='ltr'>ἅ</span> <span class='ocrx_word' id='word_1_1028' title='bbox 1186 2633 1304 2665; x_wconf 84' lang='lat' dir='ltr'>vultus.</span> <span class='ocrx_word' id='word_1_1029' title='bbox 1348 2602 1454 2674; x_wconf 49' lang='lat' dir='ltr'>litque</span> <span class='ocrx_word' id='word_1_1030' title='bbox 1488 2634 1551 2665; x_wconf 69' lang='lat' dir='ltr'>rinc</span> <span class='ocrx_word' id='word_1_1031' title='bbox 1574 2634 1729 2675; x_wconf 81' lang='lat' dir='ltr'>potissiina</span> <span class='ocrx_word' id='word_1_1032' title='bbox 1769 2644 1816 2667; x_wconf 87' lang='lat' dir='ltr'>ars</span> <span class='ocrx_word' id='word_1_1033' title='bbox 1830 2635 1930 2667; x_wconf 88' lang='lat' dir='ltr'>homi-</span> 
     </span>
     <span class='ocr_line' id='line_1_137' title="bbox 1067 2674 1932 2718; baseline 0.002 -13"><span class='ocrx_word' id='word_1_1034' title='bbox 1067 2674 1135 2714; x_wconf 80' lang='lat' dir='ltr'>nis,</span> <span class='ocrx_word' id='word_1_1035' title='bbox 1160 2683 1228 2715; x_wconf 85' lang='lat' dir='ltr'>quae</span> <span class='ocrx_word' id='word_1_1036' title='bbox 1244 2682 1279 2705; x_wconf 89' lang='lat' dir='ltr'>ut</span> <span class='ocrx_word' id='word_1_1037' title='bbox 1293 2683 1310 2706; x_wconf 89' lang='lat' dir='ltr'>a</span> <span class='ocrx_word' id='word_1_1038' title='bbox 1323 2674 1446 2715; x_wconf 85' lang='lat' dir='ltr'>reliquo</span> <span class='ocrx_word' id='word_1_1039' title='bbox 1468 2682 1580 2706; x_wconf 88' lang='lat' dir='ltr'>trunco</span> <span class='ocrx_word' id='word_1_1040' title='bbox 1603 2675 1742 2718; x_wconf 83' lang='lat' dir='ltr'>magnitu</span> <span class='ocrx_word' id='word_1_1041' title='bbox 1765 2675 1815 2707; x_wconf 90' lang='lat' dir='ltr'>ine</span> <span class='ocrx_word' id='word_1_1042' title='bbox 1830 2675 1932 2708; x_wconf 69' lang='lat' dir='ltr'>vinci-</span> 
     </span>
     <span class='ocr_line' id='line_1_138' title="bbox 1069 2714 1931 2757; baseline 0.002 -11"><span class='ocrx_word' id='word_1_1043' title='bbox 1069 2723 1138 2754; x_wconf 90' lang='lat' dir='ltr'>tur,</span> <span class='ocrx_word' id='word_1_1044' title='bbox 1171 2715 1211 2747; x_wconf 88' lang='lat' dir='ltr'>sic</span> <span class='ocrx_word' id='word_1_1045' title='bbox 1231 2714 1383 2757; x_wconf 84' lang='lat' dir='ltr'>dignitate</span> <span class='ocrx_word' id='word_1_1046' title='bbox 1405 2716 1516 2748; x_wconf 88' lang='lat' dir='ltr'>vincit.</span> <span class='ocrx_word' id='word_1_1047' title='bbox 1563 2715 1697 2756; x_wconf 65' lang='lat' dir='ltr'>Elegans</span> <span class='ocrx_word' id='word_1_1048' title='bbox 1719 2717 1752 2748; x_wconf 91' lang='lat' dir='ltr'>in</span> <span class='ocrx_word' id='word_1_1049' title='bbox 1773 2715 1931 2748; x_wconf 73' lang='lat' dir='ltr'>banci-em</span> 
     </span>
     <span class='ocr_line' id='line_1_139' title="bbox 1067 2755 1932 2790; baseline 0.001 -3"><span class='ocrx_word' id='word_1_1050' title='bbox 1067 2755 1113 2788; x_wconf 88' lang='lat' dir='ltr'>est</span> <span class='ocrx_word' id='word_1_1051' title='bbox 1133 2756 1266 2788; x_wconf 88' lang='lat' dir='ltr'>Achillis</span> <span class='ocrx_word' id='word_1_1052' title='bbox 1286 2756 1374 2788; x_wconf 83' lang='lat' dir='ltr'>Tatii</span> <span class='ocrx_word' id='word_1_1053' title='bbox 1395 2756 1484 2788; x_wconf 83' lang='lat' dir='ltr'>locus</span> <span class='ocrx_word' id='word_1_1054' title='bbox 1500 2767 1540 2788; x_wconf 84' lang='lat' dir='ltr'>ex</span> <span class='ocrx_word' id='word_1_1055' title='bbox 1557 2758 1607 2789; x_wconf 78' lang='lat' dir='ltr'>lib.</span> <span class='ocrx_word' id='word_1_1056' title='bbox 1627 2757 1664 2789; x_wconf 91' lang='lat' dir='ltr'>V.</span> <span class='ocrx_word' id='word_1_1057' title='bbox 1691 2759 1724 2789; x_wconf 85' lang='lat' dir='ltr'>de</span> <span class='ocrx_word' id='word_1_1058' title='bbox 1741 2757 1846 2790; x_wconf 86' lang='lat' dir='ltr'>Amor.</span> <span class='ocrx_word' id='word_1_1059' title='bbox 1870 2758 1932 2789; x_wconf 77' lang='lat' dir='ltr'>Cli-</span> 
     </span>
     <span class='ocr_line' id='line_1_140' title="bbox 1069 2797 1932 2840; baseline 0.002 -11"><span class='ocrx_word' id='word_1_1060' title='bbox 1069 2799 1147 2838; x_wconf 87' lang='lat' dir='ltr'>topb.</span> <span class='ocrx_word' id='word_1_1061' title='bbox 1173 2797 1208 2832; x_wconf 74' lang='lat'>&amp;³</span> <span class='ocrx_word' id='word_1_1062' title='bbox 1231 2798 1373 2838; x_wconf 83' lang='lat' dir='ltr'>Leucipp.</span> <span class='ocrx_word' id='word_1_1063' title='bbox 1393 2805 1423 2839; x_wconf 90' lang='lat' dir='ltr'>p.</span> <span class='ocrx_word' id='word_1_1064' title='bbox 1441 2809 1478 2829; x_wconf 89' lang='lat' dir='ltr'>m.</span> <span class='ocrx_word' id='word_1_1065' title='bbox 1513 2802 1584 2830; x_wconf 88' lang='lat'>116.</span> <span class='ocrx_word' id='word_1_1066' title='bbox 1613 2799 1647 2831; x_wconf 88' lang='lat' dir='ltr'>B.</span> <span class='ocrx_word' id='word_1_1067' title='bbox 1674 2799 1726 2830; x_wconf 88' lang='lat' dir='ltr'>ubi</span> <span class='ocrx_word' id='word_1_1068' title='bbox 1754 2798 1932 2840; x_wconf 84' lang='lat' dir='ltr'>Clitophon</span> 
     </span>
     <span class='ocr_line' id='line_1_141' title="bbox 1069 2838 1930 2882; baseline 0.001 -11"><span class='ocrx_word' id='word_1_1069' title='bbox 1069 2838 1264 2880; x_wconf 84' lang='lat' dir='ltr'>Leucippes,</span> <span class='ocrx_word' id='word_1_1070' title='bbox 1298 2847 1333 2870; x_wconf 90' lang='lat' dir='ltr'>ut</span> <span class='ocrx_word' id='word_1_1071' title='bbox 1348 2839 1478 2880; x_wconf 87' lang='lat' dir='ltr'>putabat</span> <span class='ocrx_word' id='word_1_1072' title='bbox 1495 2847 1641 2872; x_wconf 86' lang='lat' dir='ltr'>truncum</span> <span class='ocrx_word' id='word_1_1073' title='bbox 1664 2848 1779 2881; x_wconf 87' lang='lat' dir='ltr'>corpus</span> <span class='ocrx_word' id='word_1_1074' title='bbox 1794 2839 1930 2882; x_wconf 79' lang='lat' dir='ltr'>sepultu-</span> 
     </span>
     <span class='ocr_line' id='line_1_142' title="bbox 1068 2880 1932 2921; baseline 0.001 -11"><span class='ocrx_word' id='word_1_1075' title='bbox 1068 2890 1138 2919; x_wconf 85' lang='lat' dir='ltr'>rus,</span> <span class='ocrx_word' id='word_1_1076' title='bbox 1163 2880 1208 2912; x_wconf 75' lang='lat' dir='ltr'>ita</span> <span class='ocrx_word' id='word_1_1077' title='bbox 1224 2880 1407 2921; x_wconf 72' lang='lat' dir='ltr'>quiritatus:</span> <span class='ocrx_word' id='word_1_1078' title='bbox 1432 2886 1467 2911; x_wconf 72' lang='grc' dir='ltr'>Τὸ</span> <span class='ocrx_word' id='word_1_1079' title='bbox 1492 2881 1535 2913; x_wconf 70' lang='grc' dir='ltr'>μὲν</span> <span class='ocrx_word' id='word_1_1080' title='bbox 1557 2882 1679 2917; x_wconf 55' lang='grc' dir='ltr'>λείψανον</span> <span class='ocrx_word' id='word_1_1081' title='bbox 1703 2887 1757 2917; x_wconf 75' lang='grc' dir='ltr'>’ἔχω</span> <span class='ocrx_word' id='word_1_1082' title='bbox 1779 2895 1813 2912; x_wconf 65' lang='grc' dir='ltr'>συ</span> <span class='ocrx_word' id='word_1_1083' title='bbox 1832 2885 1864 2911; x_wconf 66' lang='grc' dir='ltr'>-ιὲ</span> <span class='ocrx_word' id='word_1_1084' title='bbox 1878 2881 1932 2913; x_wconf 60' lang='grc' dir='ltr'><em>σθ’-</em></span> 
     </span>
     <span class='ocr_line' id='line_1_143' title="bbox 1068 2922 1932 2960; baseline 0.001 -10"><span class='ocrx_word' id='word_1_1085' title='bbox 1068 2935 1165 2960; x_wconf 54' lang='lat' dir='ltr'>pota-oc,</span> <span class='ocrx_word' id='word_1_1086' title='bbox 1191 2922 1350 2952; x_wconf 59' lang='grc' dir='ltr'>ἀπιλῶλεκιι</span> <span class='ocrx_word' id='word_1_1087' title='bbox 1366 2922 1392 2950; x_wconf 80' lang='grc' dir='ltr'>δὲ</span> <span class='ocrx_word' id='word_1_1088' title='bbox 1412 2935 1445 2953; x_wconf 86' lang='grc' dir='ltr'>σι,</span> <span class='ocrx_word' id='word_1_1089' title='bbox 1469 2924 1505 2952; x_wconf 69' lang='grc' dir='ltr'>ἐκ</span> <span class='ocrx_word' id='word_1_1090' title='bbox 1527 2923 1565 2954; x_wconf 68' lang='grc' dir='ltr'>ἴση</span> <span class='ocrx_word' id='word_1_1091' title='bbox 1582 2925 1625 2954; x_wconf 76' lang='grc' dir='ltr'>τῖς</span> <span class='ocrx_word' id='word_1_1092' title='bbox 1649 2923 1784 2956; x_wconf 61' lang='grc' dir='ltr'>θαλέτῖης</span> <span class='ocrx_word' id='word_1_1093' title='bbox 1804 2922 1864 2959; x_wconf 67' lang='grc' dir='ltr'>πρὶς</span> <span class='ocrx_word' id='word_1_1094' title='bbox 1888 2922 1932 2955; x_wconf 66' lang='lat' dir='ltr'>*tir</span> 
     </span>
     <span class='ocr_line' id='line_1_144' title="bbox 1069 2962 1932 3002; baseline 0 -10"><span class='ocrx_word' id='word_1_1095' title='bbox 1069 2966 1113 2997; x_wconf 63' lang='grc' dir='ltr'>’γὲν</span> <span class='ocrx_word' id='word_1_1096' title='bbox 1128 2963 1142 2992; x_wconf 70' lang='grc' dir='ltr'>κ’</span> <span class='ocrx_word' id='word_1_1097' title='bbox 1159 2962 1229 2998; x_wconf 57' lang='lat' dir='ltr'>uos-ch.</span> <span class='ocrx_word' id='word_1_1098' title='bbox 1254 2962 1337 2999; x_wconf 61' lang='grc' dir='ltr'><strong><em>μικρὸν</em></strong></span> <span class='ocrx_word' id='word_1_1099' title='bbox 1350 2963 1394 2996; x_wconf 76' lang='grc' dir='ltr'>μοι’</span> <span class='ocrx_word' id='word_1_1100' title='bbox 1406 2976 1438 2992; x_wconf 67' lang='grc' dir='ltr'>σε</span> <span class='ocrx_word' id='word_1_1101' title='bbox 1451 2964 1523 3002; x_wconf 73' lang='grc' dir='ltr'><strong><em>μέρος</em></strong></span> <span class='ocrx_word' id='word_1_1102' title='bbox 1539 2964 1745 3000; x_wconf 48' lang='lat' dir='ltr'>anamahtim-7⁴&amp;</span> <span class='ocrx_word' id='word_1_1103' title='bbox 1769 2965 1795 2994; x_wconf 58' lang='grc' dir='ltr'>ἄν</span> <span class='ocrx_word' id='word_1_1104' title='bbox 1815 2965 1881 2998; x_wconf 66' lang='grc' dir='ltr'>ῧψιι</span> <span class='ocrx_word' id='word_1_1105' title='bbox 1896 2967 1932 2997; x_wconf 62' lang='grc' dir='ltr'><strong>τέ</strong></span> 
     </span>
     <span class='ocr_line' id='line_1_145' title="bbox 1068 3003 1931 3045; baseline 0.007 -14"><span class='ocrx_word' id='word_1_1106' title='bbox 1068 3004 1210 3042; x_wconf 50' lang='grc' dir='ltr'>μιίζωΘε,</span> <span class='ocrx_word' id='word_1_1107' title='bbox 1234 3004 1297 3034; x_wconf 61' lang='grc' dir='ltr'>αὑτὴ</span> <span class='ocrx_word' id='word_1_1108' title='bbox 1311 3003 1337 3032; x_wconf 73' lang='grc' dir='ltr'>δὲ</span> <span class='ocrx_word' id='word_1_1109' title='bbox 1354 3005 1437 3040; x_wconf 56' lang='lat' dir='ltr'>&amp;alvo-r</span> <span class='ocrx_word' id='word_1_1110' title='bbox 1452 3005 1479 3033; x_wconf 64' lang='lat' dir='ltr'>w*</span> <span class='ocrx_word' id='word_1_1111' title='bbox 1500 3008 1556 3033; x_wconf 68' lang='grc' dir='ltr'>πεῖν</span> <span class='ocrx_word' id='word_1_1112' title='bbox 1572 3017 1605 3034; x_wconf 69' lang='grc' dir='ltr'>σει</span> <span class='ocrx_word' id='word_1_1113' title='bbox 1622 3011 1718 3044; x_wconf 71' lang='grc' dir='ltr'>κρκπῖ.</span> <span class='ocrx_word' id='word_1_1114' title='bbox 1749 3005 1801 3039; x_wconf 76' lang='lat' dir='ltr'>Sic</span> <span class='ocrx_word' id='word_1_1115' title='bbox 1817 3014 1931 3045; x_wconf 77' lang='lat' dir='ltr'>verto,</span> 
     </span>
     <span class='ocr_line' id='line_1_146' title="bbox 1069 3044 1930 3119; baseline 0.002 -42"><span class='ocrx_word' id='word_1_1116' title='bbox 1069 3044 1134 3086; x_wconf 66' lang='lat' dir='ltr'>Ego</span> <span class='ocrx_word' id='word_1_1117' title='bbox 1155 3046 1270 3085; x_wconf 80' lang='lat' dir='ltr'>quidem</span> <span class='ocrx_word' id='word_1_1118' title='bbox 1290 3045 1434 3119; x_wconf 52' lang='lat' dir='ltr'>reliquias</span> <span class='ocrx_word' id='word_1_1119' title='bbox 1455 3047 1584 3087; x_wconf 82' lang='lat' dir='ltr'>corporis</span> <span class='ocrx_word' id='word_1_1120' title='bbox 1609 3048 1657 3078; x_wconf 86' lang='lat' dir='ltr'>tui</span> <span class='ocrx_word' id='word_1_1121' title='bbox 1679 3048 1782 3086; x_wconf 75' lang='lat' dir='ltr'>habeo,</span> <span class='ocrx_word' id='word_1_1122' title='bbox 1813 3054 1840 3079; x_wconf 79' lang='lat' dir='ltr'>te</span> <span class='ocrx_word' id='word_1_1123' title='bbox 1858 3057 1930 3079; x_wconf 85' lang='lat' dir='ltr'>vero</span> 
     </span>
     <span class='ocr_line' id='line_1_147' title="bbox 1066 3086 1929 3129; baseline 0.005 -13"><span class='ocrx_word' id='word_1_1124' title='bbox 1066 3087 1195 3128; x_wconf 81' lang='lat' dir='ltr'>perdidi.</span> <span class='ocrx_word' id='word_1_1125' title='bbox 1239 3087 1311 3118; x_wconf 87' lang='lat' dir='ltr'>Non</span> <span class='ocrx_word' id='word_1_1126' title='bbox 1329 3088 1358 3128; x_wconf 79' lang='grc' dir='ltr'>ε]</span> <span class='ocrx_word' id='word_1_1127' title='bbox 1392 3089 1484 3119; x_wconf 81' lang='lat' dir='ltr'>moris</span> <span class='ocrx_word' id='word_1_1128' title='bbox 1501 3086 1623 3129; x_wconf 66' lang='lat' dir='ltr'>poffeffio</span> <span class='ocrx_word' id='word_1_1129' title='bbox 1645 3090 1762 3128; x_wconf 83' lang='lat' dir='ltr'>eadem,</span> <span class='ocrx_word' id='word_1_1130' title='bbox 1791 3099 1854 3129; x_wconf 82' lang='lat' dir='ltr'>quae</span> <span class='ocrx_word' id='word_1_1131' title='bbox 1869 3095 1929 3121; x_wconf 86' lang='lat' dir='ltr'>ter·</span> 
     </span>
     <span class='ocr_line' id='line_1_148' title="bbox 1069 3129 1929 3172; baseline 0.003 -14"><span class='ocrx_word' id='word_1_1132' title='bbox 1069 3137 1130 3159; x_wconf 83' lang='lat' dir='ltr'>rae:</span> <span class='ocrx_word' id='word_1_1133' title='bbox 1162 3129 1274 3169; x_wconf 82' lang='lat' dir='ltr'>exiguo</span> <span class='ocrx_word' id='word_1_1134' title='bbox 1294 3134 1367 3168; x_wconf 77' lang='lat' dir='ltr'>pars</span> <span class='ocrx_word' id='word_1_1135' title='bbox 1391 3130 1438 3160; x_wconf 86' lang='lat' dir='ltr'>tui</span> <span class='ocrx_word' id='word_1_1136' title='bbox 1457 3131 1530 3161; x_wconf 76' lang='lat' dir='ltr'>mibi</span> <span class='ocrx_word' id='word_1_1137' title='bbox 1552 3132 1669 3172; x_wconf 77' lang='lat' dir='ltr'>reliquo</span> <span class='ocrx_word' id='word_1_1138' title='bbox 1691 3129 1733 3171; x_wconf 78' lang='lat' dir='ltr'>eft</span> <span class='ocrx_word' id='word_1_1139' title='bbox 1751 3130 1811 3171; x_wconf 83' lang='lat' dir='ltr'>sub</span> <span class='ocrx_word' id='word_1_1140' title='bbox 1829 3130 1929 3171; x_wconf 78' lang='lat' dir='ltr'>specie</span> 
     </span>
     <span class='ocr_line' id='line_1_149' title="bbox 1068 3169 1930 3213; baseline 0.003 -14"><span class='ocrx_word' id='word_1_1141' title='bbox 1068 3169 1208 3208; x_wconf 77' lang='lat' dir='ltr'>maioris,</span> <span class='ocrx_word' id='word_1_1142' title='bbox 1232 3171 1326 3209; x_wconf 76' lang='lat' dir='ltr'>ipsum</span> <span class='ocrx_word' id='word_1_1143' title='bbox 1341 3180 1412 3202; x_wconf 87' lang='lat' dir='ltr'>vero</span> <span class='ocrx_word' id='word_1_1144' title='bbox 1434 3169 1570 3213; x_wconf 80' lang='lat' dir='ltr'>(mare)</span> <span class='ocrx_word' id='word_1_1145' title='bbox 1585 3171 1644 3211; x_wconf 87' lang='lat' dir='ltr'>sub</span> <span class='ocrx_word' id='word_1_1146' title='bbox 1659 3173 1782 3203; x_wconf 83' lang='lat' dir='ltr'>minima</span> <span class='ocrx_word' id='word_1_1147' title='bbox 1795 3179 1823 3204; x_wconf 82' lang='lat' dir='ltr'>te</span> <span class='ocrx_word' id='word_1_1148' title='bbox 1837 3178 1930 3203; x_wconf 77' lang='lat' dir='ltr'>totam</span> 
     </span>
     <span class='ocr_line' id='line_1_150' title="bbox 1067 3210 1927 3254; baseline -0.001 -10"><span class='ocrx_word' id='word_1_1149' title='bbox 1067 3211 1163 3244; x_wconf 71' lang='lat' dir='ltr'>hahet.</span> <span class='ocrx_word' id='word_1_1150' title='bbox 1209 3210 1284 3246; x_wconf 82' lang='lat' dir='ltr'>Erat</span> <span class='ocrx_word' id='word_1_1151' title='bbox 1301 3220 1405 3247; x_wconf 82' lang='lat' dir='ltr'>autem</span> <span class='ocrx_word' id='word_1_1152' title='bbox 1420 3211 1506 3250; x_wconf 74' lang='lat' dir='ltr'>iilius</span> <span class='ocrx_word' id='word_1_1153' title='bbox 1521 3212 1634 3247; x_wconf 42' lang='lat' dir='ltr'>naeniae*</span> <span class='ocrx_word' id='word_1_1154' title='bbox 1647 3213 1749 3252; x_wconf 83' lang='lat' dir='ltr'>rati0,</span> <span class='ocrx_word' id='word_1_1155' title='bbox 1775 3211 1927 3254; x_wconf 74' lang='lat' dir='ltr'>quod‘sibi</span> 
     </span>
    </p>
   </div>
   <div class='ocr_carea' id='block_1_9' title="bbox 1859 3261 1926 3294">
    <p class='ocr_par' dir='ltr' id='par_1_15' title="bbox 1859 3261 1926 3294">
     <span class='ocr_line' id='line_1_151' title="bbox 1859 3261 1926 3294; baseline -0.015 -10"><span class='ocrx_word' id='word_1_1156' title='bbox 1859 3261 1926 3294; x_wconf 80' lang='lat' dir='ltr'>pcr-</span> 
     </span>
    </p>
   </div>
  </div>
 </body>
</html>
