2008 3436
182 113 251 139 112
426 105 826 145 COR'NELII
900 121 1011 147 vau

179 181 250 221 heic
268 181 352 214 recte
368 182 519 225 subfistit3
543 187 626 219 recte
641 189 755 229 etiam,
777 189 798 222 fi
815 189 983 231 separatam
993 200 1044 222 ve-

179 221 240 260 lis,
263 230 370 256 utrum
388 226 476 258 libet.

224 263 303 295 Fere
320 265 485 299 omiseram
501 268 563 300 ess'e
573 291 584 308 ,
603 270 656 311 qui
672 271 768 312 legit:
791 273 803 300 ἐ
821 271 835 309 5¹
857 273 927 308 νέμος
941 276 981 305 τῆς
998 275 1043 305 9η-

180 303 275 336 >laicam
291 310 336 334 πῖ,
353 308 468 346 'Postu-m,
493 314 530 345 τῷ
547 310 610 347 νὲμῳ
635 316 751 349 κρινέσθω
767 317 804 348 τῷ
820 318 931 350 ναυτικῷ
943 338 952 351 ,
978 315 1046 346 Lex

182 351 280 377 autem
294 349 383 379 maris
398 348 438 390 eft
465 351 661 391 Rhodiorum,
685 353 747 395 lege
773 357 893 386 nautica
912 367 956 387 res
964 357 1044 398 judi-

182 393 282 425 cetur,
304 389 473 423 verborum
491 401 554 423 non
572 394 769 433 mutatione,
792 394 843 426 sed
863 397 1045 437 trajettione

184 435 317 461 tantum.
362 431 394 463 Si
419 433 464 463 ita
490 431 639 474 scriptum
664 435 759 475 ess'et,
785 445 844 477 ego
862 447 925 469 non
945 446 1043 469 muta-

184 478 270 506 1·em‚·
292 480 388 511 quum
403 482 467 504 non
486 473 539 512 fit,
564 483 627 506 non
643 475 705 514 est,
728 486 784 508 cur
803 486 976 509 mutemus:
995 488 1045 509 ne-

184 519 246 549 que
260 513 361 552 enlm,
384 514 404 545 si
423 514 491 545 haec
509 515 660 555 trajicias,
683 516 786 549 sensus
803 519 1047 560 redditurplani-

184 560 221 582 or
237 552 267 584 δε
286 554 451 586 rotundior
466 564 505 586 eo
513 577 524 594 ,
536 564 627 596 quem
643 559 737 590 variis
752 559 853 590 modis
861 560 922 600 jam
936 570 1046 602 reprae-

185 590 385 628 sentavimuS.

226 633 273 665 Ita
295 635 463 675 aliquando
491 637 584 669 finem
601 637 807 680 scriptionum
827 642 1050 684 fiffionumque

183 674 222 705 de
240 675 287 706 his
304 676 406 708 verbis
422 679 557 718 reperire
573 679 651 711 licet
663 703 673 717 ,
697 683 851 714 variarum
870 684 1050 725 interpreta-

184 716 329 753 tionum,
354 727 424 756 quae
449 719 488 749 de
504 719 542 751 iis
566 720 852 763 circumferuntur,
879 735 940 756 non
962 726 1049 757 licet.

186 755 317 797 Aliquas
333 767 561 791 commemorat
576 761 639 801 Jac.
651 761 871 797 Gothofredus
887 766 955 806 Cap.
970 765 1049 797 XIII

186 796 223 827 ad
242 797 269 828 b.
291 798 312 829 l.
336 808 397 830 non
417 808 519 832 tamen
550 811 669 834 omnes.
715 805 829 837 Earum
847 815 951 838 autem
973 816 1049 838 uon-

187 839 308 877 nullas,
332 841 407 880 quin
433 842 463 873 dc
488 842 581 881 alias,
607 853 682 884 quas
705 855 767 877 non
785 847 950 887 recenseo,
974 847 1050 879 ferri

186 879 272 919 poffe
289 890 351 912 non
367 881 411 913 est
430 890 464 913 ut
480 885 583 925 negari
600 885 720 918 debeat.
757 887 891 920 Cunttas
907 889 1051 930 equidem

186 919 311 952 damnat
331 921 570 963 Gothofredus,
591 925 640 957 sed
656 926 728 958 ideo
752 929 945 969 praesertim,
969 930 1054 971 quod

187 961 377 1003 verficulum,
402 966 413 993 ὲ
432 965 533 1005 fif-3140<
549 969 589 997 ἧς
607 970 734 1000 θαλάσσης
757 970 948 1012 distinguant
974 981 990 1002 a
1013 970 1054 1002 sc-

187 1004 296 1042 quenti
315 1003 351 1040 τῷ
366 1005 419 1037 vel
436 1006 466 1036 n*
481 1020 544 1042 νομῳ
562 1008 607 1037 πῖ,
625 1010 750 1048 Ῥαδίως
775 1021 883 1043 verum
901 1012 973 1043 hinc
990 1020 1054 1043 non

190 1044 273 1075 effici
295 1043 402 1087 scopas
425 1047 605 1088 dissolutas,
630 1059 664 1082 ut
694 1051 757 1091 ipse
774 1052 918 1092 rebatur,
941 1062 972 1085 at
989 1052 1053 1085 sen-

189 1086 321 1118 tentiam
348 1087 502 1120 Antonini
529 1090 668 1130 perfecie
693 1093 790 1132 stare,
815 1091 907 1132 satis,
928 1101 964 1125 ut
986 1095 1053 1134 opi-

185 1136 263 1165 nJr,
287 1129 469 1169 expeditum
491 1131 547 1162 est.
591 1132 622 1164 Si
650 1143 761 1165 caveas
785 1136 823 1165 ab
841 1135 898 1174 iis,
920 1135 973 1176 qui
1000 1136 1053 1166 do-

186 1169 320 1200 minium
336 1170 427 1201 maris
444 1171 488 1202 bis
502 1174 597 1204 verbis
613 1173 655 1205 ita
666 1174 711 1206 Le
735 1176 741 1206 i
757 1176 851 1207 tribui
864 1177 1053 1215 existimant,

188 1217 225 1240 ut
242 1209 329 1242 simul
345 1210 498 1244 adimatur
515 1213 698 1254 Imperatori
712 1185 877 1255 Ilomano,
895 1218 925 1249 ἀ
943 1218 980 1249 ab
997 1218 1052 1256 iis,

189 1251 244 1290 qui
261 1249 432 1292 sequuntur
448 1253 472 1284 F
475 1256 651 1287 oreatulum
670 1257 700 1288 in
721 1258 822 1298 Cupid.
850 1258 999 1299 Jurz'sper.
1020 1259 1051 1289 C.

188 1291 249 1324 IX.
273 1293 301 1324 δι
317 1293 449 1325 alterum
466 1296 619 1335 quendam
634 1297 812 1337 hominem,
834 1308 922 1340 aeque
934 1299 1054 1331 ferelu-

190 1334 329 1365 naticum
348 1333 366 1374 (
375 1334 517 1367 Michael
533 1336 572 1367 de
590 1336 680 1369 Luna
694 1339 722 1370 ei
735 1348 851 1371 nomen
867 1339 936 1380 est)
948 1341 967 1372 fi
979 1363 988 1379 ,
1009 1341 1054 1372 in-

189 1384 281 1416 quam
292 1397 303 1413 ‚
327 1375 365 1406 ab
380 1375 418 1406 iis
433 1385 562 1415 caveas,
584 1378 640 1409 vix
656 1379 749 1412 ausim
768 1388 877 1412 contra
894 1382 973 1413 alios
985 1391 1055 1422 pro-

189 1416 356 1454 nunciare,
380 1416 488 1457 utique
511 1427 575 1450 non
594 1427 705 1451 contra
726 1421 908 1454 Accurfium
925 1423 962 1454 ad
979 1424 1008 1454 h.
1033 1423 1054 1454 l.

189 1457 244 1488 vel
270 1456 427 1488 Alciatum
453 1457 523 1490 Lib.
557 1459 596 1491 II.
629 1460 785 1502 Dispunib.
818 1463 849 1494 C.
873 1472 906 1503 5.
937 1464 990 1496 vel
1012 1464 1054 1496 A·

189 1506 312 1539 mayam
330 1497 399 1529 Lib.
423 1497 447 1530 Ι.
477 1499 600 1541 Observ.
627 1502 660 1534 C.
689 1512 714 1534 1.
740 1504 770 1535 ἂ
788 1513 861 1535 curn
881 1505 928 1536 his
942 1505 995 1546 qui
1005 1514 1054 1536 ea-

190 1539 261 1570 dem
278 1537 416 1571 censent.
449 1540 505 1571 Ait
527 1542 652 1582 quidem
670 1543 850 1577 Accurfius:
875 1547 963 1578 maris
980 1547 1002 1578 i.
1026 1556 1054 1578 e.

191 1589 286 1611 eorum
301 1581 351 1621 qui
362 1586 418 1620 per
433 1591 512 1613 mare
530 1584 644 1615 vadunt
658 1584 695 1619 &2⁹
712 1596 806 1617 rerum
822 1587 945 1628 ipsorum
957 1611 967 1626 ,
991 1597 1056 1629 quo

189 1620 283 1661 ipfius
313 1621 403 1653 maris
430 1622 603 1657 dominium
631 1634 695 1658 non
710 1627 853 1659 videatur
868 1628 1032 1660 admittere
1045 1652 1054 1668 ,

191 1661 244 1693 sed
261 1670 374 1694 caetera
395 1663 497 1702 reete,
509 1664 593 1698 hunc
609 1667 637 1698 ei
651 1665 830 1709 scrupulum
850 1670 968 1701 eximet
985 1670 1057 1701 Dis-

193 1703 306 1734 fertario
323 1705 356 1734 de
368 1703 534 1737 DOMINIO
554 1707 682 1741 MAms.
698 1709 841 1741 Alciatus
858 1719 962 1742 autem
979 1710 1059 1743 &A-

192 1754 285 1786 maya
300 1754 371 1776 cum
390 1753 462 1782 nupia
478 1747 609 1779 verbum
626 1758 667 1780 ex
681 1750 932 1791 praecedentibus
948 1752 1060 1793 repeti—

193 1792 263 1817 tum
289 1785 477 1820 transferant
499 1788 536 1820 ad
555 1788 697 1831 Legem,
721 1802 813 1834 quam
838 1792 999 1826 Dominam
1024 1793 1060 1829 &2⁹

779 1892 808 1928 C
857 1894 891 1928 A
942 1893 969 1929 P
1019 1894 1054 1928 U

619 1976 671 2013 De
697 1957 842 2026 Legibus
867 1960 1061 2016 Rhodiormie

284 2069 386 2108 hodus
404 2071 434 2103 ἃ
453 2071 648 2106 Rhodiorum
670 2076 771 2117 gloria
786 2078 905 2109 navalis
919 2077 957 2109 ab
971 2077 1060 2118 Joan-

301 2120 340 2142 ne
362 2112 503 2144 Metu-sio
527 2114 556 2146 in
574 2116 699 2154 Rhodo,
722 2118 851 2159 aliisque
869 2118 990 2151 abunde
1016 2117 1060 2150 est

196 2153 365 2185 celebrata.
410 2152 508 2200 Dedit
535 2155 604 2187 haec
628 2157 759 2190 Rhodus
785 2159 884 2201 Leges
901 2160 1059 2198 nauticas,

197 2195 230 2226 in
251 2203 326 2234 quas
342 2203 519 2227 accuratius
544 2197 699 2238 inquirere
716 2208 820 2240 operae
836 2201 897 2242 erit
913 2201 1059 2241 pretium.

199 2235 379 2267 Antoninus
399 2235 450 2266 hic
468 2236 555 2275 jubet
573 2248 622 2270 eas
637 2240 734 2279 adiri,
758 2241 852 2282 idque
862 2242 1063 2283 simpliciter,

198 2276 321 2308 infinita
338 2276 421 2307 enim
441 2277 586 2310 videntur
603 2280 664 2312 esse
680 2281 795 2321 verba,
818 2292 853 2314 ut
872 2283 940 2315 sane
953 2283 990 2315 de
1005 2283 1062 2314 hac

197 2318 208 2349 i
233 2315 264 2348 sa
278 2315 497 2350 observatione
514 2319 632 2361 Legum
652 2322 843 2355 Rhodiarum
856 2323 977 2356 infinita
993 2323 1064 2356 sunt

236 2358 432 2399 armenopuli
449 2359 517 2391 Lib.
529 2360 567 2392 II.
593 2361 722 2395 Tit.XI.
739 2363 767 2405 §.
786 2374 812 2396 1.
831 2364 1002 2397 &Docimi
1013 2365 1064 2403 ,&

198 2399 371 2432 Michaelis
382 2398 541 2433 Attahatae
556 2403 710 2443 ,quibus‚
728 2405 868 2437 fividere
885 2407 1010 2447 placet,
1023 2414 1067 2437 te-

200 2440 381 2472 stimonium
402 2441 604 2474 denunciavit
619 2444 645 2485 J.
656 2443 876 2478 Gothofredus
901 2447 1004 2488 cap.1.
1029 2448 1067 2478 ad

201 2482 229 2513 h.
255 2481 276 2512 l.
300 2480 342 2512 Et
359 2489 460 2513 tamen
478 2483 508 2513 id
526 2484 617 2516 valde
640 2486 752 2519 mirum
769 2486 833 2527 est,
857 2488 1005 2530 siquidem
1026 2498 1066 2520 ex

202 2522 274 2563 Jure
290 2521 417 2553 Rhodio
433 2524 509 2556 nihil
529 2524 724 2567 frequentari
742 2529 850 2561 videas
862 2553 871 2568 ‚
896 2539 987 2571 quain
1007 2530 1065 2562 Le-

203 2573 273 2604 gem
290 2564 323 2593 de
335 2563 589 2605 jafflcduntaxat.
615 2567 806 2601 Laudabitur
822 2571 1066 2610 iginii-Rhodio-

207 2613 277 2635 rum
301 2605 448 2635 eunomia
472 2607 613 2646 navalis,
636 2609 665 2640 ἀ
685 2611 765 2650 apud
786 2611 967 2651 Romanos,
988 2612 1069 2653 apud

204 2654 284 2686 quos
305 2644 344 2675 de
369 2644 436 2684 jure
464 2647 591 2678 nautico
610 2649 688 2681 nihil
707 2652 900 2692 praecipuum
915 2653 1067 2685 constitu-

207 2694 275 2718 tum
292 2685 354 2724 est,
380 2688 511 2726 probata
537 2688 659 2729 legetur
677 2698 728 2722 tot
746 2691 926 2734 Principum
944 2693 1067 2725 Consti-

206 2727 403 2765 tuti0nibus,
428 2736 508 2768 quot
534 2729 565 2760 in
591 2730 770 2771 Praefacio⁷ze
795 2733 911 2776 Legum
935 2734 1066 2766 Rhodia-

203 2778 267 2800 rum
283 2777 515 2807 memorantur,
529 2770 559 2801 ὅτ
578 2771 704 2803 unicum
724 2772 922 2806 solummodo
938 2775 1067 2816 Capitu-

205 2809 294 2847 lum,
319 2818 430 2850 nempe
445 2811 478 2840 de
504 2810 594 2851 heiu,
619 2813 781 2845 inventum
793 2815 871 2853 crit,
895 2817 979 2856 quod
989 2817 1068 2848 reci-

207 2850 359 2892 peretur?
378 2860 454 2882 eane
494 2852 540 2883 uit
558 2853 668 2894 reliqui
688 2854 765 2894 juris
791 2855 907 2887 Rhodii
925 2857 977 2888 vel
995 2856 1067 2890 stul-

205 2892 278 2923 titia
293 2892 344 2923 vel
372 2890 542 2924 sterilitas?
566 2893 646 2926 sane'
662 2894 682 2927 fi
700 2896 852 2935 eiusmodi
873 2896 993 2936 fuerit,
1016 2908 1069 2929 cu-

205 2932 253 2972 jus
269 2941 303 2963 ea
315 2954 326 2970 ,
348 2941 415 2973 quae
435 2934 533 2974 vulgo
553 2935 732 2968 venditatur
759 2935 812 2969 sub
830 2938 958 2970 nomine
976 2939 1070 2981 Legis

209 2973 347 3012 Rhodiae,
371 2983 433 3006 non
453 2974 519 3014 est,
544 2985 600 3007 cur
624 2977 715 3009 valde
732 2978 873 3018 mireris,
894 2978 967 3011 istac
985 2983 1067 3012 enim

206 3014 318 3056 ecloga
333 3014 410 3047 nihil
428 3015 646 3049 estabsurdius.
670 3017 845 3052 Profecram
862 3021 947 3052 dicas
966 3030 1006 3052 ex
1017 3031 1067 3053 co-

208 3055 279 3085 dem
296 3064 396 3096 pcnu,
413 3066 453 3088 ex
469 3067 533 3098 quo
549 3058 612 3090 illae
631 3059 727 3101 Leges
747 3061 913 3104 Georgicoe‚
932 3070 999 3103 quae
1013 3062 1067 3094 sub

207 3094 368 3134 Justiniani
385 3096 495 3139 lmper.
518 3100 645 3131 nomine
656 3101 937 3141 circumferuntur,
955 3104 984 3134 c&
996 3113 1067 3144 qua-

208 3145 277 3166 rum
301 3135 464 3170 stultitiam
487 3139 591 3171 dicere
617 3151 711 3174 nemo
736 3143 848 3183 potest.
896 3144 994 3177 Incidi
1010 3145 1066 3176 ali-

206 3178 336 3218 quando,
347 3178 448 3219 inquit
466 3180 636 3215 Balduinus
652 3184 686 3215 de
703 3183 786 3226 Lege
803 3184 936 3226 Rhodia,
947 3186 1067 3228 inquor-

1083 112 1685 153 BYNKERSHOEK

1088 192 1238 234 Reginam
1254 193 1344 225 maris
1363 203 1503 234 vocant,
1527 205 1591 228 non
1609 196 1672 228 hoc
1690 206 1806 238 agunt,
1830 206 1865 232 ut
1884 201 1945 235 Ro-

1087 243 1179 265 mano
1197 234 1332 274 PrIncipi
1351 235 1512 275 auferant,
1535 237 1619 277 quod
1634 239 1700 278 ejus
1717 239 1782 278 est,
1804 239 1896 273 seduc
1913 253 1948 277 ea
1998 275 2001 284 f

1088 274 1252 306 locutione
1277 276 1356 307 nihil
1383 276 1573 318 significetur
1596 279 1699 317 aliud,
1730 290 1822 321 quam
1843 282 1891 321 jus
1917 285 1948 318 in

1088 315 1312 355 quaestionibus
1338 319 1502 350 maritimis
1522 328 1563 350 ex
1585 319 1671 361 Lege
1688 321 1809 353 Rhodia
1826 323 1949 358 redden-

1087 356 1160 387 dum
1180 356 1258 388 esse:
1285 358 1314 389 ὅ(
1329 367 1369 388 eo
1387 358 1474 390 sensu
1494 359 1561 392 Lex
1580 360 1703 393 Rhodia
1721 362 1844 394 dicetur
1862 365 1954 397 domi--

1087 398 1172 434 nari,
1190 406 1222 429 at
1240 399 1383 430 oratione
1401 399 1552 441 figurata,
1569 409 1604 433 ut
1617 401 1951 439 Duarenusadmonuit
2004 420 2006 423 ·

1088 438 1119 469 in
1148 439 1303 471 Commenr.
1328 440 1365 471 ad
1394 441 1434 473 L.
1460 442 1554 474 Rbod.
1580 444 1613 475 cle
1638 443 1725 485 Just.
1751 445 1823 485 Cap.
1845 445 1869 478 l.
1893 456 1950 480 nec

1088 478 1254 520 quicquam
1270 481 1362 512 etiam
1377 482 1444 521 jure
1462 484 1678 524 reprehendas.
1724 485 1952 527 Longumess'et

1089 529 1255 552 occurrere
1281 522 1442 561 minutiis,
1465 533 1540 564 quas
1556 525 1702 557 adversus
1720 526 1788 559 haec
1804 527 1953 570 congesti:
2006 565 2008 569 ¹

1089 560 1153 601 Jac.
1177 560 1399 594 Gothofredus
1420 566 1447 594 d.
1477 566 1547 606 Cap.
1571 566 1661 600 XIII.
1687 568 1823 600 rationes
1839 568 1952 601 deside·
2005 578 2008 614 '¹

1093 611 1148 639 ro3
1170 601 1258 633 dedit
1275 604 1369 635 etiam
1387 605 1521 646 aliquas,
1547 606 1598 639 sed
1616 608 1704 649 queis
1722 609 1783 649 jam
1802 608 1891 651 supra
1901 609 1953 642 de·

1092 641 1192 674 functi
1210 642 1323 675 sumus.
1371 645 1445 676 Sine
1460 645 1575 687 figura,
1599 649 1662 681 fine
1678 650 1741 682 ulla
1760 660 1887 692 quoque
1897 649 1956 683 dif-

1091 682 1234 715 ficultate
1251 684 1432 717 Antoninus
1451 688 1533 719 recte
1549 689 1651 721 intelli
1677 691 1759 729 itur,
1773 691 1793 723 fi
1804 716 1814 731 ‚
1832 700 1869 723 ut
1879 701 1958 732 nos,

1092 724 1171 756 nihil
1199 726 1329 757 omnino
1356 728 1538 768 repetieris,
1562 731 1635 770 vel,
1672 741 1680 763 1
1701 740 1840 773 repetas,
1864 733 1958 767 aliam

1093 765 1115 796 ξ
1137 767 1210 799 mia
1240 766 1496 807 significationem
1527 771 1648 803 dederis
1677 772 1709 804 in
1738 774 1930 814 repetitione
1943 797 1958 815 ,

1093 807 1184 838 aliam
1193 807 1293 848 prima
1301 809 1516 841 collocatione
1524 811 1589 850 ejus
1601 812 1688 844 verbi
1691 812 1789 851 ,suavi
1796 815 1956 855 ἐμφιςολίᾳς

1093 847 1176 879 recte
1191 848 1284 879 etiam
1295 873 1304 888 ,
1328 849 1366 888 fi,
1390 859 1458 890 quae
1474 851 1625 891 disjuncta
1641 854 1808 893 videntur,
1827 856 1956 896 conjun-

1096 899 1149 930 gas
1164 890 1193 921 δε
1210 888 1282 921 sano
1311 888 1399 922 sensu
1426 893 1577 932 explices.
1624 894 1739 926 Omnia
1763 897 1848 928 enim
1866 896 1955 938 haec,

1078 930 1128 962 ,ni
1145 931 1258 962 morOfi
1274 931 1384 970 fimus,
1410 933 1488 964 bene
1507 933 1671 967 subsistunt
1683 945 1748 968 non
1770 947 1834 969 uno
1850 937 1956 972 latere.

1141 971 1398 1017 Quomodocunq
1404 983 1441 1004 ue
1457 984 1534 1006 vero
1543 976 1677 1017 accipias
1685 986 1758 1009 cum
1767 979 1862 1010 verba
1870 1002 1880 1018 ,
1891 986 1957 1012 tum

1098 1011 1283 1044 sententiam
1303 1013 1396 1055 Legis
1411 1015 1441 1046 in
1459 1015 1507 1046 boc
1533 1017 1690 1058 verficuloq,
1708 1018 1851 1059 constat,
1876 1020 1959 1062 inep-

1098 1053 1209 1085 tiffime
1226 1054 1297 1085 inde
1313 1054 1446 1095 confici,
1471 1056 1638 1098 Imperium
1659 1060 1751 1091 maris
1767 1060 1804 1092 ad
1826 1060 1956 1103 Impera-

1098 1102 1199 1126 torem
1213 1094 1390 1127 Romanum
1407 1106 1469 1129 non
1493 1099 1669 1139 pertinere,
1693 1108 1748 1132 aut
1763 1111 1783 1133 n
1827 1111 1866 1133 ue
1883 1102 1957 1134 alte-

1097 1136 1161 1167 rius
1178 1135 1359 1176 cujusquam
1383 1137 1558 1170 dominium
1575 1140 1750 1174 admittere.
1826 1143 1958 1176 ontrari-

1097 1186 1150 1208 um
1165 1185 1205 1207 ex
1226 1176 1352 1218 singulis
1367 1177 1435 1209 fere
1462 1181 1599 1220 periodis
1614 1181 1751 1214 sollicite
1764 1184 1898 1226 collegit
1915 1184 1961 1225 Ja-

1096 1217 1195 1248 cobus
1224 1216 1454 1251 Gothofredus.
1499 1221 1559 1252 Sed
1583 1223 1658 1263 quid
1680 1223 1885 1257 dubitamus?
1909 1235 1960 1267 pa-

1097 1258 1158 1290 lam
1176 1258 1228 1289 hic
1241 1258 1309 1298 jura
1330 1258 1456 1299 Imperii
1476 1261 1655 1295 Antoninus
1676 1264 1707 1296 in
1725 1266 1801 1297 mari
1819 1275 1960 1306 exercet,

1098 1308 1171 1330 cum
1187 1298 1347 1338 decernit,
1369 1301 1408 1331 de
1428 1301 1520 1333 rebus
1539 1304 1703 1336 maritimis
1720 1305 1871 1344 iudicium
1884 1316 1960 1339 con-

1098 1339 1291 1372 stituendum
1310 1340 1389 1372 &ex
1407 1341 1542 1384 Legibus
1558 1343 1691 1376 Rhodiis
1707 1345 1877 1378 finiendum
1887 1347 1960 1387 ess'e,

1098 1381 1226 1422 perinde
1252 1381 1336 1413 enim
1366 1383 1428 1414 hoc
1452 1382 1518 1422 est,
1543 1392 1638 1426 atque
1659 1385 1680 1418 fi
1704 1385 1778 1428 ipsae
1794 1397 1840 1419 eae
1862 1388 1961 1430 Leges

1098 1421 1365 1454 constituerentur
1390 1433 1494 1456 novae.
1542 1425 1666 1458 Deinde
1685 1427 1717 1459 in
1742 1428 1851 1461 iisdem
1872 1429 1963 1461 rebus

1097 1463 1264 1495 maritimis
1283 1462 1371 1505 supra
1387 1474 1437 1497 eas
1454 1467 1558 1498 valere
1573 1467 1722 1506 iubentur
1731 1468 1832 1512 Leges
1846 1464 1959 1502 Roma-

1098 1514 1166 1543 nae;
1183 1513 1246 1545 quo
1267 1505 1310 1536 ita
1326 1504 1460 1538 Rhodiae
1481 1514 1602 1539 tantum
1620 1509 1804 1550 obtineant,
1823 1511 1876 1543 ubi
1885 1510 1959 1544 defi-

1099 1545 1189 1577 ciunt
1206 1545 1364 1578 Romanae.
1403 1547 1462 1579 Sed
1479 1549 1532 1580 illa
1548 1549 1719 1590 disputatio
1737 1561 1800 1584 non
1820 1552 1906 1584 secus
1917 1551 1961 1586 est

1099 1586 1201 1618 aliena
1215 1586 1252 1617 ad
1266 1587 1294 1618 h.
1313 1588 1333 1619 l.
1355 1597 1449 1629 quam
1466 1589 1535 1621 aliae
1553 1590 1704 1624 Veterum
1715 1616 1725 1632 ‚
1743 1602 1781 1625 an
1799 1593 1962 1635 imperium

1100 1627 1254 1668 Principis
1269 1629 1360 1660 cedat
1375 1629 1508 1669 imperio
1525 1630 1691 1673 Legisaan
1705 1633 1962 1667 consuetudinem

1099 1669 1256 1700 nauticam
1274 1668 1388 1701 servari
1407 1679 1552 1712 oporteat
1569 1695 1580 1711 ,
1603 1672 1624 1705 fi
1639 1675 1690 1706 vel
1707 1675 1759 1707 lex
1776 1675 1890 1717 scripta
1906 1674 1961 1707 ob·

1102 1709 1187 1742 stet?
1210 1711 1240 1742 &
1257 1720 1325 1751 quae
1345 1710 1414 1743 sunt
1429 1721 1579 1754 praeterea
1591 1737 1603 1753 ,
1624 1715 1656 1748 in
1672 1716 1785 1758 quibus
1793 1717 1845 1750 hic
1861 1715 1964 1759 prodi-

1101 1760 1140 1793 ge
1157 1760 1251 1794 opera
1269 1751 1398 1785 luditur.

1105 1893 1141 1927 T
1240 1893 1411 1929 VIII.

1086 1980 1277 2025 navalibus,
1304 1993 1369 2027 quae
1394 1982 1554 2019 dicuntur.

1102 2078 1169 2108 dam
1186 2078 1408 2109 Commentarios
1427 2079 1541 2110 Graecos
1560 2079 1655 2112 MSS.
1680 2091 1798 2123 quorum
1813 2082 1963 2124 irrstriptt'o

1103 2124 1166 2150 erar
1182 2125 1271 2148 Nom
1283 2127 1335 2149 οΣ
1360 2125 1436 2149 ΡοΔ
1448 2126 1527 2152 ιοΣ.
1554 2122 1609 2152 Sed
1625 2123 1774 2155 incondita
1784 2131 1846 2156 erat
1856 2123 1960 2164 sarra-

1125 2170 1138 2191 ο
1157 2160 1190 2191 de
1215 2161 1296 2191 rebus
1322 2163 1449 2191 nauticis
1466 2183 1476 2199 ,
1500 2162 1529 2193 <St
1547 2161 1617 2194 sane
1638 2163 1694 2195 vix
1713 2165 1880 2207 quicquam
1895 2174 1963 2206 pro-

1120 2210 1203 2240 eras,
1227 2201 1311 2242 quod
1330 2202 1426 2242 magis
1443 2201 1487 2238 est
1505 2203 1714 2236 inconditum.

1149 2242 1206 2274 Illa
1221 2250 1327 2274 autem
1351 2243 1478 2283 ecloga,
1502 2253 1593 2284 quam
1612 2245 1679 2278 dixi
1702 2246 1801 2288 vulgo
1815 2257 1874 2290 pro
1892 2247 1976 2289 Jun*

1108 2284 1221 2316 Rhodio
1236 2283 1383 2322 obtrudi,
1406 2293 1556 2325 excerpta
1578 2285 1696 2319 dicitur
1714 2296 1754 2320 ex
1772 2288 1863 2322 Libro
1879 2289 1964 2321 unde-

1108 2327 1200 2362 cimo,
1223 2333 1258 2356 ut
1274 2325 1305 2357 in
1325 2325 1401 2366 Jure
1422 2326 1667 2359 Graeco-Romano
1697 2327 1776 2361 Tom.
1800 2329 1840 2363 11.
1863 2333 1896 2362 in
1908 2329 1964 2370 fin.

1110 2367 1140 2398 ὅ(
1157 2365 1360 2398 Amsterdami
1377 2376 1458 2398 anno
1481 2371 1570 2408 1647.
1591 2368 1710 2401 editum
1729 2369 1792 2410 est,
1814 2372 1865 2403 vel
1882 2380 1967 2413 quar-

1110 2414 1136 2438 to
1153 2408 1259 2438 decimo
1269 2405 1455 2480 DigTeJlorum
1464 2430 1475 2446 ,
1489 2416 1525 2440 ut
1535 2407 1657 2442 Parisiis
1666 2420 1748 2443 anno
1758 2411 1864 2443 itidem
1879 2415 1968 2452 1647.

1111 2449 1180 2480 Lib.
1206 2447 1293 2480 LIII.
1355 2451 1390 2480 it.
1412 2448 1498 2481 VIII.
1533 2455 1683 2482 emmau.
1729 2450 1810 2495 Quae
1838 2452 1968 2495 Digesta

1110 2489 1348 2530 intelligantur,
1371 2499 1463 2522 nemo
1486 2489 1580 2522 facile
1606 2491 1816 2532 divinaverit,
1838 2503 1910 2525 cum
1933 2503 1970 2526 ea

1109 2540 1175 2562 vox
1201 2530 1238 2562 fit
1260 2532 1423 2571 generalis.
1472 2531 1692 2572 Significantur
1714 2531 1800 2565 forte
1825 2535 1968 2575 quaedam

1111 2570 1239 2614 Digesta
1265 2572 1381 2614 Legum
1409 2572 1609 2610 Rhodiarum,
1631 2574 1725 2605 variis
1751 2573 1893 2608 distincta
1916 2575 1968 2608 Li-

1110 2612 1196 2650 bris,
1218 2622 1235 2643 e
1257 2622 1390 2654 quorum
1415 2613 1512 2652 binis,
1537 2615 1683 2645 undecimo
1700 2614 1821 2648 scilicet
1838 2617 1868 2649 ὃ(
1884 2626 1968 2659 quar-

1111 2660 1137 2685 to
1157 2655 1263 2685 decimo
1276 2654 1329 2685 illa
1345 2655 1543 2686 &marui-mim
1562 2653 1703 2687 desumta
1712 2655 1829 2689 ess'ent:
1850 2668 1919 2690 nam
1928 2665 1968 2690 ex

1110 2704 1175 2726 uno
1207 2695 1314 2735 aliquo
1346 2693 1546 2736 Digestorum
1583 2696 1664 2728 libro
1701 2697 1758 2729 vix
1792 2698 1967 2740 huJusmodi

1110 2735 1234 2775 ῥαψωῶίιι
1250 2736 1439 2775 provenerit.
1487 2735 1552 2768 Nili
1570 2736 1709 2770 dicamus
1728 2740 1755 2767 π’
1769 2749 1806 2770 ex
1828 2740 1896 2772 Lib.
1908 2738 1967 2772 XI.

1111 2776 1195 2818 quod
1219 2775 1267 2807 illi
1290 2776 1407 2814 edunt,
1430 2776 1612 2809 mendosum
1637 2778 1698 2810 effe
1712 2802 1724 2818 ,
1754 2780 1785 2812 δι
1807 2790 1862 2822 per
1882 2781 1966 2813 Libr.

1112 2817 1204 2849 XIV.
1235 2814 1422 2859 Digestorum
1438 2840 1449 2856 ,
1481 2819 1565 2859 quod
1596 2819 1648 2851 hic
1679 2820 1803 2862 edidit,
1834 2821 1968 2854 intellii

1111 2855 1239 2900 Digesta
1256 2857 1427 2899 Jthiniam·
1436 2869 1447 2896 ‚-
1466 2859 1496 2891 in
1513 2859 1560 2895 his
1578 2861 1695 2902 quippe
1711 2871 1783 2894 cum
1801 2863 1862 2895 Lib
1877 2861 1924 2896 Xl
1957 2886 1969 2895 .

1111 2908 1151 2930 ex
1174 2898 1332 2930 veteribus
1349 2898 1436 2940 JCtis
1466 2901 1582 2942 aliquid
1609 2901 1648 2934 de
1666 2902 1739 2943 Jure
1760 2905 1889 2936 nautico
1904 2914 1919 2936 a
1958 2921 1969 2929 -

1113 2949 1181 2978 tur,
1205 2939 1368 2971 mendacio
1392 2939 1521 2973 foi-taire
1544 2943 1698 2984 originem
1720 2945 1873 2986 praebuit,
1898 2946 1906 2978 i
1952 2954 1967 2977 s

1111 2981 1293 3021 quisquilias
1314 2981 1386 3013 inde
1408 2982 1477 3013 eil'e.
1525 2983 1630 3026 Magis
1647 2984 1713 3025 est,
1739 2993 1773 3017 ut
1798 2987 1852 3019 illa
1874 2985 1965 3019 farra-

1110 3031 1171 3062 go,
1193 3022 1224 3053 in
1240 3031 1300 3062 qua
1316 3022 1355 3053 de
1371 3023 1462 3055 rebus
1481 3025 1611 3056 omnino
1629 3026 1864 3069 quibuscunque
1881 3026 1966 3060 diffe-

1111 3063 1190 3093 ritur
1199 3062 1355 3100 ‚videatur
1370 3063 1431 3095 css'c
1444 3075 1483 3096 cx
1496 3064 1629 3107 Digestis
1642 3067 1794 3107 ejusmodi
1804 3078 1946 3111 nugarum
1954 3089 1966 3106 ,

1110 3112 1149 3135 ex
1164 3102 1276 3145 quibus
1296 3104 1357 3135 illa:
1370 3129 1378 3143 ‚
1401 3115 1475 3146 quas
1493 3107 1648 3147 diximus,
1673 3108 1771 3151 Leges
1789 3109 1945 3152 Georgicae.

1152 3145 1230 3177 Sane
1247 3145 1317 3184 has,
1343 3156 1418 3186 quas
1440 3147 1618 3189 loquimur,
1641 3148 1791 3182 Civitatis
1812 3150 1964 3182 Rhodien—

1109 3185 1145 3218 sis
1165 3185 1265 3227 Leges
1293 3187 1432 3220 nauticas
1461 3199 1477 3220 a
1504 3188 1626 3222 Graecis
1649 3189 1711 3222 effe
1734 3191 1882 3225 confictas
1898 3191 1964 3263 iiagi

1913 3240 1930 3262 u
1955 3249 1964 3255 -
