2008 3436
425 123 823 159 CORNELII

167 204 206 234 de
227 202 271 234 est
302 202 322 233 l.
350 198 389 234 1.''
408 203 438 235 δε
460 214 488 235 2.
513 204 538 234 C
576 205 609 235 de
632 204 772 234 Eunucb.
799 203 982 236 Pancirolus
1006 206 1035 236 d.

169 245 191 275 l.
212 255 238 275 ει.
265 253 329 275 non
347 245 429 276 reste
449 245 629 284 intellexit,
654 244 704 277 sed
717 255 891 286 pez-gamus.

210 285 285 323 Ait,
312 286 386 318 Item
408 297 590 318 marocorum
612 289 682 318 lana
699 311 708 323 ,
730 288 848 326 sucus,
870 287 974 325 capilli
988 287 1037 319 In-

166 327 239 358 dici.
269 325 350 401 guae
366 328 402 360 fit
419 328 472 360 illa
487 339 670 360 marecorum
686 329 757 359 lana
769 352 776 365 ,
798 328 927 360 difficile
941 327 985 360 cst
993 329 1037 360 di-

165 368 228 402 ἀεὶ.
312 369 361 401 inc
378 380 561 403 marocorzlm
580 381 647 402 vox
662 369 772 402 omifl'a.
787 369 990 409 Haloandro,
1007 370 1037 402 &

164 409 246 450 apud
263 411 455 452 Stephanum
477 413 616 453 aliosque
640 412 806 450 Editor-cs,
824 411 899 449 fuco
911 420 1037 452 quoque

163 459 308 491 mutato,
333 453 378 484 ita
395 453 490 485 lefta:
522 456 593 485 ilem
617 464 634 484 a
662 460 799 493 pecorum
823 453 894 483 lana
911 461 1036 492 succus.

162 491 269 533 Atque
292 503 333 525 cx
355 504 390 525 ea
417 495 552 527 lectione
572 495 653 536 apud
672 494 831 526 Alciatum
850 494 886 525 L.
904 493 927 525 Ι.
953 494 1035 526 Ρνιε-

165 540 252 567 term.
275 536 307 567 in
325 536 424 567 verbo
440 538 548 574 species
559 560 568 574 ,
591 543 780 577 prognatum
796 534 840 566 est
856 536 928 566 lana
939 538 1034 575 succi-

162 576 220 610 da.
242 577 327 617 quod
351 578 561 610 emendationi
587 577 647 609 suze
674 575 821 607 adscribit
845 576 918 608 Pius
936 577 1036 608 Anto-

163 617 234 648 nius
251 618 431 650 Bartolinus
448 619 579 650 Azttlar.
605 620 637 650 C.
656 623 706 652 28.
737 617 804 649 alto
820 618 901 658 apud
916 626 1035 650 utrum-

163 667 225 699 que
251 659 290 689 de
312 664 472 691 morocoris
493 660 628 692 silentio.
674 659 782 691 Guido
807 658 991 691 pancirolus
1006 669 1035 690 e·

165 700 292 732 mendat
312 704 451 733 arborum
478 703 579 734 lunam
600 725 609 736 ,
639 709 694 733 aut
716 700 892 740 AEcbiopum
917 701 969 732 vel
993 699 1035 730 A-

162 743 290 779 rabum,
314 744 343 775 dc
369 742 506 774 ostendit
522 768 531 783 ,
561 743 623 775 effe
646 743 689 774 ibi
710 741 863 782 ejusmodi
887 742 1037 782 lanigeras

161 781 296 815 arbores.
342 784 374 816 Si
393 784 459 816 haec
478 785 633 817 medicina
646 784 785 826 placeat,
804 792 869 814 non
885 782 929 815 est
946 784 1037 815 locus

165 823 243 854 adeo
265 824 406 863 insanus,
438 835 531 867 quem
551 836 614 858 non
639 835 716 857 mox
730 824 850 856 sanem:
875 824 999 870 praestat
1014 825 1036 856 i-

160 866 358 905 gnorantiam
386 866 478 899 fateri
497 891 506 907 ,
551 876 643 909 quam
669 867 755 899 nulla
781 865 859 896 adeo
882 866 1037 908 relig-ione

164 905 281 938 versari
307 907 337 939 in
366 907 490 950 scriptis
506 908 670 941 Veterum.
716 908 749 940 Si
766 917 949 938 marocorzlm
969 917 1037 939 vox

162 946 311 986 gloriema
330 948 426 988 esset,
451 958 486 981 ut
503 949 688 983 Haloandro
706 948 799 981 fuisse
822 949 968 989 videtur,
994 950 1038 981 in—

161 987 200 1018 de
224 997 331 1021 natum
349 992 433 1022 credi
452 991 574 1032 pollet,
599 992 684 1034 quod
701 989 818 1022 sciolus
835 990 948 1031 aliquis
969 1000 1038 1023 eam

164 1030 240 1060 lcmae
255 1030 474 1072 adseripfiffet‚
499 1033 571 1074 quia
584 1034 614 1065 in
631 1031 841 1071 Mauritania,
866 1040 905 1063 eo
914 1032 1037 1074 RegnO,

164 1071 251 1111 quod
278 1072 316 1103 ab
345 1073 432 1105 Urbe
454 1075 662 1115 cognomine,
688 1073 782 1104 hodie
801 1072 976 1105 Maraccum
993 1074 1038 1106 di—

167 1112 274 1151 citur,
298 1114 408 1145 ovium
429 1115 457 1147 Gt
475 1125 637 1155 caprarum
656 1113 780 1155 insignis
798 1114 834 1146 sit
851 1123 1035 1156 proventus.

164 1153 225 1184 Sed
242 1153 343 1187 adhuc
366 1157 463 1197 mffiis
486 1156 548 1195 cst,
583 1164 617 1188 ut
636 1157 842 1198 ignorantiam
860 1156 1039 1194 fateamur,

165 1204 259 1235 quam
281 1203 315 1226 ut
329 1196 481 1236 ejusmodi
500 1198 722 1230 annotationes
745 1197 778 1228 in
797 1200 822 1225 π·
841 1199 947 1235 alifana·
963 1199 1037 1229 irre-

165 1235 255 1276 psisse
278 1235 469 1278 suspicemur
483 1263 491 1278 ,
525 1239 570 1271 est
592 1239 675 1271 enim
698 1247 746 1270 res
769 1239 871 1280 magni
890 1239 1039 1280 exempli.

168 1277 293 1309 Vellem
315 1279 497 1312 Marcianus
519 1280 682 1323 scripsisset
690 1302 702 1318 ‚
732 1282 927 1312 omlrlcorum
950 1281 1040 1319 lana,

166 1318 285 1352 εειζριιικ
305 1318 377 1351 sunt
401 1331 480 1353 oves
511 1322 704 1364 peregrinae3
737 1321 776 1352 de
796 1321 844 1353 his
858 1323 924 1364 egit
943 1321 1040 1354 Scali-

167 1369 222 1401 ger
247 1361 285 1392 ad
309 1361 481 1394 Varronem
494 1368 528 1395 ete
547 1364 586 1396 L.
607 1363 647 1395 L.
668 1369 700 1405 p.
716 1372 754 1394 m.
785 1367 832 1397 18.
865 1364 896 1396 ὅτ,
915 1363 1041 1395 Voffius

168 1404 206 1435 ad
227 1403 326 1443 Pomp.
358 1403 435 1436 Mel.
464 1404 503 1437 L.
527 1405 550 1437 Ι.
577 1407 608 1438 C.
639 1410 669 1439 8.
698 1404 776 1439 vers.
802 1413 828 1436 1.
855 1405 885 1437 ἃ
905 1405 944 1436 de
966 1405 1037 1436 Um*

166 1447 249 1483 laris,
273 1445 326 1486 qui
345 1455 385 1476 ex
407 1456 574 1479 musmone
592 1448 622 1480 ἃ
637 1447 752 1479 ovibus
769 1445 956 1486 nascuntur,
978 1446 1042 1478 Pli-

167 1487 239 1519 nius
263 1487 300 1518 L.
327 1486 412 1518 VIII.
441 1488 473 1518 C.
486 1497 539 1527 49.
562 1488 623 1521 Pro
640 1498 704 1520 non
725 1487 883 1520 intellecta
902 1489 1041 1520 ambrico-

166 1539 236 1560 rum
250 1537 333 1559 voce
347 1526 437 1560 scribi
459 1528 630 1570 potuisset,
666 1539 864 1570 omrocorum,
881 1531 912 1563 &
925 1529 1044 1562 duabus

165 1569 323 1611 prioribus
338 1569 438 1601 literis
458 1571 651 1612 transpositis
675 1581 855 1604 morocorum
875 1572 929 1604 vel
948 1581 1043 1603 maro-

166 1621 287 1642 corum:
308 1620 372 1642 non
401 1610 446 1643 est
471 1611 599 1645 facilior
621 1613 742 1655 lapsus,
767 1623 860 1655 quam
882 1613 914 1645 in
930 1613 1042 1645 descri-

166 1653 278 1695 ptione
295 1653 526 1693 peregrinarum
545 1655 716 1695 mercium,
742 1655 851 1686 harum
869 1655 953 1687 enirn
969 1663 1042 1686 cum

166 1695 247 1728 nihil
273 1694 440 1735 quicquam
463 1695 678 1737 intelligerent
702 1697 837 1729 Librarii
860 1697 913 1728 vel
926 1696 1043 1729 dietan-

172 1743 237 1775 tes,
261 1735 314 1766 vel
329 1733 518 1775 scribentes,
544 1746 627 1768 voce
640 1737 692 1770 vel
712 1738 834 1770 calamo
845 1729 942 1770 facile
959 1747 1040 1770 erra-

169 1785 237 1809 tum
254 1776 326 1808 fuit.
377 1777 437 1810 Vel
465 1778 509 1809 ita
530 1778 662 1819 censeo,
696 1780 750 1811 vel
767 1779 962 1812 Marocorum
974 1790 1044 1812 ver-

167 1819 211 1849 bo
235 1818 368 1858 intelligi
402 1819 559 1861 Populum
582 1820 635 1852 vel
652 1821 847 1862 Regionem,
872 1821 961 1862 cujus
978 1830 1042 1853 rne-

169 1860 269 1891 moria
281 1860 413 1892 excidit.

210 1901 389 1942 Sequuntur
413 1903 536 1934 tandem
557 1904 662 1945 capilli
683 1904 793 1939 Indici.

173 127 242 160 106
899 136 921 159 v
937 138 957 161 A
983 136 1005 160 N

844 1904 969 1938 Evulfis
993 1905 1043 1939 his

775 1996 1140 2034 CAPUT

1082 127 1692 166 BYNKERSHOEK

1080 207 1217 245 capillis,
1244 207 1430 240 Pancirolus
1459 208 1618 240 substituit
1642 210 1769 249 lapillos.
1814 202 1946 258 Quodsi

1080 248 1245 286 admittas,
1270 250 1347 289 lapis
1367 252 1545 285 universus,
1570 251 1621 291 qui
1635 252 1807 292 nraeceffit,
1824 263 1886 286 non
1902 265 1945 286 et-

1080 290 1142 321 iam
1161 290 1199 320 de
1217 291 1330 330 lapillis
1348 291 1569 332 intelligendus
1597 291 1659 330 cst,
1686 303 1720 325 ut
1739 301 1840 326 tamen
1858 295 1945 328 intel-

1081 330 1161 362 lexit
1186 331 1369 364 Pancirolus
1386 357 1395 371 ,
1429 332 1479 364 scd
1500 333 1653 365 duntaxat
1670 334 1708 365 dc
1725 336 1948 377 marmoribus,

1080 373 1296 413 magnetibus,
1322 375 1465 412 cotibus,
1491 374 1619 416 aliisque
1635 385 1698 407 non
1715 377 1947 418 pretiosiffimis3

1080 413 1221 454 alioquin
1237 415 1283 446 bis
1299 415 1380 447 idem
1396 415 1523 447 dixilset
1542 415 1735 449 Marcianus.
1781 418 1840 450 Sed
1857 428 1896 450 ne
1908 417 1950 452 fic

1080 454 1206 495 quidem
1234 457 1425 488 admittenda
1452 457 1495 488 e-'l
1521 458 1700 489 emendatio
1720 483 1729 498 ,
1764 460 1836 501 quia
1862 458 1950 502 supra

1079 496 1198 535 lapillos
1221 507 1276 538 per
1293 497 1310 529 s
1326 499 1410 530 ecies
1429 500 1633 530 enumeravit.
1680 500 1768 532 Olim
1785 510 1844 542 pro
1858 503 1948 542 capil-

1079 538 1119 568 lis
1135 537 1247 569 Indicis
1266 550 1297 570 rc
1313 539 1468 571 cribe'oatn
1489 542 1610 572 bacillos
1630 541 1747 574 Indicos
1759 565 1768 579 ‚
1787 542 1818 574 <Sc
1833 542 1949 585 intelli*-

1079 579 1190 620 genam
1209 580 1361 620 ejusmodi
1385 581 1519 614 bacillos
1537 604 1547 620 ,
1579 592 1714 624 quorum
1735 593 1846 625 magna
1859 585 1951 626 eopia

1079 621 1251 653 etiamnum
1276 631 1317 654 ex
1342 622 1430 654 India
1447 622 1606 663 adfertur,
1638 625 1755 667 quique
1776 625 1950 658 deambula-

1080 661 1221 694 tionibus
1253 664 1352 705 vulgo
1380 663 1563 696 inserviunt.
1619 667 1678 698 Sed
1708 676 1773 699 non
1804 676 1885 708 opus
1906 666 1952 700 est

1078 703 1246 746 quicquam
1267 713 1388 737 mutare
1401 728 1412 743 ,
1446 714 1501 746 per
1524 707 1644 747 capillos
1662 708 1745 739 enim
1762 718 1826 740 non
1845 711 1964 749 putens

1080 744 1133 775 hic
1153 744 1316 785 fignificari
1335 747 1412 786 pilos
1428 748 1557 787 capitis,
1578 756 1609 780 at
1634 758 1838 791 quoscunque
1855 749 1952 790 alios,

1080 795 1150 816 nam
1178 786 1235 826 pili
1258 796 1295 818 ca
1319 788 1372 820 itis
1388 812 1398 827 ,
1435 789 1521 829 iique
1544 789 1643 822 Indici
1662 814 1671 830 ,
1696 789 1804 822 nescio
1818 791 1869 822 cui
1885 789 1953 823 usui

1078 825 1209 858 fuissent
1227 837 1287 869 apu
1324 830 1473 862 Veteres:
1497 831 1583 870 quod
1603 832 1716 870 audio,
1741 832 1777 863 ad
1801 832 1954 864 ornandas
1979 858 1984 861 .

1081 867 1301 909 mulierculas,
1326 871 1444 913 oppido
1461 871 1628 904 ridiculum
1642 873 1706 912 est,
1755 873 1802 905 uis
1825 882 1876 904 eas
1898 882 1954 906 un-

1081 917 1174 951 quam
1197 910 1274 951 legit
1298 913 1418 953 capillis
1437 912 1548 944 Indicis
1563 914 1713 946 ornatas?
1788 914 1873 955 quod
1890 914 1953 946 hoc

1079 959 1177 992 genus
1192 952 1268 983 effet
1283 955 1458 986 ornamenti
1472 955 1488 987 ¹?
1512 955 1596 996 pilos
1607 979 1617 994 ,
1642 965 1723 997 quos
1736 954 1845 986 ferunt
1862 954 1953 988 Indo-

1080 1000 1149 1022 rum
1169 994 1292 1034 capita,
1318 1005 1411 1027 nemo
1431 996 1486 1037 pili
1514 996 1637 1028 fecerit.
1684 997 1766 1029 Cum
1781 1004 1887 1028 autem
1904 1007 1953 1029 ca·
1981 1034 1984 1039 ,

1074 1034 1165 1074 pillos
1193 1035 1377 1076 fimpliciter
1395 1039 1472 1077 pilos
1499 1038 1712 1078 interpretor,
1745 1038 1893 1079 intelligo
1907 1039 1953 1080 pl-

1079 1075 1129 1107 los
1147 1084 1406 1120 quorumcunque
1429 1079 1608 1112 animalium
1626 1103 1636 1118 ,
1667 1080 1763 1111 etiarn
1796 1079 1954 1112 ombrico-

1081 1126 1150 1147 rum
1168 1139 1178 1155 ,
1216 1127 1351 1159 quorum
1377 1121 1517 1161 quaedam
1543 1121 1643 1152 lanam
1658 1145 1668 1160 ,
1707 1120 1849 1162 quaedam
1873 1121 1959 1162 pilos
1980 1124 1983 1149 ἰ

1081 1156 1165 1188 ferre
1192 1159 1311 1192 Plinius
1335 1170 1489 1193 memorat
1514 1163 1542 1192 d.
1566 1163 1620 1192 luc.
1664 1161 1715 1193 De
1735 1164 1806 1194 luna
1821 1169 1894 1193 ante
1910 1162 1955 1193 di-

1083 1206 1171 1244 xerat
1192 1200 1377 1234 Marcianus
1389 1204 1484 1242 ,pilos
1506 1203 1557 1234 hic
1571 1203 1698 1243 adjicit,
1723 1211 1759 1234 ut
1780 1203 1880 1244 vulgo
1889 1202 1956 1235 haec

1083 1249 1338 1282 conjunguntur,
1363 1243 1458 1275 etiam
1475 1245 1507 1276 in
1540 1245 1560 1275 l.
1581 1249 1633 1279 28.
1659 1251 1708 1285 pr.
1730 1244 1772 1285 ff.
1801 1247 1836 1276 de
1860 1244 1980 1285 Usun'

1083 1280 1155 1313 Nec
1183 1282 1387 1315 dubitandum
1415 1284 1475 1325 est,
1510 1287 1685 1327 capillorum
1706 1295 1790 1317 voce
1809 1285 1956 1327 fimplici-
1979 1307 1982 1324 e

1084 1331 1132 1354 ter
1141 1322 1217 1361 pilos
1234 1325 1411 1366 contineri,
1437 1336 1501 1359 tam
1515 1328 1548 1360 in
1564 1327 1710 1359 oratione
1724 1325 1826 1359 soluta
1837 1350 1847 1366 ‚
1864 1331 1956 1368 quam

1084 1362 1197 1397 versa:
1228 1364 1380 1407 Josephus
1405 1368 1546 1410 Scaliger
1571 1369 1600 1401 &
1631 1368 1684 1400 alii
1710 1367 1742 1399 id
1767 1368 1975 1411 aliquotiens--

1083 1404 1273 1447 probarunt,
1298 1417 1358 1449 ego
1372 1408 1451 1441 nihil
1465 1411 1584 1442 addam.

1126 1445 1401 1491 Quemadmodum
1433 1461 1511 1483 vero
1545 1452 1726 1485 Haloander
1757 1450 1842 1484 hunc
1872 1451 1901 1494 ᾗ.
1926 1461 1958 1494 7.

1088 1490 1255 1531 conjungit
1270 1492 1460 1532 praecedenti
1485 1493 1512 1535 §.
1529 1497 1559 1525 6.
1586 1493 1701 1526 inserta
1713 1493 1853 1535 exempli
1869 1500 1959 1534 nota,
1978 1513 1983 1516 -

1087 1532 1149 1563 hoc
1168 1532 1283 1572 modo,
1308 1543 1343 1566 ne
1365 1535 1494 1574 deczpr'at
1517 1535 1656 1576 profiteri
1682 1537 1975 1577 volentem-species*

1081 1574 1273 1614 pertinentes
1287 1577 1325 1607 ad
1344 1575 1495 1618 vefflgal.
1514 1585 1591 1618 puta
1606 1580 1839 1614 cinnamomum,
1867 1576 1912 1608 ita
1927 1575 1960 1609 &

1085 1615 1138 1647 hic
1156 1615 1187 1647 in
1204 1616 1285 1656 fine,
1310 1616 1456 1650 absoluto
1476 1620 1628 1651 mercium
1643 1620 1812 1661 catalogo,
1837 1617 1972 1659 adjicit„

1085 1657 1123 1692 ὅ*
1146 1665 1254 1691 οιειενα
1271 1682 1280 1698 ,
1313 1660 1398 1701 quod
1423 1660 1453 1692 δε
1479 1660 1623 1692 Alciatus
1650 1661 1744 1693 habet
1765 1657 1961 1700 Praetermzff.

1086 1700 1175 1732 Libr.
1193 1700 1216 1732 Ι.
1241 1701 1328 1733 verb.
1341 1704 1466 1742 species.
1511 1703 1571 1735 Sed
1601 1702 1632 1734 id
1660 1702 1794 1744 probare
1807 1711 1871 1734 non
1889 1708 1982 1746 pos-vsy

1087 1741 1169 1781 sum,
1197 1749 1292 1774 tantae
1308 1743 1392 1775 enim
1414 1743 1628 1775 multitudinis
1644 1743 1783 1783 recensio
1800 1742 1961 1785 postulat,
1972 1759 1980 1776 ,-

1087 1792 1143 1822 ne,
1175 1791 1211 1814 ut
1237 1783 1327 1825 supra
1352 1785 1482 1824 monui,
1507 1795 1542 1817 ca
1559 1785 1696 1826 exempli
1714 1786 1789 1817 loco
1805 1785 1960 1816 duntaxat

1087 1832 1267 1856 enumerata
1292 1825 1353 1857 effe
1375 1827 1514 1858 dicamus
1531 1850 1541 1864 ‚
1573 1827 1708 1858 maxime
1732 1827 1762 1858 δε
1777 1833 1908 1867 propter
1932 1824 1981 1871 3³³

1086 1867 1158 1897 item
1172 1866 1202 1897 in
1216 1865 1273 1906 fin.
1298 1869 1328 1898 d.
1351 1867 1379 1908 §.
1403 1877 1433 1908 7.
1461 1868 1546 1909 quod
1571 1867 1742 1909 perfectam
1756 1866 1895 1899 formam
1911 1875 1961 1898 vr-

1086 1908 1177 1940 detur
1192 1908 1339 1941 indicare.

1240 2000 1329 2036 VI.

277 2051 398 2114 Plulus
423 2083 607 2118 emendatus
632 2085 674 2119 L.
701 2084 765 2120 111.
793 2084 952 2120 Sentent.
980 2084 1026 2119 T.
1053 2085 1119 2120 VI.
1146 2085 1179 2133 §-
1208 2086 1428 2135 Supellefflle
1455 2091 1511 2135 67.
1539 2095 1574 2124 ut
1592 2088 1659 2136 fibi
1683 2087 1800 2136 constet
1826 2091 1861 2125 in

748 2134 789 2168 L.
818 2143 850 2178 3.
879 2133 909 2181 §.
933 2144 965 2168 2.
993 2133 1032 2169 ff.
1057 2134 1102 2170 de
1129 2135 1255 2181 Supell.
1283 2138 1392 2184 legat.

259 2233 332 2265 naeri
361 2231 442 2264 solet
461 2257 470 2273 ,
503 2234 577 2275 quid
600 2234 802 2277 supellectilis
818 2237 926 2278 legato
944 2238 1047 2269 conti-

280 2274 416 2306 neatur?
440 2274 479 2306 de
495 2285 534 2307 eo
553 2276 667 2309 Paulus
686 2278 809 2320 Fragm.
827 2280 865 2310 L.
877 2278 932 2311 IH.
947 2278 980 2310 T.
992 2279 1046 2311 VI.

281 2317 510 2357 §.supellefflle
526 2321 578 2357 67.
603 2318 634 2349 in
663 2318 747 2351 hunc
780 2320 909 2351 modum
936 2319 1050 2353 dixisse

173 2358 291 2390 fertur:
318 2358 505 2399 Supellectile
522 2360 642 2401 legata,
671 2367 779 2402 capsoe,
805 2363 939 2393 armaria
956 2385 965 2399 ,
992 2371 1050 2393 non

174 2402 267 2437 lulum
290 2400 461 2439 librorum,
492 2408 545 2432 aul
569 2411 632 2442 quae
653 2403 746 2444 vestis
774 2406 915 2444 ponenda
943 2406 1050 2445 grazia

165 2436 285 2484 'parata
302 2442 379 2481 szmt
396 2465 405 2479 ,
431 2444 575 2474 debemur
591 2466 602 2482 ,
624 2443 680 2482 sed
703 2444 864 2486 &byfflna
881 2469 889 2484 ,
917 2445 954 2480 ὃ)
981 2454 1050 2486 cry-

169 2483 319 2526 stallina,
349 2482 386 2517 ὅ)
403 2491 546 2524 argentea
561 2507 572 2524 ,
588 2484 638 2535 F&
653 2487 755 2518 vitrea
779 2488 873 2527 vasu,
894 2493 958 2534 lam
972 2488 1049 2525 esca-

173 2528 530 2612 1222„3?‘“''<²2{33‚{1²‘2‘².{²‚“
539 2527 739 2608 ‘sussnsslllsg
750 2528 1048 2617 Ῑέξέῗὲῗᾭέῗὲἷέῗ

174 2608 370 2641 hliothccam
393 2609 498 2649 legato
522 2609 651 2650 cedere,
675 2612 857 2652 neutiquam
877 2620 1049 2642 convenire

176 2649 294 2682 dixeris
314 2658 386 2680 cum
404 2648 480 2688 usu,
503 2658 544 2681 ex
565 2659 629 2692 quo
650 2659 753 2683 tamen
771 2653 947 2684 voluntatis
961 2652 1048 2683 clici-

178 2698 229 2723 tur
243 2691 463 2731 interpretatio
488 2692 506 2722 l.
532 2701 561 2732 7.
591 2691 618 2732 ᾗ.
646 2702 670 2723 ι.
701 2692 738 2728 &²
769 2703 798 2725 2.
813 2694 853 2735 ff.
877 2695 911 2724 de
933 2694 1046 2734 Supell.

178 2733 234 2773 leg.
258 2733 279 2764 l.
302 2736 354 2767 69.
369 2731 411 2774 ff.
436 2734 469 2763 de
492 2733 600 2772 Legat.
625 2731 682 2765 III.
706 2734 760 2765 ubi
779 2736 863 2766 enim
878 2734 1048 2766 bibliothe-

178 2784 213 2804 ca
231 2773 267 2804 ad
283 2772 371 2805 usum
388 2774 650 2806 oeconomicutn‘?
681 2784 899 2816 argumentum
924 2776 1049 2816 quidem

178 2814 315 2854 praebere
329 2815 515 2855 videbatur,
548 2814 633 2857 quod
658 2815 884 2848 bibliothecam
901 2816 1049 2857 instrutlo

179 2855 288 2886 cedere
307 2856 350 2886 ait
373 2857 394 2888 l.
424 2866 473 2888 12.
505 2856 534 2897 §.
557 2867 608 2898 34.
632 2857 673 2899 ff.
703 2859 737 2890 de
766 2857 859 2897 lustr.
888 2860 937 2890 vel
957 2857 1047 2898 inJlr.

180 2895 637 2973 l-{i·fffili{³u¹1‘¹⁵c⁸-fr'²¹ssssjit¹³&
654 2898 710 2971 ¹111}
739 2898 864 2973 TneYJi
879 2899 908 2972 ἣ
934 2900 1049 2973 illm*

180 2981 230 3009 23.
256 2948 368 3011 Pauluss
391 2981 419 3012 d.
449 2981 489 3012 L.
509 2980 564 3012 III.
592 2981 626 3012 T.
651 2949 764 3022 VIPpg.
791 2981 942 3022 instrum
969 2985 1049 3015 domo

181 3020 232 3060 56.
258 3017 308 3048 sed
331 3018 401 3052 sunt
424 3021 491 3053 haec
516 3022 608 3062 plane
628 3021 776 3062 diversa3
807 3023 1000 3056 bibliotheca
1018 3024 1048 3056 ὅ(

180 3057 456 3105 ίῡΡΕΙἊΟΧροάυηῑ
481 3063 628 3102 ίημηιῖὲο
639 3064 742 3103 fundo
759 3086 770 3103 ,
799 3064 842 3096 ob
869 3065 1047 3106 amplitudi—

180 3104 251 3141 nem
267 3107 374 3139 vocis,
397 3104 440 3133 all
458 3103 528 3134 ideo
548 3113 657 3135 verum
683 3114 747 3137 non
768 3105 832 3144 est,
856 3107 989 3138 alterum
1005 3107 1048 3138 al-

181 3145 277 3182 terius
291 3139 395 3179 legato
411 3144 577 3175 contineri.
623 3144 779 3191 Quinimo
792 3146 1048 3196 ffpreffcffluod

179 3186 223 3221 {¹¹⁵
247 3178 275 3209 d·
298 3179 326 3218 δ·
348 3181 714 3227 supellel'tile67.‘21ddita
740 3195 864 3219 ratione
889 3188 1047 3230 improbat

182 3217 260 3250 idem
277 3218 389 3253 Paulus
407 3232 439 3255 in
463 3225 485 3255 l.
508 3234 538 3265 3.
562 3224 591 3266 ᾗ.
612 3236 643 3260 2.
659 3227 703 3269 ff.
716 3229 752 3263 de
767 3228 880 3270 Supell.
895 3229 953 3272 leg.
975 3239 1047 3265 nam

1092 2241 1282 2272 enumeratis
1306 2242 1489 2282 quibusdam
1507 2267 1517 2283 ,
1550 2253 1618 2285 quae
1641 2242 1836 2284 supellectile
1860 2243 1960 2284 legata

1091 2281 1333 2321 contineantur,
1364 2285 1408 2316 ita
1430 2294 1527 2326 porro
1550 2284 1637 2316 infit:
1668 2285 1823 2316 Proeterea
1840 2285 1930 2325 capsis
1949 2306 1960 2322 ,

1091 2326 1238 2355 armaria.
1285 2325 1342 2356 Sed
1353 2329 1450 2367 sunt,
1487 2328 1540 2367 qui
1554 2326 1632 2358 reae
1648 2331 1779 2366 putant,
1801 2326 1905 2367 capsas
1925 2324 1962 2361 ὃ·

1092 2368 1226 2396 armaria
1241 2388 1248 2402 ,
1261 2365 1290 2405 fi
1308 2367 1452 2399 librorum
1464 2392 1472 2406 ‚
1487 2374 1541 2399 aut
1560 2366 1708 2409 vestium,
1727 2373 1781 2398 αυε
1795 2376 1962 2399 armamen-

1093 2411 1192 2438 torum
1214 2407 1354 2449 (rectius
1382 2409 1562 2441 Haloander
1576 2432 1587 2448 ,
1620 2417 1790 2447 armorum,
1820 2415 1856 2440 ut
1881 2407 1962 2450 apud

1092 2447 1242 2480 Bafilicos
1259 2459 1384 2491 quoquc
1402 2451 1513 2491 abi-am)
1532 2453 1640 2492 gratia
1661 2456 1773 2491 parata
1786 2449 1850 2490 sim
1867 2473 1877 2488 ,
1905 2457 1963 2482 non

1091 2488 1144 2529 effe
1167 2492 1199 2521 in
1212 2490 1417 2531 flcppellec‘lili
1433 2502 1441 2523 :
1474 2494 1546 2533 quia
1571 2502 1606 2523 ne
1622 2493 1663 2524 hae
1677 2494 1795 2533 quidem
1812 2491 1879 2532 ipsoe
1893 2501 1962 2530 ns,

1091 2531 1198 2572 quibus
1220 2533 1381 2564 adtributae
1397 2533 1504 2573 estem,
1525 2534 1746 2574 suppellectilis
1764 2533 1963 2574 instrumento

1091 2574 1239 2605 cederent.
1281 2573 1450 2606 Rationem
1469 2599 1478 2614 ,
1510 2584 1602 2616 quam
1626 2575 1732 2614 addit,
1757 2583 1862 2607 veram
1881 2573 1962 2615 ene,

1090 2614 1175 2655 quod
1199 2615 1236 2646 ad
1256 2615 1425 2656 pugillares
1455 2617 1484 2648 dt
1510 2617 1636 2648 codices
1652 2640 1662 2656 ,
1695 2615 1760 2658 ipse
1778 2616 1833 2648 ille
1849 2615 1963 2649 Paulus

1091 2664 1132 2686 ex
1160 2656 1307 2697 Alpheno
1329 2657 1424 2689 docet
1452 2657 1482 2688 in
1516 2658 1538 2690 l.
1561 2662 1591 2689 6.
1623 2656 1651 2700 §.
1678 2665 1702 2689 1.
1721 2658 1763 2699 ff.
1785 2659 1820 2689 de
1849 2656 1984 2699 Sapen,-

1092 2696 1151 2737 leg.
1175 2697 1227 2735 &‚
1250 2697 1334 2738 quod
1352 2698 1389 2729 ad
1406 2697 1541 2737 vestem,
1566 2699 1761 2741 Pomponius
1776 2699 1808 2731 in
1832 2699 1853 2730 l.
1874 2707 1900 2731 1.
1918 2697 1963 2773 g:

1092 2740 1152 2770 eod.
1170 2739 1230 2770 Tic.
1262 2739 1293 2770 ὅ(
1307 2738 1417 2771 Celsus
1431 2749 1470 2771 cx
1487 2740 1661 2772 Tuberone
1676 2741 1708 2772 in
1723 2741 1744 2771 l.
1758 2749 1789 2782 7.
1819 2739 1848 2782 §.
1868 2748 1896 2772 1.
1951 2760 1964 2774 .

1091 2781 1151 2811 eod.
1169 2779 1274 2811 rursus
1291 2779 1352 2811 Tit.
1395 2781 1455 2812 Sed
1478 2781 1520 2812 ita
1543 2781 1657 2813 Paulus
1675 2782 1705 2813 in
1728 2782 1758 2813 d.
1782 2781 1803 2812 l.
1824 2791 1856 2822 3.
1876 2781 1906 2823 §.
1931 2791 1962 2815 2.

1092 2821 1191 2853 Paulo
1213 2821 1274 2852 erit
1295 2821 1458 2862 oppositus
1472 2823 1504 2853 in
1528 2824 1556 2853 d.
1581 2821 1608 2863 §.
1630 2823 1810 2864 l'upelleblile
1823 2826 1876 2864 67.
1897 2821 1962 2856 Cu*

1090 2862 1188 2934 llei?
1204 2861 1963 2947 §dsffssl‘lll’z'llepl?f⁶{{t5}⁰⁸slul³⁸im3³ffi§²³⁸?

1177 2926 1185 2933 ο
1226 2928 1232 2934 -
1248 2939 1252 2942 ξ
1499 2930 1504 2934 -
1630 2930 1640 2945 ,
1743 2931 1750 2938 ι
1787 2930 1793 2938 ι
1842 2929 1850 2938 ο
1899 2929 1907 2938 0
1950 2926 1963 2938 U

1018 2941 1048 2983 §.
1093 2942 1203 2975 refer-1⁴1
1229 2944 1475 2977 dissenticntium
1510 2946 1719 2987 opinionem,
1757 2947 1787 2979 &
1809 2948 1839 2976 τὸ
1859 2946 1961 2992 reeh,

1093 2984 1177 3024 quod
1200 2993 1278 3016 tune
1300 2986 1487 3026 Paulohnon
1509 2988 1696 3020 conveniret
1712 3011 1721 3027 ,
1752 2987 1814 3020 effe
1830 2998 1848 3020 a
1869 2995 1964 3020 manu

1091 3025 1292 3058 Triboniani.
1337 3027 1400 3059 Ubi
1418 3028 1536 3060 haerent
1554 3028 1762 3070 Interpretes,
1778 3029 1859 3061 male
1870 3028 1901 3062 se
1909 3028 1960 3060 hn-

1090 3066 1144 3097 bct
1169 3065 1259 3098 causa
1281 3067 1490 3109 Triboniani,
1521 3078 1612 3109 nam,
1636 3079 1709 3101 cum
1726 3070 1786 3102 alia
1800 3071 1883 3103 ratio
1896 3075 1960 3102 non

1091 3106 1262 3147 succurrit,
1288 3109 1318 3140 in
1335 3118 1406 3140 cum
1422 3109 1665 3152 quaquaverssun
1683 3110 1720 3143 fit
1735 3111 1870 3153 impetus
1905 3109 1960 3142 ob-

1091 3147 1174 3179 trusa
1188 3149 1344 3181 continuo
1360 3150 1419 3182 alia
1432 3151 1698 3193 jurisprudentia,
1721 3152 1820 3193 quam·
1828 3153 1860 3194 ip
1873 3161 1891 3184 e
1905 3149 1964 3183 sci-

1089 3189 1164 3221 licet
1188 3189 1433 3232 interpolatione
1454 3191 1506 3224 sua
1527 3193 1758 3226 interverterat.
1804 3190 1964 3266 guemad-

1089 3230 1219 3268 modum
1243 3241 1321 3267 vero
1343 3231 1462 3274 semper
1488 3233 1534 3266 fui
1560 3232 1734 3274 profcffus,
1756 3244 1806 3268 me
1845 3234 1870 3265 is
1886 3233 1960 3266 Ma-

1911 3272 1959 3314 gi-
