<?xml version="1.0" encoding="UTF-8"?>
<!DOCTYPE html PUBLIC "-//W3C//DTD XHTML 1.0 Transitional//EN"
    "http://www.w3.org/TR/xhtml1/DTD/xhtml1-transitional.dtd">
<html xmlns="http://www.w3.org/1999/xhtml" xml:lang="en" lang="en">
 <head>
  <title>
</title>
<meta http-equiv="Content-Type" content="text/html;charset=utf-8" />
  <meta name='ocr-system' content='tesseract 3.04.00' />
  <meta name='ocr-capabilities' content='ocr_page ocr_carea ocr_par ocr_line ocrx_word'/>
</head>
<body>
  <div class='ocr_page' id='page_1' title='image "./corneliivanbynke00bijn_0620.png"; bbox 0 0 2008 3436; ppageno 0'>
   <div class='ocr_carea' id='block_1_1' title="bbox 209 122 276 155">
    <p class='ocr_par' dir='ltr' id='par_1_1' title="bbox 209 122 276 155">
     <span class='ocr_line' id='line_1_1' title="bbox 209 122 276 155; baseline -0.015 -8"><span class='ocrx_word' id='word_1_1' title='bbox 209 122 276 155; x_wconf 82' lang='lat'><em>142</em></span> 
     </span>
    </p>
   </div>
   <div class='ocr_carea' id='block_1_2' title="bbox 577 97 1102 146">
    <p class='ocr_par' dir='ltr' id='par_1_2' title="bbox 577 97 1102 146">
     <span class='ocr_line' id='line_1_2' title="bbox 577 97 1102 146; baseline -0.002 0"><span class='ocrx_word' id='word_1_2' title='bbox 577 97 1102 146; x_wconf 80' lang='lat' dir='ltr'>CONSPECTUS</span> 
     </span>
    </p>
   </div>
   <div class='ocr_carea' id='block_1_3' title="bbox 1178 109 1563 148">
    <p class='ocr_par' dir='ltr' id='par_1_3' title="bbox 1178 109 1563 148">
     <span class='ocr_line' id='line_1_3' title="bbox 1178 109 1563 148; baseline 0.008 -3"><span class='ocrx_word' id='word_1_3' title='bbox 1178 109 1563 148; x_wconf 87' lang='lat' dir='ltr'><em>CAPITUM.</em></span> 
     </span>
    </p>
   </div>
   <div class='ocr_carea' id='block_1_4' title="bbox 1979 66 2003 121">
    <p class='ocr_par' dir='ltr' id='par_1_4' title="bbox 1979 66 2003 121">
     <span class='ocr_line' id='line_1_4' title="bbox 1979 66 2003 121; baseline 0.083 -2"><span class='ocrx_word' id='word_1_4' title='bbox 1979 66 2003 121; x_wconf 51' lang='lat' dir='ltr'><em>a}</em></span> 
     </span>
    </p>
   </div>
   <div class='ocr_carea' id='block_1_5' title="bbox 204 193 2004 282">
    <p class='ocr_par' dir='ltr' id='par_1_5' title="bbox 204 193 2004 282">
     <span class='ocr_line' id='line_1_5' title="bbox 204 193 1999 244; baseline 0.007 -18"><span class='ocrx_word' id='word_1_5' title='bbox 204 193 241 229; x_wconf 64' lang='grc' dir='ltr'><em>ὃ)</em></span> <span class='ocrx_word' id='word_1_6' title='bbox 256 205 353 237; x_wconf 83' lang='lat' dir='ltr'><em>quare.</em></span> <span class='ocrx_word' id='word_1_7' title='bbox 400 196 469 227; x_wconf 85' lang='lat' dir='ltr'><em>Sine</em></span> <span class='ocrx_word' id='word_1_8' title='bbox 485 197 600 228; x_wconf 85' lang='lat' dir='ltr'><em>macula</em></span> <span class='ocrx_word' id='word_1_9' title='bbox 615 198 740 228; x_wconf 76' lang='lat' dir='ltr'><em>nominis</em></span> <span class='ocrx_word' id='word_1_10' title='bbox 756 197 873 238; x_wconf 79' lang='lat' dir='ltr'><em>Belgici</em></span> <span class='ocrx_word' id='word_1_11' title='bbox 884 196 957 237; x_wconf 84' lang='lat' dir='ltr'><em>poffe</em></span> <span class='ocrx_word' id='word_1_12' title='bbox 975 197 1006 227; x_wconf 85' lang='lat' dir='ltr'><em>id</em></span> <span class='ocrx_word' id='word_1_13' title='bbox 1022 197 1063 236; x_wconf 78' lang='lat' dir='ltr'><em>ip·</em></span> <span class='ocrx_word' id='word_1_14' title='bbox 1106 198 1216 235; x_wconf 88' lang='lat' dir='ltr'><em>etiam,</em></span> <span class='ocrx_word' id='word_1_15' title='bbox 1239 199 1288 239; x_wconf 85' lang='lat' dir='ltr'><em>qui</em></span> <span class='ocrx_word' id='word_1_16' title='bbox 1300 205 1353 239; x_wconf 89' lang='lat' dir='ltr'><em>pro</em></span> <span class='ocrx_word' id='word_1_17' title='bbox 1372 198 1507 231; x_wconf 84' lang='lat' dir='ltr'><em>libertate</em></span> <span class='ocrx_word' id='word_1_18' title='bbox 1526 201 1617 232; x_wconf 86' lang='lat' dir='ltr'><em>maris</em></span> <span class='ocrx_word' id='word_1_19' title='bbox 1633 198 1797 241; x_wconf 79' lang='lat' dir='ltr'><em>testimonia</em></span> <span class='ocrx_word' id='word_1_20' title='bbox 1813 197 1957 242; x_wconf 57' lang='lat' dir='ltr'><em>dixerint&#39;:</em></span> <span class='ocrx_word' id='word_1_21' title='bbox 1986 195 1999 244; x_wconf 56' lang='grc' dir='ltr'><em>Ῠι</em></span> 
     </span>
     <span class='ocr_line' id='line_1_6' title="bbox 1097 237 2004 282; baseline 0.012 -14"><span class='ocrx_word' id='word_1_22' title='bbox 1097 237 1151 279; x_wconf 89' lang='lat' dir='ltr'><em>sed</em></span> <span class='ocrx_word' id='word_1_23' title='bbox 1168 240 1217 279; x_wconf 88' lang='lat' dir='ltr'><em>qui</em></span> <span class='ocrx_word' id='word_1_24' title='bbox 1226 247 1282 279; x_wconf 80' lang='lat' dir='ltr'><em>pro</em></span> <span class='ocrx_word' id='word_1_25' title='bbox 1307 241 1453 278; x_wconf 83' lang='lat' dir='ltr'><em>dominio,</em></span> <span class='ocrx_word' id='word_1_26' title='bbox 1468 242 1585 281; x_wconf 75' lang='lat' dir='ltr'><em>semper</em></span> <span class='ocrx_word' id='word_1_27' title='bbox 1610 243 1746 281; x_wconf 77' lang='lat' dir='ltr'><em>vincere,</em></span> <span class='ocrx_word' id='word_1_28' title='bbox 1761 247 1816 282; x_wconf 81' lang='lat' dir='ltr'><em>jeu</em></span> <span class='ocrx_word' id='word_1_29' title='bbox 1832 255 1954 280; x_wconf 85' lang='lat' dir='ltr'><em>numere·</em></span> <span class='ocrx_word' id='word_1_30' title='bbox 1982 244 2004 272; x_wconf 60' lang='grc' dir='ltr'><em>’ἵ</em></span> 
     </span>
    </p>
   </div>
   <div class='ocr_carea' id='block_1_6' title="bbox 196 236 1077 3282">
    <p class='ocr_par' dir='ltr' id='par_1_6' title="bbox 196 236 1063 352">
     <span class='ocr_line' id='line_1_7' title="bbox 196 236 1062 284; baseline 0.002 -19"><span class='ocrx_word' id='word_1_31' title='bbox 196 239 265 276; x_wconf 76' lang='lat' dir='ltr'><em>Jum</em></span> <span class='ocrx_word' id='word_1_32' title='bbox 286 236 321 271; x_wconf 73' lang='lat'><em>&amp;³</em></span> <span class='ocrx_word' id='word_1_33' title='bbox 337 236 462 269; x_wconf 83' lang='lat' dir='ltr'><em>Francis</em></span> <span class='ocrx_word' id='word_1_34' title='bbox 479 239 555 269; x_wconf 87' lang='lat' dir='ltr'><em>dari.</em></span> <span class='ocrx_word' id='word_1_35' title='bbox 601 237 700 284; x_wconf 74' lang='lat' dir='ltr'><em>Quam</em></span> <span class='ocrx_word' id='word_1_36' title='bbox 724 238 811 269; x_wconf 73' lang='lat' dir='ltr'><em>nullo</em></span> <span class='ocrx_word' id='word_1_37' title='bbox 831 244 928 269; x_wconf 88' lang='lat' dir='ltr'><em>tamen</em></span> <span class='ocrx_word' id='word_1_38' title='bbox 941 239 1009 280; x_wconf 85' lang='lat' dir='ltr'><em>jure</em></span> <span class='ocrx_word' id='word_1_39' title='bbox 1029 238 1062 267; x_wconf 90' lang='lat' dir='ltr'><em>de</em></span> 
     </span>
     <span class='ocr_line' id='line_1_8' title="bbox 205 276 1063 321; baseline 0.002 -14"><span class='ocrx_word' id='word_1_40' title='bbox 205 286 234 307; x_wconf 85' lang='lat' dir='ltr'><em>eo</em></span> <span class='ocrx_word' id='word_1_41' title='bbox 243 276 299 316; x_wconf 78' lang='lat' dir='ltr'><em>fibi</em></span> <span class='ocrx_word' id='word_1_42' title='bbox 316 278 506 310; x_wconf 80' lang='lat' dir='ltr'><em>blandiantur</em></span> <span class='ocrx_word' id='word_1_43' title='bbox 526 278 636 321; x_wconf 71' lang='lat' dir='ltr'><em>Angli.</em></span> <span class='ocrx_word' id='word_1_44' title='bbox 1004 287 1063 319; x_wconf 80' lang='lat'><em>130</em></span> 
     </span>
     <span class='ocr_line' id='line_1_9' title="bbox 507 319 758 352; baseline 0.004 -1"><span class='ocrx_word' id='word_1_45' title='bbox 507 319 535 351; x_wconf 92' lang='lat' dir='ltr'>C</span> <span class='ocrx_word' id='word_1_46' title='bbox 560 329 579 351; x_wconf 86' lang='lat' dir='ltr'><strong>A</strong></span> <span class='ocrx_word' id='word_1_47' title='bbox 605 332 632 352; x_wconf 85' lang='lat' dir='ltr'><em>P.</em></span> <span class='ocrx_word' id='word_1_48' title='bbox 687 320 758 352; x_wconf 87' lang='lat' dir='ltr'><em>VI.</em></span> 
     </span>
    </p>

    <p class='ocr_par' dir='ltr' id='par_1_7' title="bbox 199 359 1069 1585">
     <span class='ocr_line' id='line_1_10' title="bbox 248 359 1059 401; baseline -0.001 -10"><span class='ocrx_word' id='word_1_49' title='bbox 248 359 375 392; x_wconf 81' lang='lat' dir='ltr'><em>Venetos</em></span> <span class='ocrx_word' id='word_1_50' title='bbox 387 360 445 400; x_wconf 80' lang='lat' dir='ltr'><em>fibi</em></span> <span class='ocrx_word' id='word_1_51' title='bbox 469 361 626 401; x_wconf 77' lang='lat' dir='ltr'><em>adscribere</em></span> <span class='ocrx_word' id='word_1_52' title='bbox 649 363 739 392; x_wconf 88' lang='lat' dir='ltr'><em>maris</em></span> <span class='ocrx_word' id='word_1_53' title='bbox 763 361 918 393; x_wconf 79' lang='lat' dir='ltr'><em>Adriatici</em></span> <span class='ocrx_word' id='word_1_54' title='bbox 937 361 1059 392; x_wconf 85' lang='lat' dir='ltr'><em>domini-</em></span> 
     </span>
     <span class='ocr_line' id='line_1_11' title="bbox 204 402 1058 444; baseline 0.001 -13"><span class='ocrx_word' id='word_1_55' title='bbox 204 409 262 432; x_wconf 84' lang='lat' dir='ltr'><em>um.</em></span> <span class='ocrx_word' id='word_1_56' title='bbox 291 402 543 434; x_wconf 78' lang='lat' dir='ltr'><em>Graswinkelium</em></span> <span class='ocrx_word' id='word_1_57' title='bbox 563 403 593 433; x_wconf 90' lang='lat' dir='ltr'><em>id</em></span> <span class='ocrx_word' id='word_1_58' title='bbox 610 413 738 444; x_wconf 83' lang='lat' dir='ltr'><em>negare,</em></span> <span class='ocrx_word' id='word_1_59' title='bbox 755 404 828 443; x_wconf 82' lang='lat' dir='ltr'><em>sed,</em></span> <span class='ocrx_word' id='word_1_60' title='bbox 852 408 885 432; x_wconf 92' lang='lat' dir='ltr'><em>ut</em></span> <span class='ocrx_word' id='word_1_61' title='bbox 895 402 1009 443; x_wconf 80' lang='lat' dir='ltr'><em>semper</em></span> <span class='ocrx_word' id='word_1_62' title='bbox 1027 411 1058 432; x_wconf 90' lang='lat' dir='ltr'><em>a-</em></span> 
     </span>
     <span class='ocr_line' id='line_1_12' title="bbox 205 441 1060 485; baseline 0 -13"><span class='ocrx_word' id='word_1_63' title='bbox 205 441 280 481; x_wconf 88' lang='lat' dir='ltr'><em>lias,</em></span> <span class='ocrx_word' id='word_1_64' title='bbox 304 443 379 474; x_wconf 82' lang='lat' dir='ltr'><em>nihil</em></span> <span class='ocrx_word' id='word_1_65' title='bbox 397 453 493 485; x_wconf 88' lang='lat' dir='ltr'><em>agere.</em></span> <span class='ocrx_word' id='word_1_66' title='bbox 575 445 622 474; x_wconf 77' lang='lat' dir='ltr'><em>aid</em></span> <span class='ocrx_word' id='word_1_67' title='bbox 636 451 687 483; x_wconf 83' lang='lat' dir='ltr'><em>pro</em></span> <span class='ocrx_word' id='word_1_68' title='bbox 705 444 882 475; x_wconf 84' lang='lat' dir='ltr'><em>Venetorum</em></span> <span class='ocrx_word' id='word_1_69' title='bbox 899 443 984 483; x_wconf 82' lang='lat' dir='ltr'><em>causa</em></span> <span class='ocrx_word' id='word_1_70' title='bbox 1001 443 1060 472; x_wconf 86' lang='lat' dir='ltr'><em>dic-</em></span> 
     </span>
     <span class='ocr_line' id='line_1_13' title="bbox 204 482 1059 526; baseline 0 -13"><span class='ocrx_word' id='word_1_71' title='bbox 204 489 266 514; x_wconf 83' lang='lat' dir='ltr'><em>tum</em></span> <span class='ocrx_word' id='word_1_72' title='bbox 276 482 337 522; x_wconf 84' lang='lat' dir='ltr'><em>fit,</em></span> <span class='ocrx_word' id='word_1_73' title='bbox 363 483 398 519; x_wconf 68' lang='lat'><em>&amp;³</em></span> <span class='ocrx_word' id='word_1_74' title='bbox 409 489 491 524; x_wconf 81' lang='lat' dir='ltr'><em>porro</em></span> <span class='ocrx_word' id='word_1_75' title='bbox 500 485 558 515; x_wconf 83' lang='lat' dir='ltr'><em>dici</em></span> <span class='ocrx_word' id='word_1_76' title='bbox 573 484 667 524; x_wconf 83' lang='lat' dir='ltr'><em>poffet.</em></span> <span class='ocrx_word' id='word_1_77' title='bbox 715 484 766 515; x_wconf 84' lang='lat' dir='ltr'><em>Ex</em></span> <span class='ocrx_word' id='word_1_78' title='bbox 787 484 897 526; x_wconf 77' lang='lat' dir='ltr'><em>regulis</em></span> <span class='ocrx_word' id='word_1_79' title='bbox 916 485 949 514; x_wconf 89' lang='lat' dir='ltr'><em>de</em></span> <span class='ocrx_word' id='word_1_80' title='bbox 971 484 1059 525; x_wconf 80' lang='lat' dir='ltr'><em>origi-</em></span> 
     </span>
     <span class='ocr_line' id='line_1_14' title="bbox 204 523 1058 565; baseline 0.001 -11"><span class='ocrx_word' id='word_1_81' title='bbox 204 533 240 555; x_wconf 83' lang='lat' dir='ltr'><em>ne</em></span> <span class='ocrx_word' id='word_1_82' title='bbox 258 526 378 556; x_wconf 84' lang='lat' dir='ltr'><em>dominii</em></span> <span class='ocrx_word' id='word_1_83' title='bbox 395 535 454 556; x_wconf 88' lang='lat' dir='ltr'><em>rem</em></span> <span class='ocrx_word' id='word_1_84' title='bbox 481 523 530 565; x_wconf 84' lang='lat' dir='ltr'><em>effe</em></span> <span class='ocrx_word' id='word_1_85' title='bbox 543 524 717 565; x_wconf 83' lang='lat' dir='ltr'><em>finiendam.</em></span> <span class='ocrx_word' id='word_1_86' title='bbox 764 525 925 556; x_wconf 82' lang='lat' dir='ltr'><em>Secundum</em></span> <span class='ocrx_word' id='word_1_87' title='bbox 944 524 996 555; x_wconf 84' lang='lat' dir='ltr'><em>has</em></span> <span class='ocrx_word' id='word_1_88' title='bbox 1013 523 1058 555; x_wconf 90' lang='lat' dir='ltr'><em>A-</em></span> 
     </span>
     <span class='ocr_line' id='line_1_15' title="bbox 203 565 1060 607; baseline -0.001 -11"><span class='ocrx_word' id='word_1_89' title='bbox 203 566 325 596; x_wconf 85' lang='lat' dir='ltr'><em>driatici</em></span> <span class='ocrx_word' id='word_1_90' title='bbox 343 576 399 596; x_wconf 83' lang='lat' dir='ltr'><em>non</em></span> <span class='ocrx_word' id='word_1_91' title='bbox 422 565 472 606; x_wconf 85' lang='lat' dir='ltr'><em>effe</em></span> <span class='ocrx_word' id='word_1_92' title='bbox 494 567 640 604; x_wconf 80' lang='lat' dir='ltr'><em>dominos,</em></span> <span class='ocrx_word' id='word_1_93' title='bbox 662 565 718 604; x_wconf 80' lang='lat' dir='ltr'><em>nist</em></span> <span class='ocrx_word' id='word_1_94' title='bbox 736 575 792 606; x_wconf 88' lang='lat' dir='ltr'><em>qua</em></span> <span class='ocrx_word' id='word_1_95' title='bbox 809 565 956 607; x_wconf 86' lang='lat' dir='ltr'><em>poffident.</em></span> <span class='ocrx_word' id='word_1_96' title='bbox 988 565 1060 597; x_wconf 89' lang='lat' dir='ltr'><em>Non</em></span> 
     </span>
     <span class='ocr_line' id='line_1_16' title="bbox 202 605 1060 647; baseline -0.001 -10"><span class='ocrx_word' id='word_1_97' title='bbox 202 608 298 637; x_wconf 86' lang='lat' dir='ltr'><em>videri</em></span> <span class='ocrx_word' id='word_1_98' title='bbox 319 616 395 637; x_wconf 89' lang='lat' dir='ltr'><em>nunc</em></span> <span class='ocrx_word' id='word_1_99' title='bbox 420 605 573 647; x_wconf 86' lang='lat' dir='ltr'><em>poffidere,</em></span> <span class='ocrx_word' id='word_1_100' title='bbox 595 605 652 645; x_wconf 81' lang='lat' dir='ltr'><em>nisi</em></span> <span class='ocrx_word' id='word_1_101' title='bbox 679 608 731 638; x_wconf 84' lang='lat' dir='ltr'><em>has</em></span> <span class='ocrx_word' id='word_1_102' title='bbox 751 609 838 638; x_wconf 87' lang='lat' dir='ltr'><em>maris</em></span> <span class='ocrx_word' id='word_1_103' title='bbox 854 612 973 647; x_wconf 82' lang='lat' dir='ltr'><em>partes,</em></span> <span class='ocrx_word' id='word_1_104' title='bbox 998 607 1060 647; x_wconf 86' lang='lat' dir='ltr'><em>qui-</em></span> 
     </span>
     <span class='ocr_line' id='line_1_17' title="bbox 203 645 1060 689; baseline -0.001 -11"><span class='ocrx_word' id='word_1_105' title='bbox 203 649 255 678; x_wconf 85' lang='lat' dir='ltr'><em>bus</em></span> <span class='ocrx_word' id='word_1_106' title='bbox 274 657 310 678; x_wconf 88' lang='lat' dir='ltr'><em>ex</em></span> <span class='ocrx_word' id='word_1_107' title='bbox 330 649 492 678; x_wconf 82' lang='lat' dir='ltr'><em>continenti</em></span> <span class='ocrx_word' id='word_1_108' title='bbox 517 649 671 688; x_wconf 87' lang='lat' dir='ltr'><em>imperant.</em></span> <span class='ocrx_word' id='word_1_109' title='bbox 717 647 928 689; x_wconf 85' lang='lat' dir='ltr'><em>Poffeffionem,</em></span> <span class='ocrx_word' id='word_1_110' title='bbox 951 657 1010 688; x_wconf 68' lang='lat' dir='ltr'><em>quae</em></span> <span class='ocrx_word' id='word_1_111' title='bbox 1021 645 1060 686; x_wconf 87' lang='lat' dir='ltr'><em>fit</em></span> 
     </span>
     <span class='ocr_line' id='line_1_18' title="bbox 204 687 1060 729; baseline -0.001 -10"><span class='ocrx_word' id='word_1_112' title='bbox 204 690 278 719; x_wconf 83' lang='lat' dir='ltr'><em>dicis</em></span> <span class='ocrx_word' id='word_1_113' title='bbox 295 689 380 729; x_wconf 76' lang='lat' dir='ltr'><em>causti</em></span> <span class='ocrx_word' id='word_1_114' title='bbox 395 694 448 728; x_wconf 90' lang='lat' dir='ltr'><em>per</em></span> <span class='ocrx_word' id='word_1_115' title='bbox 465 687 702 729; x_wconf 73' lang='lat' dir='ltr'><em>desponsationem</em></span> <span class='ocrx_word' id='word_1_116' title='bbox 719 692 809 720; x_wconf 85' lang='lat' dir='ltr'><em>maris</em></span> <span class='ocrx_word' id='word_1_117' title='bbox 826 699 954 719; x_wconf 88' lang='lat' dir='ltr'><em>annuam</em></span> <span class='ocrx_word' id='word_1_118' title='bbox 967 711 977 726; x_wconf 88' lang='lat'>‚</span> <span class='ocrx_word' id='word_1_119' title='bbox 994 694 1060 728; x_wconf 89' lang='lat' dir='ltr'><em>pro-</em></span> 
     </span>
     <span class='ocr_line' id='line_1_19' title="bbox 205 729 1059 770; baseline -0.002 -9"><span class='ocrx_word' id='word_1_120' title='bbox 205 731 251 761; x_wconf 85' lang='lat' dir='ltr'><em>cul</em></span> <span class='ocrx_word' id='word_1_121' title='bbox 272 731 339 761; x_wconf 83' lang='lat' dir='ltr'><em>hinc</em></span> <span class='ocrx_word' id='word_1_122' title='bbox 356 730 514 760; x_wconf 79' lang='lat' dir='ltr'><em>habendam</em></span> <span class='ocrx_word' id='word_1_123' title='bbox 533 730 594 770; x_wconf 78' lang='lat' dir='ltr'><em>effe.</em></span> <span class='ocrx_word' id='word_1_124' title='bbox 640 729 767 761; x_wconf 77' lang='lat' dir='ltr'><em>Nullam</em></span> <span class='ocrx_word' id='word_1_125' title='bbox 787 740 914 768; x_wconf 86' lang='lat' dir='ltr'><em>navem,</em></span> <span class='ocrx_word' id='word_1_126' title='bbox 939 730 1059 760; x_wconf 80' lang='lat' dir='ltr'><em>navicu-</em></span> 
     </span>
     <span class='ocr_line' id='line_1_20' title="bbox 205 770 1062 813; baseline -0.002 -11"><span class='ocrx_word' id='word_1_127' title='bbox 205 772 284 810; x_wconf 82' lang='lat' dir='ltr'><em>lam,</em></span> <span class='ocrx_word' id='word_1_128' title='bbox 300 770 459 811; x_wconf 76' lang='lat' dir='ltr'><em>scapham,</em></span> <span class='ocrx_word' id='word_1_129' title='bbox 485 772 661 811; x_wconf 64' lang='lat' dir='ltr'><em>cyntbamz&#39;n</em></span> <span class='ocrx_word' id='word_1_130' title='bbox 686 771 842 802; x_wconf 72' lang='lat' dir='ltr'><em>Adriatico</em></span> <span class='ocrx_word' id='word_1_131' title='bbox 860 772 1004 813; x_wconf 79' lang='lat' dir='ltr'><em>navigare</em></span> <span class='ocrx_word' id='word_1_132' title='bbox 1024 771 1062 800; x_wconf 87' lang='lat' dir='ltr'><em>ad</em></span> 
     </span>
     <span class='ocr_line' id='line_1_21' title="bbox 203 811 1060 853; baseline -0.001 -10"><span class='ocrx_word' id='word_1_133' title='bbox 203 814 341 844; x_wconf 84' lang='lat' dir='ltr'><em>tuendam</em></span> <span class='ocrx_word' id='word_1_134' title='bbox 366 812 427 852; x_wconf 86' lang='lat' dir='ltr'><em>ejus</em></span> <span class='ocrx_word' id='word_1_135' title='bbox 449 811 644 853; x_wconf 81' lang='lat' dir='ltr'><em>poffiffiouem.</em></span> <span class='ocrx_word' id='word_1_136' title='bbox 690 812 870 853; x_wconf 86' lang='lat' dir='ltr'><em>Promiscuas</em></span> <span class='ocrx_word' id='word_1_137' title='bbox 892 813 1060 853; x_wconf 81' lang='lat' dir='ltr'><em>navigatio-</em></span> 
     </span>
     <span class='ocr_line' id='line_1_22' title="bbox 204 852 1065 895; baseline -0.001 -11"><span class='ocrx_word' id='word_1_138' title='bbox 204 864 254 884; x_wconf 88' lang='lat' dir='ltr'><em>nes</em></span> <span class='ocrx_word' id='word_1_139' title='bbox 267 853 460 895; x_wconf 58' lang='lat' dir='ltr'><em>nonsitfficere</em></span> <span class='ocrx_word' id='word_1_140' title='bbox 471 877 479 891; x_wconf 85' lang='lat'>‚</span> <span class='ocrx_word' id='word_1_141' title='bbox 498 854 540 888; x_wconf 50' lang='grc' dir='ltr'><em>ὅ)</em></span> <span class='ocrx_word' id='word_1_142' title='bbox 555 863 610 894; x_wconf 83' lang='lat' dir='ltr'><em>qua</em></span> <span class='ocrx_word' id='word_1_143' title='bbox 627 855 661 884; x_wconf 87' lang='lat' dir='ltr'><em>de</em></span> <span class='ocrx_word' id='word_1_144' title='bbox 677 852 772 894; x_wconf 85' lang='lat' dir='ltr'><em>causa.</em></span> <span class='ocrx_word' id='word_1_145' title='bbox 797 854 916 895; x_wconf 80' lang='lat' dir='ltr'><em>Julium</em></span> <span class='ocrx_word' id='word_1_146' title='bbox 939 853 1065 883; x_wconf 88' lang='lat' dir='ltr'><em>Pacium</em></span> 
     </span>
     <span class='ocr_line' id='line_1_23' title="bbox 204 894 1062 936; baseline -0.002 -10"><span class='ocrx_word' id='word_1_147' title='bbox 204 896 330 936; x_wconf 79' lang='lat' dir='ltr'><em>aliosque</em></span> <span class='ocrx_word' id='word_1_148' title='bbox 350 901 401 935; x_wconf 92' lang='lat' dir='ltr'><em>pro</em></span> <span class='ocrx_word' id='word_1_149' title='bbox 429 894 553 926; x_wconf 84' lang='lat' dir='ltr'><em>Venetis</em></span> <span class='ocrx_word' id='word_1_150' title='bbox 576 897 609 926; x_wconf 89' lang='lat' dir='ltr'><em>in</em></span> <span class='ocrx_word' id='word_1_151' title='bbox 634 896 739 934; x_wconf 88' lang='lat' dir='ltr'><em>primis</em></span> <span class='ocrx_word' id='word_1_152' title='bbox 757 896 897 926; x_wconf 74' lang='lat' dir='ltr'><em>advocare</em></span> <span class='ocrx_word' id='word_1_153' title='bbox 914 894 1062 935; x_wconf 72' lang='lat' dir='ltr'><em>prascrip-</em></span> 
     </span>
     <span class='ocr_line' id='line_1_24' title="bbox 204 934 1062 978; baseline -0.002 -11"><span class='ocrx_word' id='word_1_154' title='bbox 204 938 312 967; x_wconf 84' lang='lat' dir='ltr'><em>tionem</em></span> <span class='ocrx_word' id='word_1_155' title='bbox 332 937 413 978; x_wconf 80' lang='lat' dir='ltr'><em>longi</em></span> <span class='ocrx_word' id='word_1_156' title='bbox 430 937 572 976; x_wconf 86' lang='lat' dir='ltr'><em>temporis.</em></span> <span class='ocrx_word' id='word_1_157' title='bbox 618 936 667 967; x_wconf 80' lang='lat' dir='ltr'><em>Ea</em></span> <span class='ocrx_word' id='word_1_158' title='bbox 686 936 859 976; x_wconf 80' lang='lat' dir='ltr'><em>expellitur,</em></span> <span class='ocrx_word' id='word_1_159' title='bbox 878 934 907 974; x_wconf 81' lang='lat' dir='ltr'><em>fi</em></span> <span class='ocrx_word' id='word_1_160' title='bbox 924 937 1002 966; x_wconf 89' lang='lat' dir='ltr'><em>inter</em></span> <span class='ocrx_word' id='word_1_161' title='bbox 1019 936 1062 965; x_wconf 89' lang='lat' dir='ltr'><em>di-</em></span> 
     </span>
     <span class='ocr_line' id='line_1_25' title="bbox 203 978 1063 1019; baseline -0.001 -11"><span class='ocrx_word' id='word_1_162' title='bbox 203 978 298 1018; x_wconf 78' lang='lat' dir='ltr'><em>versos</em></span> <span class='ocrx_word' id='word_1_163' title='bbox 318 978 472 1017; x_wconf 72' lang='lat' dir='ltr'><em>Principes</em></span> <span class='ocrx_word' id='word_1_164' title='bbox 489 986 534 1008; x_wconf 82' lang='lat' dir='ltr'><em>res</em></span> <span class='ocrx_word' id='word_1_165' title='bbox 552 984 668 1019; x_wconf 82' lang='lat' dir='ltr'><em>agatur.</em></span> <span class='ocrx_word' id='word_1_166' title='bbox 718 978 815 1008; x_wconf 88' lang='lat' dir='ltr'><em>Grotii</em></span> <span class='ocrx_word' id='word_1_167' title='bbox 831 978 957 1018; x_wconf 79' lang='lat' dir='ltr'><em>quadam</em></span> <span class='ocrx_word' id='word_1_168' title='bbox 976 981 1063 1007; x_wconf 68' lang='lat' dir='ltr'><em>nscia-</em></span> 
     </span>
     <span class='ocr_line' id='line_1_26' title="bbox 204 1017 1062 1066; baseline -0.003 -16"><span class='ocrx_word' id='word_1_169' title='bbox 204 1020 256 1050; x_wconf 82' lang='lat' dir='ltr'><em>tio.</em></span> <span class='ocrx_word' id='word_1_170' title='bbox 301 1018 447 1066; x_wconf 67' lang='lat' dir='ltr'><em>Quamvis</em></span> <span class='ocrx_word' id='word_1_171' title='bbox 462 1017 638 1059; x_wconf 68' lang='lat' dir='ltr'><em>praescriptio</em></span> <span class='ocrx_word' id='word_1_172' title='bbox 663 1019 789 1049; x_wconf 79' lang='lat' dir='ltr'><em>obtinere</em></span> <span class='ocrx_word' id='word_1_173' title='bbox 817 1024 901 1059; x_wconf 87' lang='lat' dir='ltr'><em>queat</em></span> <span class='ocrx_word' id='word_1_174' title='bbox 922 1019 1000 1048; x_wconf 87' lang='lat' dir='ltr'><em>inter</em></span> <span class='ocrx_word' id='word_1_175' title='bbox 1019 1018 1062 1047; x_wconf 89' lang='lat' dir='ltr'><em>di-</em></span> 
     </span>
     <span class='ocr_line' id='line_1_27' title="bbox 200 1058 1063 1101; baseline -0.003 -10"><span class='ocrx_word' id='word_1_176' title='bbox 200 1058 314 1101; x_wconf 63' lang='lat' dir='ltr'><em>Jlincla</em></span> <span class='ocrx_word' id='word_1_177' title='bbox 334 1061 461 1090; x_wconf 75' lang='lat' dir='ltr'><em>invicem</em></span> <span class='ocrx_word' id='word_1_178' title='bbox 484 1061 624 1099; x_wconf 83' lang='lat' dir='ltr'><em>imperia,</em></span> <span class='ocrx_word' id='word_1_179' title='bbox 649 1065 779 1090; x_wconf 78' lang='lat' dir='ltr'><em>attamen</em></span> <span class='ocrx_word' id='word_1_180' title='bbox 799 1061 910 1090; x_wconf 89' lang='lat' dir='ltr'><em>ratione</em></span> <span class='ocrx_word' id='word_1_181' title='bbox 927 1061 1016 1090; x_wconf 87' lang='lat' dir='ltr'><em>maris</em></span> <span class='ocrx_word' id='word_1_182' title='bbox 1032 1058 1063 1088; x_wconf 87' lang='lat' dir='ltr'><em>id</em></span> 
     </span>
     <span class='ocr_line' id='line_1_28' title="bbox 206 1099 1060 1141; baseline -0.002 -9"><span class='ocrx_word' id='word_1_183' title='bbox 206 1102 418 1132; x_wconf 84' lang='lat' dir='ltr'><em>admittendum</em></span> <span class='ocrx_word' id='word_1_184' title='bbox 443 1110 500 1131; x_wconf 88' lang='lat' dir='ltr'><em>non</em></span> <span class='ocrx_word' id='word_1_185' title='bbox 518 1099 576 1141; x_wconf 72' lang='lat' dir='ltr'><em>este.</em></span> <span class='ocrx_word' id='word_1_186' title='bbox 656 1102 708 1131; x_wconf 88' lang='lat' dir='ltr'><em>uin</em></span> <span class='ocrx_word' id='word_1_187' title='bbox 729 1110 781 1131; x_wconf 89' lang='lat' dir='ltr'><em>nec</em></span> <span class='ocrx_word' id='word_1_188' title='bbox 801 1110 837 1131; x_wconf 83' lang='lat' dir='ltr'><em>ex</em></span> <span class='ocrx_word' id='word_1_189' title='bbox 857 1099 962 1131; x_wconf 55' lang='lat' dir='ltr'><em>Edicto</em></span> <span class='ocrx_word' id='word_1_190' title='bbox 983 1100 1060 1131; x_wconf 75' lang='lat' dir='ltr'><em>Prte-</em></span> 
     </span>
     <span class='ocr_line' id='line_1_29' title="bbox 208 1139 1060 1182; baseline -0.002 -9"><span class='ocrx_word' id='word_1_191' title='bbox 208 1143 279 1174; x_wconf 85' lang='lat' dir='ltr'><em>toris</em></span> <span class='ocrx_word' id='word_1_192' title='bbox 295 1152 357 1173; x_wconf 88' lang='lat' dir='ltr'><em>eam</em></span> <span class='ocrx_word' id='word_1_193' title='bbox 372 1143 418 1172; x_wconf 73' lang='lat' dir='ltr'><em>hic</em></span> <span class='ocrx_word' id='word_1_194' title='bbox 430 1143 590 1181; x_wconf 82' lang='lat' dir='ltr'><em>procedere.</em></span> <span class='ocrx_word' id='word_1_195' title='bbox 617 1141 715 1182; x_wconf 78' lang='lat' dir='ltr'><em>Deeffe</em></span> <span class='ocrx_word' id='word_1_196' title='bbox 729 1139 933 1182; x_wconf 72' lang='lat' dir='ltr'><em>poffiffionem‚</em></span> <span class='ocrx_word' id='word_1_197' title='bbox 952 1140 987 1175; x_wconf 68' lang='lat'><em>&amp;3⁹</em></span> <span class='ocrx_word' id='word_1_198' title='bbox 1001 1151 1060 1171; x_wconf 88' lang='lat' dir='ltr'><em>ma-</em></span> 
     </span>
     <span class='ocr_line' id='line_1_30' title="bbox 205 1180 1063 1226; baseline -0.003 -12"><span class='ocrx_word' id='word_1_199' title='bbox 205 1185 254 1226; x_wconf 83' lang='lat' dir='ltr'><em>gis</em></span> <span class='ocrx_word' id='word_1_200' title='bbox 276 1193 361 1221; x_wconf 81' lang='lat' dir='ltr'><em>eam,</em></span> <span class='ocrx_word' id='word_1_201' title='bbox 384 1183 466 1224; x_wconf 89' lang='lat' dir='ltr'><em>cujus</em></span> <span class='ocrx_word' id='word_1_202' title='bbox 492 1192 548 1214; x_wconf 87' lang='lat' dir='ltr'><em>non</em></span> <span class='ocrx_word' id='word_1_203' title='bbox 577 1182 667 1224; x_wconf 78' lang='lat' dir='ltr'><em>exstet</em></span> <span class='ocrx_word' id='word_1_204' title='bbox 689 1184 834 1214; x_wconf 85' lang='lat' dir='ltr'><em>memoria.</em></span> <span class='ocrx_word' id='word_1_205' title='bbox 883 1183 1001 1214; x_wconf 84' lang='lat' dir='ltr'><em>Grotius</em></span> <span class='ocrx_word' id='word_1_206' title='bbox 1027 1180 1063 1215; x_wconf 53' lang='grc' dir='ltr'><em>δέ)</em></span> 
     </span>
     <span class='ocr_line' id='line_1_31' title="bbox 208 1223 1062 1265; baseline -0.002 -11"><span class='ocrx_word' id='word_1_207' title='bbox 208 1225 357 1265; x_wconf 87' lang='lat' dir='ltr'><em>Vasquius</em></span> <span class='ocrx_word' id='word_1_208' title='bbox 372 1225 439 1265; x_wconf 82' lang='lat' dir='ltr'><em>quid</em></span> <span class='ocrx_word' id='word_1_209' title='bbox 459 1234 492 1254; x_wconf 91' lang='lat' dir='ltr'><em>ea</em></span> <span class='ocrx_word' id='word_1_210' title='bbox 513 1226 546 1255; x_wconf 92' lang='lat' dir='ltr'><em>de</em></span> <span class='ocrx_word' id='word_1_211' title='bbox 566 1235 594 1255; x_wconf 91' lang='lat' dir='ltr'><em>re</em></span> <span class='ocrx_word' id='word_1_212' title='bbox 616 1224 688 1256; x_wconf 69' lang='lat' dir='ltr'><em>recte</em></span> <span class='ocrx_word' id='word_1_213' title='bbox 700 1246 711 1262; x_wconf 85' lang='lat'><strong><em>,</em></strong></span> <span class='ocrx_word' id='word_1_214' title='bbox 735 1225 802 1265; x_wconf 88' lang='lat' dir='ltr'><em>quid</em></span> <span class='ocrx_word' id='word_1_215' title='bbox 807 1223 892 1264; x_wconf 84' lang='lat' dir='ltr'><em>secus</em></span> <span class='ocrx_word' id='word_1_216' title='bbox 906 1225 1062 1254; x_wconf 81' lang='lat' dir='ltr'><em>videantur</em></span> 
     </span>
     <span class='ocr_line' id='line_1_32' title="bbox 202 1262 1060 1308; baseline -0.003 -12"><span class='ocrx_word' id='word_1_217' title='bbox 202 1264 345 1308; x_wconf 70' lang='lat' dir='ltr'><em>statuiffe.</em></span> <span class='ocrx_word' id='word_1_218' title='bbox 391 1265 449 1296; x_wconf 88' lang='lat' dir='ltr'><em>Pro</em></span> <span class='ocrx_word' id='word_1_219' title='bbox 467 1266 589 1297; x_wconf 84' lang='lat' dir='ltr'><em>dominio</em></span> <span class='ocrx_word' id='word_1_220' title='bbox 614 1267 704 1296; x_wconf 81' lang='lat' dir='ltr'><em>utaris</em></span> <span class='ocrx_word' id='word_1_221' title='bbox 730 1263 880 1306; x_wconf 69' lang='lat' dir='ltr'><em>Ligustici</em></span> <span class='ocrx_word' id='word_1_222' title='bbox 904 1262 1060 1302; x_wconf 84' lang='lat' dir='ltr'><em>Genuenfi-</em></span> 
     </span>
     <span class='ocr_line' id='line_1_33' title="bbox 208 1305 1061 1348; baseline -0.005 -10"><span class='ocrx_word' id='word_1_223' title='bbox 208 1317 257 1339; x_wconf 85' lang='lat' dir='ltr'><em>um</em></span> <span class='ocrx_word' id='word_1_224' title='bbox 270 1313 369 1347; x_wconf 85' lang='lat' dir='ltr'><em>partes</em></span> <span class='ocrx_word' id='word_1_225' title='bbox 387 1305 471 1348; x_wconf 67' lang='lat' dir='ltr'><em>egrsffe</em></span> <span class='ocrx_word' id='word_1_226' title='bbox 488 1306 631 1347; x_wconf 77' lang='lat' dir='ltr'><em>Burgum.</em></span> <span class='ocrx_word' id='word_1_227' title='bbox 661 1305 752 1336; x_wconf 88' lang='lat' dir='ltr'><em>Hunc</em></span> <span class='ocrx_word' id='word_1_228' title='bbox 768 1306 836 1345; x_wconf 89' lang='lat' dir='ltr'><em>fere</em></span> <span class='ocrx_word' id='word_1_229' title='bbox 853 1306 949 1335; x_wconf 88' lang='lat' dir='ltr'><em>eadem</em></span> <span class='ocrx_word' id='word_1_230' title='bbox 970 1306 1061 1335; x_wconf 68' lang='lat' dir='ltr'><em>dixis-</em></span> 
     </span>
     <span class='ocr_line' id='line_1_34' title="bbox 199 1346 1064 1390; baseline -0.001 -13"><span class='ocrx_word' id='word_1_231' title='bbox 199 1348 257 1390; x_wconf 82' lang='lat' dir='ltr'><em>se,</em></span> <span class='ocrx_word' id='word_1_232' title='bbox 279 1357 338 1388; x_wconf 77' lang='lat' dir='ltr'><em>quae</em></span> <span class='ocrx_word' id='word_1_233' title='bbox 349 1352 401 1387; x_wconf 87' lang='lat' dir='ltr'><em>pro</em></span> <span class='ocrx_word' id='word_1_234' title='bbox 424 1346 536 1388; x_wconf 83' lang='lat' dir='ltr'><em>Anglis</em></span> <span class='ocrx_word' id='word_1_235' title='bbox 552 1347 587 1382; x_wconf 57' lang='grc' dir='ltr'><em>δ’</em></span> <span class='ocrx_word' id='word_1_236' title='bbox 606 1347 729 1378; x_wconf 85' lang='lat' dir='ltr'><em>Venetis</em></span> <span class='ocrx_word' id='word_1_237' title='bbox 747 1347 811 1378; x_wconf 85' lang='lat' dir='ltr'><em>alii.</em></span> <span class='ocrx_word' id='word_1_238' title='bbox 876 1346 908 1377; x_wconf 85' lang='lat' dir='ltr'><em>ui</em></span> <span class='ocrx_word' id='word_1_239' title='bbox 929 1347 1064 1377; x_wconf 81' lang='lat' dir='ltr'><em>Conuen-</em></span> 
     </span>
     <span class='ocr_line' id='line_1_35' title="bbox 200 1387 1066 1432; baseline -0.005 -12"><span class='ocrx_word' id='word_1_240' title='bbox 200 1389 250 1432; x_wconf 87' lang='lat' dir='ltr'><em>ses</em></span> <span class='ocrx_word' id='word_1_241' title='bbox 269 1398 345 1419; x_wconf 85' lang='lat' dir='ltr'><em>mare</em></span> <span class='ocrx_word' id='word_1_242' title='bbox 354 1388 442 1428; x_wconf 82' lang='lat' dir='ltr'><em>flium</em></span> <span class='ocrx_word' id='word_1_243' title='bbox 465 1389 622 1419; x_wconf 78' lang='lat' dir='ltr'><em>videantur</em></span> <span class='ocrx_word' id='word_1_244' title='bbox 637 1387 770 1428; x_wconf 78' lang='lat' dir='ltr'><em>poffidere</em></span> <span class='ocrx_word' id='word_1_245' title='bbox 783 1410 793 1426; x_wconf 84' lang='lat'>‚</span> <span class='ocrx_word' id='word_1_246' title='bbox 816 1397 866 1418; x_wconf 86' lang='lat' dir='ltr'><em>nec</em></span> <span class='ocrx_word' id='word_1_247' title='bbox 896 1394 1012 1425; x_wconf 85' lang='lat' dir='ltr'><em>tamen,</em></span> <span class='ocrx_word' id='word_1_248' title='bbox 1034 1391 1066 1417; x_wconf 90' lang='lat' dir='ltr'><em>ut</em></span> 
     </span>
     <span class='ocr_line' id='line_1_36' title="bbox 211 1427 1066 1469; baseline -0.002 -8"><span class='ocrx_word' id='word_1_249' title='bbox 211 1439 287 1462; x_wconf 83' lang='lat' dir='ltr'><em>nunc</em></span> <span class='ocrx_word' id='word_1_250' title='bbox 296 1440 309 1459; x_wconf 89' lang='lat' dir='ltr'><em>e</em></span> <span class='ocrx_word' id='word_1_251' title='bbox 305 1427 337 1469; x_wconf 75' lang='lat' dir='ltr'><em>sl</em></span> <span class='ocrx_word' id='word_1_252' title='bbox 346 1452 355 1466; x_wconf 88' lang='lat'>‚</span> <span class='ocrx_word' id='word_1_253' title='bbox 363 1427 528 1469; x_wconf 86' lang='lat' dir='ltr'><em>poffideant.</em></span> <span class='ocrx_word' id='word_1_254' title='bbox 543 1429 616 1460; x_wconf 77' lang='lat' dir='ltr'><em>Hac</em></span> <span class='ocrx_word' id='word_1_255' title='bbox 626 1439 677 1460; x_wconf 88' lang='lat' dir='ltr'><em>cur</em></span> <span class='ocrx_word' id='word_1_256' title='bbox 689 1430 732 1460; x_wconf 86' lang='lat' dir='ltr'><em>ita</em></span> <span class='ocrx_word' id='word_1_257' title='bbox 736 1427 797 1468; x_wconf 86' lang='lat' dir='ltr'><em>sint</em></span> <span class='ocrx_word' id='word_1_258' title='bbox 807 1450 818 1467; x_wconf 81' lang='grc'>,</span> <span class='ocrx_word' id='word_1_259' title='bbox 826 1428 938 1468; x_wconf 75' lang='lat' dir='ltr'><em>prolixe</em></span> <span class='ocrx_word' id='word_1_260' title='bbox 948 1438 1066 1459; x_wconf 88' lang='lat' dir='ltr'><em>enarra-</em></span> 
     </span>
     <span class='ocr_line' id='line_1_37' title="bbox 211 1469 1069 1512; baseline -0.002 -10"><span class='ocrx_word' id='word_1_261' title='bbox 211 1478 267 1502; x_wconf 83' lang='lat' dir='ltr'><em>tur.</em></span> <span class='ocrx_word' id='word_1_262' title='bbox 285 1470 328 1502; x_wconf 31' lang='lat' dir='ltr'><em>‘In</em></span> <span class='ocrx_word' id='word_1_263' title='bbox 328 1471 412 1512; x_wconf 86' lang='lat' dir='ltr'><em>juria</em></span> <span class='ocrx_word' id='word_1_264' title='bbox 422 1469 597 1501; x_wconf 70' lang='lat' dir='ltr'><em>Francorum</em></span> <span class='ocrx_word' id='word_1_265' title='bbox 608 1470 719 1512; x_wconf 80' lang='lat' dir='ltr'><em>Regem</em></span> <span class='ocrx_word' id='word_1_266' title='bbox 729 1481 806 1501; x_wconf 86' lang='lat' dir='ltr'><em>mare</em></span> <span class='ocrx_word' id='word_1_267' title='bbox 817 1469 1069 1501; x_wconf 71' lang='lat' dir='ltr'><em>Mediterraneum</em></span> 
     </span>
     <span class='ocr_line' id='line_1_38' title="bbox 204 1511 1066 1585; baseline -0.001 -43"><span class='ocrx_word' id='word_1_268' title='bbox 204 1511 261 1551; x_wconf 80' lang='lat' dir='ltr'><em>fibi</em></span> <span class='ocrx_word' id='word_1_269' title='bbox 279 1513 429 1552; x_wconf 78' lang='lat' dir='ltr'><em>adrogare.</em></span> <span class='ocrx_word' id='word_1_270' title='bbox 453 1511 523 1585; x_wconf 73' lang='lat' dir='ltr'><em>QuCa</em></span> <span class='ocrx_word' id='word_1_271' title='bbox 535 1513 646 1543; x_wconf 85' lang='lat' dir='ltr'><em>ratione</em></span> <span class='ocrx_word' id='word_1_272' title='bbox 655 1511 938 1584; x_wconf 48' lang='lat' dir='ltr'><em>fixtlsfss}z⁷n⁰ve72dus⁰</em></span> <span class='ocrx_word' id='word_1_273' title='bbox 1008 1520 1066 1553; x_wconf 81' lang='lat'><em>132</em></span> 
     </span>
    </p>

    <p class='ocr_par' dir='ltr' id='par_1_8' title="bbox 546 1562 778 1585">
     <span class='ocr_line' id='line_1_39' title="bbox 546 1562 778 1585; baseline -0.004 0"><span class='ocrx_word' id='word_1_274' title='bbox 546 1562 567 1585; x_wconf 84' lang='lat' dir='ltr'>A</span> <span class='ocrx_word' id='word_1_275' title='bbox 592 1563 619 1585; x_wconf 78' lang='grc' dir='ltr'><em>Ρ.</em></span> <span class='ocrx_word' id='word_1_276' title='bbox 771 1577 778 1584; x_wconf 93' lang='grc'><strong>.</strong></span> 
     </span>
    </p>

    <p class='ocr_par' dir='ltr' id='par_1_9' title="bbox 203 1593 1076 2544">
     <span class='ocr_line' id='line_1_40' title="bbox 248 1593 1067 1636; baseline -0.001 -10"><span class='ocrx_word' id='word_1_277' title='bbox 248 1594 379 1636; x_wconf 74' lang='lat' dir='ltr'><em>Belgas,</em></span> <span class='ocrx_word' id='word_1_278' title='bbox 398 1604 449 1625; x_wconf 90' lang='lat' dir='ltr'><em>uu</em></span> <span class='ocrx_word' id='word_1_279' title='bbox 477 1596 566 1626; x_wconf 81' lang='lat' dir='ltr'><em>maris</em></span> <span class='ocrx_word' id='word_1_280' title='bbox 585 1593 620 1629; x_wconf 63' lang='grc' dir='ltr'><em>ἐπ”</em></span> <span class='ocrx_word' id='word_1_281' title='bbox 637 1593 744 1636; x_wconf 64' lang='lat' dir='ltr'><em>fratta</em></span> <span class='ocrx_word' id='word_1_282' title='bbox 765 1599 934 1633; x_wconf 88' lang='lat' dir='ltr'><em>contentos,</em></span> <span class='ocrx_word' id='word_1_283' title='bbox 958 1594 1067 1625; x_wconf 89' lang='lat' dir='ltr'><em>nullius</em></span> 
     </span>
     <span class='ocr_line' id='line_1_41' title="bbox 209 1634 1067 1677; baseline -0.001 -10"><span class='ocrx_word' id='word_1_284' title='bbox 209 1638 362 1677; x_wconf 79' lang='lat' dir='ltr'><em>imperium</em></span> <span class='ocrx_word' id='word_1_285' title='bbox 371 1634 429 1675; x_wconf 79' lang='lat' dir='ltr'><em>sibi</em></span> <span class='ocrx_word' id='word_1_286' title='bbox 453 1637 615 1667; x_wconf 78' lang='lat' dir='ltr'><em>vindicare.</em></span> <span class='ocrx_word' id='word_1_287' title='bbox 662 1636 799 1667; x_wconf 70' lang='lat' dir='ltr'><em>Maritus</em></span> <span class='ocrx_word' id='word_1_288' title='bbox 815 1641 911 1667; x_wconf 80' lang='lat' dir='ltr'><em>tamen</em></span> <span class='ocrx_word' id='word_1_289' title='bbox 920 1636 1067 1677; x_wconf 73' lang='lat' dir='ltr'><em>fretisque</em></span> 
     </span>
     <span class='ocr_line' id='line_1_42' title="bbox 205 1676 1066 1723; baseline 0 -15"><span class='ocrx_word' id='word_1_290' title='bbox 205 1678 348 1719; x_wconf 73' lang='lat' dir='ltr'><em>proximis</em></span> <span class='ocrx_word' id='word_1_291' title='bbox 361 1679 471 1717; x_wconf 81' lang='lat' dir='ltr'><em>semper</em></span> <span class='ocrx_word' id='word_1_292' title='bbox 485 1677 641 1718; x_wconf 83' lang='lat' dir='ltr'><em>imperaffe.</em></span> <span class='ocrx_word' id='word_1_293' title='bbox 669 1676 734 1723; x_wconf 70' lang='lat' dir='ltr'><em>Qpi</em></span> <span class='ocrx_word' id='word_1_294' title='bbox 753 1677 788 1712; x_wconf 64' lang='grc' dir='ltr'><em>δ’</em></span> <span class='ocrx_word' id='word_1_295' title='bbox 805 1687 891 1718; x_wconf 87' lang='lat' dir='ltr'><em>quare</em></span> <span class='ocrx_word' id='word_1_296' title='bbox 911 1679 986 1709; x_wconf 85' lang='lat' dir='ltr'><em>mari</em></span> <span class='ocrx_word' id='word_1_297' title='bbox 1000 1676 1066 1708; x_wconf 87' lang='lat' dir='ltr'><em>Au-</em></span> 
     </span>
     <span class='ocr_line' id='line_1_43' title="bbox 203 1717 1067 1761; baseline -0.001 -11"><span class='ocrx_word' id='word_1_298' title='bbox 203 1717 294 1761; x_wconf 79' lang='lat' dir='ltr'><em>strali</em></span> <span class='ocrx_word' id='word_1_299' title='bbox 319 1719 459 1749; x_wconf 82' lang='lat' dir='ltr'><em>dominati</em></span> <span class='ocrx_word' id='word_1_300' title='bbox 479 1717 562 1758; x_wconf 82' lang='lat' dir='ltr'><em>stnt,</em></span> <span class='ocrx_word' id='word_1_301' title='bbox 587 1718 622 1754; x_wconf 51' lang='grc' dir='ltr'><em>ἐξ</em></span> <span class='ocrx_word' id='word_1_302' title='bbox 647 1722 738 1751; x_wconf 33' lang='lat' dir='ltr'><em>auriac</em></span> <span class='ocrx_word' id='word_1_303' title='bbox 758 1720 951 1750; x_wconf 81' lang='lat' dir='ltr'><em>dominentur.</em></span> <span class='ocrx_word' id='word_1_304' title='bbox 996 1719 1067 1749; x_wconf 80' lang='lat' dir='ltr'><em>Phi-</em></span> 
     </span>
     <span class='ocr_line' id='line_1_44' title="bbox 210 1757 1065 1802; baseline -0.001 -11"><span class='ocrx_word' id='word_1_305' title='bbox 210 1761 285 1800; x_wconf 88' lang='lat' dir='ltr'><em>lippi</em></span> <span class='ocrx_word' id='word_1_306' title='bbox 311 1759 466 1801; x_wconf 79' lang='lat' dir='ltr'><em>Burgundi</em></span> <span class='ocrx_word' id='word_1_307' title='bbox 481 1760 676 1802; x_wconf 75' lang='lat' dir='ltr'><em>privilegium</em></span> <span class='ocrx_word' id='word_1_308' title='bbox 702 1762 734 1791; x_wconf 89' lang='lat' dir='ltr'><em>in</em></span> <span class='ocrx_word' id='word_1_309' title='bbox 757 1770 786 1791; x_wconf 92' lang='lat' dir='ltr'><em>eo</em></span> <span class='ocrx_word' id='word_1_310' title='bbox 808 1761 908 1791; x_wconf 88' lang='lat' dir='ltr'><em>datum</em></span> <span class='ocrx_word' id='word_1_311' title='bbox 933 1757 1065 1800; x_wconf 80' lang='lat' dir='ltr'><em>Amfter-</em></span> 
     </span>
     <span class='ocr_line' id='line_1_45' title="bbox 209 1800 1066 1840; baseline -0.001 -7"><span class='ocrx_word' id='word_1_312' title='bbox 209 1800 416 1840; x_wconf 82' lang='lat' dir='ltr'><em>dammenfibus</em></span> <span class='ocrx_word' id='word_1_313' title='bbox 435 1824 444 1839; x_wconf 90' lang='lat'>‚</span> <span class='ocrx_word' id='word_1_314' title='bbox 476 1801 512 1836; x_wconf 57' lang='grc' dir='ltr'><em>ἐξ)</em></span> <span class='ocrx_word' id='word_1_315' title='bbox 538 1808 641 1833; x_wconf 77' lang='lat' dir='ltr'><em>exortae</em></span> <span class='ocrx_word' id='word_1_316' title='bbox 662 1803 741 1833; x_wconf 88' lang='lat' dir='ltr'><em>circa</em></span> <span class='ocrx_word' id='word_1_317' title='bbox 764 1802 794 1832; x_wconf 88' lang='lat' dir='ltr'><em>id</em></span> <span class='ocrx_word' id='word_1_318' title='bbox 821 1803 916 1833; x_wconf 65' lang='lat' dir='ltr'><em>turbae.</em></span> <span class='ocrx_word' id='word_1_319' title='bbox 962 1801 1066 1833; x_wconf 89' lang='lat' dir='ltr'><em>Etiam</em></span> 
     </span>
     <span class='ocr_line' id='line_1_46' title="bbox 210 1841 1066 1884; baseline -0.001 -10"><span class='ocrx_word' id='word_1_320' title='bbox 210 1841 317 1880; x_wconf 82' lang='lat' dir='ltr'><em>Friflos</em></span> <span class='ocrx_word' id='word_1_321' title='bbox 338 1841 458 1882; x_wconf 84' lang='lat' dir='ltr'><em>turbaffe</em></span> <span class='ocrx_word' id='word_1_322' title='bbox 471 1865 480 1881; x_wconf 88' lang='lat'>,</span> <span class='ocrx_word' id='word_1_323' title='bbox 504 1842 796 1884; x_wconf 70' lang='lat' dir='ltr'><em>&amp;quemadmodum</em></span> <span class='ocrx_word' id='word_1_324' title='bbox 820 1852 853 1873; x_wconf 90' lang='lat' dir='ltr'><em>ea</em></span> <span class='ocrx_word' id='word_1_325' title='bbox 873 1853 918 1873; x_wconf 87' lang='lat' dir='ltr'><em>res</em></span> <span class='ocrx_word' id='word_1_326' title='bbox 928 1841 969 1881; x_wconf 85' lang='lat' dir='ltr'><em>fit</em></span> <span class='ocrx_word' id='word_1_327' title='bbox 995 1853 1066 1874; x_wconf 90' lang='lat' dir='ltr'><em>com-</em></span> 
     </span>
     <span class='ocr_line' id='line_1_47' title="bbox 209 1882 1067 1926; baseline 0.001 -13"><span class='ocrx_word' id='word_1_328' title='bbox 209 1882 313 1925; x_wconf 85' lang='lat' dir='ltr'><em>pofita.</em></span> <span class='ocrx_word' id='word_1_329' title='bbox 344 1882 555 1914; x_wconf 77' lang='lat' dir='ltr'><em>Maximiliani</em></span> <span class='ocrx_word' id='word_1_330' title='bbox 573 1885 788 1926; x_wconf 81' lang='lat' dir='ltr'><em>privilegium,</em></span> <span class='ocrx_word' id='word_1_331' title='bbox 810 1893 863 1924; x_wconf 86' lang='lat' dir='ltr'><em>quo</em></span> <span class='ocrx_word' id='word_1_332' title='bbox 883 1883 1067 1924; x_wconf 61' lang='lat' dir='ltr'><em>Eacozumzis</em></span> 
     </span>
     <span class='ocr_line' id='line_1_48' title="bbox 211 1925 1065 1966; baseline 0 -10"><span class='ocrx_word' id='word_1_333' title='bbox 211 1927 245 1956; x_wconf 90' lang='lat' dir='ltr'><em>in</em></span> <span class='ocrx_word' id='word_1_334' title='bbox 263 1925 338 1955; x_wconf 89' lang='lat' dir='ltr'><em>mari</em></span> <span class='ocrx_word' id='word_1_335' title='bbox 358 1925 535 1956; x_wconf 86' lang='lat' dir='ltr'><em>territorium</em></span> <span class='ocrx_word' id='word_1_336' title='bbox 560 1926 639 1957; x_wconf 88' lang='lat' dir='ltr'><em>dedit</em></span> <span class='ocrx_word' id='word_1_337' title='bbox 653 1932 708 1966; x_wconf 88' lang='lat' dir='ltr'><em>per</em></span> <span class='ocrx_word' id='word_1_338' title='bbox 733 1925 860 1956; x_wconf 83' lang='lat' dir='ltr'><em>milliare</em></span> <span class='ocrx_word' id='word_1_339' title='bbox 882 1926 1065 1966; x_wconf 85' lang='lat' dir='ltr'><em>quadratum.</em></span> 
     </span>
     <span class='ocr_line' id='line_1_49' title="bbox 210 1964 1067 2009; baseline -0.002 -11"><span class='ocrx_word' id='word_1_340' title='bbox 210 1964 388 2006; x_wconf 78' lang='lat' dir='ltr'><em>Poteftatem</em></span> <span class='ocrx_word' id='word_1_341' title='bbox 408 1967 583 1997; x_wconf 82' lang='lat' dir='ltr'><em>continentis</em></span> <span class='ocrx_word' id='word_1_342' title='bbox 597 1967 781 2007; x_wconf 71' lang='lat' dir='ltr'><em>ibiaccipio&#39;v</em></span> <span class='ocrx_word' id='word_1_343' title='bbox 794 1967 895 1998; x_wconf 49' lang='lat' dir='ltr'><em>ward.</em></span> <span class='ocrx_word' id='word_1_344' title='bbox 922 1966 997 1997; x_wconf 89' lang='lat' dir='ltr'><em>Alia</em></span> <span class='ocrx_word' id='word_1_345' title='bbox 1007 1967 1067 2009; x_wconf 84' lang='lat' dir='ltr'><em>ejus</em></span> 
     </span>
     <span class='ocr_line' id='line_1_50' title="bbox 211 2006 1066 2049; baseline 0 -11"><span class='ocrx_word' id='word_1_346' title='bbox 211 2007 362 2038; x_wconf 87' lang='lat' dir='ltr'><em>locutionis</em></span> <span class='ocrx_word' id='word_1_347' title='bbox 379 2007 512 2047; x_wconf 84' lang='lat' dir='ltr'><em>exempla</em></span> <span class='ocrx_word' id='word_1_348' title='bbox 533 2009 609 2047; x_wconf 88' lang='lat' dir='ltr'><em>apud</em></span> <span class='ocrx_word' id='word_1_349' title='bbox 636 2007 763 2039; x_wconf 85' lang='lat' dir='ltr'><em>Dionem</em></span> <span class='ocrx_word' id='word_1_350' title='bbox 790 2006 1015 2049; x_wconf 68' lang='lat' dir='ltr'><em>Chrysoftomum</em></span> <span class='ocrx_word' id='word_1_351' title='bbox 1033 2009 1066 2038; x_wconf 88' lang='lat' dir='ltr'><em>de</em></span> 
     </span>
     <span class='ocr_line' id='line_1_51' title="bbox 212 2044 1065 2091; baseline 0.001 -13"><span class='ocrx_word' id='word_1_352' title='bbox 212 2044 346 2090; x_wconf 72' lang='lat' dir='ltr'><em>Augusto</em></span> <span class='ocrx_word' id='word_1_353' title='bbox 355 2070 365 2086; x_wconf 89' lang='lat'>,</span> <span class='ocrx_word' id='word_1_354' title='bbox 382 2053 414 2078; x_wconf 90' lang='lat' dir='ltr'><em>ut</em></span> <span class='ocrx_word' id='word_1_355' title='bbox 433 2047 469 2082; x_wconf 56' lang='grc' dir='ltr'><em>ὅ)</em></span> <span class='ocrx_word' id='word_1_356' title='bbox 480 2049 514 2079; x_wconf 85' lang='lat' dir='ltr'><em>de</em></span> <span class='ocrx_word' id='word_1_357' title='bbox 527 2048 656 2080; x_wconf 87' lang='lat' dir='ltr'><em>Ballivio</em></span> <span class='ocrx_word' id='word_1_358' title='bbox 671 2059 809 2091; x_wconf 86' lang='lat' dir='ltr'><em>aquarum</em></span> <span class='ocrx_word' id='word_1_359' title='bbox 824 2050 857 2080; x_wconf 90' lang='lat' dir='ltr'><em>in</em></span> <span class='ocrx_word' id='word_1_360' title='bbox 873 2048 941 2080; x_wconf 85' lang='lat' dir='ltr'><em>Con</em></span> <span class='ocrx_word' id='word_1_361' title='bbox 949 2048 1065 2080; x_wconf 81' lang='lat' dir='ltr'><em>suetud.</em></span> 
     </span>
     <span class='ocr_line' id='line_1_52' title="bbox 211 2088 1068 2130; baseline -0.002 -8"><span class='ocrx_word' id='word_1_362' title='bbox 211 2088 427 2129; x_wconf 79' lang='lat' dir='ltr'><em>Middelburg.</em></span> <span class='ocrx_word' id='word_1_363' title='bbox 474 2089 533 2120; x_wconf 88' lang='lat' dir='ltr'><em>Cur</em></span> <span class='ocrx_word' id='word_1_364' title='bbox 558 2090 741 2122; x_wconf 76' lang='lat' dir='ltr'><em>ea-latitudo</em></span> <span class='ocrx_word' id='word_1_365' title='bbox 757 2091 894 2121; x_wconf 85' lang='lat' dir='ltr'><em>videatur</em></span> <span class='ocrx_word' id='word_1_366' title='bbox 908 2089 1068 2130; x_wconf 73' lang='lat' dir='ltr'><em>placuiſje,</em></span> 
     </span>
     <span class='ocr_line' id='line_1_53' title="bbox 212 2129 1068 2172; baseline 0.001 -12"><span class='ocrx_word' id='word_1_367' title='bbox 212 2129 249 2164; x_wconf 62' lang='lat'><em>59⁹</em></span> <span class='ocrx_word' id='word_1_368' title='bbox 265 2139 349 2170; x_wconf 88' lang='lat' dir='ltr'><em>quam</em></span> <span class='ocrx_word' id='word_1_369' title='bbox 363 2129 407 2160; x_wconf 91' lang='lat' dir='ltr'><em>ita</em></span> <span class='ocrx_word' id='word_1_370' title='bbox 422 2139 466 2160; x_wconf 91' lang='lat' dir='ltr'><em>res</em></span> <span class='ocrx_word' id='word_1_371' title='bbox 484 2131 649 2163; x_wconf 78' lang='lat' dir='ltr'><em>intricetur.</em></span> <span class='ocrx_word' id='word_1_372' title='bbox 695 2132 733 2163; x_wconf 87' lang='lat' dir='ltr'><em>V</em></span> <span class='ocrx_word' id='word_1_373' title='bbox 728 2129 820 2172; x_wconf 83' lang='lat' dir='ltr'><em>astum</em></span> <span class='ocrx_word' id='word_1_374' title='bbox 842 2131 993 2162; x_wconf 80' lang='lat' dir='ltr'><em>Oceanum</em></span> <span class='ocrx_word' id='word_1_375' title='bbox 1004 2137 1068 2171; x_wconf 84' lang='lat' dir='ltr'><em>pos-</em></span> 
     </span>
     <span class='ocr_line' id='line_1_54' title="bbox 205 2169 1070 2212; baseline 0.002 -11"><span class='ocrx_word' id='word_1_376' title='bbox 205 2169 296 2210; x_wconf 83' lang='lat' dir='ltr'><em>sideri</em></span> <span class='ocrx_word' id='word_1_377' title='bbox 309 2179 375 2202; x_wconf 51' lang='lat' dir='ltr'><em>¹non</em></span> <span class='ocrx_word' id='word_1_378' title='bbox 386 2170 469 2211; x_wconf 82' lang='lat' dir='ltr'><em>poffe.</em></span> <span class='ocrx_word' id='word_1_379' title='bbox 511 2171 621 2203; x_wconf 81' lang='lat' dir='ltr'><em>Omnes</em></span> <span class='ocrx_word' id='word_1_380' title='bbox 644 2174 769 2204; x_wconf 82' lang='lat' dir='ltr'><em>omnium</em></span> <span class='ocrx_word' id='word_1_381' title='bbox 786 2172 961 2212; x_wconf 82' lang='lat' dir='ltr'><em>Principum</em></span> <span class='ocrx_word' id='word_1_382' title='bbox 980 2181 1070 2203; x_wconf 76' lang='lat' dir='ltr'><em>naves</em></span> 
     </span>
     <span class='ocr_line' id='line_1_55' title="bbox 211 2211 1069 2254; baseline 0 -10"><span class='ocrx_word' id='word_1_383' title='bbox 211 2213 239 2244; x_wconf 87' lang='lat' dir='ltr'><em>ei</em></span> <span class='ocrx_word' id='word_1_384' title='bbox 258 2212 302 2243; x_wconf 90' lang='lat' dir='ltr'><em>rei</em></span> <span class='ocrx_word' id='word_1_385' title='bbox 317 2220 375 2242; x_wconf 89' lang='lat' dir='ltr'><em>non</em></span> <span class='ocrx_word' id='word_1_386' title='bbox 391 2211 533 2253; x_wconf 73' lang='lat' dir='ltr'><em>sufficere.</em></span> <span class='ocrx_word' id='word_1_387' title='bbox 579 2213 629 2244; x_wconf 92' lang='lat' dir='ltr'><em>Ne</em></span> <span class='ocrx_word' id='word_1_388' title='bbox 647 2224 724 2245; x_wconf 89' lang='lat' dir='ltr'><em>mare</em></span> <span class='ocrx_word' id='word_1_389' title='bbox 745 2213 937 2245; x_wconf 74' lang='lat' dir='ltr'><em>Atlanticum</em></span> <span class='ocrx_word' id='word_1_390' title='bbox 955 2214 1069 2254; x_wconf 84' lang='lat' dir='ltr'><em>quidem</em></span> 
     </span>
     <span class='ocr_line' id='line_1_56' title="bbox 212 2250 1068 2295; baseline 0 -10"><span class='ocrx_word' id='word_1_391' title='bbox 212 2253 289 2286; x_wconf 79' lang='lat' dir='ltr'><em>reae</em></span> <span class='ocrx_word' id='word_1_392' title='bbox 308 2250 435 2292; x_wconf 81' lang='lat' dir='ltr'><em>claffibus</em></span> <span class='ocrx_word' id='word_1_393' title='bbox 459 2251 611 2294; x_wconf 41' lang='lat' dir='ltr'><em>custodiris</em></span> <span class='ocrx_word' id='word_1_394' title='bbox 654 2254 720 2286; x_wconf 91' lang='lat' dir='ltr'><em>Hoc</em></span> <span class='ocrx_word' id='word_1_395' title='bbox 732 2253 789 2293; x_wconf 81' lang='lat' dir='ltr'><em>fibi</em></span> <span class='ocrx_word' id='word_1_396' title='bbox 809 2255 965 2295; x_wconf 80' lang='lat' dir='ltr'><em>adscribere</em></span> <span class='ocrx_word' id='word_1_397' title='bbox 983 2253 1068 2293; x_wconf 84' lang='lat' dir='ltr'><em>Lusi-</em></span> 
     </span>
     <span class='ocr_line' id='line_1_57' title="bbox 213 2294 1067 2338; baseline 0.001 -13"><span class='ocrx_word' id='word_1_398' title='bbox 213 2300 305 2326; x_wconf 82' lang='lat' dir='ltr'><em>tanos.</em></span> <span class='ocrx_word' id='word_1_399' title='bbox 338 2294 422 2338; x_wconf 72' lang='lat' dir='ltr'><em>Quin</em></span> <span class='ocrx_word' id='word_1_400' title='bbox 439 2294 588 2336; x_wconf 75' lang='lat' dir='ltr'><em>Hispanos</em></span> <span class='ocrx_word' id='word_1_401' title='bbox 601 2294 662 2334; x_wconf 85' lang='lat' dir='ltr'><em>fibi</em></span> <span class='ocrx_word' id='word_1_402' title='bbox 673 2318 684 2334; x_wconf 86' lang='lat'>‚</span> <span class='ocrx_word' id='word_1_403' title='bbox 706 2302 739 2327; x_wconf 90' lang='lat' dir='ltr'><em>ut</em></span> <span class='ocrx_word' id='word_1_404' title='bbox 759 2296 847 2337; x_wconf 76' lang='lat' dir='ltr'><em>vulgo</em></span> <span class='ocrx_word' id='word_1_405' title='bbox 856 2296 979 2335; x_wconf 86' lang='lat' dir='ltr'><em>fertur,</em></span> <span class='ocrx_word' id='word_1_406' title='bbox 1003 2297 1067 2326; x_wconf 86' lang='lat' dir='ltr'><em>uni-</em></span> 
     </span>
     <span class='ocr_line' id='line_1_58' title="bbox 213 2335 1069 2377; baseline -0.001 -9"><span class='ocrx_word' id='word_1_407' title='bbox 213 2335 328 2377; x_wconf 71' lang='lat' dir='ltr'><em>versum</em></span> <span class='ocrx_word' id='word_1_408' title='bbox 348 2339 509 2368; x_wconf 85' lang='lat' dir='ltr'><em>Oceanum.</em></span> <span class='ocrx_word' id='word_1_409' title='bbox 542 2336 591 2367; x_wconf 89' lang='lat' dir='ltr'><em>Ne</em></span> <span class='ocrx_word' id='word_1_410' title='bbox 609 2338 659 2368; x_wconf 85' lang='lat' dir='ltr'><em>hoc</em></span> <span class='ocrx_word' id='word_1_411' title='bbox 679 2346 781 2368; x_wconf 77' lang='lat' dir='ltr'><em>‘verum</em></span> <span class='ocrx_word' id='word_1_412' title='bbox 791 2337 852 2376; x_wconf 84' lang='lat' dir='ltr'><em>fit,</em></span> <span class='ocrx_word' id='word_1_413' title='bbox 876 2346 969 2367; x_wconf 82' lang='lat' dir='ltr'><em>eorum</em></span> <span class='ocrx_word' id='word_1_414' title='bbox 988 2336 1069 2367; x_wconf 87' lang='lat' dir='ltr'><em>tituli</em></span> 
     </span>
     <span class='ocr_line' id='line_1_59' title="bbox 213 2377 1068 2421; baseline 0.001 -14"><span class='ocrx_word' id='word_1_415' title='bbox 213 2378 298 2408; x_wconf 85' lang='lat' dir='ltr'><em>varie</em></span> <span class='ocrx_word' id='word_1_416' title='bbox 317 2378 503 2418; x_wconf 81' lang='lat' dir='ltr'><em>explicantur</em></span> <span class='ocrx_word' id='word_1_417' title='bbox 522 2377 558 2412; x_wconf 58' lang='grc' dir='ltr'><em>δ’</em></span> <span class='ocrx_word' id='word_1_418' title='bbox 577 2379 836 2421; x_wconf 81' lang='lat' dir='ltr'><em>interpunguntur.</em></span> <span class='ocrx_word' id='word_1_419' title='bbox 881 2377 958 2418; x_wconf 82' lang='lat' dir='ltr'><em>Jure</em></span> <span class='ocrx_word' id='word_1_420' title='bbox 971 2379 1068 2419; x_wconf 87' lang='lat' dir='ltr'><em>utique</em></span> 
     </span>
     <span class='ocr_line' id='line_1_60' title="bbox 213 2417 1068 2459; baseline 0 -10"><span class='ocrx_word' id='word_1_421' title='bbox 213 2419 358 2449; x_wconf 81' lang='lat' dir='ltr'><em>neminem</em></span> <span class='ocrx_word' id='word_1_422' title='bbox 382 2417 548 2459; x_wconf 83' lang='lat' dir='ltr'><em>zmiversum</em></span> <span class='ocrx_word' id='word_1_423' title='bbox 573 2418 723 2450; x_wconf 84' lang='lat' dir='ltr'><em>Oceanum</em></span> <span class='ocrx_word' id='word_1_424' title='bbox 739 2421 772 2450; x_wconf 86' lang='lat' dir='ltr'><em>in</em></span> <span class='ocrx_word' id='word_1_425' title='bbox 791 2421 948 2451; x_wconf 81' lang='lat' dir='ltr'><em>dominium</em></span> <span class='ocrx_word' id='word_1_426' title='bbox 975 2424 1068 2449; x_wconf 88' lang='lat' dir='ltr'><em>trans-</em></span> 
     </span>
     <span class='ocr_line' id='line_1_61' title="bbox 207 2459 893 2502; baseline 0.003 -12"><span class='ocrx_word' id='word_1_427' title='bbox 207 2460 335 2501; x_wconf 81' lang='lat' dir='ltr'><em>scribere</em></span> <span class='ocrx_word' id='word_1_428' title='bbox 348 2459 421 2500; x_wconf 76' lang='lat' dir='ltr'><em>poffe</em></span> <span class='ocrx_word' id='word_1_429' title='bbox 432 2482 442 2498; x_wconf 90' lang='lat'>,</span> <span class='ocrx_word' id='word_1_430' title='bbox 458 2465 574 2500; x_wconf 88' lang='lat' dir='ltr'><em>partem</em></span> <span class='ocrx_word' id='word_1_431' title='bbox 591 2460 685 2501; x_wconf 86' lang='lat' dir='ltr'><em>poffe,</em></span> <span class='ocrx_word' id='word_1_432' title='bbox 706 2460 742 2495; x_wconf 49' lang='grc' dir='ltr'><em>ἐξ</em></span> <span class='ocrx_word' id='word_1_433' title='bbox 757 2462 825 2502; x_wconf 84' lang='lat' dir='ltr'><em>quid</em></span> <span class='ocrx_word' id='word_1_434' title='bbox 838 2462 893 2492; x_wconf 87' lang='lat' dir='ltr'><em>ita.</em></span> 
     </span>
     <span class='ocr_line' id='line_1_62' title="bbox 214 2501 1076 2544; baseline -0.001 -12"><span class='ocrx_word' id='word_1_435' title='bbox 214 2510 265 2532; x_wconf 86' lang='lat' dir='ltr'><em>nos</em></span> <span class='ocrx_word' id='word_1_436' title='bbox 287 2502 322 2531; x_wconf 83' lang='lat' dir='ltr'><em>ab</em></span> <span class='ocrx_word' id='word_1_437' title='bbox 350 2506 467 2541; x_wconf 88' lang='lat' dir='ltr'><em>utroque</em></span> <span class='ocrx_word' id='word_1_438' title='bbox 493 2501 582 2532; x_wconf 88' lang='lat' dir='ltr'><em>latere</em></span> <span class='ocrx_word' id='word_1_439' title='bbox 614 2503 729 2533; x_wconf 82' lang='lat' dir='ltr'><em>Oceani</em></span> <span class='ocrx_word' id='word_1_440' title='bbox 751 2501 906 2544; x_wconf 88' lang='lat' dir='ltr'><em>poffidere,</em></span> <span class='ocrx_word' id='word_1_441' title='bbox 930 2511 981 2533; x_wconf 90' lang='lat' dir='ltr'><em>nec</em></span> <span class='ocrx_word' id='word_1_442' title='bbox 996 2503 1076 2542; x_wconf 87' lang='lat' dir='ltr'><em>quic-</em></span> 
     </span>
    </p>

    <p class='ocr_par' dir='ltr' id='par_1_10' title="bbox 211 2541 1076 2951">
     <span class='ocr_line' id='line_1_63' title="bbox 238 2541 1076 2581; baseline 0.002 -10"><span class='ocrx_word' id='word_1_443' title='bbox 238 2551 305 2572; x_wconf 87' lang='lat' dir='ltr'><em>uam</em></span> <span class='ocrx_word' id='word_1_444' title='bbox 324 2542 355 2572; x_wconf 88' lang='lat' dir='ltr'><em>id</em></span> <span class='ocrx_word' id='word_1_445' title='bbox 372 2543 411 2572; x_wconf 88' lang='lat' dir='ltr'><em>iis</em></span> <span class='ocrx_word' id='word_1_446' title='bbox 429 2541 561 2581; x_wconf 84' lang='lat' dir='ltr'><em>prodeffe.</em></span> <span class='ocrx_word' id='word_1_447' title='bbox 598 2542 690 2574; x_wconf 89' lang='lat' dir='ltr'><em>Ultra</em></span> <span class='ocrx_word' id='word_1_448' title='bbox 712 2543 857 2574; x_wconf 85' lang='lat' dir='ltr'><em>columnas</em></span> <span class='ocrx_word' id='word_1_449' title='bbox 876 2542 1017 2575; x_wconf 83' lang='lat' dir='ltr'><em>Herculis</em></span> <span class='ocrx_word' id='word_1_450' title='bbox 1031 2544 1076 2573; x_wconf 90' lang='lat' dir='ltr'><em>ni-</em></span> 
     </span>
     <span class='ocr_line' id='line_1_64' title="bbox 215 2552 1073 2624; baseline 0.002 -11"><span class='ocrx_word' id='word_1_451' title='bbox 215 2552 258 2613; x_wconf 63' lang='lat' dir='ltr'><em>gil</em></span> <span class='ocrx_word' id='word_1_452' title='bbox 270 2582 350 2623; x_wconf 88' lang='lat' dir='ltr'><em>juris</em></span> <span class='ocrx_word' id='word_1_453' title='bbox 362 2581 452 2622; x_wconf 87' lang='lat' dir='ltr'><em>fuiffe</em></span> <span class='ocrx_word' id='word_1_454' title='bbox 469 2582 622 2614; x_wconf 85' lang='lat' dir='ltr'><em>Romanis.</em></span> <span class='ocrx_word' id='word_1_455' title='bbox 671 2583 822 2615; x_wconf 81' lang='lat' dir='ltr'><em>Oceanum</em></span> <span class='ocrx_word' id='word_1_456' title='bbox 840 2594 935 2615; x_wconf 87' lang='lat' dir='ltr'><em>eorum</em></span> <span class='ocrx_word' id='word_1_457' title='bbox 956 2585 1073 2624; x_wconf 87' lang='lat' dir='ltr'><em>imperio</em></span> 
     </span>
     <span class='ocr_line' id='line_1_65' title="bbox 216 2622 1074 2665; baseline 0 -10"><span class='ocrx_word' id='word_1_458' title='bbox 216 2624 332 2655; x_wconf 79' lang='lat' dir='ltr'><em>excludi</em></span> <span class='ocrx_word' id='word_1_459' title='bbox 355 2624 432 2662; x_wconf 87' lang='lat' dir='ltr'><em>apud</em></span> <span class='ocrx_word' id='word_1_460' title='bbox 457 2622 625 2665; x_wconf 79' lang='lat' dir='ltr'><em>Virgilium</em></span> <span class='ocrx_word' id='word_1_461' title='bbox 651 2623 687 2658; x_wconf 52' lang='grc' dir='ltr'><em>δέ)</em></span> <span class='ocrx_word' id='word_1_462' title='bbox 707 2624 843 2656; x_wconf 84' lang='lat' dir='ltr'><em>Livium.</em></span> <span class='ocrx_word' id='word_1_463' title='bbox 887 2625 979 2665; x_wconf 84' lang='lat' dir='ltr'><em>Apud</em></span> <span class='ocrx_word' id='word_1_464' title='bbox 1002 2625 1074 2655; x_wconf 89' lang='lat' dir='ltr'><em>alios</em></span> 
     </span>
     <span class='ocr_line' id='line_1_66' title="bbox 211 2663 1073 2705; baseline 0.002 -11"><span class='ocrx_word' id='word_1_465' title='bbox 211 2663 240 2703; x_wconf 87' lang='lat' dir='ltr'><em>fi</em></span> <span class='ocrx_word' id='word_1_466' title='bbox 246 2664 381 2705; x_wconf 81' lang='lat' dir='ltr'><em>subditus</em></span> <span class='ocrx_word' id='word_1_467' title='bbox 393 2669 586 2703; x_wconf 86' lang='lat' dir='ltr'><em>proponatur,</em></span> <span class='ocrx_word' id='word_1_468' title='bbox 615 2663 765 2694; x_wconf 86' lang='lat' dir='ltr'><em>Oceanum</em></span> <span class='ocrx_word' id='word_1_469' title='bbox 777 2665 846 2704; x_wconf 87' lang='lat' dir='ltr'><em>fere</em></span> <span class='ocrx_word' id='word_1_470' title='bbox 867 2665 1073 2696; x_wconf 86' lang='lat' dir='ltr'><em>Britannicum</em></span> 
     </span>
     <span class='ocr_line' id='line_1_67' title="bbox 217 2704 1073 2747; baseline 0.001 -11"><span class='ocrx_word' id='word_1_471' title='bbox 217 2705 360 2745; x_wconf 63' lang='lat' dir='ltr'><em>intelligi.</em></span> <span class='ocrx_word' id='word_1_472' title='bbox 384 2704 511 2736; x_wconf 85' lang='lat' dir='ltr'><em>Nullam</em></span> <span class='ocrx_word' id='word_1_473' title='bbox 528 2704 608 2735; x_wconf 87' lang='lat' dir='ltr'><em>hodie</em></span> <span class='ocrx_word' id='word_1_474' title='bbox 631 2704 746 2735; x_wconf 84' lang='lat' dir='ltr'><em>Oceani</em></span> <span class='ocrx_word' id='word_1_475' title='bbox 767 2711 882 2744; x_wconf 86' lang='lat' dir='ltr'><em>partem</em></span> <span class='ocrx_word' id='word_1_476' title='bbox 900 2716 918 2736; x_wconf 92' lang='lat' dir='ltr'><em>a</em></span> <span class='ocrx_word' id='word_1_477' title='bbox 936 2716 1073 2747; x_wconf 88' lang='lat' dir='ltr'><em>quoquam</em></span> 
     </span>
     <span class='ocr_line' id='line_1_68' title="bbox 212 2744 1073 2787; baseline 0.001 -10"><span class='ocrx_word' id='word_1_478' title='bbox 212 2745 355 2787; x_wconf 83' lang='lat' dir='ltr'><em>poffideri.</em></span> <span class='ocrx_word' id='word_1_479' title='bbox 383 2745 435 2777; x_wconf 89' lang='lat' dir='ltr'><em>Ex</em></span> <span class='ocrx_word' id='word_1_480' title='bbox 452 2755 481 2776; x_wconf 91' lang='lat' dir='ltr'><em>eo</em></span> <span class='ocrx_word' id='word_1_481' title='bbox 492 2745 553 2786; x_wconf 82' lang='lat' dir='ltr'><em>Jolo</em></span> <span class='ocrx_word' id='word_1_482' title='bbox 571 2751 672 2776; x_wconf 89' lang='lat' dir='ltr'><em>contra</em></span> <span class='ocrx_word' id='word_1_483' title='bbox 690 2744 848 2784; x_wconf 84' lang='lat' dir='ltr'><em>Lufitanos</em></span> <span class='ocrx_word' id='word_1_484' title='bbox 867 2746 970 2787; x_wconf 81' lang='lat' dir='ltr'><em>offerta</em></span> <span class='ocrx_word' id='word_1_485' title='bbox 988 2748 1073 2778; x_wconf 84' lang='lat' dir='ltr'><em>liber-</em></span> 
     </span>
     <span class='ocr_line' id='line_1_69' title="bbox 220 2786 1076 2830; baseline 0 -12"><span class='ocrx_word' id='word_1_486' title='bbox 220 2793 266 2818; x_wconf 89' lang='lat' dir='ltr'><em>tas</em></span> <span class='ocrx_word' id='word_1_487' title='bbox 292 2788 460 2829; x_wconf 79' lang='lat' dir='ltr'><em>navigandi</em></span> <span class='ocrx_word' id='word_1_488' title='bbox 480 2787 517 2817; x_wconf 88' lang='lat' dir='ltr'><em>ad</em></span> <span class='ocrx_word' id='word_1_489' title='bbox 543 2786 660 2818; x_wconf 87' lang='lat' dir='ltr'><em>Indiam</em></span> <span class='ocrx_word' id='word_1_490' title='bbox 688 2786 792 2818; x_wconf 87' lang='lat' dir='ltr'><em>anm.</em></span> <span class='ocrx_word' id='word_1_491' title='bbox 840 2787 940 2818; x_wconf 87' lang='lat' dir='ltr'><em>Grotii</em></span> <span class='ocrx_word' id='word_1_492' title='bbox 959 2787 1076 2830; x_wconf 85' lang='lat' dir='ltr'><em>longum</em></span> 
     </span>
     <span class='ocr_line' id='line_1_70' title="bbox 219 2827 1073 2869; baseline 0.001 -10"><span class='ocrx_word' id='word_1_493' title='bbox 219 2829 354 2859; x_wconf 78' lang='lat' dir='ltr'><em>molimen</em></span> <span class='ocrx_word' id='word_1_494' title='bbox 366 2850 376 2866; x_wconf 84' lang='lat'><strong>,</strong></span> <span class='ocrx_word' id='word_1_495' title='bbox 399 2827 435 2863; x_wconf 62' lang='grc' dir='ltr'><em>ὅ)</em></span> <span class='ocrx_word' id='word_1_496' title='bbox 458 2829 585 2859; x_wconf 86' lang='lat' dir='ltr'><em>rationes</em></span> <span class='ocrx_word' id='word_1_497' title='bbox 605 2829 636 2858; x_wconf 88' lang='lat' dir='ltr'><em>in</em></span> <span class='ocrx_word' id='word_1_498' title='bbox 654 2827 729 2858; x_wconf 86' lang='lat' dir='ltr'><em>hanc</em></span> <span class='ocrx_word' id='word_1_499' title='bbox 748 2837 807 2858; x_wconf 87' lang='lat' dir='ltr'><em>rem</em></span> <span class='ocrx_word' id='word_1_500' title='bbox 829 2837 885 2859; x_wconf 87' lang='lat' dir='ltr'><em>non</em></span> <span class='ocrx_word' id='word_1_501' title='bbox 900 2828 974 2866; x_wconf 73' lang='lat' dir='ltr'><em>satis</em></span> <span class='ocrx_word' id='word_1_502' title='bbox 992 2835 1073 2869; x_wconf 74' lang='lat' dir='ltr'><em>apta.</em></span> 
     </span>
     <span class='ocr_line' id='line_1_71' title="bbox 221 2867 1074 2916; baseline 0 -16"><span class='ocrx_word' id='word_1_503' title='bbox 221 2869 308 2916; x_wconf 64' lang='lat' dir='ltr'><em>¹„Quod</em></span> <span class='ocrx_word' id='word_1_504' title='bbox 338 2879 416 2901; x_wconf 90' lang='lat' dir='ltr'><em>mare</em></span> <span class='ocrx_word' id='word_1_505' title='bbox 440 2869 613 2909; x_wconf 86' lang='lat' dir='ltr'><em>appellemus</em></span> <span class='ocrx_word' id='word_1_506' title='bbox 637 2867 791 2907; x_wconf 82' lang='lat' dir='ltr'><em>liberum,</em></span> <span class='ocrx_word' id='word_1_507' title='bbox 813 2869 886 2910; x_wconf 85' lang='lat' dir='ltr'><em>quod</em></span> <span class='ocrx_word' id='word_1_508' title='bbox 914 2868 1074 2908; x_wconf 78' lang='lat' dir='ltr'><em>clausum,</em></span> 
     </span>
     <span class='ocr_line' id='line_1_72' title="bbox 219 2911 1074 2951; baseline 0 -9"><span class='ocrx_word' id='word_1_509' title='bbox 219 2911 315 2942; x_wconf 80' lang='lat' dir='ltr'><em>brevis</em></span> <span class='ocrx_word' id='word_1_510' title='bbox 332 2912 473 2942; x_wconf 83' lang='lat' dir='ltr'><em>enaratio.</em></span> <span class='ocrx_word' id='word_1_511' title='bbox 1016 2919 1074 2951; x_wconf 78' lang='lat'><em>133</em></span> 
     </span>
    </p>

    <p class='ocr_par' dir='ltr' id='par_1_11' title="bbox 489 2950 802 2984">
     <span class='ocr_line' id='line_1_73' title="bbox 489 2950 802 2984; baseline 0 -1"><span class='ocrx_word' id='word_1_512' title='bbox 489 2950 517 2983; x_wconf 94' lang='lat' dir='ltr'>C</span> <span class='ocrx_word' id='word_1_513' title='bbox 538 2961 560 2984; x_wconf 77' lang='lat' dir='ltr'>A</span> <span class='ocrx_word' id='word_1_514' title='bbox 583 2961 610 2983; x_wconf 74' lang='grc' dir='ltr'><em>Ρ.</em></span> <span class='ocrx_word' id='word_1_515' title='bbox 670 2951 729 2984; x_wconf 95' lang='lat' dir='ltr'><em>VI</em></span> <span class='ocrx_word' id='word_1_516' title='bbox 747 2951 759 2983; x_wconf 96' lang='grc' dir='ltr'>Ι</span> <span class='ocrx_word' id='word_1_517' title='bbox 778 2950 802 2984; x_wconf 92' lang='lat'><em>1.</em></span> 
     </span>
    </p>

    <p class='ocr_par' dir='ltr' id='par_1_12' title="bbox 218 2991 1077 3282">
     <span class='ocr_line' id='line_1_74' title="bbox 263 2991 1072 3033; baseline 0 -9"><span class='ocrx_word' id='word_1_518' title='bbox 263 2992 385 3024; x_wconf 81' lang='lat' dir='ltr'><em>Veteres</em></span> <span class='ocrx_word' id='word_1_519' title='bbox 401 2992 542 3024; x_wconf 74' lang='lat' dir='ltr'><em>Auaores</em></span> <span class='ocrx_word' id='word_1_520' title='bbox 559 2994 649 3024; x_wconf 88' lang='lat' dir='ltr'><em>maris</em></span> <span class='ocrx_word' id='word_1_521' title='bbox 665 2993 822 3024; x_wconf 88' lang='lat' dir='ltr'><em>dominium</em></span> <span class='ocrx_word' id='word_1_522' title='bbox 842 3003 917 3025; x_wconf 87' lang='lat' dir='ltr'><em>nunc</em></span> <span class='ocrx_word' id='word_1_523' title='bbox 936 2991 1072 3033; x_wconf 86' lang='lat' dir='ltr'><em>adfirma-</em></span> 
     </span>
     <span class='ocr_line' id='line_1_75' title="bbox 218 3033 1072 3076; baseline -0.001 -10"><span class='ocrx_word' id='word_1_524' title='bbox 218 3044 268 3072; x_wconf 87' lang='lat' dir='ltr'><em>re,</em></span> <span class='ocrx_word' id='word_1_525' title='bbox 292 3044 369 3065; x_wconf 86' lang='lat' dir='ltr'><em>nunc</em></span> <span class='ocrx_word' id='word_1_526' title='bbox 386 3043 505 3074; x_wconf 80' lang='lat' dir='ltr'><em>negare.</em></span> <span class='ocrx_word' id='word_1_527' title='bbox 541 3034 602 3066; x_wconf 86' lang='lat' dir='ltr'><em>His</em></span> <span class='ocrx_word' id='word_1_528' title='bbox 617 3033 711 3075; x_wconf 85' lang='lat' dir='ltr'><em>illisve</em></span> <span class='ocrx_word' id='word_1_529' title='bbox 730 3039 872 3076; x_wconf 86' lang='lat' dir='ltr'><em>quatenus</em></span> <span class='ocrx_word' id='word_1_530' title='bbox 892 3035 1072 3066; x_wconf 82' lang='lat' dir='ltr'><em>tribuendum</em></span> 
     </span>
     <span class='ocr_line' id='line_1_76' title="bbox 219 3074 1074 3117; baseline 0.002 -12"><span class='ocrx_word' id='word_1_531' title='bbox 219 3075 366 3106; x_wconf 83' lang='lat' dir='ltr'><em>videatur.</em></span> <span class='ocrx_word' id='word_1_532' title='bbox 410 3074 468 3106; x_wconf 92' lang='lat' dir='ltr'><em>Pro</em></span> <span class='ocrx_word' id='word_1_533' title='bbox 484 3075 603 3116; x_wconf 85' lang='lat' dir='ltr'><em>imperio</em></span> <span class='ocrx_word' id='word_1_534' title='bbox 620 3076 766 3106; x_wconf 83' lang='lat' dir='ltr'><em>niaritimo</em></span> <span class='ocrx_word' id='word_1_535' title='bbox 780 3077 830 3116; x_wconf 85' lang='lat' dir='ltr'><em>qui</em></span> <span class='ocrx_word' id='word_1_536' title='bbox 859 3076 922 3107; x_wconf 90' lang='lat' dir='ltr'><em>loca</em></span> <span class='ocrx_word' id='word_1_537' title='bbox 937 3075 1074 3117; x_wconf 79' lang='lat' dir='ltr'><em>congeffie-</em></span> 
     </span>
     <span class='ocr_line' id='line_1_77' title="bbox 219 3116 1077 3158; baseline 0.005 -14"><span class='ocrx_word' id='word_1_538' title='bbox 219 3116 293 3145; x_wconf 88' lang='lat' dir='ltr'><em>rint.</em></span> <span class='ocrx_word' id='word_1_539' title='bbox 337 3116 412 3147; x_wconf 88' lang='lat' dir='ltr'><em>Alia</em></span> <span class='ocrx_word' id='word_1_540' title='bbox 438 3125 475 3147; x_wconf 84' lang='lat' dir='ltr'><em>ex</em></span> <span class='ocrx_word' id='word_1_541' title='bbox 502 3117 588 3153; x_wconf 87' lang='lat' dir='ltr'><em>aliis,</em></span> <span class='ocrx_word' id='word_1_542' title='bbox 611 3126 670 3157; x_wconf 82' lang='lat' dir='ltr'><em>quae</em></span> <span class='ocrx_word' id='word_1_543' title='bbox 692 3117 881 3154; x_wconf 59' lang='lat' dir='ltr'><em>indicantum</em></span> <span class='ocrx_word' id='word_1_544' title='bbox 913 3117 996 3155; x_wconf 90' lang='lat' dir='ltr'><em>alia,</em></span> <span class='ocrx_word' id='word_1_545' title='bbox 1019 3126 1077 3158; x_wconf 84' lang='lat' dir='ltr'><em>quoe</em></span> 
     </span>
     <span class='ocr_line' id='line_1_78' title="bbox 221 3155 1077 3197; baseline 0.001 -10"><span class='ocrx_word' id='word_1_546' title='bbox 221 3156 384 3187; x_wconf 78' lang='lat' dir='ltr'><em>recitantur</em></span> <span class='ocrx_word' id='word_1_547' title='bbox 411 3166 448 3187; x_wconf 89' lang='lat' dir='ltr'><em>ex</em></span> <span class='ocrx_word' id='word_1_548' title='bbox 467 3155 657 3195; x_wconf 85' lang='lat' dir='ltr'><em>Herodiano,</em></span> <span class='ocrx_word' id='word_1_549' title='bbox 677 3157 826 3197; x_wconf 56' lang='grc' dir='ltr'><em>’Λισολοφίᾳ</em></span> <span class='ocrx_word' id='word_1_550' title='bbox 854 3158 948 3190; x_wconf 81' lang='lat' dir='ltr'><em>variis</em></span> <span class='ocrx_word' id='word_1_551' title='bbox 976 3157 1077 3196; x_wconf 88' lang='lat' dir='ltr'><em>locis,</em></span> 
     </span>
     <span class='ocr_line' id='line_1_79' title="bbox 222 3196 1075 3240; baseline 0.006 -15"><span class='ocrx_word' id='word_1_552' title='bbox 222 3196 365 3235; x_wconf 88' lang='lat' dir='ltr'><em>Lucano,</em></span> <span class='ocrx_word' id='word_1_553' title='bbox 391 3197 551 3228; x_wconf 86' lang='lat' dir='ltr'><em>Claudiano</em></span> <span class='ocrx_word' id='word_1_554' title='bbox 566 3197 626 3232; x_wconf 62' lang='lat' dir='ltr'><em>&amp;a</em></span> <span class='ocrx_word' id='word_1_555' title='bbox 652 3197 805 3239; x_wconf 81' lang='lat' dir='ltr'><em>Inscriptio</em></span> <span class='ocrx_word' id='word_1_556' title='bbox 827 3200 954 3240; x_wconf 74' lang='lat' dir='ltr'><em>quadam</em></span> <span class='ocrx_word' id='word_1_557' title='bbox 979 3198 1075 3239; x_wconf 72' lang='lat' dir='ltr'><em>Thya·</em></span> 
     </span>
     <span class='ocr_line' id='line_1_80' title="bbox 220 3235 1075 3282; baseline 0.006 -14"><span class='ocrx_word' id='word_1_558' title='bbox 220 3238 343 3276; x_wconf 72' lang='lat' dir='ltr'><em>tirena5</em></span> <span class='ocrx_word' id='word_1_559' title='bbox 374 3235 409 3274; x_wconf 52' lang='grc' dir='ltr'><em>ὃ)</em></span> <span class='ocrx_word' id='word_1_560' title='bbox 432 3246 483 3270; x_wconf 85' lang='lat' dir='ltr'><em>cur</em></span> <span class='ocrx_word' id='word_1_561' title='bbox 511 3238 585 3272; x_wconf 83' lang='lat' dir='ltr'><em>hanc</em></span> <span class='ocrx_word' id='word_1_562' title='bbox 609 3238 845 3282; x_wconf 70' lang='lat' dir='ltr'><em>representemus.</em></span> <span class='ocrx_word' id='word_1_563' title='bbox 899 3240 971 3275; x_wconf 84' lang='lat' dir='ltr'><em>Non</em></span> <span class='ocrx_word' id='word_1_564' title='bbox 990 3239 1075 3282; x_wconf 85' lang='lat' dir='ltr'><em>deeffe</em></span> 
     </span>
    </p>
   </div>
   <div class='ocr_carea' id='block_1_7' title="bbox 941 2457 1078 2500">
    <p class='ocr_par' dir='ltr' id='par_1_13' title="bbox 941 2457 1078 2500">
     <span class='ocr_line' id='line_1_81' title="bbox 941 2457 1078 2500; baseline -0.007 -8"><span class='ocrx_word' id='word_1_565' title='bbox 941 2457 1078 2500; x_wconf 79' lang='lat' dir='ltr'><em>Castellu-</em></span> 
     </span>
    </p>
   </div>
   <div class='ocr_carea' id='block_1_8' title="bbox 1102 280 1751 400">
    <p class='ocr_par' dir='ltr' id='par_1_14' title="bbox 1102 280 1751 400">
     <span class='ocr_line' id='line_1_82' title="bbox 1102 280 1650 322; baseline 0.007 -13"><span class='ocrx_word' id='word_1_566' title='bbox 1102 289 1166 315; x_wconf 51' lang='lat' dir='ltr'><em>,mus</em></span> <span class='ocrx_word' id='word_1_567' title='bbox 1174 280 1362 319; x_wconf 71' lang='lat' dir='ltr'><em>sententias,</em></span> <span class='ocrx_word' id='word_1_568' title='bbox 1377 281 1433 322; x_wconf 71' lang='lat' dir='ltr'><em>seu</em></span> <span class='ocrx_word' id='word_1_569' title='bbox 1452 284 1650 322; x_wconf 77' lang='lat' dir='ltr'><em>ponderemus,</em></span> 
     </span>
     <span class='ocr_line' id='line_1_83' title="bbox 1105 321 1751 365; baseline 0.008 -15"><span class='ocrx_word' id='word_1_570' title='bbox 1105 321 1179 365; x_wconf 78' lang='lat' dir='ltr'><em>mari</em></span> <span class='ocrx_word' id='word_1_571' title='bbox 1195 321 1311 361; x_wconf 77' lang='lat' dir='ltr'><em>subdito</em></span> <span class='ocrx_word' id='word_1_572' title='bbox 1339 324 1501 363; x_wconf 83' lang='lat' dir='ltr'><em>quandoque</em></span> <span class='ocrx_word' id='word_1_573' title='bbox 1518 322 1665 364; x_wconf 62' lang='lat' dir='ltr'><em>suspectas</em></span> <span class='ocrx_word' id='word_1_574' title='bbox 1691 325 1751 364; x_wconf 73' lang='lat' dir='ltr'><em>effe.</em></span> 
     </span>
     <span class='ocr_line' id='line_1_84' title="bbox 1102 362 1329 400; baseline 0.018 -10"><span class='ocrx_word' id='word_1_575' title='bbox 1102 362 1329 400; x_wconf 80' lang='lat' dir='ltr'><em>discernendum.</em></span> 
     </span>
    </p>
   </div>
   <div class='ocr_carea' id='block_1_9' title="bbox 1798 325 1954 371">
    <p class='ocr_par' dir='ltr' id='par_1_15' title="bbox 1798 325 1954 371">
     <span class='ocr_line' id='line_1_85' title="bbox 1798 325 1954 371; baseline 0.013 -14"><span class='ocrx_word' id='word_1_576' title='bbox 1798 325 1863 371; x_wconf 58' lang='lat' dir='ltr'><em>Qut</em></span> <span class='ocrx_word' id='word_1_577' title='bbox 1878 329 1908 359; x_wconf 74' lang='lat' dir='ltr'><em>u</em></span> <span class='ocrx_word' id='word_1_578' title='bbox 1914 328 1954 368; x_wconf 61' lang='lat' dir='ltr'><em>fi»</em></span> 
     </span>
    </p>
   </div>
   <div class='ocr_carea' id='block_1_10' title="bbox 1375 283 2003 408">
    <p class='ocr_par' dir='ltr' id='par_1_16' title="bbox 1375 283 2003 408">
     <span class='ocr_line' id='line_1_86' title="bbox 1697 283 2001 328; baseline 0.016 -14"><span class='ocrx_word' id='word_1_579' title='bbox 1697 283 1955 328; x_wconf 73' lang='lat' dir='ltr'><em>Auctoritatespro</em></span> <span class='ocrx_word' id='word_1_580' title='bbox 2000 291 2001 294; x_wconf 76' lang='grc'>’</span> 
     </span>
     <span class='ocr_line' id='line_1_87' title="bbox 1375 363 2003 408; baseline 0.013 -15"><span class='ocrx_word' id='word_1_581' title='bbox 1375 363 1470 394; x_wconf 87' lang='lat' dir='ltr'><em>Locus</em></span> <span class='ocrx_word' id='word_1_582' title='bbox 1487 363 1623 405; x_wconf 64' lang='lat' dir='ltr'><em>Dionyfi?</em></span> <span class='ocrx_word' id='word_1_583' title='bbox 1645 364 1908 408; x_wconf 60' lang='lat' dir='ltr'><em>Halicarnassensu</em></span> <span class='ocrx_word' id='word_1_584' title='bbox 1923 372 1956 404; x_wconf 72' lang='lat' dir='ltr'><em>de</em></span> <span class='ocrx_word' id='word_1_585' title='bbox 1991 384 2003 400; x_wconf 51' lang='lat' dir='ltr'><em>u</em></span> 
     </span>
    </p>
   </div>
   <div class='ocr_carea' id='block_1_11' title="bbox 1103 401 1995 458">
    <p class='ocr_par' dir='ltr' id='par_1_17' title="bbox 1103 401 1995 458">
     <span class='ocr_line' id='line_1_88' title="bbox 1103 401 1995 458; baseline 0.011 -26"><span class='ocrx_word' id='word_1_586' title='bbox 1103 401 1298 435; x_wconf 86' lang='lat' dir='ltr'><em>Romanorum</em></span> <span class='ocrx_word' id='word_1_587' title='bbox 1315 405 1433 444; x_wconf 89' lang='lat' dir='ltr'><em>imperio</em></span> <span class='ocrx_word' id='word_1_588' title='bbox 1448 407 1593 436; x_wconf 77' lang='lat' dir='ltr'><em>maritimo</em></span> <span class='ocrx_word' id='word_1_589' title='bbox 1605 406 1767 446; x_wconf 75' lang='lat' dir='ltr'><em>postulatur</em></span> <span class='ocrx_word' id='word_1_590' title='bbox 1775 408 1859 448; x_wconf 84' lang='lat' dir='ltr'><em>falfi.</em></span> <span class='ocrx_word' id='word_1_591' title='bbox 1877 409 1956 458; x_wconf 56' lang='lat' dir='ltr'><em>Quo-</em></span> <span class='ocrx_word' id='word_1_592' title='bbox 1994 430 1995 434; x_wconf 65' lang='lat'><em>=</em></span> 
     </span>
    </p>
   </div>
   <div class='ocr_carea' id='block_1_12' title="bbox 1102 444 1957 612">
    <p class='ocr_par' dir='ltr' id='par_1_18' title="bbox 1102 444 1957 612">
     <span class='ocr_line' id='line_1_89' title="bbox 1103 444 1957 490; baseline 0.011 -16"><span class='ocrx_word' id='word_1_593' title='bbox 1103 444 1200 483; x_wconf 85' lang='lat' dir='ltr'><em>modo,</em></span> <span class='ocrx_word' id='word_1_594' title='bbox 1224 446 1334 485; x_wconf 85' lang='lat' dir='ltr'><em>quando</em></span> <span class='ocrx_word' id='word_1_595' title='bbox 1362 445 1397 480; x_wconf 52' lang='grc' dir='ltr'><em>ὃ</em></span> <span class='ocrx_word' id='word_1_596' title='bbox 1423 456 1559 487; x_wconf 80' lang='lat' dir='ltr'><em>quousque</em></span> <span class='ocrx_word' id='word_1_597' title='bbox 1581 447 1626 477; x_wconf 80' lang='lat' dir='ltr'><em>illi</em></span> <span class='ocrx_word' id='word_1_598' title='bbox 1650 450 1778 478; x_wconf 57' lang='lat' dir='ltr'><em>maribus</em></span> <span class='ocrx_word' id='word_1_599' title='bbox 1801 451 1957 490; x_wconf 73' lang='lat' dir='ltr'><em>imperave-</em></span> 
     </span>
     <span class='ocr_line' id='line_1_90' title="bbox 1102 485 1956 532; baseline 0.013 -19"><span class='ocrx_word' id='word_1_600' title='bbox 1102 485 1174 515; x_wconf 82' lang='lat' dir='ltr'><em>rint.</em></span> <span class='ocrx_word' id='word_1_601' title='bbox 1222 487 1381 517; x_wconf 89' lang='lat' dir='ltr'><em>Secundum</em></span> <span class='ocrx_word' id='word_1_602' title='bbox 1396 487 1452 517; x_wconf 74' lang='lat' dir='ltr'><em>haec</em></span> <span class='ocrx_word' id='word_1_603' title='bbox 1471 487 1648 528; x_wconf 63' lang='lat' dir='ltr'><em>Scriptorum</em></span> <span class='ocrx_word' id='word_1_604' title='bbox 1668 487 1830 529; x_wconf 77' lang='lat' dir='ltr'><em>testimonia</em></span> <span class='ocrx_word' id='word_1_605' title='bbox 1845 491 1894 532; x_wconf 80' lang='lat' dir='ltr'><em>effe</em></span> <span class='ocrx_word' id='word_1_606' title='bbox 1909 494 1956 524; x_wconf 84' lang='lat' dir='ltr'><em>in-</em></span> 
     </span>
     <span class='ocr_line' id='line_1_91' title="bbox 1103 525 1956 574; baseline 0.008 -19"><span class='ocrx_word' id='word_1_607' title='bbox 1103 525 1263 567; x_wconf 64' lang='lat' dir='ltr'><em>telligenda</em></span> <span class='ocrx_word' id='word_1_608' title='bbox 1286 527 1334 558; x_wconf 87' lang='lat' dir='ltr'><em>vel</em></span> <span class='ocrx_word' id='word_1_609' title='bbox 1348 527 1516 566; x_wconf 86' lang='lat' dir='ltr'><em>refutanda.</em></span> <span class='ocrx_word' id='word_1_610' title='bbox 1543 529 1689 569; x_wconf 61' lang='lat' dir='ltr'><em>Exempla</em></span> <span class='ocrx_word' id='word_1_611' title='bbox 1716 531 1875 570; x_wconf 71' lang='lat' dir='ltr'><em>Gentium,</em></span> <span class='ocrx_word' id='word_1_612' title='bbox 1898 543 1956 574; x_wconf 76' lang='lat' dir='ltr'><em>quoe</em></span> 
     </span>
     <span class='ocr_line' id='line_1_92' title="bbox 1103 568 1955 612; baseline 0.012 -16"><span class='ocrx_word' id='word_1_613' title='bbox 1103 569 1192 597; x_wconf 88' lang='lat' dir='ltr'><em>maris</em></span> <span class='ocrx_word' id='word_1_614' title='bbox 1210 569 1310 607; x_wconf 70' lang='lat' dir='ltr'><em>potitae</em></span> <span class='ocrx_word' id='word_1_615' title='bbox 1319 568 1403 608; x_wconf 70' lang='lat' dir='ltr'><em>siz-nt.</em></span> <span class='ocrx_word' id='word_1_616' title='bbox 1423 590 1429 596; x_wconf 84' lang='lat'><em>.</em></span> <span class='ocrx_word' id='word_1_617' title='bbox 1452 569 1609 610; x_wconf 69' lang='lat' dir='ltr'><em>Casauhoni</em></span> <span class='ocrx_word' id='word_1_618' title='bbox 1628 572 1743 612; x_wconf 68' lang='lat' dir='ltr'><em>objectio</em></span> <span class='ocrx_word' id='word_1_619' title='bbox 1762 573 1796 602; x_wconf 89' lang='lat' dir='ltr'><em>de</em></span> <span class='ocrx_word' id='word_1_620' title='bbox 1820 574 1955 606; x_wconf 78' lang='lat' dir='ltr'><em>vocabulo</em></span> 
     </span>
    </p>
   </div>
   <div class='ocr_carea' id='block_1_13' title="bbox 1104 609 1974 662">
    <p class='ocr_par' dir='ltr' id='par_1_19' title="bbox 1104 609 1974 662">
     <span class='ocr_line' id='line_1_93' title="bbox 1104 609 1974 662; baseline 0.015 -29"><span class='ocrx_word' id='word_1_621' title='bbox 1104 610 1337 647; x_wconf 52' lang='lat' dir='ltr'><em>samso-ozfflvb.</em></span> <span class='ocrx_word' id='word_1_622' title='bbox 1370 609 1448 640; x_wconf 89' lang='lat' dir='ltr'><em>Late</em></span> <span class='ocrx_word' id='word_1_623' title='bbox 1466 611 1634 649; x_wconf 85' lang='lat' dir='ltr'><em>defenditur</em></span> <span class='ocrx_word' id='word_1_624' title='bbox 1657 613 1811 653; x_wconf 72' lang='lat' dir='ltr'><em>aliquando</em></span> <span class='ocrx_word' id='word_1_625' title='bbox 1831 614 1861 644; x_wconf 86' lang='lat' dir='ltr'><em>id</em></span> <span class='ocrx_word' id='word_1_626' title='bbox 1880 614 1974 662; x_wconf 41' lang='lat' dir='ltr'><em>usis-rev</em></span> 
     </span>
    </p>
   </div>
   <div class='ocr_carea' id='block_1_14' title="bbox 1099 649 1958 694">
    <p class='ocr_par' dir='ltr' id='par_1_20' title="bbox 1099 649 1958 694">
     <span class='ocr_line' id='line_1_94' title="bbox 1099 649 1958 694; baseline 0.009 -16"><span class='ocrx_word' id='word_1_627' title='bbox 1099 649 1170 688; x_wconf 87' lang='lat' dir='ltr'><em>pari</em></span> <span class='ocrx_word' id='word_1_628' title='bbox 1189 650 1226 679; x_wconf 90' lang='lat' dir='ltr'><em>ad</em></span> <span class='ocrx_word' id='word_1_629' title='bbox 1244 650 1437 680; x_wconf 81' lang='lat' dir='ltr'><em>denotanduu</em></span> <span class='ocrx_word' id='word_1_630' title='bbox 1455 653 1544 682; x_wconf 83' lang='lat' dir='ltr'><em>maris</em></span> <span class='ocrx_word' id='word_1_631' title='bbox 1561 653 1722 691; x_wconf 71' lang='lat' dir='ltr'><em>imperitia.</em></span> <span class='ocrx_word' id='word_1_632' title='bbox 1754 653 1824 684; x_wconf 84' lang='lat' dir='ltr'><em>Nou</em></span> <span class='ocrx_word' id='word_1_633' title='bbox 1838 659 1958 694; x_wconf 49' lang='lat' dir='ltr'><em>promi&amp;&gt;</em></span> 
     </span>
    </p>
   </div>
   <div class='ocr_carea' id='block_1_15' title="bbox 1105 692 2006 904">
    <p class='ocr_par' dir='ltr' id='par_1_21' title="bbox 1105 692 2006 904">
     <span class='ocr_line' id='line_1_95' title="bbox 1105 692 2004 738; baseline 0.007 -19"><span class='ocrx_word' id='word_1_634' title='bbox 1105 699 1154 720; x_wconf 89' lang='lat' dir='ltr'><em>cue</em></span> <span class='ocrx_word' id='word_1_635' title='bbox 1181 695 1277 721; x_wconf 86' lang='lat' dir='ltr'><em>tamen</em></span> <span class='ocrx_word' id='word_1_636' title='bbox 1301 692 1482 722; x_wconf 72' lang='lat' dir='ltr'><em>admittenda</em></span> <span class='ocrx_word' id='word_1_637' title='bbox 1507 692 1557 732; x_wconf 85' lang='lat' dir='ltr'><em>effe</em></span> <span class='ocrx_word' id='word_1_638' title='bbox 1582 693 1635 723; x_wconf 88' lang='lat' dir='ltr'><em>illa</em></span> <span class='ocrx_word' id='word_1_639' title='bbox 1663 694 1804 725; x_wconf 83' lang='lat' dir='ltr'><em>Gentium</em></span> <span class='ocrx_word' id='word_1_640' title='bbox 1818 697 1957 738; x_wconf 57' lang='lat' dir='ltr'><em>prejudi-</em></span> <span class='ocrx_word' id='word_1_641' title='bbox 2002 711 2004 714; x_wconf 92' lang='lat'>·</span> 
     </span>
     <span class='ocr_line' id='line_1_96' title="bbox 1105 729 2005 778; baseline 0.007 -17"><span class='ocrx_word' id='word_1_642' title='bbox 1105 732 1162 761; x_wconf 88' lang='lat' dir='ltr'><em>cia.</em></span> <span class='ocrx_word' id='word_1_643' title='bbox 1210 731 1425 771; x_wconf 63' lang='lat' dir='ltr'><em>Oly&#39;curitatem</em></span> <span class='ocrx_word' id='word_1_644' title='bbox 1449 734 1556 763; x_wconf 79' lang='lat' dir='ltr'><em>veteris</em></span> <span class='ocrx_word' id='word_1_645' title='bbox 1573 735 1626 764; x_wconf 81' lang='lat' dir='ltr'><em>aevi</em></span> <span class='ocrx_word' id='word_1_646' title='bbox 1647 735 1680 764; x_wconf 88' lang='lat' dir='ltr'><em>in</em></span> <span class='ocrx_word' id='word_1_647' title='bbox 1698 735 1782 776; x_wconf 65' lang='lat' dir='ltr'><em>causa</em></span> <span class='ocrx_word' id='word_1_648' title='bbox 1799 736 1869 777; x_wconf 84' lang='lat' dir='ltr'><em>effe,</em></span> <span class='ocrx_word' id='word_1_649' title='bbox 1893 729 1959 778; x_wconf 53' lang='lat' dir='ltr'><em>quw-³</em></span> <span class='ocrx_word' id='word_1_650' title='bbox 2002 743 2005 772; x_wconf 66' lang='grc'><em>·,</em></span> 
     </span>
     <span class='ocr_line' id='line_1_97' title="bbox 1105 771 2005 818; baseline 0.002 -16"><span class='ocrx_word' id='word_1_651' title='bbox 1105 773 1200 802; x_wconf 84' lang='lat' dir='ltr'><em>minus</em></span> <span class='ocrx_word' id='word_1_652' title='bbox 1226 772 1332 813; x_wconf 81' lang='lat' dir='ltr'><em>liquido</em></span> <span class='ocrx_word' id='word_1_653' title='bbox 1357 774 1390 803; x_wconf 91' lang='lat' dir='ltr'><em>de</em></span> <span class='ocrx_word' id='word_1_654' title='bbox 1416 773 1461 803; x_wconf 83' lang='lat' dir='ltr'><em>his</em></span> <span class='ocrx_word' id='word_1_655' title='bbox 1479 775 1700 813; x_wconf 81' lang='lat' dir='ltr'><em>pronunciemus</em></span> <span class='ocrx_word' id='word_1_656' title='bbox 1720 799 1730 812; x_wconf 90' lang='lat'>‚</span> <span class='ocrx_word' id='word_1_657' title='bbox 1755 776 1790 810; x_wconf 65' lang='lat'><em>{5⁹</em></span> <span class='ocrx_word' id='word_1_658' title='bbox 1814 787 1900 818; x_wconf 78' lang='lat' dir='ltr'><em>quam</em></span> <span class='ocrx_word' id='word_1_659' title='bbox 1923 771 1959 810; x_wconf 59' lang='grc' dir='ltr'><em>οβ’</em></span> <span class='ocrx_word' id='word_1_660' title='bbox 2004 793 2005 804; x_wconf 49' lang='lat'>1</span> 
     </span>
     <span class='ocr_line' id='line_1_98' title="bbox 1107 813 2005 860; baseline 0.006 -16"><span class='ocrx_word' id='word_1_661' title='bbox 1107 823 1178 844; x_wconf 77' lang='lat' dir='ltr'><em>rem.</em></span> <span class='ocrx_word' id='word_1_662' title='bbox 1203 813 1250 844; x_wconf 87' lang='lat' dir='ltr'><em>De</em></span> <span class='ocrx_word' id='word_1_663' title='bbox 1268 813 1409 844; x_wconf 86' lang='lat' dir='ltr'><em>Romanis</em></span> <span class='ocrx_word' id='word_1_664' title='bbox 1427 813 1534 854; x_wconf 74' lang='lat' dir='ltr'><em>illustri</em></span> <span class='ocrx_word' id='word_1_665' title='bbox 1550 815 1678 855; x_wconf 80' lang='lat' dir='ltr'><em>alioquin</em></span> <span class='ocrx_word' id='word_1_666' title='bbox 1694 815 1803 856; x_wconf 85' lang='lat' dir='ltr'><em>Populo</em></span> <span class='ocrx_word' id='word_1_667' title='bbox 1814 839 1825 855; x_wconf 85' lang='grc'>,</span> <span class='ocrx_word' id='word_1_668' title='bbox 1842 828 1876 848; x_wconf 86' lang='lat' dir='ltr'><em>ue</em></span> <span class='ocrx_word' id='word_1_669' title='bbox 1897 814 1956 860; x_wconf 54' lang='lat' dir='ltr'><em>quiss</em></span> <span class='ocrx_word' id='word_1_670' title='bbox 2004 824 2005 829; x_wconf 62' lang='lat'>¹</span> 
     </span>
     <span class='ocr_line' id='line_1_99' title="bbox 1107 852 2006 904; baseline 0.008 -20"><span class='ocrx_word' id='word_1_671' title='bbox 1107 854 1306 901; x_wconf 37' lang='lat' dir='ltr'><em>desti-prcecise</em></span> <span class='ocrx_word' id='word_1_672' title='bbox 1330 852 1468 895; x_wconf 84' lang='lat' dir='ltr'><em>conflare.</em></span> <span class='ocrx_word' id='word_1_673' title='bbox 1515 855 1707 904; x_wconf 66' lang='lat' dir='ltr'><em>Quaestionem</em></span> <span class='ocrx_word' id='word_1_674' title='bbox 1734 857 1795 899; x_wconf 88' lang='lat' dir='ltr'><em>ejus</em></span> <span class='ocrx_word' id='word_1_675' title='bbox 1815 860 1859 890; x_wconf 82' lang='lat' dir='ltr'><em>rei</em></span> <span class='ocrx_word' id='word_1_676' title='bbox 1874 861 1958 895; x_wconf 65' lang='lat' dir='ltr'><em>unice,</em></span> <span class='ocrx_word' id='word_1_677' title='bbox 2004 861 2006 891; x_wconf 70' lang='grc' dir='ltr'>ζ</span> 
     </span>
    </p>
   </div>
   <div class='ocr_carea' id='block_1_16' title="bbox 1107 894 1343 936">
    <p class='ocr_par' dir='ltr' id='par_1_22' title="bbox 1107 894 1343 936">
     <span class='ocr_line' id='line_1_100' title="bbox 1107 894 1343 936; baseline 0.004 -10"><span class='ocrx_word' id='word_1_678' title='bbox 1107 901 1184 927; x_wconf 83' lang='lat' dir='ltr'><em>verti</em></span> <span class='ocrx_word' id='word_1_679' title='bbox 1207 897 1239 926; x_wconf 89' lang='lat' dir='ltr'><em>in</em></span> <span class='ocrx_word' id='word_1_680' title='bbox 1249 894 1343 936; x_wconf 50' lang='lat' dir='ltr'><em>facto.</em></span> 
     </span>
    </p>
   </div>
   <div class='ocr_carea' id='block_1_17' title="bbox 1096 938 1960 1309">
    <p class='ocr_par' dir='ltr' id='par_1_23' title="bbox 1262 938 1956 979">
     <span class='ocr_line' id='line_1_101' title="bbox 1262 938 1956 979; baseline 0.006 -9"><span class='ocrx_word' id='word_1_681' title='bbox 1262 966 1266 970; x_wconf 74' lang='grc'>,</span> <span class='ocrx_word' id='word_1_682' title='bbox 1411 938 1438 970; x_wconf 96' lang='lat' dir='ltr'>C</span> <span class='ocrx_word' id='word_1_683' title='bbox 1461 948 1481 971; x_wconf 90' lang='lat' dir='ltr'>A</span> <span class='ocrx_word' id='word_1_684' title='bbox 1506 950 1532 971; x_wconf 86' lang='lat' dir='ltr'><em>P.</em></span> <span class='ocrx_word' id='word_1_685' title='bbox 1586 938 1657 973; x_wconf 81' lang='lat' dir='ltr'><em>IX.</em></span> <span class='ocrx_word' id='word_1_686' title='bbox 1952 966 1956 979; x_wconf 79' lang='grc'><strong>.</strong></span> 
     </span>
    </p>

    <p class='ocr_par' dir='ltr' id='par_1_24' title="bbox 1096 979 1960 1309">
     <span class='ocr_line' id='line_1_102' title="bbox 1151 979 1958 1023; baseline 0.006 -13"><span class='ocrx_word' id='word_1_687' title='bbox 1151 979 1286 1010; x_wconf 86' lang='lat' dir='ltr'><em>Grotium</em></span> <span class='ocrx_word' id='word_1_688' title='bbox 1305 980 1383 1010; x_wconf 85' lang='lat' dir='ltr'><em>modo</em></span> <span class='ocrx_word' id='word_1_689' title='bbox 1393 979 1568 1020; x_wconf 85' lang='lat' dir='ltr'><em>fimpliciter</em></span> <span class='ocrx_word' id='word_1_690' title='bbox 1586 991 1693 1023; x_wconf 84' lang='lat' dir='ltr'><em>negare</em></span> <span class='ocrx_word' id='word_1_691' title='bbox 1705 1003 1716 1020; x_wconf 83' lang='lat'><em>,</em></span> <span class='ocrx_word' id='word_1_692' title='bbox 1737 992 1815 1014; x_wconf 89' lang='lat' dir='ltr'><em>mare</em></span> <span class='ocrx_word' id='word_1_693' title='bbox 1835 984 1958 1023; x_wconf 52' lang='lat' dir='ltr'><em>domimo</em></span> 
     </span>
     <span class='ocr_line' id='line_1_103' title="bbox 1096 1019 1959 1066; baseline 0.008 -17"><span class='ocrx_word' id='word_1_694' title='bbox 1096 1019 1206 1061; x_wconf 81' lang='lat' dir='ltr'><em>subjici</em></span> <span class='ocrx_word' id='word_1_695' title='bbox 1225 1019 1317 1060; x_wconf 64' lang='lat' dir='ltr'><em>poffl&#39;,</em></span> <span class='ocrx_word' id='word_1_696' title='bbox 1342 1023 1418 1052; x_wconf 86' lang='lat' dir='ltr'><em>modo</em></span> <span class='ocrx_word' id='word_1_697' title='bbox 1444 1023 1475 1052; x_wconf 90' lang='lat' dir='ltr'><em>id</em></span> <span class='ocrx_word' id='word_1_698' title='bbox 1503 1024 1653 1054; x_wconf 80' lang='lat' dir='ltr'><em>concedere</em></span> <span class='ocrx_word' id='word_1_699' title='bbox 1677 1025 1710 1054; x_wconf 88' lang='lat' dir='ltr'><em>de</em></span> <span class='ocrx_word' id='word_1_700' title='bbox 1734 1029 1821 1064; x_wconf 89' lang='lat' dir='ltr'><em>parte</em></span> <span class='ocrx_word' id='word_1_701' title='bbox 1846 1026 1959 1066; x_wconf 77' lang='lat' dir='ltr'><em>maris,</em></span> 
     </span>
     <span class='ocr_line' id='line_1_104' title="bbox 1105 1062 1959 1108; baseline 0.008 -18"><span class='ocrx_word' id='word_1_702' title='bbox 1105 1070 1162 1104; x_wconf 82' lang='lat' dir='ltr'><em>qua</em></span> <span class='ocrx_word' id='word_1_703' title='bbox 1182 1062 1332 1100; x_wconf 76' lang='lat' dir='ltr'><em>proximi,</em></span> <span class='ocrx_word' id='word_1_704' title='bbox 1353 1071 1409 1102; x_wconf 86' lang='lat' dir='ltr'><em>qua</em></span> <span class='ocrx_word' id='word_1_705' title='bbox 1434 1065 1537 1095; x_wconf 72' lang='lat' dir='ltr'><em>exteri.</em></span> <span class='ocrx_word' id='word_1_706' title='bbox 1584 1063 1647 1108; x_wconf 70' lang='lat' dir='ltr'><em>Qui</em></span> <span class='ocrx_word' id='word_1_707' title='bbox 1673 1065 1729 1104; x_wconf 61' lang='lat' dir='ltr'><em>ips&#39;e</em></span> <span class='ocrx_word' id='word_1_708' title='bbox 1740 1071 1857 1105; x_wconf 87' lang='lat' dir='ltr'><em>partem</em></span> <span class='ocrx_word' id='word_1_709' title='bbox 1872 1065 1959 1106; x_wconf 66' lang='lat' dir='ltr'><em>illam</em></span> 
     </span>
     <span class='ocr_line' id='line_1_105' title="bbox 1105 1102 1959 1146; baseline 0.008 -14"><span class='ocrx_word' id='word_1_710' title='bbox 1105 1102 1228 1141; x_wconf 76' lang='lat' dir='ltr'><em>definiat</em></span> <span class='ocrx_word' id='word_1_711' title='bbox 1240 1112 1312 1139; x_wconf 81' lang='lat' dir='ltr'><em>,nec</em></span> <span class='ocrx_word' id='word_1_712' title='bbox 1324 1105 1530 1143; x_wconf 83' lang='lat' dir='ltr'><em>proprietatem</em></span> <span class='ocrx_word' id='word_1_713' title='bbox 1554 1105 1585 1135; x_wconf 90' lang='lat' dir='ltr'><em>in</em></span> <span class='ocrx_word' id='word_1_714' title='bbox 1602 1106 1716 1145; x_wconf 78' lang='lat' dir='ltr'><em>ea,Jed</em></span> <span class='ocrx_word' id='word_1_715' title='bbox 1734 1108 1884 1146; x_wconf 82' lang='lat' dir='ltr'><em>imperium</em></span> <span class='ocrx_word' id='word_1_716' title='bbox 1899 1106 1959 1142; x_wconf 61' lang='lat' dir='ltr'><em>lan,</em></span> 
     </span>
     <span class='ocr_line' id='line_1_106' title="bbox 1104 1141 1958 1188; baseline 0.008 -16"><span class='ocrx_word' id='word_1_717' title='bbox 1104 1144 1217 1184; x_wconf 84' lang='lat' dir='ltr'><em>giatur.</em></span> <span class='ocrx_word' id='word_1_718' title='bbox 1243 1142 1294 1173; x_wconf 80' lang='lat' dir='ltr'><em>Ex</em></span> <span class='ocrx_word' id='word_1_719' title='bbox 1309 1144 1353 1173; x_wconf 79' lang='lat' dir='ltr'><em>his</em></span> <span class='ocrx_word' id='word_1_720' title='bbox 1371 1154 1421 1175; x_wconf 82' lang='lat' dir='ltr'><em>cur</em></span> <span class='ocrx_word' id='word_1_721' title='bbox 1436 1145 1634 1176; x_wconf 75' lang='lat' dir='ltr'><em>nihilomnino</em></span> <span class='ocrx_word' id='word_1_722' title='bbox 1654 1147 1790 1177; x_wconf 84' lang='lat' dir='ltr'><em>videatur</em></span> <span class='ocrx_word' id='word_1_723' title='bbox 1802 1141 1958 1188; x_wconf 76' lang='lat' dir='ltr'><em>subfiflere.</em></span> 
     </span>
     <span class='ocr_line' id='line_1_107' title="bbox 1107 1182 1960 1230; baseline 0.009 -18"><span class='ocrx_word' id='word_1_724' title='bbox 1107 1183 1207 1230; x_wconf 65' lang='lat' dir='ltr'><em>Quare</em></span> <span class='ocrx_word' id='word_1_725' title='bbox 1225 1183 1278 1213; x_wconf 86' lang='lat' dir='ltr'><em>illa</em></span> <span class='ocrx_word' id='word_1_726' title='bbox 1294 1183 1445 1224; x_wconf 78' lang='lat' dir='ltr'><em>sententia</em></span> <span class='ocrx_word' id='word_1_727' title='bbox 1470 1186 1571 1216; x_wconf 88' lang='lat' dir='ltr'><em>Grotio</em></span> <span class='ocrx_word' id='word_1_728' title='bbox 1587 1187 1744 1226; x_wconf 84' lang='lat' dir='ltr'><em>placuerit.</em></span> <span class='ocrx_word' id='word_1_729' title='bbox 1790 1182 1960 1220; x_wconf 63' lang='lat' dir='ltr'><em>Excutiam*</em></span> 
     </span>
     <span class='ocr_line' id='line_1_108' title="bbox 1106 1224 1958 1268; baseline 0.009 -15"><span class='ocrx_word' id='word_1_730' title='bbox 1106 1230 1153 1254; x_wconf 78' lang='lat' dir='ltr'><em>tur</em></span> <span class='ocrx_word' id='word_1_731' title='bbox 1170 1224 1231 1265; x_wconf 88' lang='lat' dir='ltr'><em>ejus</em></span> <span class='ocrx_word' id='word_1_732' title='bbox 1243 1227 1369 1255; x_wconf 82' lang='lat' dir='ltr'><em>rationes</em></span> <span class='ocrx_word' id='word_1_733' title='bbox 1383 1227 1419 1256; x_wconf 86' lang='lat' dir='ltr'><em>ab</em></span> <span class='ocrx_word' id='word_1_734' title='bbox 1439 1226 1516 1266; x_wconf 80' lang='lat' dir='ltr'><em>Jure</em></span> <span class='ocrx_word' id='word_1_735' title='bbox 1535 1226 1678 1258; x_wconf 84' lang='lat' dir='ltr'><em>Naturali</em></span> <span class='ocrx_word' id='word_1_736' title='bbox 1693 1230 1800 1268; x_wconf 84' lang='lat' dir='ltr'><em>petitae.</em></span> <span class='ocrx_word' id='word_1_737' title='bbox 1827 1229 1880 1260; x_wconf 80' lang='lat' dir='ltr'><em>Aa</em></span> <span class='ocrx_word' id='word_1_738' title='bbox 1897 1240 1958 1261; x_wconf 82' lang='lat' dir='ltr'><em>ma-</em></span> 
     </span>
     <span class='ocr_line' id='line_1_109' title="bbox 1105 1265 1959 1309; baseline 0.006 -13"><span class='ocrx_word' id='word_1_739' title='bbox 1105 1276 1154 1302; x_wconf 82' lang='lat' dir='ltr'><em>re,</em></span> <span class='ocrx_word' id='word_1_740' title='bbox 1179 1265 1251 1305; x_wconf 86' lang='lat' dir='ltr'><em>quod</em></span> <span class='ocrx_word' id='word_1_741' title='bbox 1266 1267 1393 1296; x_wconf 82' lang='lat' dir='ltr'><em>omnihus</em></span> <span class='ocrx_word' id='word_1_742' title='bbox 1401 1266 1551 1307; x_wconf 87' lang='lat' dir='ltr'><em>sufficiat,</em></span> <span class='ocrx_word' id='word_1_743' title='bbox 1572 1274 1723 1308; x_wconf 87' lang='lat' dir='ltr'><em>propterea</em></span> <span class='ocrx_word' id='word_1_744' title='bbox 1739 1275 1861 1309; x_wconf 81' lang='lat' dir='ltr'><em>nequeat</em></span> <span class='ocrx_word' id='word_1_745' title='bbox 1877 1280 1959 1302; x_wconf 90' lang='lat' dir='ltr'><em>occu-</em></span> 
     </span>
    </p>
   </div>
   <div class='ocr_carea' id='block_1_18' title="bbox 1897 909 2008 955">
    <p class='ocr_par' dir='ltr' id='par_1_25' title="bbox 1897 909 2008 955">
     <span class='ocr_line' id='line_1_110' title="bbox 1897 909 2008 955; baseline 0 -13"><span class='ocrx_word' id='word_1_746' title='bbox 1897 909 2008 955; x_wconf 47' lang='lat' dir='ltr'><em>m,</em></span> 
     </span>
    </p>
   </div>
   <div class='ocr_carea' id='block_1_19' title="bbox 1103 1304 2008 1352">
    <p class='ocr_par' dir='ltr' id='par_1_26' title="bbox 1103 1304 2008 1352">
     <span class='ocr_line' id='line_1_111' title="bbox 1103 1304 2008 1352; baseline 0.008 -17"><span class='ocrx_word' id='word_1_747' title='bbox 1103 1307 1173 1346; x_wconf 85' lang='lat' dir='ltr'><em>pari</em></span> <span class='ocrx_word' id='word_1_748' title='bbox 1184 1306 1200 1336; x_wconf 71' lang='grc'><em>’.2</em></span> <span class='ocrx_word' id='word_1_749' title='bbox 1227 1305 1259 1336; x_wconf 88' lang='lat' dir='ltr'><em>A</em></span> <span class='ocrx_word' id='word_1_750' title='bbox 1273 1304 1401 1346; x_wconf 75' lang='lat' dir='ltr'><em>pristina</em></span> <span class='ocrx_word' id='word_1_751' title='bbox 1421 1317 1614 1339; x_wconf 65' lang='lat' dir='ltr'><em>communione</em></span> <span class='ocrx_word' id='word_1_752' title='bbox 1629 1309 1760 1350; x_wconf 87' lang='lat' dir='ltr'><em>receffum</em></span> <span class='ocrx_word' id='word_1_753' title='bbox 1774 1309 1828 1350; x_wconf 84' lang='lat' dir='ltr'><em>effe</em></span> <span class='ocrx_word' id='word_1_754' title='bbox 1850 1309 1962 1352; x_wconf 86' lang='lat' dir='ltr'><em>neceffi·</em></span> <span class='ocrx_word' id='word_1_755' title='bbox 2007 1331 2008 1341; x_wconf 48' lang='lat' dir='ltr'><em>s</em></span> 
     </span>
    </p>
   </div>
   <div class='ocr_carea' id='block_1_20' title="bbox 1108 1346 1970 2503">
    <p class='ocr_par' dir='ltr' id='par_1_27' title="bbox 1108 1346 1970 2503">
     <span class='ocr_line' id='line_1_112' title="bbox 1110 1346 1961 1390; baseline 0.006 -12"><span class='ocrx_word' id='word_1_756' title='bbox 1110 1353 1169 1378; x_wconf 85' lang='lat' dir='ltr'><em>tate</em></span> <span class='ocrx_word' id='word_1_757' title='bbox 1186 1347 1346 1386; x_wconf 78' lang='lat' dir='ltr'><em>imperante</em></span> <span class='ocrx_word' id='word_1_758' title='bbox 1359 1370 1370 1386; x_wconf 89' lang='lat'><strong><em>,</em></strong></span> <span class='ocrx_word' id='word_1_759' title='bbox 1394 1348 1430 1382; x_wconf 58' lang='grc' dir='ltr'><em>ὃ)</em></span> <span class='ocrx_word' id='word_1_760' title='bbox 1447 1346 1577 1379; x_wconf 74' lang='lat' dir='ltr'><em>utilitate</em></span> <span class='ocrx_word' id='word_1_761' title='bbox 1587 1349 1740 1390; x_wconf 80' lang='lat' dir='ltr'><em>suadente.</em></span> <span class='ocrx_word' id='word_1_762' title='bbox 1790 1350 1961 1384; x_wconf 83' lang='lat' dir='ltr'><em>Utilitatem</em></span> 
     </span>
     <span class='ocr_line' id='line_1_113' title="bbox 1109 1388 1960 1434; baseline 0.006 -15"><span class='ocrx_word' id='word_1_763' title='bbox 1109 1398 1127 1419; x_wconf 91' lang='lat' dir='ltr'><em>a</em></span> <span class='ocrx_word' id='word_1_764' title='bbox 1149 1388 1250 1419; x_wconf 91' lang='lat' dir='ltr'><em>Grotio</em></span> <span class='ocrx_word' id='word_1_765' title='bbox 1267 1389 1362 1419; x_wconf 72' lang='lat' dir='ltr'><em>atinus</em></span> <span class='ocrx_word' id='word_1_766' title='bbox 1377 1391 1450 1420; x_wconf 71' lang='lat' dir='ltr'><em>recle</em></span> <span class='ocrx_word' id='word_1_767' title='bbox 1469 1391 1640 1430; x_wconf 75' lang='lat' dir='ltr'><em>transmitti.</em></span> <span class='ocrx_word' id='word_1_768' title='bbox 1686 1391 1776 1423; x_wconf 77' lang='grc' dir='ltr'><em>Μανε</em></span> <span class='ocrx_word' id='word_1_769' title='bbox 1795 1393 1890 1434; x_wconf 84' lang='lat' dir='ltr'><em>magis</em></span> <span class='ocrx_word' id='word_1_770' title='bbox 1910 1391 1960 1434; x_wconf 83' lang='lat' dir='ltr'><em>effe</em></span> 
     </span>
     <span class='ocr_line' id='line_1_114' title="bbox 1110 1427 1961 1472; baseline 0.008 -13"><span class='ocrx_word' id='word_1_771' title='bbox 1110 1429 1204 1466; x_wconf 77' lang='lat' dir='ltr'><em>aute,</em></span> <span class='ocrx_word' id='word_1_772' title='bbox 1219 1427 1248 1466; x_wconf 83' lang='lat' dir='ltr'><em>fi</em></span> <span class='ocrx_word' id='word_1_773' title='bbox 1269 1431 1341 1460; x_wconf 76' lang='lat' dir='ltr'><em>mihi</em></span> <span class='ocrx_word' id='word_1_774' title='bbox 1357 1430 1416 1471; x_wconf 86' lang='lat' dir='ltr'><em>soli</em></span> <span class='ocrx_word' id='word_1_775' title='bbox 1430 1430 1553 1471; x_wconf 80' lang='lat' dir='ltr'><em>proJlet,</em></span> <span class='ocrx_word' id='word_1_776' title='bbox 1576 1442 1660 1472; x_wconf 89' lang='lat' dir='ltr'><em>quam</em></span> <span class='ocrx_word' id='word_1_777' title='bbox 1673 1431 1701 1470; x_wconf 87' lang='lat' dir='ltr'><em>fi</em></span> <span class='ocrx_word' id='word_1_778' title='bbox 1718 1434 1854 1465; x_wconf 83' lang='lat' dir='ltr'><em>omnibus.</em></span> <span class='ocrx_word' id='word_1_779' title='bbox 1886 1433 1961 1467; x_wconf 80' lang='lat' dir='ltr'><em>Atia</em></span> 
     </span>
     <span class='ocr_line' id='line_1_115' title="bbox 1115 1471 1961 1518; baseline 0.006 -16"><span class='ocrx_word' id='word_1_780' title='bbox 1115 1471 1214 1502; x_wconf 84' lang='lat' dir='ltr'><em>Grotii</em></span> <span class='ocrx_word' id='word_1_781' title='bbox 1239 1472 1335 1510; x_wconf 86' lang='lat' dir='ltr'><em>ratio,</em></span> <span class='ocrx_word' id='word_1_782' title='bbox 1358 1473 1429 1513; x_wconf 85' lang='lat' dir='ltr'><em>quod</em></span> <span class='ocrx_word' id='word_1_783' title='bbox 1455 1474 1544 1503; x_wconf 85' lang='lat' dir='ltr'><em>maris</em></span> <span class='ocrx_word' id='word_1_784' title='bbox 1567 1483 1624 1504; x_wconf 87' lang='lat' dir='ltr'><em>non</em></span> <span class='ocrx_word' id='word_1_785' title='bbox 1635 1471 1677 1511; x_wconf 84' lang='lat' dir='ltr'><em>fit</em></span> <span class='ocrx_word' id='word_1_786' title='bbox 1693 1475 1849 1513; x_wconf 86' lang='lat' dir='ltr'><em>terminus,</em></span> <span class='ocrx_word' id='word_1_787' title='bbox 1873 1485 1961 1518; x_wconf 72' lang='lat' dir='ltr'><em>neque</em></span> 
     </span>
     <span class='ocr_line' id='line_1_116' title="bbox 1111 1512 1962 1558; baseline 0.008 -17"><span class='ocrx_word' id='word_1_788' title='bbox 1111 1512 1179 1543; x_wconf 90' lang='lat' dir='ltr'><em>adeo</em></span> <span class='ocrx_word' id='word_1_789' title='bbox 1195 1512 1362 1544; x_wconf 88' lang='lat' dir='ltr'><em>dominium.</em></span> <span class='ocrx_word' id='word_1_790' title='bbox 1387 1512 1470 1544; x_wconf 84' lang='lat' dir='ltr'><em>Huic</em></span> <span class='ocrx_word' id='word_1_791' title='bbox 1487 1515 1665 1552; x_wconf 79' lang='lat' dir='ltr'><em>occurritur,</em></span> <span class='ocrx_word' id='word_1_792' title='bbox 1689 1514 1725 1550; x_wconf 67' lang='lat'><em>&amp;³⁹</em></span> <span class='ocrx_word' id='word_1_793' title='bbox 1763 1517 1876 1547; x_wconf 87' lang='lat' dir='ltr'><em>robatur</em></span> <span class='ocrx_word' id='word_1_794' title='bbox 1895 1526 1962 1558; x_wconf 70' lang='lat' dir='ltr'><em>eun-5</em></span> 
     </span>
     <span class='ocr_line' id='line_1_117' title="bbox 1110 1552 1961 1597; baseline 0.008 -14"><span class='ocrx_word' id='word_1_795' title='bbox 1110 1554 1174 1584; x_wconf 88' lang='lat' dir='ltr'><em>dem</em></span> <span class='ocrx_word' id='word_1_796' title='bbox 1190 1552 1239 1593; x_wconf 83' lang='lat' dir='ltr'><em>effe</em></span> <span class='ocrx_word' id='word_1_797' title='bbox 1254 1554 1374 1585; x_wconf 89' lang='lat' dir='ltr'><em>dominii</em></span> <span class='ocrx_word' id='word_1_798' title='bbox 1395 1556 1567 1594; x_wconf 86' lang='lat' dir='ltr'><em>terminum,</em></span> <span class='ocrx_word' id='word_1_799' title='bbox 1590 1557 1639 1597; x_wconf 81' lang='lat' dir='ltr'><em>qui</em></span> <span class='ocrx_word' id='word_1_800' title='bbox 1651 1556 1725 1596; x_wconf 74' lang='lat' dir='ltr'><em>poffie</em></span> <span class='ocrx_word' id='word_1_801' title='bbox 1748 1553 1840 1595; x_wconf 77' lang='lat' dir='ltr'><em>tonis,</em></span> <span class='ocrx_word' id='word_1_802' title='bbox 1865 1555 1900 1592; x_wconf 77' lang='lat'><em>&amp;³</em></span> <span class='ocrx_word' id='word_1_803' title='bbox 1917 1567 1961 1590; x_wconf 88' lang='lat' dir='ltr'><em>ec-</em></span> 
     </span>
     <span class='ocr_line' id='line_1_118' title="bbox 1110 1593 1962 1639; baseline 0.008 -15"><span class='ocrx_word' id='word_1_804' title='bbox 1110 1595 1173 1636; x_wconf 81' lang='lat' dir='ltr'><em>quis</em></span> <span class='ocrx_word' id='word_1_805' title='bbox 1188 1594 1238 1625; x_wconf 83' lang='lat' dir='ltr'><em>ille</em></span> <span class='ocrx_word' id='word_1_806' title='bbox 1250 1593 1302 1633; x_wconf 85' lang='lat' dir='ltr'><em>fit.</em></span> <span class='ocrx_word' id='word_1_807' title='bbox 1348 1595 1424 1627; x_wconf 90' lang='lat' dir='ltr'><em>Alia</em></span> <span class='ocrx_word' id='word_1_808' title='bbox 1439 1596 1532 1637; x_wconf 73' lang='lat' dir='ltr'><em>ruistis</em></span> <span class='ocrx_word' id='word_1_809' title='bbox 1559 1597 1657 1628; x_wconf 86' lang='lat' dir='ltr'><em>Grotii</em></span> <span class='ocrx_word' id='word_1_810' title='bbox 1677 1600 1773 1636; x_wconf 77' lang='lat' dir='ltr'><em>ratio,</em></span> <span class='ocrx_word' id='word_1_811' title='bbox 1796 1599 1868 1639; x_wconf 85' lang='lat' dir='ltr'><em>quod</em></span> <span class='ocrx_word' id='word_1_812' title='bbox 1884 1608 1962 1631; x_wconf 80' lang='lat' dir='ltr'><em>mare</em></span> 
     </span>
     <span class='ocr_line' id='line_1_119' title="bbox 1109 1634 1964 1680; baseline 0.007 -14"><span class='ocrx_word' id='word_1_813' title='bbox 1109 1641 1232 1677; x_wconf 84' lang='lat' dir='ltr'><em>nequeat</em></span> <span class='ocrx_word' id='word_1_814' title='bbox 1245 1634 1376 1677; x_wconf 87' lang='lat' dir='ltr'><em>poffideri</em></span> <span class='ocrx_word' id='word_1_815' title='bbox 1395 1638 1427 1667; x_wconf 81' lang='lat' dir='ltr'><em>ob&#39;</em></span> <span class='ocrx_word' id='word_1_816' title='bbox 1438 1635 1553 1677; x_wconf 86' lang='lat' dir='ltr'><em>fluxam</em></span> <span class='ocrx_word' id='word_1_817' title='bbox 1570 1639 1634 1680; x_wconf 85' lang='lat' dir='ltr'><em>ejus</em></span> <span class='ocrx_word' id='word_1_818' title='bbox 1651 1638 1687 1674; x_wconf 58' lang='grc' dir='ltr'><em>ὅ)</em></span> <span class='ocrx_word' id='word_1_819' title='bbox 1703 1636 1865 1680; x_wconf 82' lang='lat' dir='ltr'><em>instabilem</em></span> <span class='ocrx_word' id='word_1_820' title='bbox 1880 1646 1964 1673; x_wconf 63' lang='lat' dir='ltr'><em>natm</em></span> 
     </span>
     <span class='ocr_line' id='line_1_120' title="bbox 1109 1677 1962 1720; baseline 0.007 -13"><span class='ocrx_word' id='word_1_821' title='bbox 1109 1687 1183 1708; x_wconf 88' lang='lat' dir='ltr'><em>ram.</em></span> <span class='ocrx_word' id='word_1_822' title='bbox 1230 1677 1324 1709; x_wconf 84' lang='lat' dir='ltr'><em>Varie</em></span> <span class='ocrx_word' id='word_1_823' title='bbox 1342 1688 1376 1709; x_wconf 90' lang='lat' dir='ltr'><em>ea</em></span> <span class='ocrx_word' id='word_1_824' title='bbox 1399 1679 1569 1718; x_wconf 82' lang='lat' dir='ltr'><em>refutatur,</em></span> <span class='ocrx_word' id='word_1_825' title='bbox 1594 1678 1715 1720; x_wconf 85' lang='lat' dir='ltr'><em>apposito</em></span> <span class='ocrx_word' id='word_1_826' title='bbox 1743 1682 1777 1711; x_wconf 86' lang='lat' dir='ltr'><em>de</em></span> <span class='ocrx_word' id='word_1_827' title='bbox 1792 1678 1962 1720; x_wconf 76' lang='lat' dir='ltr'><em>fluminibus</em></span> 
     </span>
     <span class='ocr_line' id='line_1_121' title="bbox 1109 1718 1963 1762; baseline 0.006 -13"><span class='ocrx_word' id='word_1_828' title='bbox 1109 1718 1247 1759; x_wconf 72' lang='lat' dir='ltr'><em>exemplo.</em></span> <span class='ocrx_word' id='word_1_829' title='bbox 1292 1719 1413 1751; x_wconf 86' lang='lat' dir='ltr'><em>Littora</em></span> <span class='ocrx_word' id='word_1_830' title='bbox 1428 1729 1532 1761; x_wconf 83' lang='lat' dir='ltr'><em>quoque</em></span> <span class='ocrx_word' id='word_1_831' title='bbox 1549 1722 1608 1752; x_wconf 83' lang='lat' dir='ltr'><em>dici</em></span> <span class='ocrx_word' id='word_1_832' title='bbox 1631 1723 1826 1762; x_wconf 80' lang='lat' dir='ltr'><em>communia,</em></span> <span class='ocrx_word' id='word_1_833' title='bbox 1850 1732 1902 1754; x_wconf 88' lang='lat' dir='ltr'><em>nec</em></span> <span class='ocrx_word' id='word_1_834' title='bbox 1918 1728 1963 1755; x_wconf 91' lang='lat' dir='ltr'><em>ta-</em></span> 
     </span>
     <span class='ocr_line' id='line_1_122' title="bbox 1109 1759 1962 1806; baseline 0.006 -16"><span class='ocrx_word' id='word_1_835' title='bbox 1109 1770 1173 1790; x_wconf 85' lang='lat' dir='ltr'><em>men</em></span> <span class='ocrx_word' id='word_1_836' title='bbox 1199 1759 1249 1800; x_wconf 83' lang='lat' dir='ltr'><em>effe</em></span> <span class='ocrx_word' id='word_1_837' title='bbox 1269 1759 1333 1799; x_wconf 82' lang='lat' dir='ltr'><em>fine</em></span> <span class='ocrx_word' id='word_1_838' title='bbox 1359 1764 1479 1792; x_wconf 87' lang='lat' dir='ltr'><em>termino</em></span> <span class='ocrx_word' id='word_1_839' title='bbox 1503 1762 1551 1793; x_wconf 86' lang='lat' dir='ltr'><em>vel</em></span> <span class='ocrx_word' id='word_1_840' title='bbox 1576 1768 1688 1794; x_wconf 85' lang='lat' dir='ltr'><em>naturae</em></span> <span class='ocrx_word' id='word_1_841' title='bbox 1709 1773 1793 1806; x_wconf 84' lang='lat' dir='ltr'><em>vagoe</em></span> <span class='ocrx_word' id='word_1_842' title='bbox 1808 1765 1962 1804; x_wconf 83' lang='lat' dir='ltr'><em>rapidaeve.</em></span> 
     </span>
     <span class='ocr_line' id='line_1_123' title="bbox 1108 1800 1963 1844; baseline 0.006 -13"><span class='ocrx_word' id='word_1_843' title='bbox 1108 1800 1156 1832; x_wconf 89' lang='lat' dir='ltr'><em>De</em></span> <span class='ocrx_word' id='word_1_844' title='bbox 1187 1803 1319 1833; x_wconf 86' lang='lat' dir='ltr'><em>naturali</em></span> <span class='ocrx_word' id='word_1_845' title='bbox 1351 1804 1579 1834; x_wconf 88' lang='lat' dir='ltr'><em>commerciorum</em></span> <span class='ocrx_word' id='word_1_846' title='bbox 1602 1804 1735 1835; x_wconf 85' lang='lat' dir='ltr'><em>libertate</em></span> <span class='ocrx_word' id='word_1_847' title='bbox 1759 1804 1795 1839; x_wconf 56' lang='grc' dir='ltr'><em>ἃ</em></span> <span class='ocrx_word' id='word_1_848' title='bbox 1812 1800 1963 1844; x_wconf 74' lang='lat' dir='ltr'><em>facultate</em></span> 
     </span>
     <span class='ocr_line' id='line_1_124' title="bbox 1109 1842 1964 1886; baseline 0.006 -13"><span class='ocrx_word' id='word_1_849' title='bbox 1109 1842 1277 1882; x_wconf 65' lang='lat' dir='ltr'><em>transpuncti</em></span> <span class='ocrx_word' id='word_1_850' title='bbox 1292 1853 1352 1884; x_wconf 67' lang='lat' dir='ltr'><em>quae</em></span> <span class='ocrx_word' id='word_1_851' title='bbox 1366 1845 1504 1875; x_wconf 82' lang='lat' dir='ltr'><em>diczuttur</em></span> <span class='ocrx_word' id='word_1_852' title='bbox 1514 1866 1525 1882; x_wconf 84' lang='grc'>,</span> <span class='ocrx_word' id='word_1_853' title='bbox 1546 1845 1630 1876; x_wconf 88' lang='lat' dir='ltr'><em>nulla</em></span> <span class='ocrx_word' id='word_1_854' title='bbox 1648 1845 1709 1886; x_wconf 87' lang='lat' dir='ltr'><em>effe.</em></span> <span class='ocrx_word' id='word_1_855' title='bbox 1735 1845 1772 1878; x_wconf 89' lang='lat' dir='ltr'><em>In</em></span> <span class='ocrx_word' id='word_1_856' title='bbox 1789 1845 1865 1886; x_wconf 80' lang='lat' dir='ltr'><em>Jure</em></span> <span class='ocrx_word' id='word_1_857' title='bbox 1885 1846 1964 1878; x_wconf 87' lang='lat' dir='ltr'><em>Gen-</em></span> 
     </span>
     <span class='ocr_line' id='line_1_125' title="bbox 1109 1884 1966 1928; baseline 0.006 -14"><span class='ocrx_word' id='word_1_858' title='bbox 1109 1884 1182 1914; x_wconf 81' lang='lat' dir='ltr'><em>tium</em></span> <span class='ocrx_word' id='word_1_859' title='bbox 1200 1884 1276 1915; x_wconf 84' lang='lat' dir='ltr'><em>nihil</em></span> <span class='ocrx_word' id='word_1_860' title='bbox 1293 1886 1443 1926; x_wconf 86' lang='lat' dir='ltr'><em>quicquam</em></span> <span class='ocrx_word' id='word_1_861' title='bbox 1461 1887 1583 1926; x_wconf 85' lang='lat' dir='ltr'><em>reperiri</em></span> <span class='ocrx_word' id='word_1_862' title='bbox 1597 1908 1608 1925; x_wconf 88' lang='grc'>,</span> <span class='ocrx_word' id='word_1_863' title='bbox 1631 1887 1702 1927; x_wconf 89' lang='lat' dir='ltr'><em>quod</em></span> <span class='ocrx_word' id='word_1_864' title='bbox 1722 1886 1890 1928; x_wconf 75' lang='lat' dir='ltr'><em>adversetur</em></span> <span class='ocrx_word' id='word_1_865' title='bbox 1905 1897 1966 1919; x_wconf 86' lang='lat' dir='ltr'><em>ma-</em></span> 
     </span>
     <span class='ocr_line' id='line_1_126' title="bbox 1108 1925 1966 1970; baseline 0.006 -15"><span class='ocrx_word' id='word_1_866' title='bbox 1108 1925 1150 1956; x_wconf 86' lang='lat' dir='ltr'><em>ris</em></span> <span class='ocrx_word' id='word_1_867' title='bbox 1167 1925 1301 1957; x_wconf 84' lang='lat' dir='ltr'><em>dominio.</em></span> <span class='ocrx_word' id='word_1_868' title='bbox 1348 1926 1437 1969; x_wconf 82' lang='lat' dir='ltr'><em>Juris</em></span> <span class='ocrx_word' id='word_1_869' title='bbox 1452 1926 1582 1959; x_wconf 86' lang='lat' dir='ltr'><em>Romani</em></span> <span class='ocrx_word' id='word_1_870' title='bbox 1609 1927 1766 1959; x_wconf 71' lang='lat' dir='ltr'><em>auctoritas</em></span> <span class='ocrx_word' id='word_1_871' title='bbox 1787 1938 1827 1959; x_wconf 85' lang='lat' dir='ltr'><em>an</em></span> <span class='ocrx_word' id='word_1_872' title='bbox 1844 1927 1880 1963; x_wconf 63' lang='grc' dir='ltr'><em>δ’</em></span> <span class='ocrx_word' id='word_1_873' title='bbox 1895 1938 1966 1970; x_wconf 82' lang='lat' dir='ltr'><em>qua-</em></span> 
     </span>
     <span class='ocr_line' id='line_1_127' title="bbox 1110 1967 1967 2010; baseline 0.005 -13"><span class='ocrx_word' id='word_1_874' title='bbox 1110 1971 1192 1997; x_wconf 84' lang='lat' dir='ltr'><em>tenus</em></span> <span class='ocrx_word' id='word_1_875' title='bbox 1208 1967 1271 1998; x_wconf 79' lang='lat' dir='ltr'><em>heic</em></span> <span class='ocrx_word' id='word_1_876' title='bbox 1287 1967 1398 1999; x_wconf 83' lang='lat' dir='ltr'><em>valeat.</em></span> <span class='ocrx_word' id='word_1_877' title='bbox 1444 1967 1533 1999; x_wconf 85' lang='lat' dir='ltr'><em>Illius</em></span> <span class='ocrx_word' id='word_1_878' title='bbox 1562 1968 1789 2010; x_wconf 81' lang='lat' dir='ltr'><em>Jurisconfitltos</em></span> <span class='ocrx_word' id='word_1_879' title='bbox 1807 1968 1967 2010; x_wconf 85' lang='lat' dir='ltr'><em>paffimin-</em></span> 
     </span>
     <span class='ocr_line' id='line_1_128' title="bbox 1109 2007 1965 2049; baseline 0.006 -12"><span class='ocrx_word' id='word_1_880' title='bbox 1109 2009 1259 2049; x_wconf 86' lang='lat' dir='ltr'><em>geminare</em></span> <span class='ocrx_word' id='word_1_881' title='bbox 1270 2032 1280 2047; x_wconf 91' lang='lat'><strong><em>,</em></strong></span> <span class='ocrx_word' id='word_1_882' title='bbox 1300 2018 1378 2040; x_wconf 86' lang='lat' dir='ltr'><em>mare</em></span> <span class='ocrx_word' id='word_1_883' title='bbox 1398 2007 1448 2048; x_wconf 82' lang='lat' dir='ltr'><em>effe</em></span> <span class='ocrx_word' id='word_1_884' title='bbox 1460 2018 1636 2041; x_wconf 80' lang='lat' dir='ltr'><em>commune.</em></span> <span class='ocrx_word' id='word_1_885' title='bbox 1655 2009 1737 2041; x_wconf 87' lang='lat' dir='ltr'><em>Loca</em></span> <span class='ocrx_word' id='word_1_886' title='bbox 1754 2011 1786 2041; x_wconf 86' lang='lat' dir='ltr'><em>in</em></span> <span class='ocrx_word' id='word_1_887' title='bbox 1802 2012 1875 2041; x_wconf 88' lang='lat' dir='ltr'><em>hanc</em></span> <span class='ocrx_word' id='word_1_888' title='bbox 1893 2020 1965 2044; x_wconf 86' lang='lat' dir='ltr'><em>rem.</em></span> 
     </span>
     <span class='ocr_line' id='line_1_129' title="bbox 1113 2048 1967 2095; baseline 0.005 -16"><span class='ocrx_word' id='word_1_889' title='bbox 1113 2048 1177 2095; x_wconf 73' lang='lat' dir='ltr'><em>Qui</em></span> <span class='ocrx_word' id='word_1_890' title='bbox 1194 2050 1249 2080; x_wconf 81' lang='lat' dir='ltr'><em>haec</em></span> <span class='ocrx_word' id='word_1_891' title='bbox 1265 2051 1414 2089; x_wconf 87' lang='lat' dir='ltr'><em>accipiant</em></span> <span class='ocrx_word' id='word_1_892' title='bbox 1433 2048 1577 2089; x_wconf 79' lang='lat' dir='ltr'><em>aſj‘ertores</em></span> <span class='ocrx_word' id='word_1_893' title='bbox 1593 2051 1713 2082; x_wconf 87' lang='lat' dir='ltr'><em>dominii</em></span> <span class='ocrx_word' id='word_1_894' title='bbox 1729 2052 1882 2083; x_wconf 86' lang='lat' dir='ltr'><em>maritimi.</em></span> <span class='ocrx_word' id='word_1_895' title='bbox 1903 2051 1967 2089; x_wconf 50' lang='lat' dir='ltr'><em>No-¹</em></span> 
     </span>
     <span class='ocr_line' id='line_1_130' title="bbox 1111 2090 1967 2133; baseline 0.005 -13"><span class='ocrx_word' id='word_1_896' title='bbox 1111 2093 1153 2124; x_wconf 78' lang='lat' dir='ltr'><em>lm·</em></span> <span class='ocrx_word' id='word_1_897' title='bbox 1172 2091 1287 2128; x_wconf 83' lang='lat' dir='ltr'><em>videri,</em></span> <span class='ocrx_word' id='word_1_898' title='bbox 1310 2100 1365 2120; x_wconf 89' lang='lat' dir='ltr'><em>non</em></span> <span class='ocrx_word' id='word_1_899' title='bbox 1384 2090 1445 2121; x_wconf 89' lang='lat' dir='ltr'><em>alia</em></span> <span class='ocrx_word' id='word_1_900' title='bbox 1461 2091 1573 2121; x_wconf 84' lang='lat' dir='ltr'><em>ratione</em></span> <span class='ocrx_word' id='word_1_901' title='bbox 1593 2101 1671 2122; x_wconf 86' lang='lat' dir='ltr'><em>mare</em></span> <span class='ocrx_word' id='word_1_902' title='bbox 1689 2093 1789 2123; x_wconf 87' lang='lat' dir='ltr'><em>vocari</em></span> <span class='ocrx_word' id='word_1_903' title='bbox 1808 2101 1967 2133; x_wconf 66' lang='lat' dir='ltr'><em>commune,</em></span> 
     </span>
     <span class='ocr_line' id='line_1_131' title="bbox 1111 2132 1964 2174; baseline 0.002 -10"><span class='ocrx_word' id='word_1_904' title='bbox 1111 2141 1196 2174; x_wconf 83' lang='lat' dir='ltr'><em>quam</em></span> <span class='ocrx_word' id='word_1_905' title='bbox 1213 2132 1285 2173; x_wconf 85' lang='lat' dir='ltr'><em>quod</em></span> <span class='ocrx_word' id='word_1_906' title='bbox 1302 2136 1468 2170; x_wconf 86' lang='lat' dir='ltr'><em>occupatum</em></span> <span class='ocrx_word' id='word_1_907' title='bbox 1486 2141 1541 2162; x_wconf 88' lang='lat' dir='ltr'><em>non</em></span> <span class='ocrx_word' id='word_1_908' title='bbox 1567 2138 1629 2163; x_wconf 88' lang='lat' dir='ltr'><em>erat</em></span> <span class='ocrx_word' id='word_1_909' title='bbox 1649 2133 1696 2164; x_wconf 83' lang='lat' dir='ltr'><em>vel</em></span> <span class='ocrx_word' id='word_1_910' title='bbox 1709 2132 1866 2174; x_wconf 77' lang='lat' dir='ltr'><em>posteffitm.</em></span> <span class='ocrx_word' id='word_1_911' title='bbox 1903 2133 1964 2166; x_wconf 82' lang='lat' dir='ltr'><em>Ve-</em></span> 
     </span>
     <span class='ocr_line' id='line_1_132' title="bbox 1111 2172 1965 2214; baseline 0.001 -9"><span class='ocrx_word' id='word_1_912' title='bbox 1111 2184 1174 2205; x_wconf 88' lang='lat' dir='ltr'><em>rum</em></span> <span class='ocrx_word' id='word_1_913' title='bbox 1192 2174 1221 2203; x_wconf 86' lang='lat' dir='ltr'><em>id</em></span> <span class='ocrx_word' id='word_1_914' title='bbox 1238 2172 1287 2213; x_wconf 78' lang='lat' dir='ltr'><em>eſje</em></span> <span class='ocrx_word' id='word_1_915' title='bbox 1304 2174 1337 2203; x_wconf 85' lang='lat' dir='ltr'><em>de</em></span> <span class='ocrx_word' id='word_1_916' title='bbox 1358 2172 1497 2211; x_wconf 86' lang='lat' dir='ltr'><em>Oceano,</em></span> <span class='ocrx_word' id='word_1_917' title='bbox 1521 2172 1557 2207; x_wconf 62' lang='grc' dir='ltr'><em>ἐξ)</em></span> <span class='ocrx_word' id='word_1_918' title='bbox 1572 2175 1701 2214; x_wconf 86' lang='lat' dir='ltr'><em>quomodo</em></span> <span class='ocrx_word' id='word_1_919' title='bbox 1721 2174 1771 2205; x_wconf 89' lang='lat' dir='ltr'><em>ille</em></span> <span class='ocrx_word' id='word_1_920' title='bbox 1791 2177 1853 2204; x_wconf 52' lang='grc' dir='ltr'><em>κατ’</em></span> <span class='ocrx_word' id='word_1_921' title='bbox 1876 2175 1965 2212; x_wconf 64' lang='grc' dir='ltr'><strong><em>ἐξοχὴ</em></strong></span> 
     </span>
     <span class='ocr_line' id='line_1_133' title="bbox 1111 2212 1963 2261; baseline 0.005 -16"><span class='ocrx_word' id='word_1_922' title='bbox 1111 2216 1227 2246; x_wconf 81' lang='lat' dir='ltr'><em>dicatur</em></span> <span class='ocrx_word' id='word_1_923' title='bbox 1248 2223 1341 2245; x_wconf 84' lang='lat' dir='ltr'><em>mare.</em></span> <span class='ocrx_word' id='word_1_924' title='bbox 1377 2212 1462 2261; x_wconf 76' lang='lat' dir='ltr'><em>Quin</em></span> <span class='ocrx_word' id='word_1_925' title='bbox 1489 2213 1525 2248; x_wconf 63' lang='grc' dir='ltr'><em>δέ)</em></span> <span class='ocrx_word' id='word_1_926' title='bbox 1541 2220 1623 2245; x_wconf 80' lang='lat' dir='ltr'><em>aetate</em></span> <span class='ocrx_word' id='word_1_927' title='bbox 1645 2215 1792 2255; x_wconf 81' lang='lat' dir='ltr'><em>JCtorum</em></span> <span class='ocrx_word' id='word_1_928' title='bbox 1807 2214 1963 2257; x_wconf 78' lang='lat' dir='ltr'><em>nostrorum</em></span> 
     </span>
     <span class='ocr_line' id='line_1_134' title="bbox 1112 2254 1965 2300; baseline 0.004 -13"><span class='ocrx_word' id='word_1_929' title='bbox 1112 2265 1213 2287; x_wconf 82' lang='lat' dir='ltr'><em>verum</em></span> <span class='ocrx_word' id='word_1_930' title='bbox 1229 2255 1324 2286; x_wconf 88' lang='lat' dir='ltr'><em>videri</em></span> <span class='ocrx_word' id='word_1_931' title='bbox 1342 2255 1374 2286; x_wconf 91' lang='lat' dir='ltr'><em>de</em></span> <span class='ocrx_word' id='word_1_932' title='bbox 1392 2256 1467 2285; x_wconf 87' lang='lat' dir='ltr'><em>mari</em></span> <span class='ocrx_word' id='word_1_933' title='bbox 1484 2254 1714 2288; x_wconf 86' lang='lat' dir='ltr'><em>Mediterraneo.</em></span> <span class='ocrx_word' id='word_1_934' title='bbox 1730 2256 1879 2289; x_wconf 78' lang='lat' dir='ltr'><em>Nonnihil</em></span> <span class='ocrx_word' id='word_1_935' title='bbox 1894 2255 1965 2300; x_wconf 76' lang='lat' dir='ltr'><em>diffi-</em></span> 
     </span>
     <span class='ocr_line' id='line_1_135' title="bbox 1113 2295 1966 2334; baseline 0.002 -6"><span class='ocrx_word' id='word_1_936' title='bbox 1113 2297 1233 2328; x_wconf 86' lang='lat' dir='ltr'><em>cultatis</em></span> <span class='ocrx_word' id='word_1_937' title='bbox 1254 2306 1291 2327; x_wconf 89' lang='lat' dir='ltr'><em>ex</em></span> <span class='ocrx_word' id='word_1_938' title='bbox 1309 2296 1329 2327; x_wconf 94' lang='grc'><em>1.</em></span> <span class='ocrx_word' id='word_1_939' title='bbox 1356 2305 1408 2327; x_wconf 88' lang='lat' dir='ltr'><em>un.</em></span> <span class='ocrx_word' id='word_1_940' title='bbox 1436 2295 1472 2327; x_wconf 89' lang='lat' dir='ltr'><em>C.</em></span> <span class='ocrx_word' id='word_1_941' title='bbox 1498 2296 1536 2328; x_wconf 86' lang='lat' dir='ltr'><em>de</em></span> <span class='ocrx_word' id='word_1_942' title='bbox 1555 2295 1678 2329; x_wconf 75' lang='lat' dir='ltr'><em>Classsc.</em></span> <span class='ocrx_word' id='word_1_943' title='bbox 1703 2303 1834 2329; x_wconf 84' lang='lat' dir='ltr'><em>movetur</em></span> <span class='ocrx_word' id='word_1_944' title='bbox 1860 2298 1896 2334; x_wconf 57' lang='grc' dir='ltr'>ὅ</span> <span class='ocrx_word' id='word_1_945' title='bbox 1922 2309 1966 2331; x_wconf 85' lang='lat' dir='ltr'><em>re-</em></span> 
     </span>
     <span class='ocr_line' id='line_1_136' title="bbox 1111 2343 1252 2369; baseline -0.007 0"><span class='ocrx_word' id='word_1_946' title='bbox 1111 2343 1252 2369; x_wconf 82' lang='lat' dir='ltr'><em>movetur.</em></span> 
     </span>
     <span class='ocr_line' id='line_1_137' title="bbox 1113 2377 1969 2420; baseline 0.004 -10"><span class='ocrx_word' id='word_1_947' title='bbox 1113 2381 1204 2411; x_wconf 88' lang='lat' dir='ltr'><em>tinere</em></span> <span class='ocrx_word' id='word_1_948' title='bbox 1218 2378 1291 2420; x_wconf 86' lang='lat' dir='ltr'><em>poffe</em></span> <span class='ocrx_word' id='word_1_949' title='bbox 1308 2388 1344 2410; x_wconf 84' lang='lat' dir='ltr'><em>ex</em></span> <span class='ocrx_word' id='word_1_950' title='bbox 1363 2378 1466 2409; x_wconf 79' lang='lat' dir='ltr'><em>Libris</em></span> <span class='ocrx_word' id='word_1_951' title='bbox 1482 2377 1586 2420; x_wconf 82' lang='lat' dir='ltr'><em>nostris</em></span> <span class='ocrx_word' id='word_1_952' title='bbox 1596 2381 1743 2420; x_wconf 86' lang='lat' dir='ltr'><em>probatur.</em></span> <span class='ocrx_word' id='word_1_953' title='bbox 1800 2381 1872 2411; x_wconf 86' lang='lat' dir='ltr'><em>tiam</em></span> <span class='ocrx_word' id='word_1_954' title='bbox 1894 2381 1969 2413; x_wconf 86' lang='lat' dir='ltr'><em>Gro—</em></span> 
     </span>
     <span class='ocr_line' id='line_1_138' title="bbox 1121 2419 1969 2463; baseline 0.004 -13"><span class='ocrx_word' id='word_1_955' title='bbox 1121 2421 1194 2451; x_wconf 89' lang='lat' dir='ltr'><em>tium</em></span> <span class='ocrx_word' id='word_1_956' title='bbox 1219 2421 1249 2451; x_wconf 87' lang='lat' dir='ltr'><em>id</em></span> <span class='ocrx_word' id='word_1_957' title='bbox 1277 2419 1444 2462; x_wconf 75' lang='lat' dir='ltr'><em>agnoviffe,</em></span> <span class='ocrx_word' id='word_1_958' title='bbox 1460 2419 1514 2461; x_wconf 90' lang='lat' dir='ltr'><em>sed</em></span> <span class='ocrx_word' id='word_1_959' title='bbox 1540 2430 1605 2451; x_wconf 84' lang='lat' dir='ltr'><em>mox</em></span> <span class='ocrx_word' id='word_1_960' title='bbox 1632 2422 1713 2452; x_wconf 82' lang='lat' dir='ltr'><em>varie</em></span> <span class='ocrx_word' id='word_1_961' title='bbox 1742 2422 1880 2460; x_wconf 84' lang='lat' dir='ltr'><em>tricatam</em></span> <span class='ocrx_word' id='word_1_962' title='bbox 1906 2421 1969 2463; x_wconf 88' lang='lat' dir='ltr'><em>effe.</em></span> 
     </span>
     <span class='ocr_line' id='line_1_139' title="bbox 1124 2460 1970 2503; baseline 0.002 -11"><span class='ocrx_word' id='word_1_963' title='bbox 1124 2461 1285 2502; x_wconf 88' lang='lat' dir='ltr'><em>Occupatio</em></span> <span class='ocrx_word' id='word_1_964' title='bbox 1302 2462 1391 2492; x_wconf 86' lang='lat' dir='ltr'><em>maris</em></span> <span class='ocrx_word' id='word_1_965' title='bbox 1412 2460 1447 2495; x_wconf 55' lang='grc' dir='ltr'><em>ὃ)</em></span> <span class='ocrx_word' id='word_1_966' title='bbox 1462 2471 1481 2492; x_wconf 91' lang='lat' dir='ltr'><em>a</em></span> <span class='ocrx_word' id='word_1_967' title='bbox 1497 2462 1600 2502; x_wconf 90' lang='lat' dir='ltr'><em>populo</em></span> <span class='ocrx_word' id='word_1_968' title='bbox 1619 2460 1655 2496; x_wconf 62' lang='grc' dir='ltr'><em>ὅ)</em></span> <span class='ocrx_word' id='word_1_969' title='bbox 1667 2471 1686 2492; x_wconf 89' lang='lat' dir='ltr'><em>a</em></span> <span class='ocrx_word' id='word_1_970' title='bbox 1699 2462 1819 2502; x_wconf 85' lang='lat' dir='ltr'><em>privato</em></span> <span class='ocrx_word' id='word_1_971' title='bbox 1839 2463 1889 2503; x_wconf 84' lang='lat' dir='ltr'><em>qui</em></span> <span class='ocrx_word' id='word_1_972' title='bbox 1902 2467 1970 2503; x_wconf 90' lang='lat' dir='ltr'><em>pro-</em></span> 
     </span>
    </p>
   </div>
   <div class='ocr_carea' id='block_1_21' title="bbox 1120 2501 1974 2548">
    <p class='ocr_par' dir='ltr' id='par_1_28' title="bbox 1120 2501 1974 2548">
     <span class='ocr_line' id='line_1_140' title="bbox 1120 2501 1974 2548; baseline 0.005 -15"><span class='ocrx_word' id='word_1_973' title='bbox 1120 2504 1213 2534; x_wconf 87' lang='lat' dir='ltr'><em>cedat.</em></span> <span class='ocrx_word' id='word_1_974' title='bbox 1240 2502 1389 2533; x_wconf 88' lang='lat' dir='ltr'><em>Littorum</em></span> <span class='ocrx_word' id='word_1_975' title='bbox 1408 2503 1526 2533; x_wconf 85' lang='lat' dir='ltr'><em>eandem</em></span> <span class='ocrx_word' id='word_1_976' title='bbox 1542 2501 1610 2542; x_wconf 87' lang='lat' dir='ltr'><em>effe,</em></span> <span class='ocrx_word' id='word_1_977' title='bbox 1632 2511 1690 2548; x_wconf 79' lang='lat' dir='ltr'><em>quae</em></span> <span class='ocrx_word' id='word_1_978' title='bbox 1709 2503 1798 2533; x_wconf 88' lang='lat' dir='ltr'><em>maris</em></span> <span class='ocrx_word' id='word_1_979' title='bbox 1810 2525 1821 2540; x_wconf 94' lang='lat'><em>‚</em></span> <span class='ocrx_word' id='word_1_980' title='bbox 1844 2503 1974 2544; x_wconf 71' lang='lat' dir='ltr'><em>causam-¹</em></span> 
     </span>
    </p>
   </div>
   <div class='ocr_carea' id='block_1_22' title="bbox 1109 2542 1973 3282">
    <p class='ocr_par' dir='ltr' id='par_1_29' title="bbox 1109 2542 1973 3282">
     <span class='ocr_line' id='line_1_141' title="bbox 1120 2542 1968 2586; baseline 0.001 -11"><span class='ocrx_word' id='word_1_981' title='bbox 1120 2544 1224 2584; x_wconf 87' lang='lat' dir='ltr'><em>Neque</em></span> <span class='ocrx_word' id='word_1_982' title='bbox 1248 2544 1305 2574; x_wconf 80' lang='lat' dir='ltr'><em>haec</em></span> <span class='ocrx_word' id='word_1_983' title='bbox 1322 2543 1499 2574; x_wconf 87' lang='lat' dir='ltr'><em>communia</em></span> <span class='ocrx_word' id='word_1_984' title='bbox 1519 2542 1681 2582; x_wconf 74' lang='lat' dir='ltr'><em>appellari,</em></span> <span class='ocrx_word' id='word_1_985' title='bbox 1703 2552 1788 2584; x_wconf 83' lang='lat' dir='ltr'><em>quam</em></span> <span class='ocrx_word' id='word_1_986' title='bbox 1810 2553 1869 2586; x_wconf 83' lang='lat' dir='ltr'><em>quae</em></span> <span class='ocrx_word' id='word_1_987' title='bbox 1888 2553 1968 2577; x_wconf 79' lang='lat' dir='ltr'><em>occu-</em></span> 
     </span>
     <span class='ocr_line' id='line_1_142' title="bbox 1114 2582 1970 2625; baseline 0.002 -10"><span class='ocrx_word' id='word_1_988' title='bbox 1114 2592 1189 2625; x_wconf 87' lang='lat' dir='ltr'><em>pata</em></span> <span class='ocrx_word' id='word_1_989' title='bbox 1205 2595 1261 2616; x_wconf 90' lang='lat' dir='ltr'><em>non</em></span> <span class='ocrx_word' id='word_1_990' title='bbox 1270 2585 1354 2625; x_wconf 84' lang='lat' dir='ltr'><em>sunt.</em></span> <span class='ocrx_word' id='word_1_991' title='bbox 1399 2582 1478 2623; x_wconf 85' lang='lat' dir='ltr'><em>Poffe</em></span> <span class='ocrx_word' id='word_1_992' title='bbox 1505 2588 1601 2613; x_wconf 85' lang='lat' dir='ltr'><em>tamen</em></span> <span class='ocrx_word' id='word_1_993' title='bbox 1622 2584 1654 2613; x_wconf 87' lang='lat' dir='ltr'><em>in</em></span> <span class='ocrx_word' id='word_1_994' title='bbox 1678 2584 1835 2616; x_wconf 84' lang='lat' dir='ltr'><em>dominium</em></span> <span class='ocrx_word' id='word_1_995' title='bbox 1852 2586 1914 2617; x_wconf 88' lang='lat' dir='ltr'><em>redi</em></span> <span class='ocrx_word' id='word_1_996' title='bbox 1936 2586 1970 2625; x_wconf 60' lang='lat'><em>²⁸3</em></span> 
     </span>
     <span class='ocr_line' id='line_1_143' title="bbox 1116 2595 1972 2669; baseline 0.002 -13"><span class='ocrx_word' id='word_1_997' title='bbox 1116 2625 1153 2660; x_wconf 59' lang='grc' dir='ltr'><em>ὅ)</em></span> <span class='ocrx_word' id='word_1_998' title='bbox 1170 2625 1287 2657; x_wconf 72' lang='lat' dir='ltr'><em>redacta</em></span> <span class='ocrx_word' id='word_1_999' title='bbox 1304 2624 1354 2665; x_wconf 86' lang='lat' dir='ltr'><em>effe</em></span> <span class='ocrx_word' id='word_1_1000' title='bbox 1378 2632 1593 2664; x_wconf 83' lang='lat' dir='ltr'><em>nonnunquam.</em></span> <span class='ocrx_word' id='word_1_1001' title='bbox 1672 2635 1711 2656; x_wconf 73' lang='grc' dir='ltr'><em>[ιω</em></span> <span class='ocrx_word' id='word_1_1002' title='bbox 1727 2625 1867 2658; x_wconf 69' lang='grc' dir='ltr'><em>Ααέῖονω</em></span> <span class='ocrx_word' id='word_1_1003' title='bbox 1881 2595 1972 2669; x_wconf 50' lang='lat' dir='ltr'><em>71th&amp;</em></span> 
     </span>
     <span class='ocr_line' id='line_1_144' title="bbox 1116 2664 1970 2711; baseline 0.002 -13"><span class='ocrx_word' id='word_1_1004' title='bbox 1116 2668 1149 2698; x_wconf 87' lang='lat' dir='ltr'><em>de</em></span> <span class='ocrx_word' id='word_1_1005' title='bbox 1168 2667 1212 2697; x_wconf 86' lang='lat' dir='ltr'><em>his</em></span> <span class='ocrx_word' id='word_1_1006' title='bbox 1227 2667 1358 2697; x_wconf 80' lang='lat' dir='ltr'><em>dixerint</em></span> <span class='ocrx_word' id='word_1_1007' title='bbox 1369 2686 1381 2702; x_wconf 84' lang='lat'>‚</span> <span class='ocrx_word' id='word_1_1008' title='bbox 1404 2664 1578 2704; x_wconf 86' lang='lat' dir='ltr'><em>adferuntur</em></span> <span class='ocrx_word' id='word_1_1009' title='bbox 1597 2664 1632 2699; x_wconf 54' lang='grc' dir='ltr'><em>ἐξ</em></span> <span class='ocrx_word' id='word_1_1010' title='bbox 1650 2672 1839 2707; x_wconf 73' lang='lat' dir='ltr'><em>exponuntur.</em></span> <span class='ocrx_word' id='word_1_1011' title='bbox 1876 2667 1918 2700; x_wconf 81' lang='lat' dir='ltr'><em>Ut</em></span> <span class='ocrx_word' id='word_1_1012' title='bbox 1935 2665 1970 2711; x_wconf 51' lang='lat' dir='ltr'><em>{ff</em></span> 
     </span>
     <span class='ocr_line' id='line_1_145' title="bbox 1115 2704 1970 2749; baseline 0.005 -11"><span class='ocrx_word' id='word_1_1013' title='bbox 1115 2717 1174 2749; x_wconf 75' lang='lat' dir='ltr'><em>qua</em></span> <span class='ocrx_word' id='word_1_1014' title='bbox 1194 2705 1247 2747; x_wconf 85' lang='lat' dir='ltr'><em>ipfi</em></span> <span class='ocrx_word' id='word_1_1015' title='bbox 1269 2715 1306 2737; x_wconf 79' lang='lat' dir='ltr'><em>ex</em></span> <span class='ocrx_word' id='word_1_1016' title='bbox 1330 2704 1457 2736; x_wconf 69' lang='lat' dir='ltr'><em>condicto</em></span> <span class='ocrx_word' id='word_1_1017' title='bbox 1483 2707 1627 2737; x_wconf 84' lang='lat' dir='ltr'><em>tradidere</em></span> <span class='ocrx_word' id='word_1_1018' title='bbox 1650 2707 1683 2738; x_wconf 89' lang='lat' dir='ltr'><em>de</em></span> <span class='ocrx_word' id='word_1_1019' title='bbox 1712 2717 1769 2738; x_wconf 87' lang='lat' dir='ltr'><em>non</em></span> <span class='ocrx_word' id='word_1_1020' title='bbox 1795 2709 1970 2749; x_wconf 78' lang='lat' dir='ltr'><em>impediendo</em></span> 
     </span>
     <span class='ocr_line' id='line_1_146' title="bbox 1117 2746 1973 2792; baseline 0.002 -13"><span class='ocrx_word' id='word_1_1021' title='bbox 1117 2749 1206 2779; x_wconf 83' lang='lat' dir='ltr'><em>maris</em></span> <span class='ocrx_word' id='word_1_1022' title='bbox 1222 2748 1291 2788; x_wconf 89' lang='lat' dir='ltr'><em>usu,</em></span> <span class='ocrx_word' id='word_1_1023' title='bbox 1308 2746 1455 2786; x_wconf 83' lang='lat' dir='ltr'><em>explicitis</em></span> <span class='ocrx_word' id='word_1_1024' title='bbox 1471 2747 1550 2778; x_wconf 83' lang='lat' dir='ltr'><em>circa</em></span> <span class='ocrx_word' id='word_1_1025' title='bbox 1568 2748 1624 2778; x_wconf 85' lang='lat' dir='ltr'><em>haec</em></span> <span class='ocrx_word' id='word_1_1026' title='bbox 1641 2749 1735 2780; x_wconf 85' lang='lat' dir='ltr'><em>variis</em></span> <span class='ocrx_word' id='word_1_1027' title='bbox 1753 2750 1896 2790; x_wconf 87' lang='lat' dir='ltr'><em>capitibus</em></span> <span class='ocrx_word' id='word_1_1028' title='bbox 1912 2749 1973 2792; x_wconf 57' lang='lat' dir='ltr'><em>J&#39;us</em></span> 
     </span>
     <span class='ocr_line' id='line_1_147' title="bbox 1116 2785 1968 2865; baseline 0.004 -45"><span class='ocrx_word' id='word_1_1029' title='bbox 1116 2790 1160 2820; x_wconf 80' lang='lat' dir='ltr'><em>ris</em></span> <span class='ocrx_word' id='word_1_1030' title='bbox 1177 2790 1209 2820; x_wconf 86' lang='lat' dir='ltr'><em>in</em></span> <span class='ocrx_word' id='word_1_1031' title='bbox 1227 2789 1247 2819; x_wconf 93' lang='lat' dir='ltr'><em>l.</em></span> <span class='ocrx_word' id='word_1_1032' title='bbox 1271 2795 1323 2826; x_wconf 88' lang='lat'><em>50.</em></span> <span class='ocrx_word' id='word_1_1033' title='bbox 1346 2785 1379 2818; x_wconf 88' lang='lat' dir='ltr'><em>ff.</em></span> <span class='ocrx_word' id='word_1_1034' title='bbox 1403 2786 1442 2818; x_wconf 89' lang='lat' dir='ltr'><em>de</em></span> <span class='ocrx_word' id='word_1_1035' title='bbox 1464 2787 1593 2829; x_wconf 78' lang='lat' dir='ltr'><em>Aequis.</em></span> <span class='ocrx_word' id='word_1_1036' title='bbox 1618 2797 1675 2820; x_wconf 78' lang='lat' dir='ltr'><em>res.</em></span> <span class='ocrx_word' id='word_1_1037' title='bbox 1700 2789 1817 2822; x_wconf 87' lang='lat' dir='ltr'><em>domm.</em></span> <span class='ocrx_word' id='word_1_1038' title='bbox 1843 2790 1864 2822; x_wconf 93' lang='lat' dir='ltr'><em>l.</em></span> <span class='ocrx_word' id='word_1_1039' title='bbox 1889 2789 1968 2865; x_wconf 55' lang='lat' dir='ltr'><em>mg.</em></span> 
     </span>
     <span class='ocr_line' id='line_1_148' title="bbox 1118 2827 1969 2900; baseline 0.005 -40"><span class='ocrx_word' id='word_1_1040' title='bbox 1118 2834 1147 2864; x_wconf 85' lang='lat'><em>8.</em></span> <span class='ocrx_word' id='word_1_1041' title='bbox 1171 2830 1202 2861; x_wconf 91' lang='lat'>&amp;</span> <span class='ocrx_word' id='word_1_1042' title='bbox 1218 2838 1246 2865; x_wconf 88' lang='lat'><em>9.</em></span> <span class='ocrx_word' id='word_1_1043' title='bbox 1272 2829 1334 2870; x_wconf 85' lang='lat' dir='ltr'><em>l.3.</em></span> <span class='ocrx_word' id='word_1_1044' title='bbox 1361 2827 1391 2900; x_wconf 40' lang='grc' dir='ltr'><em>ἦ.</em></span> <span class='ocrx_word' id='word_1_1045' title='bbox 1414 2837 1439 2859; x_wconf 88' lang='lat'><em>1.</em></span> <span class='ocrx_word' id='word_1_1046' title='bbox 1461 2828 1521 2868; x_wconf 81' lang='lat' dir='ltr'><em>l.4.</em></span> <span class='ocrx_word' id='word_1_1047' title='bbox 1545 2828 1580 2861; x_wconf 87' lang='lat' dir='ltr'><em>ff.</em></span> <span class='ocrx_word' id='word_1_1048' title='bbox 1607 2829 1658 2861; x_wconf 85' lang='lat' dir='ltr'><em>Ne</em></span> <span class='ocrx_word' id='word_1_1049' title='bbox 1674 2830 1748 2872; x_wconf 88' lang='lat' dir='ltr'><em>quid</em></span> <span class='ocrx_word' id='word_1_1050' title='bbox 1763 2830 1795 2862; x_wconf 89' lang='lat' dir='ltr'><em>in</em></span> <span class='ocrx_word' id='word_1_1051' title='bbox 1815 2830 1878 2864; x_wconf 87' lang='lat' dir='ltr'><em>loc.</em></span> <span class='ocrx_word' id='word_1_1052' title='bbox 1895 2841 1936 2874; x_wconf 86' lang='lat' dir='ltr'><em>pu</em></span> <span class='ocrx_word' id='word_1_1053' title='bbox 1958 2855 1969 2872; x_wconf 72' lang='grc'>,</span> 
     </span>
     <span class='ocr_line' id='line_1_149' title="bbox 1118 2868 1969 2918; baseline 0.006 -17"><span class='ocrx_word' id='word_1_1054' title='bbox 1118 2870 1140 2901; x_wconf 92' lang='lat' dir='ltr'><em>l.</em></span> <span class='ocrx_word' id='word_1_1055' title='bbox 1167 2879 1215 2918; x_wconf 73' lang='lat'><em>13.</em></span> <span class='ocrx_word' id='word_1_1056' title='bbox 1241 2868 1353 2915; x_wconf 49' lang='lat' dir='ltr'><em>§.4ult.</em></span> <span class='ocrx_word' id='word_1_1057' title='bbox 1382 2893 1389 2900; x_wconf 91' lang='lat'><em>.</em></span> <span class='ocrx_word' id='word_1_1058' title='bbox 1416 2878 1462 2909; x_wconf 87' lang='lat'><em>14.</em></span> <span class='ocrx_word' id='word_1_1059' title='bbox 1487 2868 1521 2901; x_wconf 86' lang='lat' dir='ltr'><em>ff.</em></span> <span class='ocrx_word' id='word_1_1060' title='bbox 1542 2870 1580 2902; x_wconf 85' lang='lat' dir='ltr'><em>de</em></span> <span class='ocrx_word' id='word_1_1061' title='bbox 1600 2870 1692 2910; x_wconf 87' lang='lat' dir='ltr'><em>Injur.</em></span> <span class='ocrx_word' id='word_1_1062' title='bbox 1718 2871 1739 2903; x_wconf 95' lang='lat' dir='ltr'><em>l.</em></span> <span class='ocrx_word' id='word_1_1063' title='bbox 1767 2880 1792 2903; x_wconf 94' lang='lat'><em>1.</em></span> <span class='ocrx_word' id='word_1_1064' title='bbox 1815 2870 1843 2913; x_wconf 87' lang='lat'><em>§.</em></span> <span class='ocrx_word' id='word_1_1065' title='bbox 1872 2870 1969 2914; x_wconf 73' lang='lat' dir='ltr'><em>17.ff;</em></span> 
     </span>
     <span class='ocr_line' id='line_1_150' title="bbox 1117 2910 1970 2953; baseline 0.005 -11"><span class='ocrx_word' id='word_1_1066' title='bbox 1117 2911 1156 2942; x_wconf 87' lang='lat' dir='ltr'><em>de</em></span> <span class='ocrx_word' id='word_1_1067' title='bbox 1176 2910 1312 2942; x_wconf 68' lang='lat' dir='ltr'><em>hlumm.</em></span> <span class='ocrx_word' id='word_1_1068' title='bbox 1338 2911 1396 2942; x_wconf 71' lang='grc' dir='ltr'><em>ἀς.</em></span> <span class='ocrx_word' id='word_1_1069' title='bbox 1425 2912 1560 2942; x_wconf 86' lang='lat' dir='ltr'><em>Grotium</em></span> <span class='ocrx_word' id='word_1_1070' title='bbox 1588 2911 1624 2946; x_wconf 67' lang='lat'><em>&amp;⁹</em></span> <span class='ocrx_word' id='word_1_1071' title='bbox 1652 2911 1827 2953; x_wconf 85' lang='lat' dir='ltr'><em>Interpretes</em></span> <span class='ocrx_word' id='word_1_1072' title='bbox 1857 2919 1970 2946; x_wconf 80' lang='lat' dir='ltr'><em>tantum</em></span> 
     </span>
     <span class='ocr_line' id='line_1_151' title="bbox 1116 2952 1970 2997; baseline 0.007 -16"><span class='ocrx_word' id='word_1_1073' title='bbox 1116 2961 1174 2982; x_wconf 86' lang='lat' dir='ltr'><em>non</em></span> <span class='ocrx_word' id='word_1_1074' title='bbox 1191 2960 1285 2982; x_wconf 79' lang='lat' dir='ltr'><em>omnes</em></span> <span class='ocrx_word' id='word_1_1075' title='bbox 1301 2957 1454 2992; x_wconf 88' lang='lat' dir='ltr'><em>perperam</em></span> <span class='ocrx_word' id='word_1_1076' title='bbox 1473 2961 1507 2983; x_wconf 90' lang='lat' dir='ltr'><em>ea</em></span> <span class='ocrx_word' id='word_1_1077' title='bbox 1525 2952 1696 2993; x_wconf 82' lang='lat' dir='ltr'><em>intellexiffe</em></span> <span class='ocrx_word' id='word_1_1078' title='bbox 1716 2954 1823 2986; x_wconf 81' lang='lat' dir='ltr'><em>videri.</em></span> <span class='ocrx_word' id='word_1_1079' title='bbox 1867 2953 1970 2997; x_wconf 78' lang='lat' dir='ltr'><em>Poffes·</em></span> 
     </span>
     <span class='ocr_line' id='line_1_152' title="bbox 1109 2991 1968 3036; baseline 0.007 -13"><span class='ocrx_word' id='word_1_1080' title='bbox 1109 2991 1219 3031; x_wconf 86' lang='lat' dir='ltr'><em>fionem</em></span> <span class='ocrx_word' id='word_1_1081' title='bbox 1249 2992 1286 3027; x_wconf 60' lang='grc' dir='ltr'><em>ὅ)</em></span> <span class='ocrx_word' id='word_1_1082' title='bbox 1311 2993 1400 3024; x_wconf 87' lang='lat' dir='ltr'><em>maris</em></span> <span class='ocrx_word' id='word_1_1083' title='bbox 1422 2992 1459 3028; x_wconf 60' lang='grc' dir='ltr'><em>ὅ)</em></span> <span class='ocrx_word' id='word_1_1084' title='bbox 1484 2993 1614 3026; x_wconf 86' lang='lat' dir='ltr'><em>littorum</em></span> <span class='ocrx_word' id='word_1_1085' title='bbox 1632 2995 1720 3025; x_wconf 87' lang='lat' dir='ltr'><em>etiam</em></span> <span class='ocrx_word' id='word_1_1086' title='bbox 1744 2994 1822 3036; x_wconf 84' lang='lat' dir='ltr'><em>Jure</em></span> <span class='ocrx_word' id='word_1_1087' title='bbox 1840 2995 1968 3028; x_wconf 79' lang='lat' dir='ltr'><em>Romano</em></span> 
     </span>
     <span class='ocr_line' id='line_1_153' title="bbox 1114 3033 1969 3077; baseline 0.007 -13"><span class='ocrx_word' id='word_1_1088' title='bbox 1114 3034 1271 3064; x_wconf 86' lang='lat' dir='ltr'><em>dominium</em></span> <span class='ocrx_word' id='word_1_1089' title='bbox 1294 3035 1377 3065; x_wconf 88' lang='lat' dir='ltr'><em>unice</em></span> <span class='ocrx_word' id='word_1_1090' title='bbox 1398 3034 1485 3073; x_wconf 88' lang='lat' dir='ltr'><em>dare,</em></span> <span class='ocrx_word' id='word_1_1091' title='bbox 1509 3037 1594 3066; x_wconf 88' lang='lat' dir='ltr'><em>unice</em></span> <span class='ocrx_word' id='word_1_1092' title='bbox 1612 3034 1772 3075; x_wconf 86' lang='lat' dir='ltr'><em>defendere.</em></span> <span class='ocrx_word' id='word_1_1093' title='bbox 1819 3035 1871 3068; x_wconf 86' lang='lat' dir='ltr'><em>Ex</em></span> <span class='ocrx_word' id='word_1_1094' title='bbox 1888 3033 1969 3077; x_wconf 71' lang='lat' dir='ltr'><em>Rufi-1</em></span> 
     </span>
     <span class='ocr_line' id='line_1_154' title="bbox 1120 3072 1968 3118; baseline 0.006 -13"><span class='ocrx_word' id='word_1_1095' title='bbox 1120 3075 1186 3105; x_wconf 84' lang='lat' dir='ltr'><em>licis</em></span> <span class='ocrx_word' id='word_1_1096' title='bbox 1201 3072 1364 3114; x_wconf 80' lang='lat' dir='ltr'><em>illustratur</em></span> <span class='ocrx_word' id='word_1_1097' title='bbox 1380 3074 1400 3106; x_wconf 86' lang='lat'><em>1.</em></span> <span class='ocrx_word' id='word_1_1098' title='bbox 1429 3084 1475 3116; x_wconf 89' lang='lat'><em>14.</em></span> <span class='ocrx_word' id='word_1_1099' title='bbox 1516 3100 1524 3108; x_wconf 92' lang='lat'><em>.</em></span> <span class='ocrx_word' id='word_1_1100' title='bbox 1550 3086 1577 3109; x_wconf 90' lang='lat'><em>1.</em></span> <span class='ocrx_word' id='word_1_1101' title='bbox 1598 3074 1635 3107; x_wconf 80' lang='lat' dir='ltr'><em>ff:</em></span> <span class='ocrx_word' id='word_1_1102' title='bbox 1652 3075 1691 3107; x_wconf 87' lang='lat' dir='ltr'><em>de</em></span> <span class='ocrx_word' id='word_1_1103' title='bbox 1709 3075 1788 3118; x_wconf 89' lang='lat' dir='ltr'><em>Acq.</em></span> <span class='ocrx_word' id='word_1_1104' title='bbox 1809 3085 1867 3109; x_wconf 83' lang='lat' dir='ltr'><em>rer.</em></span> <span class='ocrx_word' id='word_1_1105' title='bbox 1885 3075 1968 3118; x_wconf 43' lang='lat' dir='ltr'><em>domi</em></span> 
     </span>
     <span class='ocr_line' id='line_1_155' title="bbox 1120 3115 1968 3159; baseline 0.004 -11"><span class='ocrx_word' id='word_1_1106' title='bbox 1120 3115 1290 3156; x_wconf 78' lang='lat' dir='ltr'><em>Mendosam</em></span> <span class='ocrx_word' id='word_1_1107' title='bbox 1308 3115 1358 3157; x_wconf 85' lang='lat' dir='ltr'><em>effe</em></span> <span class='ocrx_word' id='word_1_1108' title='bbox 1376 3116 1395 3147; x_wconf 90' lang='lat' dir='ltr'><em>l.</em></span> <span class='ocrx_word' id='word_1_1109' title='bbox 1413 3125 1464 3156; x_wconf 86' lang='lat'><em>45.</em></span> <span class='ocrx_word' id='word_1_1110' title='bbox 1512 3116 1523 3148; x_wconf 79' lang='lat'><em>’.</em></span> <span class='ocrx_word' id='word_1_1111' title='bbox 1548 3117 1587 3148; x_wconf 92' lang='lat' dir='ltr'><em>de</em></span> <span class='ocrx_word' id='word_1_1112' title='bbox 1604 3116 1716 3158; x_wconf 79' lang='lat' dir='ltr'><em>Usus-p.</em></span> <span class='ocrx_word' id='word_1_1113' title='bbox 1740 3117 1770 3150; x_wconf 73' lang='grc' dir='ltr'><em>δι</em></span> <span class='ocrx_word' id='word_1_1114' title='bbox 1789 3115 1875 3150; x_wconf 87' lang='lat' dir='ltr'><em>usuc.</em></span> <span class='ocrx_word' id='word_1_1115' title='bbox 1896 3117 1968 3159; x_wconf 69' lang='lat' dir='ltr'><em>Hac</em></span> 
     </span>
     <span class='ocr_line' id='line_1_156' title="bbox 1119 3154 1968 3204; baseline 0.004 -17"><span class='ocrx_word' id='word_1_1116' title='bbox 1119 3154 1301 3197; x_wconf 80' lang='lat' dir='ltr'><em>restituitur,</em></span> <span class='ocrx_word' id='word_1_1117' title='bbox 1325 3159 1359 3188; x_wconf 87' lang='lat' dir='ltr'><em>in</em></span> <span class='ocrx_word' id='word_1_1118' title='bbox 1377 3167 1437 3188; x_wconf 87' lang='lat' dir='ltr'><em>rem</em></span> <span class='ocrx_word' id='word_1_1119' title='bbox 1456 3158 1622 3199; x_wconf 86' lang='lat' dir='ltr'><em>praesentem</em></span> <span class='ocrx_word' id='word_1_1120' title='bbox 1644 3158 1826 3204; x_wconf 80' lang='lat' dir='ltr'><em>explicatur,</em></span> <span class='ocrx_word' id='word_1_1121' title='bbox 1858 3157 1894 3194; x_wconf 65' lang='grc' dir='ltr'><em>δ’</em></span> <span class='ocrx_word' id='word_1_1122' title='bbox 1902 3157 1968 3200; x_wconf 68' lang='lat' dir='ltr'><em>poi·-</em></span> 
     </span>
     <span class='ocr_line' id='line_1_157' title="bbox 1118 3197 1967 3240; baseline 0.002 -12"><span class='ocrx_word' id='word_1_1123' title='bbox 1118 3208 1149 3229; x_wconf 91' lang='lat' dir='ltr'><em>ro</em></span> <span class='ocrx_word' id='word_1_1124' title='bbox 1169 3200 1346 3239; x_wconf 87' lang='lat' dir='ltr'><em>componitur</em></span> <span class='ocrx_word' id='word_1_1125' title='bbox 1362 3208 1425 3230; x_wconf 90' lang='lat' dir='ltr'><em>cum</em></span> <span class='ocrx_word' id='word_1_1126' title='bbox 1443 3198 1465 3230; x_wconf 93' lang='lat' dir='ltr'><em>l.</em></span> <span class='ocrx_word' id='word_1_1127' title='bbox 1477 3207 1505 3239; x_wconf 84' lang='lat'><em>7.</em></span> <span class='ocrx_word' id='word_1_1128' title='bbox 1530 3198 1564 3231; x_wconf 86' lang='lat' dir='ltr'><em>ff.</em></span> <span class='ocrx_word' id='word_1_1129' title='bbox 1588 3198 1626 3230; x_wconf 86' lang='lat' dir='ltr'><em>de</em></span> <span class='ocrx_word' id='word_1_1130' title='bbox 1646 3197 1762 3231; x_wconf 81' lang='lat' dir='ltr'><em>sters</em></span> <span class='ocrx_word' id='word_1_1131' title='bbox 1779 3207 1872 3240; x_wconf 87' lang='lat' dir='ltr'><em>temp.</em></span> <span class='ocrx_word' id='word_1_1132' title='bbox 1890 3207 1967 3240; x_wconf 55' lang='lat' dir='ltr'><em>praef</em></span> 
     </span>
     <span class='ocr_line' id='line_1_158' title="bbox 1118 3237 1965 3282; baseline -0.001 -10"><span class='ocrx_word' id='word_1_1133' title='bbox 1118 3237 1223 3280; x_wconf 84' lang='lat' dir='ltr'><em>script.</em></span> <span class='ocrx_word' id='word_1_1134' title='bbox 1246 3239 1432 3282; x_wconf 81' lang='lat' dir='ltr'><em>Epilogusde</em></span> <span class='ocrx_word' id='word_1_1135' title='bbox 1444 3241 1554 3272; x_wconf 87' lang='lat' dir='ltr'><em>tantulo</em></span> <span class='ocrx_word' id='word_1_1136' title='bbox 1572 3240 1613 3272; x_wconf 82' lang='lat' dir='ltr'><em>rei</em></span> <span class='ocrx_word' id='word_1_1137' title='bbox 1625 3245 1712 3272; x_wconf 79' lang='lat' dir='ltr'><em>tanta</em></span> <span class='ocrx_word' id='word_1_1138' title='bbox 1727 3239 1895 3280; x_wconf 79' lang='lat' dir='ltr'><em>compendio.</em></span> <span class='ocrx_word' id='word_1_1139' title='bbox 1909 3247 1965 3281; x_wconf 77' lang='lat'><em>137</em></span> 
     </span>
    </p>
   </div>
   <div class='ocr_carea' id='block_1_23' title="bbox 1314 2337 1973 2381">
    <p class='ocr_par' dir='ltr' id='par_1_30' title="bbox 1314 2337 1973 2381">
     <span class='ocr_line' id='line_1_159' title="bbox 1314 2337 1973 2381; baseline 0.006 -13"><span class='ocrx_word' id='word_1_1140' title='bbox 1314 2337 1415 2368; x_wconf 62' lang='lat' dir='ltr'><em>issaris</em></span> <span class='ocrx_word' id='word_1_1141' title='bbox 1435 2337 1486 2379; x_wconf 88' lang='lat' dir='ltr'><em>jus</em></span> <span class='ocrx_word' id='word_1_1142' title='bbox 1513 2339 1673 2378; x_wconf 79' lang='lat' dir='ltr'><em>proprium,</em></span> <span class='ocrx_word' id='word_1_1143' title='bbox 1690 2340 1728 2370; x_wconf 86' lang='lat' dir='ltr'><em>ad</em></span> <span class='ocrx_word' id='word_1_1144' title='bbox 1751 2339 1793 2370; x_wconf 87' lang='lat' dir='ltr'><em>ali</em></span> <span class='ocrx_word' id='word_1_1145' title='bbox 1812 2349 1874 2370; x_wconf 89' lang='lat' dir='ltr'><em>uem</em></span> <span class='ocrx_word' id='word_1_1146' title='bbox 1903 2346 1973 2381; x_wconf 45' lang='lat' dir='ltr'><em>peri</em></span> 
     </span>
    </p>
   </div>
  </div>
 </body>
</html>
