2008 3436
181 122 248 157 268
416 119 814 156 CORNELII

220 197 252 229 Si
272 207 332 238 qua
353 207 428 230 vero
450 199 518 241 lege
537 202 671 233 vetitum
691 200 727 232 {it
750 209 847 240 prope
863 200 981 231 Urbem
1002 209 1040 230 εε-

175 238 322 276 dinc-are,
341 239 370 271 ὃς
389 248 491 272 tamen
511 241 699 273 aedilieatum
717 241 753 272 lit
765 241 916 278 ,aelificia
928 250 1040 281 ,quan-

177 279 344 320 docunque
363 281 536 321 placuerit,
560 284 642 313 recte
656 281 872 320 destruuntur,
898 292 959 313 non
973 290 1039 312 mo-

176 321 218 351 do
249 331 312 353 non
338 321 441 354 refuso
463 324 584 364 pretio,
617 322 667 354 sed
692 323 722 354 ὃς
744 323 905 354 commissa
927 331 1042 363 piena,

175 370 287 393 contra
307 362 495 396 facientibus
511 364 642 401 statuta,
667 373 701 394 ut
725 364 827 404 palam
846 372 973 395 cautum
997 363 1042 395 est

176 401 204 442 ὃ.
225 412 275 443 79.
298 403 363 435 LL.
389 405 532 436 Leidenl'.
574 405 616 435 Et
635 414 707 435 cum
729 404 917 436 Alkmariani
935 404 1040 445 petiis-

177 444 266 483 sent,
290 445 420 477 aedisieia
451 447 531 477 intra
555 455 625 476 eoo.
649 445 783 486 perticas
803 455 820 476 a
839 445 1042 477 munimentis

175 485 236 517 suis
263 496 302 517 ne
318 486 569 522 exstruerentur.
602 487 631 517 δε
658 485 813 517 exsti-utta
833 487 1040 522 tollerentur,

179 525 311 558 Carolus
329 527 366 559 V.
390 527 552 559 constituit
569 537 617 567 15.
634 527 720 568 Sept.
739 527 900 568 1528.(5)
917 536 955 558 ne
973 527 1042 566 quis

177 567 350 600 exstrueret
371 568 452 600 intra
474 578 541 600 roo.
565 569 720 609 perticas,
743 568 810 607 sed,
836 579 906 608 quae
923 567 1042 600 exstru-

176 609 224 640 &a
244 608 364 647 ess'ent,
389 618 558 640 manerent.
605 608 720 642 Rursus
735 609 908 641 wilelmus
928 609 950 641 Ι.
974 609 1041 650 Dy-

175 650 261 682 nasta
279 650 454 691 Orangius,
479 654 528 682 26.
554 650 626 682 Ost.
661 660 750 692 1573.
777 650 942 683 constituit
963 651 1038 692 (6),

175 701 215 722 ne
234 691 302 731 quis
320 692 400 722 intra
418 695 489 723 600.
510 692 643 732 perticas
663 701 679 723 a
697 691 851 723 moenibus
871 692 1041 723 Alkmaria-

176 733 224 763 nis
243 731 375 763 aedificia
395 732 589 771 exstrueret,
613 733 656 765 fin
672 742 793 772 autem,
819 732 1018 774 Magistratui
1032 755 1041 770 ‚

177 773 303 812 quando
326 773 504 811 videretur,
529 774 641 805 liceret
660 773 824 806 destruere.
870 777 902 806 Si
928 773 1042 805 destru-

176 813 240 845 {tio
257 814 391 854 pendeat
404 815 441 846 ab
457 815 587 846 arbitrio
605 815 809 855 Magistratus
821 839 829 854 ‚
844 824 945 856 neque
963 824 1040 856 prze-

180 853 310 895 scriptio
335 855 366 887 in
392 856 448 888 bac
470 855 558 887 causa
582 856 745 897 proderit,
783 857 1047 897 quemadmodum

178 905 280 936 neque
302 896 380 927 banc
400 897 430 928 in
453 897 601 928 similibus
619 897 780 937 prodesse,
802 898 874 930 satis
892 897 1044 937 intelligi-

179 947 248 969 mus
275 946 315 968 ex
345 938 364 969 l.
392 942 422 969 6.
446 938 490 976 QC.
514 940 547 969 de
578 938 667 978 Oper.
689 939 771 979 publ.
818 938 906 981 Quin
934 940 964 971 δε
992 930 1044 970 sae-

177 987 216 1019 pe
233 979 461 1018 pei-mittuntur
480 979 702 1012 exstructiones
715 989 811 1021 prope
829 980 947 1011 Urbem
958 1003 967 1019 ,
993 979 1044 1010 sed

176 1029 213 1050 ea
227 1020 313 1060 lege,
336 1027 371 1051 ut
394 1019 599 1052 aedilieatores
617 1030 666 1052 eas
684 1029 848 1052 teneantur
865 1020 1042 1052 tolleresuo

177 1060 321 1101 sumptu,
351 1061 477 1092 iimulac
501 1061 700 1103 lvlagistratus
718 1062 860 1102 jusserit3
885 1062 912 1093 ἃ
937 1061 978 1093 fic
999 1060 1043 1093 cst

179 1102 211 1133 in
235 1102 404 1143 privilegio
427 1103 582 1143 quodam,
605 1103 690 1143 quod
718 1103 880 1145 Philippus
904 1102 944 1134 Π.
968 1102 1041 1134 Am-

178 1141 465 1175 sterdammenfibus
484 1143 570 1175 dedit
587 1153 668 1175 anno
689 1144 857 1184 1556.(7).
883 1144 976 1184 idque
993 1153 1042 1184 ap-

177 1185 277 1225 prime
293 1185 445 1216 convenit
464 1185 599 1226 antiquis
616 1184 959 1216 Amsterdammensiuin
976 1185 1042 1215 Sta-

180 1225 258 1257 tutis
277 1235 327 1256 22.
347 1225 420 1266 Apr.
451 1235 540 1268 1399.
566 1227 596 1257 <Sc
619 1226 678 1257 ult.
706 1226 807 1257 Mart.
834 1234 922 1265 1401.
969 1224 1044 1267 Huc

177 1266 273 1297 etiam
289 1267 426 1307 pertinet
441 1267 639 1307 privilegium
658 1266 968 1298 Scboonhovenfium
997 1275 1044 1306 14.

177 1307 276 1338 Mart.
303 1317 390 1347 1549.
415 1307 473 1348 (8)
495 1316 534 1338 ex
552 1316 615 1348 quo
634 1308 770 1347 pretium
787 1307 954 1345 arborum,
977 1316 1045 1347 quae

177 1347 382 1389 exstirpandae
401 1357 488 1380 erant
500 1371 509 1385 ‚
524 1346 670 1379 solvitur
684 1347 721 1380 iis
733 1348 886 1387 dominis,
900 1348 952 1388 qui
969 1355 1046 1379 tune

178 1389 305 1420 arbores
327 1389 480 1420 habebant
499 1398 597 1429 prope
622 1389 718 1421 molas
741 1389 899 1431 aquarias,
923 1388 975 1420 sed
993 1389 1046 1429 qui

177 1429 284 1471 postea
302 1430 479 1470 plantarent
490 1439 618 1468 ,eorum
637 1429 762 1471 sumptu
779 1438 978 1469 eruerentur,
996 1429 1045 1461 ad-

181 1471 246 1502 dita
265 1472 360 1502 etiam
378 1480 487 1502 contra
505 1471 695 1503 facientibus
713 1482 814 1513 poena.

224 1512 327 1553 Atque
344 1513 412 1543 liaec
429 1512 555 1553 quidem
571 1513 601 1543 in
620 1511 705 1543 hisee
723 1513 827 1546 caulis.
866 1513 925 1545 Sed
938 1512 1048 1554 quidni

179 1553 365 1594 generaliter
382 1553 550 1586 statuamus
561 1577 571 1592 ,
596 1563 690 1585 omne
704 1554 870 1594 damnum,
889 1555 974 1596 quod
986 1554 1048 1595 pri-

886 130 996 156 VAN

776 1651 1050 1688 CAPU

1070 116 1668 154 BYNKERSHOEK

1084 198 1146 230 vati
1163 197 1270 230 ferunt
1285 207 1342 238 pro
1359 196 1540 229 neceffitate
1564 197 1615 228 vel
1640 195 1777 228 utilitate
1803 201 1939 233 comenda

1083 240 1135 277 ni,
1158 249 1345 278 commune,
1369 240 1398 270 ὅ(
1415 239 1545 278 proinde
1561 247 1599 268 ex
1620 246 1688 268 arca
1705 237 1828 278 publica
1851 239 1941 273 resar.

1083 281 1226 312 ciendum
1243 280 1328 312 ell'e‘.)
1354 280 1400 311 Ita
1417 279 1487 310 sane
1506 277 1682 317 responium
1710 277 1755 309 est
1778 279 1877 318 Confil.
1904 282 1942 316 Β,

1087 321 1120 352 Τ.
1144 321 1167 353 Ι.
1194 320 1296 359 Coizfil.
1318 327 1385 356 182.
1407 320 1508 359 infin.
1553 320 1613 351 Sed
1631 329 1724 360 quum
1750 329 1830 352 anno
1853 325 1939 364 1672.

1083 363 1184 402 ruptis
1213 363 1376 403 aggeribus
1406 371 1484 402 aqua
1510 361 1540 392 in
1565 359 1766 393 Hollandiam
1791 361 1865 394 ess'et
1889 365 1943 398 im-

1084 402 1171 434 mill'a
1197 403 1234 435 ad
1264 403 1413 435 arcendos
1442 402 1563 441 hostes,
1600 402 1758 433 metuebat
1781 403 1834 434 ille
1858 403 1945 438 Con-

1085 444 1204 482 sultor,
1224 454 1263 476 ne
1282 445 1416 476 Ordines
1439 442 1603 481 damnum,
1629 443 1709 483 agris
1733 443 1858 481 datum.
1879 455 1944 480 non

1084 484 1288 523 resarcirent,
1318 486 1408 526 quia,
1442 485 1562 526 inquit,
1588 494 1667 525 agris
1695 483 1732 514 ad
1758 486 1945 522 munitiones

1085 526 1205 566 captis,
1229 527 1348 558 nullum
1364 526 1650 572 dominis‘pretium
1668 523 1854 559 refunditur.
1883 528 1947 562 Res

1085 566 1150 608 ipsa
1174 577 1247 599 vera
1272 566 1338 605 est,
1365 568 1447 598 ratio
1471 577 1573 599 minus
1600 575 1680 597 vera.
1735 565 1786 598 De
1808 567 1942 611 damnO,

1083 618 1138 649 per
1153 618 1263 649 aquam
1281 607 1443 640 immiffam
1461 608 1556 647 dato,
1580 617 1644 639 nen
1669 606 1782 639 frustra
1807 611 1946 650 metuit,

1084 659 1148 680 non
1173 650 1287 686 modo,
1324 649 1408 690 quod
1433 658 1472 680 ne
1500 656 1621 680 tantum
1644 648 1769 686 quidem
1792 649 1947 686 Ordinem

1083 690 1183 722 fuerit
1210 690 1241 722 in
1264 691 1397 726 loculis,
1423 690 1504 721 unde
1527 699 1613 730 aquae
1640 690 1719 721 illud
1734 689 1876 724 damnum
1899 702 1952 725 rem

1085 731 1234 763 sarcirent
1247 755 1256 770 ,
1268 730 1318 762 sed
1332 731 1417 772 quod
1431 731 1461 762 id
1479 731 1624 762 damnuin
1642 731 1786 762 videatur
1800 732 1948 767 damnum⁴

1086 773 1162 804 belli
1189 773 1336 813 vulgare,
1369 780 1403 803 ut
1428 771 1450 804 si
1469 772 1619 812 placuerit
1642 772 1684 803 ibi
1713 773 1836 812 potius,
1857 783 1948 816 quam

1088 813 1161 846 alibi
1190 823 1261 845 cum
1287 812 1374 844 hoste
1406 813 1593 854 confligere,
1628 812 1724 844 castra
1749 815 1855 846 metari
1874 839 1884 855 ,
1915 817 1954 850 Gt:

1089 864 1158 896 quae
1178 853 1246 886 sunt
1263 854 1293 885 id
1313 864 1410 896 genus
1425 854 1493 886 alia.
1540 853 1720 892 Damnum,
1743 856 1826 896 quod
1849 857 1949 890 oritur>

1089 906 1129 927 ex
1146 895 1325 927 calamitate
1347 896 1442 934 belli,
1466 903 1616 936 oportet,
1650 904 1684 927 ut
1703 905 1810 928 omnes
1835 895 1951 939 subditi

1089 947 1181 978 aequo
1201 937 1306 968 animo
1333 937 1434 969 ferant
1450 959 1462 974 ,
1493 946 1551 968 nec
1572 937 1636 976 cjus
1661 937 1724 968 ulla
1756 947 1888 978 unquam
1915 938 1952 973 fit

1088 979 1259 1010 restitutio.
1301 979 1361 1010 Sed
1374 979 1458 1019 quod
1476 978 1517 1009 ait
1539 977 1728 1017 consultor,
1751 988 1814 1010 non
1830 979 1953 1014 refundi

1086 1020 1220 1060 pretium
1237 1029 1381 1060 agrorum
1393 1042 1403 1057 ,
1425 1019 1477 1059 qui
1495 1019 1654 1050 muniendi
1672 1029 1748 1061 ergo
1768 1020 1969 1062 capiunturs

1086 1060 1216 1092 fortall'e
1236 1070 1344 1092 rerum
1360 1060 1405 1091 est
1419 1060 1565 1091 fervente
1582 1060 1687 1098 bello,
1717 1063 1862 1101 quamdiu
1877 1063 1952 1105 legi-t

1086 1102 1142 1134 bus
1160 1101 1317 1133 (ilentium
1335 1102 1500 1141 imponunt
1520 1111 1624 1138 arma,
1648 1109 1783 1133 anteum
1801 1104 1950 1135 munitio-

1087 1153 1141 1174 nes
1162 1143 1239 1174 liunt
1265 1143 1500 1180 tumultuariae,
1525 1142 1554 1173 &
1573 1141 1610 1172 ad
1635 1150 1777 1183 tempus,
1804 1143 1854 1175 sed
1878 1154 1953 1178 cum

1087 1183 1286 1214 exstruuntur
1310 1184 1341 1215 in
1358 1190 1542 1222 perpetuum
1560 1205 1571 1220 ,
1603 1183 1634 1213 id
1656 1193 1764 1216 verum
1791 1184 1853 1216 effe
1875 1195 1953 1219 non-

1087 1225 1161 1256 dum
1196 1223 1288 1264 potui
1315 1223 1568 1254 animadvertere.
1629 1223 1815 1266 Repugnant
1846 1225 1954 1267 leges,

1090 1275 1165 1306 quas
1184 1265 1234 1295 hoc
1261 1264 1296 1298 δ’)
1314 1265 1489 1304 praecccienzz'
1513 1265 1615 1303 Cupite
1641 1273 1754 1301 attuli,
1778 1275 1954 1306 repugnant

1090 1316 1211 1344 mores,
1236 1305 1288 1336 hic
1315 1306 1344 1336 ὅ(
1372 1305 1444 1336 alibi
1470 1303 1621 1336 Gentium
1645 1306 1775 1347 recepti.
1820 1306 1953 1349 Hispani

1090 1356 1176 1379 certe
1191 1355 1273 1378 anno
1293 1349 1382 1386 1667.
1406 1345 1485 1386 agi-is
1503 1346 1696 1386 quorundam
1713 1357 1809 1388 prope
1823 1347 1961 1382 Bruxelae

1089 1389 1154 1426 las,
1176 1388 1335 1420 muniendi
1352 1386 1459 1424 cansa,
1491 1387 1609 1427 captis,
1635 1388 1760 1427 publice
1789 1389 1954 1423 edixerunt

1089 1430 1167 1471 (9),
1192 1436 1342 1470 quantum
1359 1428 1462 1459 damni
1481 1428 1612 1468 quisque
1628 1429 1777 1469 cepisset,
1801 1439 1842 1461 ex
1865 1431 1954 1464 AEra·

1089 1481 1139 1502 rlo
1157 1470 1287 1512 publico
1307 1469 1472 1510 reciperet.
1517 1469 1681 1500 Recordor
1698 1472 1727 1502 &
1749 1471 1886 1504 Francos
1903 1482 1955 1504 an.

1091 1522 1133 1544 no
1158 1515 1245 1549 1699.
1272 1510 1472 1551 Argentorati
1489 1509 1571 1542 idem
1590 1510 1729 1544 edixiss'e.
1764 1513 1824 1545 Sed
1842 1513 1955 1556 ubique

1091 1554 1305 1594 exemplorum
1324 1551 1445 1584 abunde
1459 1549 1515 1584 est.

1103 1651 1138 1687 T
1235 1650 1381 1687 XVI.

302 1750 347 1785 Ut
363 1748 468 1795 solius
495 1749 659 1796 Principis
683 1747 727 1797 est
751 1751 889 1785 crimina
916 1752 1102 1793 remittere,
1119 1748 1170 1793 fic
1198 1750 1269 1796 ejus
1292 1747 1397 1796 filius
1422 1747 1481 1796 ff
1510 1748 1640 1794 videri,
1667 1749 1836 1786 criminum

782 1810 994 1855 impunitates
1009 1810 1136 1856 publice
1150 1810 1352 1855 promittere.

206 1933 211 1937 .
278 1914 295 1935 e
321 1905 384 1936 ulla
410 1905 542 1937 crimina
563 1906 819 1944 remitterentur,
840 1906 976 1947 publicae
992 1906 1050 1938 Di-

293 1945 431 1986 sciplinae
450 1947 542 1987 vigor
556 1947 722 1989 exigebat,
746 1947 797 1978 sed
814 1948 918 1987 hunc,
938 1948 979 1979 ob
995 1949 1048 1979 be-

179 1999 219 2020 ne
240 1988 351 2020 merita
375 1986 479 2026 forte,
510 1987 625 2021 aliasve
646 1987 752 2020 causas
770 2011 781 2027 ,
820 1988 900 2029 saepe
925 1988 1048 2030 subegit

181 2029 377 2069 Reipublicae
402 2029 523 2060 utilitas
541 2052 550 2065 ,
593 2039 684 2071 quam
720 2039 779 2061 nec
807 2030 933 2062 morose
959 2031 1051 2062 nimis

186 2070 364 2111 aspernatus
383 2068 428 2100 est
452 2069 590 2111 Populus
613 2071 791 2109 Romanus,
821 2071 950 2103 virtutis
973 2072 1049 2103 alio-

180 2111 257 2151 quin
283 2120 367 2141 verte
394 2109 497 2141 custos
519 2111 699 2152 rigidusque
725 2111 858 2144 satelles.
903 2112 963 2144 Sed
988 2121 1051 2144 tur-

180 2152 300 2193 piffime
326 2151 438 2182 deinde
465 2150 603 2190 Gentes,
629 2160 751 2184 tantum
772 2162 837 2184 non
860 2162 987 2192 omnes,
1008 2163 1048 2185 eo

181 2195 250 2234 jure
267 2192 337 2233 sunt
354 2191 466 2224 abusae.
511 2192 545 2225 In
565 2193 674 2234 Belgio
697 2193 767 2226 sane
790 2194 867 2226 olim
892 2195 923 2226 in
948 2194 1049 2236 perni-

180 2234 297 2266 ciosam
315 2233 511 2274 Reipublicae
537 2233 747 2275 frequentiam
771 2234 872 2266 abivit
898 2236 1047 2268 remiffio-

180 2286 257 2308 num
274 2276 421 2312 licentia,
447 2275 518 2306 inde
536 2275 604 2307 fere
622 2283 712 2315 nata,
738 2276 821 2318 quod
845 2286 937 2318 quam
956 2277 1051 2318 pluri-

182 2317 225 2349 mi
243 2317 338 2357 idjus
364 2317 577 2356 exercuerint,
602 2325 637 2348 ut
665 2316 813 2349 observat
841 2319 870 2349 δε
892 2317 980 2350 simul
1004 2318 1049 2350 in-

183 2366 291 2399 crepat
316 2357 477 2398 Philippus
503 2357 540 2389 11.
574 2356 706 2404 Hispan.
730 2359 821 2397 Rex,
854 2359 886 2391 in
918 2358 968 2401 ἓξ.
1001 2368 1048 2400 15.

184 2410 234 2432 20.
259 2399 287 2430 ὅ(
309 2408 358 2439 24.
395 2398 498 2430 Edisti
529 2399 568 2430 de
591 2399 783 2431 Criminibus
813 2409 845 2440 5.
870 2400 931 2441 Jul.
960 2410 1049 2442 1570.

184 2441 405 2472 Exercuerunt
419 2440 529 2480 utique
546 2440 622 2472 varii
641 2440 822 2482 Toparcbae
832 2465 842 2481 ,
859 2442 933 2483 quin
950 2442 979 2474 δε
990 2442 1052 2473 Ab·

183 2481 296 2513 batiss'a
313 2480 578 2522 Rynsburgeniis,
597 2481 690 2513 etiam
707 2492 756 2519 29·
777 2482 858 2525 Aug.
880 2482 1052 2524 156o.(1).

184 2522 282 2567 Quod
300 2530 405 2553 autem
425 2521 551 2562 plurimi
575 2525 794 2563 exercuerint,
821 2524 927 2556 tribuo
951 2524 1056 2556 diver-

184 2564 222 2596 sis
241 2561 456 2598 DitiunculiS,
484 2572 525 2594 ex
541 2563 655 2604 quibus
676 2565 753 2596 olim
773 2565 935 2607 Belgium,
949 2564 1056 2607 &ipsa

184 2603 359 2637 Hollandia
387 2602 569 2642 constabat,
603 2606 633 2636 δε
665 2614 794 2645 quarum
819 2607 980 2647 pleraeque
1009 2606 1054 2638 sui

184 2645 260 2686 juris
284 2650 391 2690 erant3
424 2643 475 2675 sed
493 2643 655 2685 postquam
680 2646 726 2676 lia:
750 2647 781 2677 in
810 2656 905 2678 unum
935 2648 1062 2678 Princi-·

184 2696 257 2728 pem
281 2684 412 2722 cessere,
437 2685 500 2725 ejus
522 2685 614 2717 solius
630 2685 694 2717 esse
718 2686 883 2719 videbatur
913 2696 948 2718 ea
967 2697 1055 2719 exer-

185 2737 277 2763 cere,
302 2736 371 2768 quae
394 2725 482 2767 supra
504 2726 603 2768 Leges
622 2726 712 2763 sunt,
737 2727 767 2759 δε
791 2728 828 2759 ad
851 2728 918 2767 jura
942 2729 1054 2770 Supre-

188 2779 247 2800 mae
266 2766 433 2799 P0testatis
457 2768 625 2808 pertinent.
672 2767 764 2799 Unde
781 2768 811 2801 δε
829 2768 993 2811 Philippus
1014 2769 1053 2801 11.

188 2811 220 2841 in
242 2811 271 2841 d.
293 2808 341 2850 ὃς.
367 2819 417 2840 20.
443 2809 479 2844 ὅ)
501 2819 551 2850 24.
576 2808 633 2841 Ed.
657 2808 696 2840 de
721 2809 819 2841 Crim.
848 2818 939 2850 1570.
961 2820 1053 2851 genc-

186 2851 294 2883 ralitcr
321 2848 504 2888 constituit,
540 2859 579 2882 ne
608 2851 750 2890 cuiquam
783 2851 894 2882 liceret
923 2852 1053 2883 crimina

186 2892 373 2929 remittere,
405 2891 461 2923 nifi
482 2890 621 2931 Comiti‚
646 2891 859 2923 Gubernatori
885 2890 1052 2932 Generali,

186 2933 240 3006 viil
266 2932 402 2973 denique
429 2932 458 2963 ci
476 2955 487 2971 ,
520 2933 572 2964 cui
603 2932 635 2964 id
667 2931 843 2974 specialiter
874 2932 1054 2966 concessum

187 2983 204 3006 e
232 2981 275 3006 et.

226 3064 241 3102 (
251 3065 287 3100 ς)
307 3063 477 3102 Handvesten
491 3074 545 3094 vim
558 3066 688 3096 Alkmaar
704 3075 732 3104 p.
744 3073 788 3102 32.
812 3064 902 3101 &33.

222 3105 282 3138 (6)
303 3103 375 3132 Idem
397 3107 479 3140 p.60.
502 3103 539 3138 ὅ)
558 3108 605 3134 61.

224 3139 286 3177 (7)
306 3141 398 3168 Hooft
415 3142 523 3171 Nederl.
543 3141 647 3180 Histor.
667 3142 754 3176 L.11.
776 3150 806 3183 p.
820 3141 959 3181 63&64.

224 3179 284 3215 (8)
305 3178 426 3209 Plac.11.
448 3187 474 3214 5.
493 3189 521 3216 9.
543 3189 568 3212 1.
588 3184 636 3217 98.

1134 1905 1194 1937 Sed
1210 1914 1251 1936 ex
1266 1914 1328 1946 quo
1345 1903 1541 1945 Principatus
1558 1903 1736 1936 Hollandiae
1758 1903 1788 1936 &
1801 1902 1958 1937 Zelandiae

1092 1946 1129 1978 ad
1150 1945 1234 1987 ipsos
1262 1946 1397 1979 Ordines
1424 1955 1465 1977 ex
1494 1945 1554 1976 ass‘e
1579 1946 1744 1986 pervenit,
1775 1953 1884 1977 eorum
1907 1942 1954 1977 est

1094 1987 1225 2018 crimina
1251 1987 1436 2025 remittere,
1474 1986 1504 2018 δι
1529 1986 1701 2026 diplomata
1726 1986 1758 2017 in
1787 1985 1865 2017 hanc
1888 1994 1956 2018 rem

1095 2028 1222 2069 largiri,
1247 2035 1340 2068 atque
1360 2027 1403 2058 ita
1416 2027 1508 2059 etiam
1529 2027 1653 2066 utrique
1668 2027 1802 2059 Ordines
1821 2026 1960 2059 invicem

1094 2070 1174 2111 pacti
1202 2068 1271 2101 sunt
1301 2078 1348 2100 11.
1374 2068 1434 2108 Jul.
1467 2071 1555 2108 1674.
1588 2067 1656 2110 (2).
1715 2067 1764 2100 An
1790 2074 1894 2099 autem
1928 2068 1961 2102 ὅς

1093 2109 1352 2152 quemadmodum
1387 2110 1464 2140 olim
1499 2109 1633 2141 Ordines
1665 2109 1744 2141 hanc
1778 2107 1959 2146 remittendi

1091 2150 1281 2193 potestatem
1299 2160 1371 2182 cum
1400 2149 1548 2192 Dynastis
1574 2150 1737 2196 Orangiis‚
1761 2159 1820 2191 qua
1843 2149 1958 2196 utrius-

1093 2203 1154 2234 que
1180 2192 1359 2224 Provinciae
1387 2190 1659 2223 Gubernator-ibus
1677 2214 1686 2230 ‚
1710 2199 1962 2228 communicave÷

1093 2235 1177 2273 rint,
1199 2234 1228 2266 &
1244 2243 1281 2265 an
1307 2233 1359 2271 hi,
1383 2232 1552 2264 secundum
1579 2232 1754 2264 Codicillos
1778 2231 1870 2271 suos,
1891 2240 1961 2266 eam

1094 2275 1318 2312 exercuerint,
1352 2283 1415 2306 non
1441 2282 1533 2305 vacat
1567 2283 1650 2305 nunc
1673 2273 1854 2314 inquirere,
1882 2280 1958 2307 con-

1095 2325 1200 2348 tentus
1218 2324 1366 2354 monere,
1389 2314 1547 2347 exstinftis
1566 2314 1856 2354 Gubernatoribus,
1880 2323 1960 2355 prae-

1095 2366 1142 2390 ter
1157 2357 1239 2390 sol-os
1257 2356 1392 2389 Ordines
1408 2357 1440 2388 in
1458 2355 1629 2388 Hollandia
1649 2356 1679 2388 δε
1696 2354 1841 2388 Zelandia
1858 2354 1958 2387 nemi-

1094 2408 1165 2431 nem
1184 2398 1263 2436 effe,
1290 2398 1342 2439 qui
1363 2397 1457 2429 ullius
1474 2397 1579 2429 delicti
1599 2397 1728 2438 gratiam
1748 2396 1890 2436 cuiquam
1910 2393 1958 2427 fa-

1097 2449 1170 2472 cere
1187 2439 1290 2482 poffit.
1333 2438 1376 2471 Et
1400 2439 1471 2470 ideo
1493 2438 1640 2470 videntur
1664 2445 1766 2468 errare
1792 2434 1960 2478 Magistra-

1097 2489 1166 2520 tus,
1189 2481 1266 2522 qui,
1287 2489 1359 2512 cum
1377 2480 1453 2520 juris
1467 2479 1618 2511 duntaxat
1637 2477 1767 2509 habeant
1788 2477 1960 2509 exercitio-

1097 2532 1189 2561 nem,
1213 2522 1254 2553 im
1265 2521 1424 2553 irtidenter
1444 2520 1629 2561 quandoque
1649 2517 1710 2550 sese
1730 2517 1760 2549 in
1780 2517 1961 2559 Principem,

1097 2564 1232 2605 erigunt.
1258 2531 1331 2594 huc
1349 2562 1504 2603 pertinet,
1519 2556 1602 2601 qdod
1618 2559 1656 2591 de
1675 2556 1863 2600 Magistratu
1882 2568 1960 2601 quo-

1097 2606 1167 2636 dam
1183 2604 1314 2636 rclatum
1334 2602 1379 2634 est
1395 2601 1472 2644 (3),
1495 2610 1565 2632 eum
1580 2609 1702 2642 poenam
1721 2600 1853 2640 mortis,
1870 2599 1964 2636 antea

1097 2647 1276 2682 decretam,
1298 2643 1447 2682 mutall'e,
1473 2642 1502 2673 ἅ
1528 2650 1615 2672 reuzn
1641 2641 1795 2673 duntaxat
1815 2641 1852 2673 ad
1871 2641 1961 2674 trire-

1098 2697 1164 2719 mes
1183 2683 1356 2723 damnass'c,
1379 2693 1470 2720 nam,
1501 2682 1555 2723 qui
1579 2690 1703 2723 posnam
1725 2682 1884 2714 mitiorem
1904 2681 1963 2717 staz'

1099 2728 1180 2767 tuit,
1204 2734 1293 2767 quam
1317 2724 1415 2765 Leges
1437 2724 1608 2765 imperant,
1639 2723 1744 2755 delicti
1762 2723 1892 2765 gratiam
1915 2719 1963 2756 fab'

1098 2769 1164 2807 cit,
1187 2767 1277 2808 idque
1295 2764 1391 2797 solius
1411 2764 1564 2805 Principis
1583 2763 1637 2796 est.
1683 2762 1758 2796 Huc
1776 2772 1899 2806 quoque
1914 2772 1965 2797 rc->

1096 2809 1168 2842 fero
1179 2831 1190 2848 ,
1213 2806 1295 2849 quod
1311 2804 1516 2847 Magistratus
1533 2805 1655 2838 Gronin
1680 2814 1755 2837 anus
1775 2807 1961 2839 ann01662.

1096 2849 1257 2892 proposito
1288 2845 1455 2879 Amnestiae
1488 2846 1625 2886 Editio,
1674 2845 1811 2878 editions
1840 2845 1962 2887 quibus-

1097 2892 1166 2923 dam
1186 2897 1309 2932 poenam
1326 2887 1501 2926 remiserit,
1525 2897 1596 2919 nam
1614 2885 1770 2920 Amnestia
1791 2895 1855 2919 non
1879 2887 1962 2920 rcCte

1095 2928 1307 2974 proficiscitur
1340 2929 1395 2961 nili
1419 2939 1436 2961 a
1464 2929 1590 2961 Summa
1621 2927 1796 2967 Potestate,
1829 2928 1859 2960 &
1890 2928 1962 2961 ideo

1867 2969 1970 3014 etiani.

1960 3043 1967 3058 lv

1154 3064 1195 3104 91)
1215 3063 1344 3093 Aitzema
1359 3059 1462 3098 Hister.
1483 3060 1519 3090 L.
1539 3061 1659 3092 XLVII.
1677 3068 1703 3099 p.
1712 3064 1778 3097 635.

1157 3105 1193 3140 1)
1213 3103 1279 3131 Pars
1299 3100 1369 3129 Cani
1386 3100 1483 3129 Batav.
1505 3101 1604 3138 aborig.
1624 3109 1651 3137 p.
1665 3108 1731 3135 402.

1130 3143 1190 3178 (2)
1209 3142 1242 3170 In
1261 3141 1285 3178 §.
1297 3147 1341 3175 34.
1357 3147 1411 3168 van
1424 3139 1465 3167 het
1477 3138 1558 3168 mder
1574 3139 1747 3176 Provilioneel
1761 3136 1876 3168 Accord.

1130 3180 1191 3218 (3)
1212 3178 1305 3218 Corfil.
1317 3178 1393 3210 Han.
1407 3178 1459 3208 111.
1478 3175 1612 3215 Amsterd.
1632 3176 1753 3215 Append.
1772 3184 1801 3215 p.
1816 3183 1863 3207 ιο.
