2008 3436
203 113 283 154 140
579 101 718 144 AD
830 101 1539 146 LECTOREM.
1775 112 1781 116 ’
1988 110 1991 147 l

1981 174 1992 191 K.

201 197 345 223 mutata.
397 187 481 223 Non
499 215 508 231 ‚
540 189 678 236 inquam
696 218 706 234 ,
743 202 784 227 ea
805 199 924 225 mente
954 190 1028 226 haec
1052 190 1163 226 scribo
1181 218 1192 234 ‚
1225 199 1262 225 ut
1286 189 1480 237 Justiniano
1499 191 1605 227 fidem
1624 191 1808 242 abrogem,
1835 198 1892 235 sed
1913 211 1949 239 ut
1976 194 1998 239 sl

202 236 357 280 constet,
385 249 430 271 ne
447 238 635 282 decimam,
662 239 755 274 forte
774 251 838 275 nec
854 239 1057 286 vigesimam
1074 250 1206 284 partem
1223 251 1342 274 eorum
1360 267 1369 282 ,
1395 251 1471 286 quae
1494 242 1683 278 emblemata
1704 244 1866 290 audiunt,
1890 261 1949 295 pro

202 286 471 322 emblematibus
501 288 556 323 vel
580 289 903 335 interpolationibus
927 288 994 323 ess'e
1016 288 1223 324 habendam.
1276 288 1410 324 Omnes
1431 291 1551 336 utique
1571 290 1766 327 additiones
1783 293 1819 329 ἃ
1841 295 1950 335 detra.

205 332 338 369 &iones
358 335 392 370 in
411 336 502 372 hunc
520 339 658 373 censum
683 349 751 372 non
771 337 916 381 veniunt
931 362 942 380 ‚
967 349 1038 371 non
1056 337 1343 379 additiones,nis1
1362 339 1497 385 aliquod
1516 338 1554 374 fit
1571 340 1715 388 ἐ’μςλημω
1736 344 1788 377 vel
1806 346 1950 394 ἐπιΐλημρ,
1985 359 1988 367 ⁴

200 393 245 416 ex
263 383 340 429 jure
370 395 489 427 novo;
525 397 594 420 non
618 386 837 428 omissiones,
871 385 932 420 nifi
955 385 1128 428 efficiant,
1153 396 1189 420 ut
1205 387 1271 421 alia
1296 398 1388 421 nunc
1406 387 1444 421 fit
1460 388 1622 423 Aufitoris
1638 392 1826 435 sententia,
1854 406 1951 441 quam
1988 407 1990 411 ⁷

201 431 285 465 olim
313 431 390 468 fuit.
442 435 651 470 Omissiones
675 436 781 482 igitur
803 436 846 469 ab
870 435 1199 478 interpolationibus
1220 435 1315 470 reite
1341 436 1494 472 distinxit
1525 438 1714 484 Gregorius
1737 441 1854 487 Lopez
1874 447 1951 481 Am·—
1986 451 1990 471 ¹

202 480 359 525 maclvers.
379 481 458 526 Jur.
480 484 574 518 Civil.
604 485 637 519 C.
658 486 715 519 ult.
743 483 869 528 &ipse
885 482 1114 528 distinguam,
1148 495 1228 519 eum
1245 485 1288 518 ad
1312 496 1386 519 rem
1410 495 1554 522 ventum
1572 487 1649 522 erit.
1700 489 1856 526 Voculas
1872 504 1952 539 quo-
1989 508 1992 533 ς

201 539 288 573 que,
315 531 372 565 hic
398 531 466 566 illic
484 533 636 574 additas,
662 541 699 566 ut
716 531 903 567 tranfitioni
920 531 1072 568 serviant
1089 557 1103 576 ‚
1135 531 1173 567 ἃ
1188 534 1301 579 Leges
1322 534 1477 581 Legibus
1497 536 1655 580 nefitant,
1681 536 1751 574 huc
1766 550 1834 574 non
1849 542 1951 585 perti·
1990 547 1992 562 l

201 588 306 619 nere,
328 579 407 663 saltis
425 581 473 616 est
492 591 644 616 certum:
673 583 800 627 absque
817 581 870 616 his
887 580 912 616 fi
937 579 1042 625 effet,
1067 581 1144 628 plus
1160 582 1410 630 indulgendum
1437 586 1606 631 querelae,
1633 588 1753 634 Corpus
1767 613 1781 633 ,
1806 599 1873 636 quo
1890 591 1952 638 utiq

200 637 300 671 mur,
325 639 343 663 e
374 639 404 664 e.

519 747 623 756 ..ι-.-

775 729 911 763 lacerum
936 728 1104 763 crudeliter
1128 740 1204 772 ora,

523 779 592 812 Ora
616 790 785 824 manusque
810 779 922 813 ambas

203 872 240 908 ἃ
266 873 371 919 JCtos
397 874 648 911 reviviscentes
674 875 742 911 effe
769 876 1043 911 exclamaturos:

523 974 588 1009 Hei
614 975 659 1009 mi
682 974 783 1019 qualis
807 975 919 1010 eram!

254 1068 379 1105 Omnis
403 1071 628 1116 interpolatio
647 1071 818 1107 censenda
840 1070 890 1107 est
920 1083 964 1107 ex
991 1072 1069 1119 jure
1108 1073 1163 1107 vel
1202 1073 1359 1110 sermone
1398 1084 1502 1110 novo.
1554 1075 1606 1111 Ut
1643 1075 1666 1111 si
1702 1077 1759 1124 jus
1797 1088 1927 1116 novum
1945 1107 1957 1126 ,

203 1118 294 1161 quod
319 1130 386 1154 non
410 1120 596 1155 obtinebat
620 1129 723 1156 aetate
748 1121 822 1168 ejus
852 1121 930 1167 JCti
957 1123 1012 1156 vel
1037 1121 1207 1167 Principis
1226 1149 1236 1164 ‚
1271 1124 1368 1170 cujus
1396 1134 1523 1159 nomen
1549 1125 1685 1171 aliquod
1710 1137 1813 1173 caput
1831 1140 1901 1173 prae
1925 1131 1964 1167 se‘

203 1166 293 1208 fert,
320 1167 378 1203 sub
407 1168 481 1215 ejus
505 1178 623 1204 tamen
651 1169 796 1215 persona
818 1169 1101 1214 repraesentetur;
1137 1173 1191 1206 vel
1210 1171 1233 1206 ss
1250 1172 1439 1213 Latinitas,
1467 1184 1531 1219 qua
1550 1175 1654 1209 utitur
1668 1175 1774 1221 JCtus
1792 1178 1847 1212 vel
1863 1178 1968 1227 Prin-17

203 1226 304 1260 cepS‚
339 1227 406 1251 non
432 1217 522 1263 ejus,
559 1217 617 1253 sed
641 1218 840 1263 posterioris
864 1217 903 1253 fit
929 1220 1051 1254 aetatis.
1102 1219 1170 1254 Sed
1194 1219 1269 1255 haec
1292 1220 1466 1265 postrema
1491 1222 1604 1265 ratio,
1630 1235 1703 1270 quae
1727 1225 1796 1261 sola
1811 1227 1899 1272 saepe
1918 1226 1967 1265 adl

201 1273 318 1308 partes
335 1275 498 1309 vocatur,
523 1266 572 1302 est
590 1267 718 1314 fragilis
734 1294 744 1310 ‚
778 1267 815 1303 ἅ
835 1264 1027 1314 periculosa
1043 1295 1053 1310 ‚
1080 1266 1117 1303 ἃ
1132 1279 1207 1315 quae
1233 1271 1417 1305 veritatem
1442 1269 1541 1306 fallit.
1592 1271 1711 1308 Nemo
1728 1273 1800 1317 est,
1825 1277 1882 1321 qui
1903 1274 1972 1313 ne-i

202 1311 308 1357 sciat,
335 1315 516 1362 plerosque
533 1316 660 1362 JCtos,
687 1328 729 1352 ex
748 1328 892 1364 quorum
915 1315 1120 1363 fragmentis
1144 1317 1327 1354 Pandthae
1355 1318 1534 1363 constant,
1556 1319 1678 1356 vixiffe
1692 1333 1731 1358 ea
1747 1331 1870 1368 aetate,
1896 1313 1976 1372 qud

201 1362 274 1409 jam
294 1362 482 1399 decoxerat
501 1364 663 1400 sermonis
680 1366 797 1402 Latini
819 1366 949 1412 puritas
967 1364 1005 1401 &
1025 1366 1204 1413 majestas:
1231 1378 1249 1402 a
1268 1368 1363 1415 JCtis
1389 1368 1496 1415 igitur
1521 1369 1641 1404 nostris
1667 1371 1966 1420 exspeetabimusg

204 1420 244 1446 ut
263 1412 390 1447 Latine
418 1413 616 1460 loquantur3
657 1414 949 1461 quemadmodum
975 1415 1116 1461 loquuta
1139 1415 1188 1451 est
1204 1416 1311 1452 Laelia
1325 1443 1338 1461 ,
1364 1416 1478 1453 socrus
1494 1418 1595 1454 Craffi
1610 1446 1619 1462 ‚
1647 1429 1706 1456 aut
1725 1420 1970 1463 Gracchorum}

203 1469 317 1495 mater
339 1461 525 1497 Cornelia?
551 1463 648 1499 varia
668 1464 773 1499 etiam
804 1475 922 1500 eorum
947 1472 1047 1506 aetas‚
1075 1463 1113 1500 ὅτ
1134 1466 1288 1501 nonnulli
1305 1466 1430 1502 Romae
1453 1478 1589 1513 quoque
1605 1469 1781 1517 peregrini
1811 1487 1817 1493 ·
1846 1473 1885 1507 In
1902 1470 1978 1509 Al-i..

203 1508 289 1544 feno
308 1509 473 1546 Alfenum
497 1511 720 1558 deprehendo
742 1540 751 1556 ‚
784 1513 841 1549 sed
863 1524 931 1548 non
950 1515 987 1549 in‘
1003 1514 1126 1557 Paulo,
1151 1515 1260 1551 multo
1285 1516 1396 1552 minus
1413 1517 1446 1551 in
1466 1516 1617 1562 Ulpiano
1637 1519 1770 1565 Tyrio,
1850 1521 1971 1559 adhuei

203 1558 318 1593 minus
336 1558 370 1593 in
390 1559 544 1595 Arcadio
564 1560 727 1597 Charisio.
781 1561 992 1608 Componite
1009 1573 1125 1598 tamen
1148 1575 1226 1599 cum
1244 1565 1294 1599 his
1316 1565 1410 1612 JCtis
1424 1590 1436 1609 ,
1462 1566 1583 1611 quibus
1607 1567 1857 1605 Pandeditarum
1879 1568 1967 1617 prae2

205 1607 310 1652 cipua
335 1618 412 1652 pars
436 1608 606 1653 debetur,
640 1610 836 1657 Scriptores
868 1611 1014 1658 Linguae
1038 1612 1171 1648 Latinae
1196 1614 1341 1659 aequales
1363 1642 1372 1657 ‚
1407 1614 1487 1661 quin
1510 1614 1546 1650 ἃ
1567 1617 1725 1661 nonnihil
1746 1618 1938 1665 superiores
1952 1619 1970 1678 ζ’

204 1656 332 1703 Julium
357 1668 481 1703 nempe
505 1659 763 1706 Obsequentem
782 1688 792 1703 ‚
825 1661 954 1695 Aulum
983 1660 1157 1706 Gellium,
1190 1662 1338 1698 Plinium
1355 1664 1555 1710 Juniorem,
1581 1664 1685 1701 nostri
1707 1667 1868 1713 profefflo
1890 1668 1967 1707 vin!

206 1714 291 1740 cent
307 1704 382 1740 stilo
398 1733 407 1749 ‚
434 1706 470 1742 ἃ
492 1707 566 1753 plus
583 1711 730 1744 vincent
747 1709 875 1751 Afros,
902 1709 1112 1756 Apulejum,
1147 1711 1422 1755 Tertullianum,
1453 1713 1548 1748 alios.
1602 1714 1746 1761 Oppido
1762 1717 1869 1764 igitur
1892 1728 1974 1754 mov

206 1753 273 1788 rosi
302 1755 413 1789 sumus
429 1781 441 1798 ,
468 1755 491 1790 si
514 1768 584 1792 non
608 1758 781 1803 patiamur
798 1785 808 1801 ,
841 1757 963 1794 nostris
996 1760 1204 1794 vocabulum
1230 1761 1366 1806 aliquod
1396 1761 1574 1805 excidere,
1599 1763 1691 1808 quod
1711 1766 1836 1801 vitium
1855 1764 1976 1805 saeculi}

207 1802 374 1838 redoleat.
425 1805 486 1839 Ne
512 1806 628 1841 dicam
647 1834 655 1850 ‚
691 1807 849 1852 peffimos
874 1807 963 1853 saepe
985 1808 1184 1844 Latinitatis
1209 1810 1389 1856 magistros
1405 1809 1497 1857 quali
1512 1821 1556 1845 ex
1573 1812 1710 1857 tripode
1734 1815 1982 1860 pronunciaret,

208 1852 253 1885 de
271 1853 386 1887 verbis
406 1851 443 1887 ἃ
464 1855 640 1890 sententiis
659 1857 813 1900 Latinis,
849 1856 908 1891 fibi
932 1867 1050 1901 parum
1078 1858 1273 1893 intellefiiis.
1327 1859 1394 1894 Sed
1420 1860 1514 1901 haec,
1542 1858 1578 1894 ἃ
1596 1860 1685 1904 alia,
1710 1874 1786 1909 quae
1803 1864 1872 1899 huc
1890 1875 1974 1911 per-2

207 1901 341 1943 tinent,
370 1902 504 1947 plenius
520 1906 685 1951 exsequar
702 1905 766 1940 suis
788 1905 874 1940 locis
889 1932 898 1948 ,
927 1916 1040 1951 neque
1057 1907 1150 1941 enim
1178 1906 1342 1943 constitui
1369 1909 1410 1943 iis
1431 1919 1564 1944 morem
1590 1921 1733 1955 gerere,
1758 1913 1814 1959 qui
1835 1924 1901 1948 non
1921 1913 1979 1950 lea*

206 1960 296 1994 gunt
311 1949 372 1989 nili
388 1951 472 1987 solas
495 1952 739 1999 praefationes,
766 1962 804 1989 ut
822 1965 948 1999 nempe
965 1954 1010 1989 de
1032 1956 1243 2002 argumentis
1267 1956 1451 1993 Librorum
1472 1958 1628 1993 nonnihil
1647 1959 1772 2005 poffint
1798 1961 1968 2000 confabui

206 1998 277 2033 lari.

259 2094 312 2129 Ex
331 2095 383 2130 his
402 2096 569 2147 intelligis
583 2128 592 2144 ,
618 2100 697 2136 satis
717 2109 829 2136 tutum
849 2112 917 2136 non
940 2101 1007 2138 effe
1023 2128 1035 2147 ‚
1063 2114 1106 2139 ex
1125 2102 1195 2137 solo
1213 2102 1270 2137 illo
1287 2105 1420 2140 ancillae
1435 2105 1675 2152 Euangelicae‚
1709 2110 1726 2149 ἡ
1752 2109 1847 2146 amalae
1867 2114 1903 2147 σέ
1918 2112 1970 2154 δῆἒ

211 2156 258 2180 λον
272 2160 303 2179 σε
318 2151 398 2189 mnf,
426 2147 678 2185 Tribonianum
697 2149 844 2197 aliquem
862 2162 994 2186 eruere.
1044 2152 1184 2187 Fortior
1199 2152 1232 2187 in
1255 2152 1345 2188 hanc
1365 2165 1436 2188 rem
1456 2156 1545 2190 ratio
1570 2156 1637 2199 est,
1665 2156 1687 2192 fi
1706 2158 1835 2204 liqueat
1857 2157 1967 2198 veteri

207 2195 298 2239 Legi
316 2194 384 2229 esse
399 2195 630 2242 adscriptum,
663 2199 754 2244 quod
781 2211 883 2234 novae
909 2198 974 2242 est,
1011 2201 1068 2235 vel
1089 2212 1209 2243 novae‚
1237 2203 1328 2246 quod
1353 2202 1400 2238 est
1418 2204 1562 2247 veteris,
1591 2215 1735 2253 utroque
1752 2209 1843 2244 enirn
1863 2211 1969 2246 modo

207 2243 250 2278 fit
275 2245 497 2289 interpolatio
513 2271 525 2289 ‚
552 2245 732 2294 &largior
747 2248 854 2283 etiam
880 2257 1025 2295 utroque
1051 2250 1156 2284 modo
1181 2249 1306 2286 fafitam
1328 2251 1407 2287 effe.
1459 2253 1557 2288 Prior
1575 2254 1705 2298 species
1725 2255 1774 2291 est
1791 2259 1972 2303 vulgaris,

210 2290 248 2325 ἀ
266 2301 399 2327 tanturn
421 2305 488 2329 non
508 2297 610 2331 unice
626 2296 822 2339 celebrata,
849 2295 886 2332 <Sc
913 2297 986 2343 ejus
1007 2300 1202 2345 exemplum
1227 2301 1377 2346 agnosco
1395 2302 1428 2337 in
1464 2303 1484 2337 l.
1507 2306 1539 2338 6.
1562 2302 1613 2349 ff.
1639 2305 1676 2341 de
1700 2304 1829 2342 Divort.
1854 2305 1896 2348 &³
1921 2319 1971 2344 re·

205 2341 282 2387 pud.
308 2340 345 2376 <Sc
375 2344 495 2388 paucis
525 2343 618 2380 forte
640 2345 725 2380 aliis.
785 2345 872 2396 Quae
897 2346 1052 2392 Julianus
1077 2349 1125 2383 ait
1147 2348 1181 2383 in
1208 2349 1235 2383 d.
1266 2350 1287 2384 I.
1304 2353 1336 2384 6.
1365 2361 1431 2385 nec
1448 2351 1711 2399 antiquis'JCtis
1734 2357 1969 2401 conveniunt,

208 2400 277 2424 nec
305 2390 376 2434 his,
401 2402 475 2437 quae
492 2393 535 2428 de
551 2394 623 2441 ipso
641 2394 779 2441 Juliano
798 2395 902 2430 tradit
929 2396 1096 2442 Ulpianus
1119 2397 1153 2432 in
1181 2398 1201 2432 l.
1221 2409 1280 2442 45.
1299 2397 1350 2445 ff.
1376 2400 1411 2434 de
1437 2399 1480 2434 R.
1509 2402 1552 2435 N.
1584 2402 1806 2438 Conveniunt
1832 2404 1890 2440 illa
1911 2406 1971 2453 Ju'-

208 2439 450 2484 risprudentiae
474 2453 576 2478 novae
601 2444 636 2479 in
667 2445 788 2479 Novell.
817 2444 930 2479 ΧΧΠ.
967 2447 1001 2480 C.
1020 2457 1053 2492 7.
1105 2445 1174 2481 Sed
1202 2447 1478 2491 Tribonianurn‚
1514 2461 1590 2485 curn
1611 2450 1799 2487 Pandeaas
1816 2453 1972 2500 ederet',

211 2498 256 2522 ex
275 2487 437 2524 Novellis
460 2491 670 2537 interpolare
699 2503 770 2528 non
793 2492 942 2540 potuiss'e
970 2494 1030 2540 Jus
1049 2503 1171 2539 vetus,
1197 2497 1231 2531 in
1253 2497 1326 2542 ipso
1343 2497 1462 2542 Opere
1483 2498 1672 2533 ostendam.
1725 2501 1836 2547 Igitur
1858 2512 1916 2538 aut
1934 2509 1969 2550 a·-

210 2536 274 2570 lius
290 2536 537 2583 interpolavit,
572 2541 606 2575 in
632 2542 722 2588 quod
748 2543 941 2588 proclivior
963 2544 1034 2579 sum
1063 2545 1109 2579 ob
1128 2545 1302 2588 rationes,
1330 2557 1413 2592 quas
1433 2557 1523 2582 nunc
1542 2559 1611 2582 non
1629 2549 1815 2596 exsequor,
1843 2562 1920 2596 aut,
1945 2549 1969 2588 ss

211 2585 448 2622 'I‘ribonianus
464 2615 472 2629 ‚
513 2589 737 2635 interpolavit
763 2602 807 2626 ex
822 2592 905 2639 Jure
927 2592 1140 2636 vetustiore,
1165 2595 1256 2641 quod
1274 2595 1307 2630 in
1330 2596 1474 2630 Novellis
1491 2597 1679 2643 repetitum
1704 2598 1763 2634 est.
1813 2599 1970 2649 Excepta.

211 2643 327 2669 autem
355 2635 384 2670 d.
415 2637 434 2670 l.
456 2639 488 2671 6.
519 2636 557 2672 ἃ
574 2639 691 2684 paucis
711 2639 804 2675 forte
821 2641 895 2676 aliis
914 2668 923 2684 ‚
950 2652 1020 2677 non
1040 2642 1142 2677 auflm
1167 2652 1236 2678 tarn
1258 2645 1361 2690 longe
1386 2643 1423 2679 <Sc
1451 2645 1519 2680 late
1538 2647 1700 2692 evagari,
1728 2646 1765 2683 ἅ
1783 2649 1970 2687 Tribonia-

212 2694 260 2717 no
277 2685 446 2726 tribuere,
481 2688 573 2732 quod
603 2688 812 2724 Triboniani
837 2701 904 2725 non
933 2689 994 2724 est.
1047 2691 1104 2726 De
1126 2691 1308 2728 Pandeffis
1338 2694 1482 2739 loquor,
1513 2696 1590 2731 narn
1609 2695 1643 2730 in
1661 2695 1792 2732 Codice
1807 2699 1882 2744 plus
1909 2692 1970 2735 fibi

213 2732 384 2778 sumpsisse
403 2735 656 2772 Tribonianum
677 2747 781 2772 nemo
797 2738 1031 2782 inficiabitur,
1057 2740 1114 2786 qui
1134 2748 1316 2787 utrumque
1335 2742 1501 2778 Codiccm
1519 2770 1527 2785 ,
1559 2743 1840 2782 Theodonanum
1857 2746 1893 2782 ἃ
1911 2747 1968 2795 Ju-

216 2779 423 2817 stinianeum
437 2810 447 2826 ‚
469 2785 676 2828 contulerit;
701 2786 866 2833 majorem
888 2787 1087 2829 scilicet,ut
1101 2789 1171 2834 ipse
1187 2791 1389 2835 profitetur,
1414 2794 1604 2838 antiquitati
1617 2797 1827 2831 reverentiam
1844 2793 1967 2833 habuit.

211 2829 463 2916 Attamendneg
479 2833 605 2906 ἰηέρΓο
631 2834 762 2870 Codice
793 2844 928 2871 tantum
947 2835 1007 2872 fibi
1032 2837 1223 2884 sumpssffe,
1251 2851 1352 2885 quam
1371 2842 1474 2888 vulgo
1490 2842 1625 2887 placet,
1650 2841 1727 2890 ipsis
1743 2855 1858 2880 rerum
1873 2854 1970 2894 argu·

212 2887 340 2914 mentis
359 2891 378 2915 e
406 2892 426 2917 o
465 2894 502 2917 us
518 2895 601 2918 .um.
1958 2900 1960 2902 ’

264 2976 380 3022 Atque
401 2977 475 3014 haec
495 2979 539 3014 de
560 2981 676 3026 priore
695 2982 809 3027 specie
827 2982 1131 3029 interpolationis,
1156 2995 1221 3031 qua
1244 2985 1318 3021 Lex
1335 2997 1425 3022 nova
1445 2987 1647 3024 adscribitur
1668 2990 1800 3034 veteri,
1827 2991 1883 3028 sed
1903 3002 1968 3028 nec

214 3022 383 3065 posterior
409 3028 563 3073 specie5‚
597 3041 663 3075 qua
697 3034 771 3066 Lex
804 3041 905 3067 vetus
938 3031 1142 3067 adscribitur
1166 3045 1291 3076 novae,
1319 3034 1389 3071 fine
1415 3039 1573 3083 exemplo
1599 3038 1660 3074 est.
1714 3039 1780 3074 Vis
1801 3039 1927 3076 illustre
1949 3040 1967 3076 2

216 3071 336 3113 accipe
360 3084 401 3107 ex
427 3088 468 3110 eo
491 3076 562 3122 ipso
589 3079 725 3124 Syllabo
748 3081 995 3115 emblematum
1014 3107 1023 3122 ‚
1057 3091 1158 3126 quem
1186 3081 1464 3119 Wiffenbachius
1492 3087 1620 3129 edidit,
1658 3087 1694 3123 ἃ.
1716 3099 1759 3122 ex
1785 3100 1828 3124 eo
1852 3080 1971 3134 disce',

218 3128 317 3161 (luam
345 3121 494 3167 ingenue
518 3137 616 3172 agam
632 3151 642 3168 ,
669 3127 706 3163 <Sc
733 3127 847 3172 simul,
871 3141 971 3176 quam
999 3130 1237 3174 imprudenter
1261 3141 1340 3178 agat
1354 3132 1652 3178 Wissenbacliius‚
1672 3136 1811 3173 simulac
1837 3137 1967 3174 Aueia-

217 3176 269 3199 ηε
287 3167 360 3201 suos
378 3172 432 3205 vel
454 3175 623 3209 tantillum
641 3176 840 3213 deseruerit.
894 3179 932 3214 ln
950 3178 1271 3217 fideicommissariis
1289 3181 1540 3220 hereditatibus
1561 3184 1869 3232 frequentabantur
1884 3186 1969 3222 olim

1897 3233 1966 3269 duo
