2008 3436
474 113 868 150 CORNELII

221 198 314 228 cum,
339 191 369 223 in
395 200 458 232 quo
482 193 551 232 quis
576 192 713 226 fortuito
739 201 897 231 moratur,
922 194 951 226 δε
970 192 1077 224 secun-

219 231 295 262 dum
319 232 396 263 hanc
419 232 648 266 distiiistionem
673 234 768 266 facile
793 234 838 266 est
857 236 887 266 in
914 234 1078 266 confilium

217 272 263 302 ire
290 272 329 303 da:
353 273 475 314 singulis
504 276 617 314 caulis,
641 286 707 316 quae
731 275 897 314 incidunt,
918 275 1011 306 etiam
1040 275 1078 304 de

220 312 269 343 iiis
295 336 304 348 ‚
339 323 410 354 qua:
445 325 729 348 commemorantur
765 315 867 354 Consti.
900 316 944 347 H.
980 315 1014 346 T.
1050 324 1077 346 1.

223 353 325 392 Consti.
351 360 380 389 8.
406 355 441 390 ἐξ
470 366 536 388 113.
562 357 664 389 rursus
692 357 725 388 T.
760 357 798 388 11.
835 356 936 395 Consti.
969 360 1021 397 38.
1043 355 1079 389 ὅ)

223 404 294 436 173.
319 405 354 427 ut
380 397 408 428 ἅ
437 397 476 428 (16
502 398 591 435 aliis,
614 408 687 438 quas
705 398 816 428 retulit
840 398 925 429 Voet
952 399 988 427 ad
1016 397 1077 427 Tit.

212 435 254 476 ff.
279 438 317 467 acl
345 437 402 470 SC.
438 439 558 469 Thi-call.
585 438 621 473 &³
653 439 771 478 Orphit.
797 438 903 478 ibique
932 437 1073 478 Append.

218 478 251 507 cle
271 477 388 519 Succeff
413 481 448 509 ab
468 478 601 518 investito
621 489 649 509 n.
676 489 726 520 34.
752 489 820 510 nam
844 480 971 519 longum
987 478 1075 515 ell'et,

218 517 271 549 has
288 528 396 550 ornnes
413 528 560 551 excutere
572 544 580 558 ,
607 520 636 551 ἅ
655 520 693 550 de
711 520 747 552 iis
771 520 956 550 sententiam
975 528 1075 550 meam

217 559 340 591 addere.
386 561 525 591 Omnino
551 561 646 601 igitur
665 560 792 593 interest
813 560 908 599 scire,
932 569 994 591 non
1012 568 1075 590 tam

218 601 271 631 ubi
291 601 356 640 quis
372 601 519 638 decesiit,
542 611 634 642 quam
661 602 711 632 ubi
741 602 892 633 decedens
918 601 1074 632 domicili-

218 642 421 679 uinliabuit,
445 652 540 676 nam.
578 642 597 674 11
628 643 688 673 1106
715 642 843 675 sciamus
860 666 868 681 ,
908 642 1074 674 secundum

216 681 303 723 leges
318 683 383 722 ejus
399 683 547 714 domicilii
574 683 737 714 liaereditas
761 683 896 715 intestati
919 683 1077 721 defertur,

217 722 281 754 five
309 724 406 763 major
430 724 493 755 sive
519 725 622 755 minor
644 724 826 762 decesserit,
850 725 933 765 quod
955 726 991 755 ad
1011 733 1077 754 mo-

215 763 290 794 bilia
321 774 449 805 nempe,
484 765 513 795 d:
539 775 606 805 quae
631 775 689 806 pro
713 766 882 797 mobilibus
907 765 1077 803 habentur,

216 804 391 836 immobilia
412 806 496 838 enim
522 806 634 838 deferri
660 816 700 838 ex
725 807 793 847 jure
809 831 818 845 ,
842 808 926 846 quod
952 807 1076 837 obtinet

216 845 249 877 in
274 846 349 877 loco
375 847 417 877 rei
448 847 533 884 sitae,
556 848 632 878 adeo
654 857 780 888 recepta
805 848 897 879 bodie
922 847 1076 879 sententia

216 885 278 924 est,
305 896 340 918 ut
360 897 453 919 nemo
472 888 547 919 ausit
565 897 676 920 eontra
695 889 823 921 hiscere.

255 928 316 959 Sed
343 928 429 966 esto,
453 930 534 960 reete
569 939 670 962 mute:
704 929 852 971 superstes
879 939 987 970 parens
1024 929 1076 961 vel

218 977 307 1000 ttitor
325 969 521 1014 domicilium
538 971 705 1013 impuberis
729 973 780 1002 vel
797 972 925 1003 minoris
937 995 945 1007 ,
972 970 1023 1002 sed
1039 981 1076 1002 an

217 1020 257 1041 eo
286 1009 399 1041 61166111
421 1033 441 1053 ,Ἴ
465 1020 498 1042 01
520 1011 716 1045 suceeliionis
739 1011 859 1044 causam
883 1013 1009 1044 mutet?
1034 1012 1077 1043 Ut

218 1052 318 1089 bona,
343 1061 411 1092 quae
427 1062 443 1083 a
461 1061 548 1093 patre
564 1054 614 1084 vel
634 1061 732 1085 matre
746 1054 964 1092 obvenerunt,
987 1054 1017 1085 ἀ
1035 1063 1076 1085 ex

216 1093 289 1134 Jure
311 1093 478 1125 Scabinico
502 1095 539 1125 ad
564 1104 672 1125 eorum
698 1095 833 1126 haeredes
858 1094 1074 1135 pertinebant,

217 1144 324 1172 nune,
349 1135 498 1166 translato
518 1145 534 1166 a
559 1134 721 1175 superstite
746 1136 795 1167 vel
814 1143 920 1166 tutore
943 1136 1074 1168 domici-

218 1177 262 1209 lio
281 1175 312 1206 in
329 1175 446 1208 Urbem
464 1177 514 1208 vel
531 1186 635 1217 agrum
654 1176 732 1216 Juris
751 1176 947 1215 Aasdomici,
973 1177 1010 1207 ad
1027 1176 1072 1208 su-

217 1216 394 1259 perstitem,
417 1217 492 1257 quin
516 1218 566 1248 vel
592 1218 628 1248 ad
655 1217 753 1258 ipsum
779 1226 918 1249 tutorem
936 1218 1072 1258 pertine-

218 1258 301 1290 ant?
324 1258 377 1289 Sic
401 1266 489 1298 puto,
534 1259 608 1290 Scio
636 1259 829 1299 impuberem
852 1259 904 1289 vel
921 1259 1074 1289 minorem

217 1299 347 1341 propriO
369 1300 474 1330 Marte
500 1309 563 1330 non
589 1299 672 1330 recte
690 1299 885 1330 domicilium
902 1298 989 1330 suum
1008 1308 1073 1330 0111-

219 1349 305 1379 tare,
333 1339 383 1371 sed
404 1340 476 1380 quid
497 1340 526 1370 ni
552 1339 670 1379 posset,
694 1341 744 1380 qui
772 1349 844 1371 eum
871 1339 1074 1380 repraesentat

220 1383 250 1413 δε
268 1382 342 1422 quid
362 1381 392 1411 ni
408 1380 509 1420 posset
529 1390 600 1412 eum
615 1381 701 1412 omni
718 1380 851 1419 effectu,
876 1381 930 1413 nisi
947 1391 1005 1422 qua
1021 1381 1074 1412 lex

216 1423 275 1461 fit,
297 1432 365 1463 quae
391 1421 566 1462 impediat?
588 1422 641 1453 Sin
669 1422 751 1461 aias,
775 1429 956 1463 pai-entem,
979 1423 1009 1453 in
1029 1423 1073 1453 10-

218 1474 259 1495 60
271 1464 350 1504 Juris
367 1462 523 1493 Scabinici
541 1463 742 1502 defunctum,
766 1465 804 1495 de
820 1463 989 1495 liberorum
1007 1463 1074 1494 suo-

219 1515 289 1537 rum
320 1502 507 1535 successione
539 1504 678 1544 legitima
712 1504 879 1544 securum,
914 1504 1076 1546 Cognatos

219 1546 291 1579 suos
309 1546 347 1577 iis
362 1554 428 1576 non'
449 1543 652 1584 substituisse,
677 1553 770 1587 atque
789 1546 833 1577 ita
846 1568 857 1584 ,
881 1554 1005 1577 mutato
1023 1555 1076 1586 po-

219 1589 282 1621 stea
304 1585 469 1618 domicilio
486 1608 496 1623 ,
524 1586 590 1626 ejus
619 1587 815 1620 voluntatem
844 1587 1078 1619 circumveniri.

216 1631 271 1662 Sin
296 1629 380 1666 hoc,
404 1627 528 1668 inquarn
545 1650 555 1665 ,
583 1627 666 1667 ajas,
701 1628 731 1659 id
756 1629 799 1660 ais
815 1651 824 1667 ,
857 1628 940 1669 quod
967 1628 1079 1660 nescis.

217 1671 392 1703 Potuerunt
414 1668 581 1707 Parentes,
601 1669 622 1701 fi
649 1670 692 1700 ita
718 1670 895 1707 videretur,
918 1670 1008 1709 pasto
1026 1678 1078 1701 an-

218 1711 384 1752 tenuptiali
403 1710 454 1742 vel
482 1709 688 1748 testamento,
710 1710 892 1742 alterutrius
916 1711 992 1750 juris
1012 1710 1078 1742 suc-

217 1753 384 1786 cessionem
409 1751 544 1791 eligere,
571 1752 642 1790 led,
664 1751 685 1784 fi
716 1761 779 1784 non
803 1752 965 1791 elegerunt
984 1774 995 1790 ,
1025 1751 1079 1783 sibi

219 1795 395 1835 imputent,
420 1793 504 1833 quod
523 1792 661 1825 mutandi
680 1792 833 1825 domicilii
850 1794 880 1826 δε
901 1792 941 1824 fic
959 1800 1079 1825 mutan-

218 1836 266 1868 dae
294 1834 490 1866 suecessionis
522 1833 643 1865 causam
677 1834 883 1874 praebuerint.
929 1833 971 1865 Et
994 1833 1080 1866 forte

216 1877 353 1919 primum
375 1874 540 1907 11610οξ103
560 1875 684 1915 Coniux
710 1885 774 1907 non
794 1875 890 1916 elegit
910 1875 959 1915 jus
973 1876 1078 1907 Scabi-

212 1919 340 1955 nicum,
365 1925 401 1948 ut
420 1916 588 1957 superstes,
613 1917 644 1948 in
669 1925 733 1948 rem
757 1916 859 1954 suam,
882 1916 1079 1948 domicilium

216 1958 385 1992 transferre
405 1958 531 1999 pollet?
555 1958 661 1998 Magis
686 1957 806 1990 scilicet
822 1956 1016 1999 superstitem
1032 1958 1077 1989 di-

216 2002 339 2042 ligens,
363 2009 454 2040 quam
469 2007 620 2040 cognatos
638 1998 730 2037 suos,
755 1999 784 2031 ὃς
802 1998 873 2030 satis
890 2008 1019 2040 gnarus,
1042 1999 1077 2030 li-

215 2042 308 2074 beros
333 2040 401 2073 suos
425 2040 496 2082 post
529 2040 724 2081 pubertatem
741 2064 749 2079 ,
783 2049 907 2071 mutato
934 2040 1079 2081 quamvis

215 2082 381 2114 domicilio
399 2105 408 2120 ,
443 2082 482 2112 de
509 2081 600 2113 rebus
633 2080 692 2113 suis
728 2081 915 2113 testamento
945 2080 1079 2113 statuere

215 2123 303 2165 poss'e
319 2132 360 2153 ex
376 2123 471 2153 animi
492 2122 535 2154 sui
554 2122 713 2154 sententia.

258 2165 338 2196 Sunt
363 2171 484 2202 tamen,
524 2163 577 2204 qui
617 2163 786 2203 impuberis
808 2186 818 2201 ,
858 2164 896 2195 ab
926 2163 1076 2196 intestato

214 2205 378 2242 defuncti,
401 2203 623 2235 succeffionem
648 2214 689 2235 ex
714 2204 843 2245 pristino
864 2206 1000 2245 parentis
1019 2205 1075 2237 do-

214 2247 337 2279 micilio
354 2244 501 2277 deferunt
511 2268 521 2283 ,
543 2246 574 2278 δε
589 2244 630 2277 116
644 2245 746 2277 defert
760 2246 944 2278 Mornaeius
958 2248 996 2277 ad
1015 2247 1074 2279 Tit.

218 2289 250 2319 C.
276 2285 323 2318 uin·
352 2288 386 2318 cle
411 2286 527 2318 Haered.
552 2292 634 2327 agat.
660 2287 691 2319 &
713 2296 805 2327 quem
831 2287 1013 2320 illaudatum
1039 2289 1076 2320 ad

215 2329 348 2360 verbum
367 2327 528 2367 descripsit
544 2326 747 2360 Cliristinaeus
764 2328 863 2368 Dacis:
880 2329 948 2360 Vol.
966 2329 1003 2361 11.
1019 2330 1078 2362 De-

218 2370 268 2411 eif
298 2372 366 2401 166.
393 2370 422 2400 dc
451 2368 491 2400 fic
515 2368 693 2410 responsum
714 2369 759 2401 est
777 2369 869 2410 (8),
894 2379 934 2401 06
951 2371 1079 2412 quidem

215 2410 313 2452 ipsam
330 2419 401 2442 cum
415 2410 498 2448 filiO,
512 2411 601 2451 eujus
620 2411 699 2442 nulli
718 2418 837 2443 tutores
856 2420 1077 2451 memorantur,

213 2460 364 2489 matrem,
380 2451 578 2482 domicilium
598 2451 837 2484 transferentem
856 2461 893 2484 ex
910 2453 984 2484 loco
995 2477 1005 2492 ,
1024 2454 1077 2485 ubi

213 2501 303 2535 pater
313 2493 435 2524 obierat
448 2514 458 2530 ,
481 2492 606 2524 efficere
622 2492 776 2533 potuisse,
800 2501 834 2525 ut
850 2503 913 2525 non
930 2494 998 2534 jure
1013 2495 1077 2526 loci

221 113 290 156 336
943 123 1002 149 va
1026 123 1050 149 x«

213 2534 345 2580 originis
363 2542 500 2575 paternae
519 2542 703 2565 moreretur.
748 2534 791 2566 Et
808 2535 839 2566 in
859 2537 989 2567 eandem
1012 2535 1078 2568 sen·
1122 2535 1135 2575 J

215 2582 348 2606 tentiam
382 2574 434 2606 alii
464 2584 591 2616 quoque
618 2574 740 2615 sapiunt
768 2576 852 2616 (9).
885 2576 1005 2608 Omnes
1031 2578 1078 2609 illi

212 2624 391 2657 provocant
410 2615 447 2646 ad
470 2615 668 2647 domicilium
692 2617 849 2657 originis,
885 2618 968 2658 quod
992 2626 1080 2659 patre

217 2655 370 2688 defuncto
387 2655 417 2687 in
436 2656 541 2687 liberis
560 2656 778 2689 continuatum
795 2658 895 2689 videri
911 2658 1016 2691 debet.
1037 2659 1080 2691 Et

214 2697 257 2730 fic
276 2695 339 2735 est,
363 2696 384 2728 fi
410 2696 520 2735 liberi,
544 2706 582 2729 ex
604 2696 755 2729 consensu
784 2706 947 2736 tutorum,
969 2700 1011 2731 ibi
1030 2700 1079 2732 ha-

213 2739 314 2770 bitare
343 2746 499 2778 pergunt,
523 2737 575 2769 sed
598 2737 620 2770 fi
642 2738 724 2770 aliud
750 2737 949 2771 domicilium
968 2740 1078 2780 praefe-

213 2787 302 2817 rant,
327 2779 427 2817 cedo,
451 2788 508 2809 cur
534 2788 597 2810 non
624 2778 747 2818 poffint.
792 2778 861 2820 lpse
889 2780 999 2820 utique
1024 2790 1075 2822 pa-

215 2828 263 2852 ter
279 2827 383 2853 morte
399 2819 596 2851 domicilium
618 2819 707 2852 suum
725 2819 897 2861 exstinguit
910 2843 919 2858 ,
945 2821 975 2853 c&
994 2822 1076 2854 inter

215 2870 324 2893 omnes
341 2870 425 2893 nunc
448 2859 591 2900 constat,
613 2861 811 2892 domicilium
835 2862 967 2902 originis
984 2862 1077 2895 hodie

213 2912 278 2934 1100
299 2901 511 2943 frequentari,
533 2903 609 2943 quin
626 2911 686 2934 nec
704 2901 776 2942 Jure
800 2901 942 2934 Romano
964 2903 1004 2934 de
1023 2903 1077 2934 do-

214 2943 338 2975 micilio
355 2943 484 2983 originis
503 2951 565 2975 tam
589 2943 737 2984 praeclare
753 2941 814 2974 effe
830 2943 1022 2976 sentiendum
1039 2945 1078 2975 ab

216 2984 287 3014 aliis
308 2984 369 3023 jam
396 2984 602 3016 animadverti
628 2991 770 3025 coeptum
792 2983 906 3025 (10),
932 2983 983 3016 sed
1012 2995 1077 3018 non

212 3023 285 3056 satis
304 3024 405 3056 adhuc
421 3024 606 3067 expeditum
623 3024 678 3058 est.

253 3144 312 3181 (8)
333 3145 424 3183 Confil.
445 3146 520 3176 Holl.
544 3146 576 3176 T.
591 3148 628 3176 ΙΙ.
648 3147 720 3185 Cons.
736 3157 781 3176 21.

253 3181 315 3219 (9)
336 3184 436 3214 Ibidem
453 3184 485 3215 T.
502 3186 524 3215 1.
541 3185 633 3225 Confit.
650 3194 714 3223 152.
727 3185 764 3223 &²
778 3184 870 3223 Confil.
885 3185 962 3225 Belg.
984 3184 1075 3217 T.1V.

1124 110 1725 149 BYNKERSHOEK

1162 193 1305 225 Mediam
1323 190 1507 223 sententiam
1525 191 1637 223 extulit
1655 190 1845 231 Rodenburg
1866 191 1898 224 de
1915 190 1972 232 Ju-

1120 244 1150 265 νε
1174 234 1296 276 Conjug.
1321 232 1430 264 Trael.
1453 234 1486 264 de
1511 232 1606 273 Jure,
1630 233 1702 273 quod
1721 233 1812 262 oritur
1828 242 1841 262 e
1862 232 1968 266 81111111*-

1120 275 1225 316 divers.
1254 275 1314 306 Tit.
1339 273 1379 305 ΙΙ.
1408 274 1498 305 Parte
1528 274 1622 304 altera
1652 274 1683 304 C.
1719 281 1745 304 1.
1769 281 1798 303 n.
1825 275 1855 303 6.
1877 273 1912 309 ξιξ)
1937 273 1969 306 C.

1121 326 1149 347 2.
1172 325 1202 348 n.
1227 326 1254 347 2.
1282 315 1317 350 ἐξ
1333 326 1363 357 3.
1387 324 1520 354 eumque
1543 313 1666 346 secutus
1689 313 1775 344 Voet
1791 313 1827 344 ad
1855 313 1913 346 Tit.
1930 314 1971 354 ff.

1120 358 1153 388 de
1180 356 1283 397 Judi'c.
1306 367 1336 388 n.
1366 366 1434 388 ico.
1458 355 1649 387 Permittunt
1680 354 1746 392 illi,
1771 362 1805 385 ut
1827 354 1970 397 superstes

1120 407 1228 438 parens
1246 398 1297 429 vel
1317 405 1402 429 tutor
1412 396 1609 428 domicilium
1626 395 1793 435 impuberis
1807 396 1858 427 vel
1877 397 1972 429 mino-

1120 438 1161 469 ris
1178 446 1301 477 mutet,
1320 437 1370 469 sed
1388 448 1450 469 non
1466 436 1673 479 permittunt,
1691 435 1710 467 si
1729 445 1831 467 mutet
1848 437 1877 468 10
1894 436 1973 469 frau-

1119 479 1190 511 dem
1210 479 1317 516 tertii,
1339 487 1374 509 ut
1393 478 1478 510 forte
1503 479 1690 509 intervertat
1715 477 1925 510 haereditatem
1942 479 1970 512 ἀ

1117 520 1155 551 ad
1179 519 1258 550 alios
1284 519 1419 552 haeredes
1449 518 1639 557 transferat,
1671 527 1760 558 quam
1788 518 1819 549 in
1844 519 1970 561 antiquo

1117 560 1282 592 domicilio
1305 561 1342 592 ab
1369 560 1516 592 intestato
1541 558 1706 591 successuri
1731 558 1830 590 essent
1847 580 1860 595 ‚
1882 560 1911 592 &
1931 570 1970 594 cx

1116 601 1202 632 fatto
1222 601 1308 640 ajunt
1321 624 1331 639 ‚
1353 601 1560 633 definiendum
1577 600 1657 638 effe,
1680 609 1743 640 quo
1760 600 1864 631 animo
1877 601 1971 634 domi-

1118 642 1228 673 cilium
1246 650 1394 674 mutetur.
1442 643 1501 675 Sed
1521 652 1611 682 quam
1633 641 1761 673 difficile
1782 639 1846 679 est,
1868 642 1906 672 de
1927 641 1970 674 se-

1118 691 1209 714 creto
1229 683 1321 714 animi
1338 682 1522 715 sententiam
1546 682 1651 722 ferre,
1675 682 1705 714 ἅ
1730 691 1822 723 quam
1847 682 1972 718 infinitis

1119 733 1155 755 ea
1171 724 1326 764 indagatio
1346 724 1468 756 causam
1487 724 1638 765 praeberet
1657 723 1792 755 litibus?
1816 722 1903 762 imo,
1925 725 1969 758 in·

1119 765 1251 806 quiunt,
1274 773 1312 798 ex
1330 774 1369 796 eo
1387 766 1525 797 animum
1542 763 1776 796 fraudulentum
1793 764 1870 796 licet
1884 765 1970 799 intel-

1121 807 1238 846 ligere,
1263 805 1284 837 11
1308 814 1396 846 pater
1426 807 1477 837 vel
1497 814 1596 837 mater
1622 806 1820 847 languentem
1836 804 1920 838 forte
1943 807 1973 841 δι

1122 854 1326 888 aegrotantern
1347 846 1538 888 impuberem
1562 856 1603 878 ex
1632 847 1706 878 loco
1726 846 1806 887 Juris
1821 847 1971 881 Scabinici

1120 888 1152 920 in
1172 888 1278 919 locum
1294 886 1375 927 Juris
1391 887 1572 920 Aasdomici
1589 887 1774 927 transferat,
1798 897 1868 920 nam
1885 888 1905 920 fi
1920 898 1971 920 va-

1120 930 1236 961 lentem
1263 929 1293 960 <St
1316 928 1421 960 sanum
1445 928 1651 968 transtulerit,
1675 928 1868 970 largiuntur,
1890 928 1971 962 frau-

1119 971 1166 1002 dis
1184 969 1351 1011 suspicioni
1373 970 1478 1003 locum
1494 981 1558 1002 non
1575 970 1647 1002 effe.
1690 970 1751 1003 Sed
1765 980 1857 1012 quem
1879 980 1973 1004 vocat

1120 1012 1308 1054 languentem
1330 1011 1366 1046 ὅ)
1382 1018 1586 1054 egrotantem,
1611 1021 1694 1049 non,
1724 1020 1831 1052 putem
1847 1035 1857 1051 ,
1881 1011 1903 1044 fi
1927 1021 1978 1044 ca-

1119 1062 1196 1094 put,
1221 1052 1242 1084 ss
1259 1052 1369 1083 dentes
1383 1053 1519 1085 doleant.
1552 1053 1611 1085 Sed
1628 1054 1701 1094 quid
1718 1053 1738 1085 11
1752 1053 1906 1086 febricula
1921 1062 1974 1085 co-

1118 1103 1183 1126 mes
1202 1093 1302 1125 adsit?
1326 1092 1444 1125 Nescio
1472 1095 1501 1126 dc
1526 1095 1642 1126 lubrica
1659 1104 1706 1126 res
1727 1094 1823 1133 effet,
1849 1095 1973 1136 gradum

1117 1134 1217 1166 morbi
1245 1134 1383 1166 definire.
1430 1135 1461 1166 Si
1488 1135 1586 1166 fimile
1620 1135 1695 1176 quid
1717 1136 1876 1177 placeret,
1901 1135 1974 1168 mal-

1116 1176 1198 1213 lem,
1221 1185 1346 1207 ornnem
1371 1176 1606 1209 translationem
1628 1177 1803 1216 domicilii,
1826 1187 1898 1218 quae
1914 1176 1977 1208 suc-

1118 1216 1284 1248 ceffionem
1302 1215 1437 1248 intestati
1453 1226 1574 1256 mutat,
1598 1218 1710 1249 habere
1725 1227 1783 1259 pro
1797 1218 1976 1250 fraudulen-

1119 1265 1169 1296 ta,
1193 1257 1248 1288 nifi
1269 1257 1439 1297 probetur,
1464 1258 1554 1289 aliam
1573 1258 1664 1290 fuiffe
1685 1260 1823 1291 mutandi
1842 1259 1974 1291 domici-

1118 1298 1151 1329 lii
1181 1296 1313 1328 causam.
1358 1298 1418 1329 Sed
1440 1297 1625 1331 difficillima
1650 1299 1693 1331 est
1713 1300 1778 1339 ejus
1802 1301 1845 1331 rei
1863 1299 1976 1341 proba-

1118 1339 1185 1373 tio,
1206 1340 1236 1371 <Sc
1261 1337 1348 1369 forte
1374 1346 1451 1369 tunc
1475 1339 1656 1372 deiiderabis
1678 1340 1820 1372 idoneam
1839 1341 1976 1375 mutandi

1117 1379 1260 1417 causam,
1285 1380 1333 1417 ἅ,
1357 1379 1379 1411 11
1403 1380 1505 1411 minus
1534 1381 1677 1412 idoneam
1711 1381 1894 1420 existimes,
1931 1392 1976 1414 re-

1118 1421 1282 1461 spondebis
1295 1429 1352 1461 pro
1370 1421 1474 1452 animo
1491 1422 1651 1462 captandae
1668 1422 1864 1457 haereditatis.
1891 1423 1977 1456 Adeo

1119 1463 1241 1496 scilicet
1266 1471 1414 1502 vagamur
1438 1462 1517 1502 pede
1546 1463 1668 1494 incerto
1687 1485 1697 1500 ,
1728 1463 1748 1495 fi
1772 1464 1886 1505 absque
1913 1465 1976 1497 ulla

1119 1503 1304 1535 11οἂ0111016
1319 1503 1413 1543 juris,
1437 1504 1551 1544 regulae
1564 1527 1573 1542 ,
1596 1514 1663 1545 quae
1684 1503 1837 1546 superstiti
1858 1506 1976 1547 parenti

1118 1545 1172 1576 vel
1198 1545 1294 1575 tutori
1323 1544 1479 1585 permittit
1505 1545 1702 1577 domicilium
1732 1546 1902 1588 impuberis
1926 1547 1977 1580 vel

1121 1586 1249 1618 minoris
1270 1594 1408 1624 mutare,
1433 1584 1539 1617 nescio
1564 1596 1639 1628 quas
1665 1588 1868 1630 exceptiones
1894 1587 1978 1620 affin-

1121 1637 1192 1667 gas,
1219 1635 1254 1658 ut
1279 1627 1399 1666 evites,
1425 1627 1528 1668 quod,
1551 1636 1586 1659 ut
1609 1628 1695 1667 dixi,
1718 1629 1782 1670 ipse
1802 1628 1976 1669 defunctus,

1121 1669 1142 1701 11
1160 1669 1204 1700 ita
1221 1669 1250 1699 ei
1270 1667 1449 1706 videretur,
1474 1669 1594 1700 evitare
1612 1670 1770 1709 potuiss‘et.

1163 1710 1224 1742 Sed
1248 1718 1344 1750 quum
1371 1708 1518 1741 sexcenta
1545 1709 1665 1742 exstent
1689 1712 1800 1744 mutati
1818 1722 1836 1744 a
1852 1711 1980 1754 parente.

1122 1749 1287 1792 superstite
1302 1751 1353 1782 vel
1374 1758 1480 1781 tutore
1498 1751 1671 1791 domicilii,
1695 1763 1906 1795 nunquamne,
1932 1756 1977 1788 in-

1121 1793 1228 1834 quies,
1250 1801 1286 1822 ea
1298 1791 1336 1823 de
1351 1801 1385 1823 re
1401 1792 1560 1833 litigatum
1577 1793 1629 1824 vel
1647 1793 1815 1833 judicatum
1834 1794 1905 1828 est?
1925 1795 1977 1828 Li-

1123 1834 1256 1875 tigatum
1273 1832 1357 1871 1610,
1379 1833 1553 1873 judicatum
1570 1844 1634 1866 non
1651 1834 1741 1867 ausim
1757 1835 1870 1868 dicere.
1915 1837 1977 1869 Ec-

1122 1884 1177 1913 ce,
1202 1884 1272 1915 quae
1289 1874 1364 1905 milii
1383 1883 1466 1905 nunc
1491 1874 1682 1907 succurrunt.
1727 1876 1815 1909 Patre
1829 1876 1977 1910 defuneto

1120 1924 1240 1954 mater,
1264 1924 1331 1956 quae
1348 1915 1553 1957 Medioburgi
1575 1917 1782 1950 Zelandorum
1801 1918 1980 1959 habitabat,

1121 1967 1194 1990 cum
1209 1956 1295 1996 filio,
1320 1957 1372 1998 qui
1389 1957 1522 1996 ἐπιΛηψίςι
1540 1957 1719 1997 laborabat,
1739 1959 1865 1991 Leidam
1880 1960 1978 1992 domi-

1121 1998 1230 2030 cilium
1255 1997 1403 2030 transfert
1419 2021 1430 2036 ,
1453 2007 1537 2039 quo,
1567 2007 1601 2030 111
1625 1999 1705 2040 apud
1731 2001 1833 2041 plures
1855 2001 1979 2034 vicinos

1121 2048 1188 2071 erat
1211 2038 1368 2081 profeffa,
1391 2039 1448 2071 filii
1474 2039 1639 2071 morientis
1656 2041 1694 2071 ab
1717 2040 1863 2073 intestato
1878 2041 1976 2075 haeres

1121 2080 1219 2119 esset,
1251 2089 1352 2120 neque
1377 2080 1461 2112 enim
1487 2079 1559 2112 satis
1582 2081 1748 2114 videbatur
1771 2082 1864 2114 fidere
1889 2081 1978 2115 testa-

1120 2130 1250 2160 mento,
1274 2130 1338 2162 quo
1359 2121 1462 2160 filius,
1486 2122 1631 2162 proxime
1658 2123 1849 2164 pubertatem
1878 2123 1978 2165 egres-

1119 2163 1190 2201 sus,
1213 2170 1344 2195 matrem
1371 2172 1412 2194 ex
1438 2162 1499 2194 asse
1524 2163 1677 2195 haeredem
1704 2163 1883 2205 scripserat,
1907 2165 1979 2206 quia

1119 2205 1221 2246 agnati
1243 2204 1477 2246 praetexebant,
1502 2204 1600 2237 filium
1618 2205 1655 2236 ad
1678 2205 1874 2238 condendum
1892 2205 1978 2238 testa-

1119 2254 1279 2284 mentum,
1302 2252 1409 2277 mente
1424 2245 1496 2277 satis
1511 2246 1632 2287 integra
1647 2255 1709 2278 non
1728 2247 1783 2278 uti.
1829 2246 1979 2280 Nondum

1122 2286 1226 2328 elapso
1243 2295 1325 2318 anno
1342 2287 1412 2327 post
1426 2287 1621 2319 domicilium
1641 2295 1795 2323 mutatum
1811 2288 1894 2320 filius
1910 2287 1979 2320 Lei-

1121 2329 1168 2360 dae
1183 2327 1254 2360 fato
1270 2326 1326 2359 suo
1341 2327 1493 2369 fungitur.
1539 2329 1674 2369 Agnati,
1695 2327 1780 2360 facto
1795 2330 1875 2370 apud
1893 2329 1978 2361 Mid-

1120 2368 1340 2411 delburgenses
1357 2369 1491 2409 ari-esto,
1516 2369 1558 2401 ibi
1583 2369 1800 2408 contendunt,
1824 2369 1854 2402 se
1871 2369 1979 2402 defun-

1122 2411 1163 2442 cti
1181 2411 1218 2442 ab
1240 2409 1388 2442 intestato
1415 2410 1554 2442 haeredes
1574 2410 1644 2442 effe.
1689 2410 1759 2442 Imo
1774 2411 1805 2443 se
1822 2411 1976 2443 haeredem

1121 2451 1183 2484 esse
1199 2451 1365 2484 contendit
1383 2459 1500 2491 mater,
1523 2461 1594 2483 cum
1623 2461 1664 2483 ex
1684 2450 1887 2489 testamento,
1913 2459 1981 2483 tum

1121 2493 1216 2525 etiam
1233 2493 1270 2525 ab
1285 2492 1452 2531 intestato,
1474 2493 1621 2525 (16100610
1636 2492 1751 2539 quippe
1766 2491 1833 2535 filio
1853 2491 1883 2523 in
1905 2492 1979 2523 loco

1140 2535 1203 2566 uris
1227 2534 1418 2567 Aasdomici.
1461 2534 1522 2566 Pro
1546 2540 1644 2564 matre
1657 2532 1833 2572 judicarunt
1855 2533 1979 2573 ¹ludices

1123 2574 1414 2617 Middelburgenses
1430 2585 1461 2612 9.
1484 2575 1543 2615 Jul.
1571 2582 1662 2613 1725.
1687 2573 1717 2605 δε
1736 2572 1830 2605 Curia
1849 2573 1978 2606 Hellan-

1123 2617 1184 2648 diae
1214 2621 1262 2651 18.
1286 2617 1347 2657 Jul.
1375 2625 1431 2656 172
1457 2640 1464 2647 .
1488 2615 1539 2646 sed
1565 2615 1740 2652 incertum,
1761 2624 1798 2645 an
1823 2624 1864 2646 ex
1891 2613 1979 2647 causa

1125 2657 1254 2697 testati,
1279 2658 1331 2689 vel
1359 2657 1437 2688 intel
1454 2656 1506 2687 ati.
1553 2654 1661 2698 Quum
1688 2665 1703 2686 a
1730 2655 1876 2696 pellatum
1904 2655 1980 2688 ess'et

1122 2700 1160 2731 ad
1183 2699 1348 2736 Senatum,
1371 2698 1473 2740 primo
1488 2698 1650 2736 quaelitum
1676 2664 1740 2734 οίξ,
1761 2705 1798 2728 an
1815 2697 1900 2729 filius
1915 2704 1978 2729 tan-

1122 2748 1189 2771 tum
1207 2738 1357 2770 habuisset
1382 2738 1516 2774 mentis,
1538 2747 1689 2777 quantum
1714 2737 1829 2769 sufficit
1851 2738 1887 2770 ad
1905 2746 1979 2770 con-

1119 2780 1253 2812 dendum
1271 2778 1513 2811 testamentum?
1535 2779 1613 2809 Sane
1629 2778 1757 2810 difficile
1773 2778 1857 2810 dicia
1873 2777 1935 2818 cst,
1958 2777 1980 2812 fi

1119 2830 1206 2853 mens
1231 2820 1433 2861 undequaque
1457 2817 1593 2859 perfetta
1617 2819 1740 2852 constet
1759 2829 1800 2851 ex
1823 2819 1899 2852 Xll.
1925 2828 1978 2851 un-

1120 2862 1178 2894 ciis
1193 2882 1204 2900 ,
1227 2869 1305 2901 quot
1326 2860 1560 2898 desiderentur,
1591 2869 1625 2891 01
1651 2861 1865 2893 testamentum
1885 2883 1895 2900 ,
1917 2869 1980 2934 flua

1121 2902 1184 2935 sani
1212 2901 1365 2939 hominis,
1390 2900 1539 2933 sublistat.
1582 2901 1642 2933 Sed
1670 2903 1700 2934 ὅ(
1723 2902 1753 2933 10
1779 2900 1864 2932 fatto
1885 2909 1915 2932 te
1945 2909 1978 2934 eu

1120 2952 1234 2984 magno
1249 2942 1404 2983 utrimque
1421 2951 1551 2972 numero
1569 2942 1665 2974 modo
1679 2941 1888 2981 affirmabant,
1913 2951 1977 2974 mo·

1117 2985 1159 3016 do
1178 2983 1330 3024 negabant
1348 2991 1468 3014 tantum
1486 2983 1739 3022 judiciibabuiss'e
1756 2982 1977 3023 filium,quan-

1119 3033 1186 3059 tum
1203 3026 1240 3056 ad
1271 3023 1488 3056 testamentum
1514 3022 1691 3057 faciendum
1710 3023 1844 3062 sufficie,
1866 3025 1976 3070 recita-

1916 3072 1974 3103 tls,

1118 3146 1363 3223 conilofgfiuber.
1384 3183 1503 3214 Proeiea.
1519 3184 1553 3214 ad
1570 3183 1624 3214 Tit.
1635 3183 1674 3223 ff.
1691 3183 1721 3214 de
1734 3183 1832 3224 Judr’c.
1852 3192 1878 3212 n.
1893 3188 1938 3218 42⁹.
