2008 3436
421 121 828 158 CORNELII

179 202 441 245 permutationis,
466 211 554 243 quae,
580 210 616 234 ut
627 202 713 240 dixi,
737 210 802 233 rem
819 201 908 241 jubet
924 201 1048 242 essere-

178 244 281 276 riculo
297 243 410 275 dantis.
454 243 546 283 Scio,
577 243 839 285 quemadmodum
857 242 1047 284 Interpretes

178 293 326 326 rumpant
355 286 383 316 d.
417 285 436 316 Z.
468 293 498 324 5.
535 284 564 325 §.
594 294 619 316 1.
647 285 677 316 δε
697 283 957 326 quemadmodum
972 284 1046 315 alias

176 326 215 357 ad
239 335 307 357 eam
332 326 587 365 tumultuentur,
622 334 657 357 ut
670 334 815 357 evertant
832 324 1045 366 jurispruden-

178 367 254 399 tiam
273 367 362 400 Pauli
380 391 390 406 ,
427 366 477 399 sed
500 376 567 398 eam
587 367 673 408 pisce
696 366 757 397 ess'e
782 364 934 397 saniorem
950 365 1044 397 ausim

201 406 341 449 raestare,
373 409 404 441 ἀ
428 418 512 441 nunc
549 407 724 445 raestarem‚
749 406 769 439 si
790 413 910 437 tantum
927 406 1045 447 digredi

193 450 300 482 iceret.
346 451 442 489 Scio,
467 451 497 482 ὃς
544 449 676 482 orafium
701 448 740 479 L.
763 446 801 478 II.
824 446 953 488 ssinscell.
972 446 1042 487 Jur.

180 492 212 523 C.
233 501 264 529 9.
287 491 372 533 quod
389 490 499 524 Celsus
513 491 596 521 dixit
613 490 652 521 de
667 488 857 534 repetitione
874 499 936 519 non
954 493 1045 519 anter

176 533 356 575 intelligere
373 555 384 572 ‚
415 542 508 573 quam
531 531 551 563 si
577 529 765 572 praecesserit
782 529 875 568 culpa
891 529 942 560 vel
958 538 1045 560 mora

176 574 262 614 ejus,
275 574 326 615 qui
339 573 483 607 Stichum
496 573 569 604 dare
585 570 712 609 debuit,
726 568 777 601 sed
796 579 868 601 cum
878 569 909 601 id
918 579 1042 609 expres-

177 614 244 648 sum
252 625 316 647 non
328 615 364 647 fit
374 638 384 654 ,
397 616 458 646 tale
470 614 544 655 quid
553 613 699 653 affingere
715 612 863 651 exemplo
874 621 969 651 grave
988 610 1042 641 est.

220 656 321 698 Igitur
336 666 353 687 a
370 654 602 697 permutatione
617 653 730 684 oculos
748 652 777 683 ὅ(
795 652 917 697 animos
932 661 1043 683 avoce-

176 707 263 738 mus,
282 698 312 729 δι
338 697 495 728 audiamus
522 695 656 726 aliorum
673 693 851 725 sententias.
897 693 1044 724 liar-tolus

177 739 216 771 ad
247 740 276 770 h.
309 738 329 769 l.
352 737 406 768 ult.
439 737 612 777 plurimum
638 733 783 767 inter-effe
804 741 912 775 putat,
939 741 1044 765 utrum

176 778 385 816 convenerit,
408 785 444 809 ut
461 777 589 810 Stichus
610 778 714 815 detur,
738 784 776 806 an
797 783 831 806 ut
850 775 978 807 Stichus
998 785 1043 805 ac-

176 823 340 862 ciperetur,
364 819 423 850 illo
437 820 538 850 verbo
556 819 602 850 uti
618 816 745 850 Celsum
764 816 794 848 in
817 817 844 847 cl.
865 816 886 848 l.
910 816 965 847 ult.
984 816 1044 847 boc

176 861 310 894 Paulum
328 861 361 892 in
384 861 412 892 d.
437 860 458 892 l.
481 869 514 901 5.
538 859 566 901 §.
593 868 620 891 1.
641 860 674 890 de
691 857 857 898 Praescrlpt.
887 859 967 889 verb.
994 857 1044 888 sed

175 903 239 935 hoc
268 901 313 934 est
337 901 443 933 tricari
458 925 469 941 ,
502 911 575 933 cum
592 900 671 932 alter
688 899 944 930 contrahentium
962 899 1043 930 acci-

177 945 243 986 piat
258 953 299 975 ex
318 943 447 975 alterius
464 942 645 974 traditione.
668 940 783 972 Paulus
799 940 837 970 de
857 939 968 971 Castro
981 949 1044 970 non

176 985 270 1016 aliter
296 984 490 1025 emptionem
515 983 735 1015 venditionem
755 981 815 1013 effe
831 981 930 1020 dicit,
953 990 1044 1021 quam

174 1026 198 1059 si
237 1026 348 1057 ecunia
372 1025 561 1057 nominatim
583 1025 674 1056 detur
693 1024 751 1055 loco
767 1024 879 1063 pretii,
902 1023 946 1053 ita
961 1022 1045 1053 enim

176 1077 210 1099 re
228 1076 277 1099 ert
293 1067 417 1108 Viglius
437 1066 474 1098 ad
497 1067 525 1098 d.
551 1067 572 1097 l.
591 1075 619 1099 2.
639 1064 679 1106 ff.
702 1066 734 1095 de
759 1064 833 1095 Reh.
858 1064 933 1094 cred.
949 1065 1042 1102 ⁷2.46.

176 1108 287 1150 thue
327 1107 494 1140 osteriores
520 1106 600 1148 saepe
615 1106 724 1148 legunt
738 1104 870 1146 vestigia
885 1105 1042 1145 prlorum,

175 1150 246 1182 haec
261 1150 295 1191 ip
309 1159 326 1181 a
342 1149 421 1182 mihi
439 1148 500 1180 esse
524 1149 650 1180 videtur
673 1146 812 1178 Dua-reni
832 1145 984 1177 sententia
1008 1146 1045 1176 ad

181 1191 244 1223 Tit.
267 1191 308 1233 ff.
340 1192 375 1222 de
407 1189 536 1222 condier.
574 1190 604 1221 C.
641 1189 682 1220 D.
717 1189 747 1219 C.
775 1187 819 1218 N.
847 1189 877 1217 S.
907 1188 976 1226 Cap.
1002 1185 1041 1217 ll.

176 1241 251 1266 cum
269 1233 335 1270 ait,
357 1241 397 1263 ex
414 1232 519 1263 animo
534 1229 789 1262 contrahentium
812 1228 965 1268 pendere,
990 1235 1043 1266 pe-

173 1274 267 1306 cunia
284 1273 376 1304 detur
391 1281 536 1314 tanquam
546 1271 682 1313 pretium
699 1271 762 1308 rei,
777 1278 835 1300 nec
846 1278 901 1307 ne3
916 1268 935 1299 li
948 1277 1042 1313 prius,

175 1316 206 1348 &
225 1315 256 1346 id
276 1322 438 1356 appareat,
473 1313 665 1354 emptionem
681 1310 898 1342 venditionem
918 1309 999 1346 else,
1022 1310 1044 1340 11

198 1356 329 1389 osterius
347 1378 359 1394 ,
385 1354 583 1387 contractum
607 1352 837 1384 innominatum
859 1353 912 1390 do,
936 1355 969 1381 ut
986 1351 1041 1381 des.

194 1405 225 1430 ta
253 1407 317 1439 quo
342 1406 381 1428 ue
406 1395 485 1437 sapit
511 1394 586 1426 Ant.
611 1394 710 1426 Faber
751 1393 876 1425 Ration.
906 1392 944 1424 ad
967 1392 994 1422 d.
1011 1391 1040 1437 J.

176 1440 231 1471 υἷϊ.
259 1440 290 1471 &
313 1407 351 1470 ἓ.
373 1437 430 1470 VI.
459 1435 588 1478 Conjest.
613 1435 685 1478 Jur.
715 1436 781 1467 Civ.
810 1435 842 1467 C.
868 1444 914 1467 10.
940 1434 1041 1464 caula-

178 1488 230 1513 tus
245 1479 340 1511 etiam
360 1502 369 1518 ‚
401 1478 433 1510 in
459 1476 561 1519 specie
584 1478 611 1509 d.
638 1477 660 1509 l.
680 1478 733 1510 ult.
758 1477 954 1518 emptionem
968 1484 1043 1506 ven-

175 1521 330 1553 ditionem
344 1529 409 1552 non
424 1518 503 1559 effe,
538 1519 611 1561 quia
628 1519 808 1551 contractus
828 1517 943 1559 incipit
961 1526 978 1547 a
992 1517 1041 1547 da-

176 1565 274 1600 tione,
296 1571 360 1593 non
379 1571 396 1592 a
413 1561 547 1602 constensu
577 1561 819 1592 contrahentium.
864 1560 962 1601 Supra
977 1567 1043 1589 mo-

174 1605 229 1636 nui
247 1627 256 1643 ‚
292 1603 388 1634 etiam
414 1602 603 1635 Hotomano
620 1602 737 1644 aliquid
752 1601 906 1642 ejusmodi
925 1599 1041 1633 sedisse.

172 1644 234 1678 Sed
253 1654 312 1676 nec
328 1653 363 1676 ea
381 1643 535 1676 sententia
560 1643 697 1683 utimur,
722 1644 795 1685 quia
812 1652 851 1674 eo
870 1641 956 1684 ipso,
980 1650 1043 1682 quo

172 1687 256 1719 inter
273 1686 498 1718 contrahentes
510 1685 652 1728 placuit,
674 1692 710 1717 ut
724 1685 804 1717 alter
821 1684 986 1727 pecuniam
994 1682 1043 1714 da-

172 1735 223 1761 ret
238 1751 249 1767 ‚
288 1727 368 1759 alter
400 1736 465 1760 rem
485 1749 496 1766 ,
535 1727 657 1769 emptio
692 1726 837 1758 venditio
884 1725 1045 1757 conti-aeta

174 1768 366 1810 intelligitur
404 1770 432 1801 d.
473 1769 493 1801 l.
519 1777 549 1809 5.
593 1768 622 1810 §.
662 1777 687 1800 1.
724 1767 766 1810 ff.
809 1769 843 1799 de
877 1767 1042 1808 Praescript.

174 1812 257 1842 verb.
280 1817 375 1852 atque
391 1810 436 1842 ita
450 1809 488 1842 fit
506 1812 628 1852 emptio
644 1819 685 1841 ex
700 1819 733 1841 re
748 1808 813 1850 ipsa
823 1831 834 1847 ,
846 1808 909 1840 fine
917 1817 1043 1849 expres-

175 1851 207 1885 sa
223 1860 349 1892 quoque
365 1852 432 1893 ejus
448 1852 610 1884 mentione
632 1852 652 1883 l.
670 1860 717 1883 10.
742 1850 770 1892 §.
787 1859 818 1890 5.
844 1850 874 1882 &
897 1850 918 1881 l.
939 1854 987 1882 16.
1002 1848 1042 1891 ff.

176 1895 209 1925 de
229 1893 300 1934 Jur.
317 1895 375 1926 dot.
401 1893 663 1935 quemadmodum
681 1893 711 1924 ὅ(
727 1892 759 1923 in
777 1891 891 1923 ceteris
911 1893 1000 1922 bonae
1011 1890 1045 1922 fi-

175 1934 227 1966 dei
243 1935 458 1967 contractibus
482 1935 502 1967 l.
524 1944 550 1966 1.
587 1933 614 1976 §.
634 1944 664 1971 9.
682 1933 722 1975 ff.
744 1931 872 1974 Depofit.
899 1932 929 1964 ἃ.
952 1932 972 1963 l.
996 1941 1043 1974 13.

175 1975 207 2048 {L
224 1985 254 2007 2.
271 1974 312 2016 ff.
333 1977 472 2008 Commod.
518 1975 590 2008 Nec
606 1975 682 2007 licet
699 1975 895 2015 intelligere,
921 1981 1044 2005 contra-

187 2037 191 2039 -
209 2026 262 2048 um
287 2025 304 2047 a
318 2017 447 2052 datione
465 2016 613 2058 coepisse,
635 2015 691 2048 nisi
710 2016 831 2047 animus
848 2014 938 2046 dandi
954 2015 1043 2046 &ac-

176 2057 314 2100 cipiendi
338 2058 498 2100 utrimque
520 2057 730 2100 praecess'erit,
763 2066 834 2089 nam
851 2056 890 2088 de
908 2055 1042 2087 homini-

177 2100 238 2131 bus
255 2099 395 2139 agimus,
419 2109 484 2131 non
501 2099 540 2130 de
559 2099 669 2132 brutis.

220 2139 345 2172 Possem
363 2141 394 2173 &
410 2140 485 2172 alias
503 2140 637 2174 aliorum
654 2139 823 2173 sententias
839 2139 949 2172 addere
960 2162 970 2178 ,
993 2139 1044 2171 sed

201 2181 255 2213 uid
276 2186 385 2213 moror
407 2191 477 2220 eas,
509 2191 577 2222 quae
598 2182 757 2213 minorum
775 2180 928 2213 Gentium
947 2181 1016 2213 sunt
1029 2181 1045 2212 ἱ)

198 2223 277 2254 icam
302 2223 432 2264 potius,
462 2222 567 2254 facem
585 2222 638 2255 hic
661 2223 754 2254 nobis
766 2222 937 2263 praetuliss‘e
961 2223 1044 2254 Azo-

174 2273 265 2302 nem,
290 2273 362 2295 cum
378 2263 459 2304 apud
470 2264 652 2296 Accurfium
667 2264 731 2302 ait,
760 2263 882 2304 paetum
904 2263 955 2294 hic
970 2262 1046 2294 fuis-

177 2304 209 2338 se
232 2306 267 2336 de
291 2306 385 2337 dando
412 2305 510 2336 Sticho
528 2327 540 2343 ,
570 2306 602 2337 id
628 2303 686 2347 est,
707 2307 741 2338 de
763 2305 968 2346 transferendo
982 2310 1046 2344 pro-

173 2347 300 2392 prietate
321 2346 438 2385 Stichi,
457 2345 554 2393 idque
582 2346 720 2378 incidere
740 2346 771 2378 in
789 2345 984 2392 contractum
1002 2346 1045 2376 in-

176 2394 393 2426 nominatum,
411 2397 484 2428 qma
501 2395 614 2420 contra
628 2395 770 2420 naturam
787 2394 957 2428 emptionis
969 2396 1043 2418 ven-

179 2428 312 2460 ditionis
335 2427 396 2467 est,
429 2426 470 2470 eft
484 2430 562 2460 enim
577 2451 589 2467 ,
611 2429 734 2470 inquit,
762 2436 856 2459 DARE
873 2429 1045 2469 accipientis

173 2470 278 2509 facere
302 2467 405 2510 §.14.
434 2467 506 2510 lnft.
536 2471 570 2501 de
588 2469 709 2502 Afflon.
725 2470 798 2511 quod
813 2470 948 2501 venditor
960 2469 1046 2509 face-

180 2521 211 2543 re
234 2520 293 2542 non
321 2515 434 2542 tenetur
464 2512 484 2542 l.
516 2519 564 2542 11.
588 2510 616 2552 §.
644 2520 671 2543 1.
697 2510 733 2546 {9⁹
755 2520 784 2542 2.
802 2510 842 2551 ff.
872 2511 905 2541 do
924 2509 1044 2542 Action.

178 2557 264 2593 empt.
299 2550 437 2598 Quidam
456 2560 497 2583 ex
513 2551 698 2591 Veteribus,
723 2560 802 2593 quos
822 2551 982 2583 recensere
999 2551 1044 2582 ni-

179 2593 225 2625 hil
242 2593 376 2630 attinet,
400 2593 543 2624 Azonem
566 2592 689 2634 sequuti
705 2592 786 2624 sunt.
831 2592 890 2624 Sed
909 2592 939 2624 δι
956 2591 1047 2632 Cuja-

180 2634 249 2666 cius
273 2633 313 2665 L.
325 2632 452 2666 XXIII.
480 2633 601 2674 Observ.
631 2634 662 2665 C.
680 2643 729 2669 29.
755 2642 814 2664 nec
833 2633 963 2672 Azone,
987 2642 1046 2664 nec

179 2675 248 2711 ullo
275 2674 339 2706 alio
361 2674 510 2713 laudato,
534 2674 613 2706 hanc
631 2673 817 2705 sententiam
835 2673 951 2714 priori,
976 2683 1046 2713 quae

178 2715 218 2748 de
237 2716 470 2757 permutatione
498 2723 564 2748 erat
577 2738 587 2754 ‚
618 2714 732 2755 adjecit
743 2737 753 2753 ‚
778 2715 807 2747 &
824 2714 857 2746 in
872 2723 908 2745 ea
923 2715 1047 2745 tandem

181 2756 352 2798 acquievit.
396 2756 512 2789 Taedet
532 2755 706 2789 adscribere
725 2756 796 2788 loca
812 2777 823 2793 ‚
845 2755 918 2796 quia
936 2754 1046 2786 adseri-

182 2797 242 2838 pfit
258 2797 422 2831 Merillius
442 2799 472 2831 d.
492 2798 532 2830 L.
550 2797 577 2830 1.
602 2797 746 2830 Variam.
768 2806 804 2827 ex
824 2796 924 2838 Cujac.
953 2796 984 2826 C.
1000 2805 1044 2832 19.

903 132 1008 158 VAN

184 131 249 164 2:³8

756 2892 1111 2930 CAPUT

1083 116 1690 156 BYNKERSHOEK

1091 199 1272 231 Franciscus
1300 199 1470 244 Connanus
1487 223 1496 236 ,
1529 200 1616 239 cujus
1642 200 1761 240 judicio
1785 203 1954 242 plurimum·-
2001 200 2004 211 '

1091 241 1215 280 tribuo,
1241 242 1322 272 idem
1340 243 1445 271 cenlet
1465 241 1619 272 Commeat.
1642 241 1714 282 ἔην.
1735 243 1802 275 Cz'v.
1828 244 1868 276 L.
1879 245 1949 278 VH.

1091 283 1121 313 C.
1155 291 1201 321 15.
1235 293 1266 313 τι.
1293 291 1317 313 1.
1353 290 1381 312 t<
1401 290 1524 312 accedit
1551 282 1713 314 lvierillius
1730 286 1759 314 α’.
1780 285 1887 316 ἶσα-ἂ
1911 287 1951 320 L.

1090 323 1129 355 Il.
1169 323 1293 364 Olyer-v.
1320 324 1350 353 C.
1388 331 1435 362 14.
1481 322 1573 353 Ridet
1591 324 1669 354 nane
1688 323 1872 358 sententiam
1891 326 1952 360 Ge-

1088 364 1195 396 rardus
1218 364 1332 396 Noodt
1362 364 1389 394 d.
1416 363 1456 393 L.
1481 359 1534 394 IV.
1561 364 1684 396 Prohab.
1714 366 1746 396 C.
1764 375 1794 405 4.
1820 366 1870 398 sed
1888 368 1951 400 val-

1088 406 1126 436 de
1140 404 1376 446 intempestive,
1401 403 1446 435 est
1462 405 1544 436 enim
1563 406 1734 444 verissima,
1758 416 1823 438 non
1833 414 1953 442 tantum

1089 446 1174 487 quod
1191 446 1242 477 hic
1261 453 1395 487 nequeat
1422 445 1483 476 ell'e
1506 447 1718 486 pern-lutatii),
1743 455 1777 478 ut
1795 449 1851 480 ille
1865 458 1952 490 puta-

1088 487 1160 525 bat,
1186 486 1237 517 sed
1254 488 1283 518 ἃ
1301 487 1386 527 quod
1404 487 1507 518 omnis
1529 487 1609 519 Celfi
1623 488 1817 529 disputatio,
1842 499 1910 531 quae
1922 501 1963 522 em

1086 528 1135 567 jus
1153 526 1383 568 responiionem
1401 528 1481 558 cxci·
1499 529 1539 567 it,
1564 529 1663 570 palam
1687 529 1851 570 ostendat,
1875 531 1905 563 id
1923 542 1952 564 a-

1087 569 1170 599 etum
1189 568 1249 599 effe
1264 568 1346 599 inter
1366 576 1476 599 contra
1500 577 1605 608 entes,
1631 571 1804 603 utStiebus
1823 573 1954 605 omnino

1087 609 1177 641 fieret
1195 609 1390 649 accipientis.
1438 609 1510 640 Hoec
1523 609 1697 651 stipulatio,
1722 613 1952 646 FUNDUM'I'U-

1087 658 1275 682 SCULANUM
1291 658 1375 681 ΒΑΜ
1385 672 1397 688 ,
1411 652 1601 690 commetat
1616 654 1771 684 onmixiiodo
1789 655 1949 687 dominium

1086 690 1228 731 qfficz'atm·
1240 690 1423 731 stipulatorz'r
1443 701 1548 732 quoquo
1574 696 1651 724 modo
1673 694 1693 725 l.
1713 704 1763 735 75.
1788 694 1817 736 §.
1843 705 1892 728 10.
1910 696 1954 737 ff.

1086 737 1119 763 cle
1145 732 1186 763 V.
1216 733 1256 763 O.
1282 733 1332 764 sed
1350 742 1448 763 cares
1466 733 1638 766 notiffimos
1654 736 1824 776 emptionis
1844 738 1955 770 vendi-

1089 774 1184 804 tionis
1209 774 1360 804 terminos
1387 774 1532 813 excedit,
1565 785 1634 806 nam
1660 785 1713 816 qui
1728 778 1884 817 vendidit,
1905 789 1956 810 ne-

1087 813 1154 855 ceffe
1185 824 1242 845 7]on
1268 815 1353 845 habet
1372 814 1503 854 fundum
1525 819 1658 856 emptoris
1673 817 1799 856 facere,
1826 824 1860 849 ut
1877 821 1956 862 cogi·

1088 857 1212 896 numqui
1220 855 1351 895 fundum
1362 854 1680 897 Jtlpztlantispiapondz't
1692 859 1713 890 l.
1724 867 1775 898 25.
1788 858 1817 900 ᾗ.
1832 860 1954 901 1.ff.de

1089 897 1319 941 Contrahaempt.
1332 899 1443 928 vendit.
1470 897 1554 943 Quia
1573 907 1675 931 tamen
1690 900 1863 932 intervenit
1881 911 1957 934 con-

1088 937 1210 976 sensus,
1235 940 1307 978 qula
1325 947 1393 975 res,
1418 939 1490 980 quia
1506 940 1642 980 pretium
1654 964 1664 980 ,
1689 940 1812 972 dubitat
1826 940 1956 982 Celsus,

1088 989 1125 1010 an
1148 987 1205 1019 pro
1223 987 1310 1019 parte
1335 978 1371 1010 fit
1399 980 1520 1021 emptio
1536 982 1698 1020 venditio,
1723 982 1752 1014 &
1769 991 1828 1023 pro
1846 991 1957 1024 parte,

1088 1030 1155 1060 qua*
1174 1021 1340 1057 dationem,
1362 1020 1392 1051 id
1409 1020 1471 1060 est,
1496 1021 1628 1054 dominii
1647 1023 1885 1056 translationem
1902 1024 1955 1056 de-

1088 1061 1215 1099 lidemt,
1250 1061 1328 1092 alius
1352 1063 1554 1094 contratius?
1584 1064 1614 1095 δε
1636 1065 1732 1105 magis
1758 1063 1821 1103 est,
1845 1065 1866 1098 fi
1882 1065 1956 1098 Cel-

1088 1101 1153 1133 sum
1178 1102 1336 1133 audiamus
1352 1125 1361 1140 ,
1395 1111 1429 1134 ut
1449 1106 1535 1146 nuria
1559 1104 1610 1135 hic
1630 1105 1667 1137 fit
1687 1106 1829 1146 emptio,
1853 1106 1905 1139 sed
1921 1117 1956 1140 u-

1087 1153 1145 1188 nus
1164 1143 1360 1180 contractus⁵
1385 1145 1598 1177 innominatus
1621 1156 1752 1187 nempe,
1768 1156 1832 1188 quo
1850 1148 1912 1180 hoc
1926 1158 1957 1180 a-

1087 1191 1190 1225 gitur,
1211 1191 1246 1214 ut
1271 1183 1398 1216 Stichus
1422 1195 1551 1230 quoquo
1569 1188 1664 1218 modo
1681 1188 1735 1220 iiat
1756 1189 1954 1229 accipientis.

1088 1226 1258 1255 &numerat
1283 1233 1359 1255 mox
1391 1234 1453 1257 tres
1471 1226 1599 1258 eir'ec'lus
1617 1230 1683 1268 ejus
1700 1230 1923 1262 conventionis
1942 1254 1956 1268 .

1087 1274 1222 1305 quorum
1243 1274 1282 1310 ne
1300 1275 1378 1297 unus
1399 1267 1523 1308 quidem
1538 1268 1573 1299 in
1593 1269 1787 1309 emptionem
1798 1271 1956 1302 venditio-

1086 1315 1158 1337 nem
1185 1305 1269 1351 cadit
1285 1329 1294 1345 ,
1329 1316 1387 1338 nec
1412 1308 1554 1349 plerique
1575 1311 1669 1341 etiam
1693 1311 1723 1342 in
1749 1312 1965 1351 permutatim

1086 1356 1158 1378 nem
1175 1370 1184 1386 ,
1220 1356 1285 1378 imo
1311 1348 1416 1380 nullus
1431 1371 1442 1387 ,
1465 1349 1487 1381 fi
1500 1350 1606 1382 credas
1624 1351 1771 1384 Merillio
1792 1353 1820 1384 d.
1846 1352 1886 1384 L.
1910 1352 1954 1385 II.

1089 1389 1120 1419 C.
1147 1397 1193 1435 μ.
1221 1387 1270 1419 sed
1289 1390 1361 1429 quia
1378 1390 1436 1422 hos
1455 1390 1520 1431 ipse
1535 1392 1728 1433 explicavit,
1751 1402 1810 1436 ego
1828 1403 1863 1425 ea
1879 1403 1957 1435 ope*

1086 1440 1119 1461 ra
1139 1429 1355 1471 inpersedeuo.
1411 1430 1457 1463 Ita
1480 1440 1605 1472 autem,
1634 1441 1668 1465 ut
1686 1434 1770 1474 dixi,
1794 1435 1956 1476 explican-

1085 1471 1155 1518 dam
1180 1471 1241 1503 effe
1273 1473 1299 1503 d.
1326 1472 1345 1503 l.
1370 1473 1423 1504 ult.
1459 1482 1644 1515 argumento
1660 1475 1705 1507 est
1726 1475 1791 1518 ipse
1812 1476 1926 1508 Titulos
1943 1499 1956 1513 ‚

1086 1523 1118 1544 m
1144 1522 1235 1554 quem
1264 1512 1380 1554 digesta
1404 1514 1457 1547 est.
1503 1516 1618 1557 Agitur
1635 1517 1678 1549 ibi
1701 1517 1740 1548 de
1757 1517 1958 1550 condicendo

1086 1564 1147 1601 eo,
1181 1555 1265 1596 quod
1285 1556 1392 1587 datum
1415 1555 1479 1596 est,
1510 1556 1532 1589 fi
1561 1558 1695 1590 vieiffim
1710 1568 1774 1591 non
1792 1557 1956 1600 praestetur

1086 1596 1135 1636 ld,
1160 1597 1245 1638 quod
1260 1596 1301 1644 ob
1317 1596 1438 1629 causam
1455 1598 1519 1629 dati
1535 1599 1717 1640 promiffum
1732 1599 1797 1640 est,
1821 1600 1892 1632 data
1901 1599 1957 1632 hic

1086 1646 1152 1669 erat
1174 1647 1305 1679 pecunia
1321 1661 1330 1677 ‚
1363 1646 1399 1670 ut
1427 1638 1625 1681 praestaretur
1649 1641 1799 1681 Stichus,
1823 1641 1957 1683 fiigitur

1086 1689 1151 1711 non
1167 1678 1346 1725 praestetur,
1369 1681 1422 1713 vel
1440 1681 1512 1722 quia
1527 1681 1671 1723 praestare
1695 1683 1802 1715 noluit
1824 1682 1957 1724 promis-

1087 1720 1156 1760 sor,
1180 1722 1233 1753 vel
1252 1730 1323 1763 qu1a
1342 1731 1405 1768 non
1418 1723 1545 1764 potuit,
1569 1723 1641 1756 fato
1653 1724 1755 1756 Stichi
1771 1723 1957 1765 impeditus,

1086 1763 1139 1795 vel
1166 1763 1251 1804 quod
1276 1763 1436 1795 hommem
1457 1764 1593 1797 alienum
1617 1764 1819 1806 promiserit,
1843 1765 1954 1797 condi-

1087 1813 1155 1835 cam
1173 1827 1183 1843 ,
1216 1805 1301 1846 quod
1327 1803 1369 1835 ob
1392 1815 1459 1837 earn
1481 1805 1602 1838 causam
1622 1806 1710 1846 dedi,
1735 1816 1805 1848 quae
1825 1804 1965 1847 sequuta’

1088 1855 1150 1878 non
1168 1844 1221 1878 est.
1268 1845 1375 1878 Habet
1399 1856 1434 1878 ea
1454 1846 1701 1889 Jurisprudentia
1722 1847 1955 1889 simplicitatem

1088 1887 1261 1919 naturalem
1272 1911 1281 1926 ,
1306 1896 1323 1918 a
1339 1885 1461 1920 Grotio
1477 1897 1637 1930 perperam
1648 1911 1661 1927 ,
1683 1895 1720 1920 ut
1735 1889 1862 1920 videtur
1873 1911 1883 1928 ,
1901 1887 1955 1919 da-

1088 1937 1226 1960 mnatam
1247 1928 1289 1961 'L.
1310 1926 1365 1959 III.
1391 1930 1424 1960 de
1448 1929 1524 1971 Jure
1550 1930 1585 1962 B.
1610 1929 1646 1965 ἐξ
1669 1929 1708 1962 P.
1735 1930 1766 1960 C.
1782 1938 1833 1960 21.
1855 1939 1885 1960 n.
1898 1939 1953 1971 30.

1089 1970 1253 2001 translatio
1277 1969 1411 2002 dominii
1429 1980 1468 2002 eo
1499 1971 1629 2012 negotio
1651 1970 1787 2012 putanda
1810 1969 1855 2002 est
1870 1969 1952 2011 quati

1087 2011 1254 2053 conditio,
1277 2011 1319 2042 ob
1333 2019 1425 2051 quam
1440 2011 1504 2052 ipse
1517 2012 1608 2053 dedi,
1634 2021 1669 2043 ea
1691 2011 1788 2052 igitur
1804 2011 1957 2043 deficienn

1088 2059 1120 2082 te
1138 2052 1260 2083 corruit
1276 2051 1375 2093 ipsum
1393 2054 1576 2094 negotium,
1600 2063 1664 2095 quo
1682 2053 1737 2092 fit,
1761 2059 1797 2084 ut
1812 2062 1878 2084 non
1893 2051 1955 2084 alie.

1087 2092 1214 2134 superfit
1231 2093 1405 2134 obligatio,
1438 2103 1529 2135 quam
1553 2095 1595 2125 ob
1612 2104 1677 2126 rem
1693 2094 1756 2126 dati
1775 2102 1808 2125 re
1826 2103 1890 2125 non
1907 2091 1950 2124 se-

1086 2142 1183 2175 quuta
1200 2158 1210 2174 ,
1243 2135 1274 2166 δε
1296 2136 1339 2166 fic
1362 2134 1501 2176 disputat
1526 2135 1677 2175 Ulpianus
1695 2135 1727 2167 in
1750 2135 1770 2167 l.
1790 2144 1820 2175 5.
1843 2141 1889 2176 pr.
1909 2132 1952 2176 ff.

1088 2177 1121 2206 de
1143 2175 1271 2207 Condi&
1298 2177 1330 2208 C.
1351 2175 1394 2207 D.
1419 2177 1449 2207 C.
1477 2176 1521 2208 N.
1548 2178 1580 2208 S.
1612 2178 1641 2208 ὃς
1659 2175 1833 2208 rescribunt
1851 2175 1952 2217 Impe-

1088 2224 1209 2248 ratores
1222 2218 1253 2248 in
1278 2218 1297 2249 l.
1321 2222 1350 2251 8.
1379 2218 1409 2249 C.
1435 2219 1493 2248 eod.
1520 2217 1579 2249 Tit.
1613 2218 1648 2250 In
1666 2217 1828 2258 emptione
1844 2216 1952 2248 vendi-

1089 2258 1177 2289 tione
1193 2258 1379 2290 tralatitium
1398 2257 1458 2297 est,
1475 2259 1673 2290 venditorem
1688 2258 1765 2290 nihil
1785 2258 1953 2299 quicquam

1087 2298 1231 2340 praestare
1249 2322 1260 2338 ,
1291 2309 1383 2341 quam
1414 2309 1545 2332 vacuam
1580 2301 1624 2331 rei
1651 2298 1888 2341 poll'effionem,
1921 2297 1953 2330 δ’(

1087 2350 1184 2381 porro
1205 2350 1335 2380 cavere,
1359 2350 1426 2372 eam
1447 2341 1509 2373 fine
1524 2341 1777 2382 interpellatione
1796 2339 1906 2370 habere
1921 2338 1956 2371 ἃ

1089 2382 1232 2413 obtinere
1261 2383 1357 2413 licere
1371 2405 1381 2421 ,
1412 2382 1583 2417 dolumque
1608 2382 1722 2413 malum
1745 2379 1845 2411 abesse
1863 2379 1951 2411 abfu-

1089 2429 1256 2464 tur-umque
1271 2423 1332 2454 effe
1344 2447 1354 2462 ,
1378 2431 1414 2454 ut
1426 2422 1574 2462 Cujacius
1591 2423 1674 2453 recte
1693 2421 1776 2453 dixit
1793 2422 1823 2452 ἃ
1841 2421 1952 2462 proba-

1088 2464 1138 2495 vit
1161 2465 1189 2496 d.
1216 2465 1254 2496 L.
1278 2463 1401 2496 XXIII.
1441 2463 1562 2504 Objerv.
1599 2463 1629 2494 C.
1656 2472 1705 2500 29.
1727 2461 1887 2508 Quicquid
1906 2461 1955 2493 ul«

1090 2513 1137 2536 tra
1157 2504 1219 2545 est,
1251 2515 1291 2536 ex
1320 2505 1479 2545 emptione
1505 2504 1618 2535 habere
1636 2513 1699 2535 non
1717 2503 1810 2542 licet,
1833 2502 1884 2534 sed
1901 2501 1954 2534 vel

1089 2556 1130 2578 ex
1157 2546 1359 2588 stipulatione
1373 2568 1384 2584 ,
1414 2545 1465 2576 vel
1481 2554 1520 2576 cx
1544 2544 1708 2576 contractu
1728 2544 1924 2576 innominato
1941 2564 1955 2581 ‚

1091 2595 1126 2619 ut
1151 2588 1203 2620 hic
1227 2587 1272 2619 est
1295 2587 1374 2627 apud
1403 2584 1538 2617 Celsum.
1584 2586 1615 2616 Si
1648 2586 1767 2626 integer
1782 2585 1848 2625 ejus
1863 2584 1958 2616 locus

1090 2628 1246 2667 exstaret,
1275 2638 1314 2659 ex
1331 2626 1577 2668 praecedentibus
1598 2626 1683 2657 forte
1699 2626 1853 2666 prolixius
1878 2634 1956 2657 con-

1091 2671 1184 2702 flaret
1206 2665 1244 2701 de
1273 2667 1488 2700 transferendo
1509 2668 1552 2698 rei
1569 2667 1716 2699 dominio
1726 2666 1818 2698 fuiss'e
1832 2666 1956 2704 astum,

1089 2721 1172 2743 nunc
1194 2710 1266 2743 satis
1282 2708 1402 2741 constat
1420 2705 1460 2740 ex
1475 2707 1673 2748 sequentibus
1685 2731 1696 2747 ,
1719 2708 1748 2740 ὅ(
1766 2707 1853 2739 simul
1875 2715 1954 2738 con-

1091 2752 1171 2792 stat,
1193 2752 1272 2784 nibil
1288 2749 1386 2782 causae
1402 2748 1480 2788 effe,
1504 2759 1560 2780 cur
1577 2750 1730 2790 thorum
1751 2747 1906 2780 auditoria
1921 2747 1958 2778 in

1090 2794 1250 2834 posterum
1268 2791 1374 2823 turbet
1397 2791 1424 2821 d.
1450 2790 1471 2821 l.
1496 2790 1549 2821 uic.

1208 2889 1368 2924 XXV.

842 2980 952 3016 Varie.»
980 2977 1286 3026 Observatizmculae.

186 3074 209 3106 I.
302 3075 520 3113 ‘arcianusin
543 3078 562 3112 l.
593 3081 641 3112 16.
667 3077 742 3120 §.4
761 3074 802 3120 ff.
825 3078 858 3109 de
881 3077 988 3109 Public
1010 3075 1047 3111 52?

292 3158 296 3162 .
354 3118 462 3162 vestig.
483 3121 527 3153 ait
544 3120 671 3158 servos,
695 3120 747 3159 qui
770 3121 800 3152 in
817 3118 891 3160 fuga
908 3117 997 3161 sunt,
1013 3118 1045 3149 in

181 3159 378 3188 comimss‘um
402 3168 465 3192 non
483 3161 602 3200 cadere,
619 3171 682 3192 cum
692 3160 755 3200 fine
770 3160 919 3191 voluntate
937 3159 1045 3190 domini

180 3196 253 3235 fines
266 3196 450 3240 egreffisunt.
495 3201 642 3241 Cuiacius
665 3201 705 3234 L.
717 3200 808 3236 XIV·
836 3201 957 3241 Observ.
972 3200 1002 3231 C.
1013 3210 1042 3240 3.

1086 3073 1208 3106 mavult
1232 3070 1349 3115 ingreffi
1368 3071 1452 3114 sunt.
1497 3070 1635 3115 Margini
1661 3064 1841 3111 Editionis,
1863 3075 1953 3114 quam

1086 3115 1237 3148 Boudoza
1253 3114 1396 3153 curavit,
1420 3114 1549 3146 eandem
1567 3114 1751 3151 lectionem,
1776 3113 1857 3153 quali
1874 3111 1950 3144 anti-

1087 3165 1178 3198 quam
1200 3179 1209 3194 ,
1243 3153 1429 3195 adscriptam
1452 3154 1568 3195 video,
1593 3154 1735 3196 quamvis
1750 3152 1868 3193 fatear,
1902 3160 1953 3184 me

1089 3206 1156 3230 eam
1181 3206 1245 3230 non
1272 3194 1417 3238 reperisse
1442 3195 1475 3229 in
1493 3195 1598 3229 Libris
1613 3195 1769 3236 antiquis,
1795 3194 1905 3234 quibus
1922 3201 1951 3223 e-

1910 3244 1952 3274 go
