2008 3436
616 118 652 160 A
710 120 750 160 D
865 117 899 158 L
956 117 1081 157 Ec
1146 117 1276 159 ro
1335 117 1462 158 RE
1519 116 1576 159 M
1975 109 1986 149 ff

265 200 340 236 Cum
354 202 467 250 paffim
489 207 521 240 in
539 206 589 240 his
610 206 720 242 Libris
734 212 919 252 provocetur
938 205 980 239 ad
998 204 1270 240 Observationes
1287 205 1544 240 Tumuttuarias
1560 205 1606 240 T.
1624 231 1631 240 .
1651 232 1658 239 .
1684 204 1735 239 N.
1753 232 1761 240 .
1779 230 1787 239 .
1800 231 1809 247 ‚
1836 219 1955 247 monm.
1990 239 1995 265 ⁸

217 251 289 284 dum
307 251 368 294 eli,
394 255 449 288 hoc
473 254 786 301 nominefignificari
804 254 1050 288 Commentarios
1064 279 1072 293 ‚
1099 255 1131 286 in
1149 265 1222 298 quos
1239 254 1351 289 retulit
1372 253 1433 288 Vir
1451 255 1557 300 Ampl.
1585 266 1643 288 non
1662 262 1785 289 tantum
1802 268 1870 298 res,
1893 259 1955 305 ipso,
1980 264 1983 274 '

216 300 370 335 Senator-‘e
391 305 443 337 vel
459 303 592 347 Praeside
603 331 610 344 ‚
637 306 669 338 id
684 303 727 349 est
740 329 748 343 ‚
776 313 831 348 per
840 304 983 348 spatium
1002 302 1214 347 quadraginta
1219 302 1252 349 s
1249 315 1299 338 ere
1314 311 1487 344 annorum,
1505 316 1524 337 a
1540 303 1688 349 Supremo
1704 304 1821 338 Senatu
1831 297 1953 350 judica'-

218 356 291 390 tas,
308 348 371 393 sed
387 353 534 397 quidquid
552 362 607 397 per
627 361 726 386 totum
745 353 822 386 illud
841 361 964 396 tempus
979 352 1019 385 ab
1040 349 1104 395 ipso
1123 353 1245 386 Senatu
1271 353 1422 386 memoria
1443 354 1571 398 dignum
1592 353 1693 386 aetum
1709 352 1886 399 gestumque
1900 355 1952 400 eff.

217 397 476 435 'sumuttuarias
494 402 550 434 has
572 400 819 444 Observationes
834 409 946 439 vocat,
971 400 1049 444 quod
1062 410 1102 432 ex
1117 399 1238 434 Senatu
1258 401 1377 434 domum
1402 401 1523 444 redux,
1547 402 1682 446 quotidie
1697 428 1705 442 ‚
1730 411 1820 446 prout
1836 408 1953 450 quaeque

160 446 163 449 '
208 450 265 479 'res
282 448 441 484 incidebat
458 476 467 491 ‚
493 449 701 483 tumultuarie
719 461 772 483 eas
788 447 1019 494 conscripserit.
1049 447 1223 492 Composuit
1241 450 1295 483 hoc
1315 459 1389 494 opus
1404 451 1510 495 Ampl.
1545 451 1799 496 Bynlcerhoekius
1813 453 1854 486 ad
1867 452 1953 499 usum

212 497 401 540 privatum,
430 510 489 532 non
513 500 547 531 in
573 500 753 532 memoriam
779 497 995 543 posteritatis,
1021 494 1062 534 ὅ)
1088 506 1126 529 ne
1144 507 1277 542 unquam
1299 500 1331 531 in
1361 499 1519 542 publicum
1550 501 1712 540 ederetur,
1739 500 1847 535 ultimo
1861 503 1954 548 elogio

216 547 339 579 vetuit:
366 548 444 580 unde
462 545 501 585 ὅ)
517 548 676 580 nonnullis
700 549 812 580 mirum
826 544 968 592 fortaffl’
995 545 1155 579 videbitur
1171 570 1178 583 ,
1203 547 1261 579 has
1288 545 1535 591 Observationes
1556 548 1720 593 adportes
1740 551 1863 592 vocari,
1888 561 1953 586 cum

216 595 310 639 vulgo
326 594 405 640 fere
422 594 517 637 testes
537 594 766 642 citartsoleant
790 607 828 629 ea
852 601 1052 629 monumenta
1068 619 1077 633 ‚
1101 605 1166 638 qua>
1182 593 1303 640 pcffimt
1320 596 1403 629 adiri
1422 594 1460 634 &³
1477 595 1610 640 consuli,
1636 596 1676 636 [ff
1696 599 1839 631 manibus
1860 599 1955 634 homi-

216 654 289 676 num
309 652 473 677 teruntur:
497 642 552 687 sed
568 655 635 678 cum
663 643 726 689 ipse
752 646 864 679 Auctor
884 645 994 688 ubique
1024 653 1077 676 eas
1100 642 1301 685 adhibuerit,
1328 645 1439 689 religio
1457 643 1553 690 fuit,
1580 655 1613 679 ut
1642 648 1673 679 in
1704 648 1866 688 omnibus,
1891 659 1954 692 quae

1991 146 1994 170 l

1991 271 2000 294 Ἴ,

216 692 266 724 bic
282 700 455 737 apparent.
476 691 524 735 fic
543 691 582 730 52?
603 693 663 726 hac
685 695 716 726 in
732 701 842 738 parte,
864 692 992 737 aliquid
1009 698 1143 725 mutare.
1194 691 1288 739 ,Quod
1309 693 1351 726 ad
1364 701 1475 727 sertas
1499 696 1703 729 austeritates
1749 706 1814 739 quar
1837 695 1886 730 hic
1902 697 1955 731 ad·
2002 731 2003 735 ,

206 739 384 785 feruntur,
412 753 498 776 nemo
529 740 592 784 esi,
618 743 748 786 quinon
777 742 972 775 intellexerit
987 739 1153 783 scribendi
1181 742 1379 785 compendia,
1407 743 1517 786 quibus
1542 755 1583 777 eae
1604 743 1826 789 designantur:
1845 742 1876 788 fi
1893 757 1955 790 quae
2002 759 2003 772 π

217 789 437 835 immensum,
464 802 529 834 quae
546 791 788 836 explicationem
808 789 1004 835 defiderant,
1025 791 1094 833 peti
1123 800 1159 822 ea
1181 787 1282 834 potest
1306 801 1345 824 ex
1368 790 1594 831 Praefatione,
1618 804 1709 837 quam
1727 793 1876 837 praetiiilit
1894 795 1958 828 Au·
2002 807 2003 831 ς

217 839 280 872 utn-
303 838 560 885 Quaestionibus
583 840 673 884 Juris
697 839 851 881 Publici,
877 840 997 884 easdem
1023 839 1104 871 enim
1130 838 1201 879 ibi,
1227 849 1304 882 quas
1327 839 1398 880 hic,
1425 848 1516 874 notas
1541 840 1684 875 adhibuit
1710 843 1743 875 in
1767 840 1959 890 designati&
2002 841 2003 847 ¹

215 888 487 928 Attaioi-itatibus,
514 889 624 932 quibus
641 887 713 934 usus
735 887 801 934 est,
830 899 925 932 neque
944 888 1018 922 adeo
1033 886 1087 920 hoc
1110 886 1172 920 loco
1190 887 1255 921 haec
1271 895 1412 933 repetere
1432 886 1476 934 est
1495 888 1624 935 neceffe.

2004 943 2006 977 i

265 984 358 1031 aeQuid
372 983 629 1031 mibisumserim
647 985 679 1018 in
703 984 814 1019 edendo
837 981 892 1019 hoc
918 985 1042 1030 Opere,
1069 985 1127 1018 vix
1145 985 1232 1019 tanti
1253 982 1297 1030 est
1312 1011 1321 1027 ‚
1349 993 1383 1020 ut
1401 986 1472 1029 ejus
1487 987 1642 1021 rationem
1661 987 1797 1022 reddam.
1847 975 1964 1026 Dicam¹
2004 991 2005 994 ’

216 1035 312 1067 verbo
376 1035 414 1068 ln
439 1043 569 1078 quatuor
595 1034 709 1068 Libros
732 1035 786 1068 hoc
811 1035 900 1079 Opus
918 1032 1072 1078 diniserat
1088 1031 1152 1077 ipse
1168 1035 1303 1077 Auctor,
1329 1037 1380 1068 cui
1404 1046 1472 1069 cum
1493 1044 1616 1069 centum
1637 1036 1751 1083 Capita
1767 1035 1964 1084 destt'naffitt‘
2006 1055 2008 1068 t

209 1080 333 1126 finguli
353 1083 444 1117 Libri
465 1083 581 1118 XXV.
612 1081 876 1128 Capitafug‘ffent
892 1083 1065 1127 complexi:
1092 1085 1137 1115 At
1160 1081 1259 1116 Liber
1282 1081 1409 1117 Primus
1430 1083 1529 1118 XVI.
1557 1092 1682 1120 tantum
1700 1087 1880 1120 continebat
1908 1086 1966 1122 Ca-

216 1133 307 1176 pita,
333 1132 492 1166 Secundus
510 1132 552 1166 X.
585 1130 713 1166 Tertius
730 1132 806 1165 Xn.
834 1131 881 1164 Hi
905 1131 1000 1175 Libri
1017 1137 1051 1164 u‘t
1069 1129 1235 1176 intersese
1251 1134 1473 1173 convenirent,
1500 1130 1541 1172 Εὖ)
1565 1134 1607 1167 ad
1628 1135 1754 1169 eandem
1773 1135 1882 1169 molem
1908 1133 1966 1181 Ca7

215 1181 321 1225 pitum
342 1180 569 1226 exsurgerent,
596 1180 695 1214 Libro
712 1179 848 1214 Secundo
869 1180 972 1225 adjeci
998 1180 1061 1213 VI.
1090 1179 1188 1212 Libro
1215 1178 1322 1213 Tertio
1343 1182 1408 1214 alia
1432 1181 1496 1216 lV.
1525 1181 1640 1227 Capita
1665 1183 1854 1228 miscellanei
1873 1195 1969 1230 argue

219 1230 339 1269 menti,
366 1241 431 1275 quce
451 1227 491 1268 ἐξ
520 1229 570 1262 his
596 1229 661 1274 ipse
687 1227 862 1274 inseruff’t
885 1229 1000 1261 Auctor
1023 1228 1084 1261 loco
1112 1228 1251 1261 maxime
1271 1229 1444 1269 commodo,
1473 1236 1508 1262 ut
1533 1232 1565 1264 in
1577 1229 1726 1277 schedula
1747 1233 1968 1268 adnotaverat.

217 1277 312 1325 Quod
332 1279 373 1312 ad
390 1279 491 1322 Caput
507 1278 628 1323 penult.
681 1277 776 1310 Libri
795 1278 840 1310 11.
865 1277 943 1320 quod
957 1273 1001 1321 est
1026 1276 1062 1309 de
1079 1275 1212 1309 Annuis
1229 1274 1447 1319 penfionibus
1460 1303 1470 1318 ‚
1497 1289 1556 1312 non
1576 1279 1700 1313 videtur
1716 1280 1795 1313 illud
1813 1281 1854 1314 ad
1868 1283 1968 1316 umbi·

220 1327 313 1360 licum
330 1327 533 1372 perennata,-
560 1337 627 1359 cum
644 1332 751 1359 tamen
767 1323 955 1370 plenesatis
974 1326 1136 1358 contineat
1149 1322 1369 1370 sententiam,
1396 1337 1488 1370 quam
1503 1338 1539 1360 ea
1555 1327 1590 1360 de
1607 1327 1741 1374 refovit
1763 1327 1834 1363 Vir.
1861 1329 1948 1376 Amp'

220 1377 317 1409 malui
338 1376 436 1416 illud,
462 1375 551 1419 quale
569 1374 657 1419 quale
675 1372 718 1418 est
733 1399 744 1416 ‚
769 1372 1014 1418 repraesentare‚
1042 1385 1133 1419 quam
1152 1380 1252 1407 totum
1271 1374 1303 1407 in
1312 1373 1484 1420 spongiam
1501 1376 1646 1412 incidere.
1697 1374 1756 1421 Est
1773 1379 1871 1412 etiam
1890 1389 1945 1423 quo

220 1435 360 1458 moneam
391 1425 477 1458 circa
501 1424 640 1468 ejusdem
669 1423 762 1457 Libri
786 1423 886 1467 Caput
907 1423 1074 1464 ultimum,
1099 1422 1178 1467 quod
1197 1423 1309 1457 varias
1337 1424 1551 1469 complectitur
1578 1423 1844 1473 Quaestiunculas.
1894 1427 1970 1462 Mos

220 1481 288 1508 erat
306 1473 411 1518 Ampl.
437 1472 707 1518 Bynkershoekio,
735 1479 769 1505 ut
797 1483 837 1506 ex
858 1472 928 1517 ejus
956 1471 1067 1507 Libris
1095 1469 1392 1506 Observationum
1416 1472 1506 1518 Juris
1528 1473 1647 1509 Civilis
1676 1474 1851 1518 Romani,
1877 1476 1968 1511 item-

219 1533 276 1568 que
293 1520 529 1570 Quaestionurn
550 1520 640 1566 Juris
658 1520 792 1555 Publici
809 1528 963 1565 apparet,
989 1520 1031 1554 ad
1054 1520 1172 1555 calcem
1195 1521 1343 1566 cujusque
1359 1521 1454 1556 Libri
1476 1519 1596 1566 referre
1623 1520 1663 1563 ἐξ
1681 1524 1713 1557 in
1750 1535 1843 1558 unum
1869 1524 1968 1570 Caput

220 1573 375 1617 conjicere
399 1571 510 1605 varias
536 1568 804 1615 Observationes,
830 1580 895 1614 quae
921 1568 980 1614 ipsi
1000 1580 1059 1604 non
1082 1570 1170 1603 tanti
1196 1569 1409 1612 videbantur,
1435 1577 1471 1604 ut
1499 1572 1618 1616 aliquot
1646 1572 1762 1617 Capita
1792 1573 1968 1618 implerent.

218 1619 308 1655 Idem
329 1617 370 1659 &⁹
402 1620 452 1653 hic
476 1617 627 1664 praestare
657 1616 883 1664 constituerat,
910 1616 952 1658 ἑὲ)
960 1619 1036 1665 jam
1066 1619 1133 1652 tria
1158 1618 1295 1663 Capita,
1320 1630 1386 1664 quae
1407 1626 1473 1653 tres
1499 1622 1619 1665 priores
1639 1621 1753 1655 Libros
1769 1622 1946 1656 clauderent

220 1669 452 1710 inchoaverat,·
465 1667 527 1711 sed
545 1679 613 1702 cum
629 1666 753 1713 fingula
773 1677 892 1712 paucas
918 1675 1044 1702 tantum
1061 1665 1320 1714 Quaestiunculas
1345 1667 1661 1714 comprehenderent,
1685 1681 1739 1705 eas
1754 1667 1905 1717 congeffi,
1929 1644 1970 1711 ἐξ

220 1719 256 1752 in
276 1729 368 1752 unum
389 1719 488 1763 Caput
507 1717 636 1752 contuli.
687 1716 849 1751 Haetenus
870 1716 905 1751 de
925 1717 975 1751 his
989 1715 1238 1764 ,Qum-[tionibus.

273 1824 417 1858 Ceterum
438 1822 554 1856 nullum
569 1820 636 1868 post}
652 1822 706 1857 hoc
721 1821 967 1868 Bynkershoekii
988 1830 1064 1867 opus
1082 1819 1127 1867 est
1143 1820 1401 1867 exspeetandum:
1425 1823 1562 1870 reliquas
1580 1825 1681 1866 enim,
1706 1835 1771 1869 quoe
1779 1822 1970 1872 supersunt,

224 1875 293 1918 ejus
312 1873 565 1913 lucubrationes,
594 1883 717 1917 quaeque
736 1874 826 1905 unice
842 1871 955 1918 adjus
973 1871 1151 1905 hodiernum
1170 1882 1239 1905 cum
1258 1871 1478 1906 Hollandicurn
1498 1882 1564 1907 tum
1580 1872 1780 1908 Zelandicum
1798 1876 1972 1919 pertinent,

215 1921 282 1966 fibi
301 1919 431 1966 scripsit
456 1919 516 1954 Vir
545 1921 650 1965 Ampl.
683 1931 743 1954 non
767 1920 912 1965 publico,
938 1920 1076 1965 idemque
1101 1920 1137 1953 de
1160 1920 1230 1962 his,
1257 1919 1334 1965 quod
1352 1920 1389 1954 de
1412 1921 1721 1957 observationibus
1747 1921 1973 1957 tumultuariis

215 1970 317 2017 supra
336 1970 463 2011 monui,
479 1967 624 2014 statuit,
653 1980 692 2003 ne
712 1969 970 2014 unquam'aliqua
987 1981 1092 2003 earum
1112 1977 1190 2014 pars
1210 1969 1271 2003 luci
1294 1970 1434 2004 dar-etur.
1486 1971 1550 2005 Sed
1570 1971 1623 2004 vel
1640 1969 1704 2013 line
1720 1970 1769 2004 his
1778 1970 1867 2017 satis
1886 1970 1973 2016 Ryn-

224 2020 446 2053 kershoekiano
474 2019 592 2052 nomini
610 2017 702 2053 debet
727 2017 1016 2063 Jurisprudentia,
1044 2030 1103 2063 qua
1126 2018 1260 2058 Patria,
1287 2029 1346 2062 qua
1369 2017 1528 2053 Romana.
1578 2019 1668 2066 Quin
1685 2021 1792 2064 potius
1812 2030 1898 2054 nenio
1915 2029 1976 2052 non

224 2069 418 2115 mirabitur,
444 2068 496 2111 qui
517 2067 595 2108 Vir,
624 2079 644 2101 a
657 2068 765 2112 prima
777 2068 951 2112 juventute
966 2075 1012 2100 tet
1028 2068 1188 2111 tantis-que
1206 2068 1344 2111 negotiis
1359 2065 1524 2112 distraetus
1536 2093 1546 2109 ,
1563 2074 1688 2102 tantum
1704 2068 1852 2114 prieslare
1865 2075 1975 2113 potue·

225 2118 292 2159 rit,
320 2117 413 2149 editis
440 2117 472 2148 in
490 2116 649 2160 publicum
669 2124 714 2149 tot
730 2116 1008 2161 variiargumenti
1024 2117 1189 2161 operibus,
1215 2126 1310 2160 neque
1339 2117 1380 2148 iis
1407 2117 1614 2162 vulgaribus,
1641 2116 1747 2162 qualia
1768 2129 1849 2151 nunc
1864 2114 1976 2162 puffim

226 2169 259 2200 in
286 2167 382 2201 lucem
408 2163 657 2208 'protruduntum
685 2162 725 2203 δὲ’
752 2165 863 2210 quibus
890 2166 1094 2209 compilandis
1119 2164 1172 2198 vel
1191 2165 1328 2198 triduum
1343 2162 1531 2209 sufficeret,
1551 2163 1610 2208 sed
1631 2164 1784 2211 exquisita
1805 2166 1976 2200 eruditione

223 2215 339 2260 plenis.
391 2213 454 2246 Sed
469 2224 527 2247 non
549 2211 592 2260 cst
607 2213 658 2247 hic
682 2214 764 2247 locus
791 2224 957 2248 excurrere
981 2215 1014 2248 in
1031 2213 1139 2249 laudes
1161 2213 1269 2258 Ampl.
1297 2211 1464 2257 Defunbti.
1515 2213 1625 2262 ¹Quare
1642 2225 1768 2250 numum
1782 2216 1818 2250 de
1835 2212 1970 2249 Tabula.

229 2261 276 2297 Tu
292 2264 381 2298 leilor
400 2261 484 2296 vale.

789 3231 806 3254 ,
1796 3183 1972 3246 com
