2008 3436
332 112 421 150 DE
495 108 705 150 Fono
778 95 1534 149 LEGATORUM,C.xv1.

46 191 189 231 'utensilia
206 195 272 236 ejus
285 219 294 235 ,
317 203 354 226 ut
374 193 435 225 hoc
451 190 588 233 generali
607 188 708 222 verbo
730 195 819 226 utar,
841 196 909 229 per-

47 241 154 273 sonam
179 238 273 279 legati
298 235 490 277 sequuntur,
515 240 608 273 atque
636 230 715 262 adeo
741 229 912 275 habemus,

47 292 84 314 ac
107 281 129 313 si
157 281 188 311 in
215 278 378 310 territorio
403 275 510 308 nostro
536 283 600 306 non
626 271 743 310 essent,
768 270 818 318 sed
835 271 911 312 quid

47 329 136 354 vetat
155 317 291 352 absentis
304 319 385 350 bona
405 317 520 348 arreslo
536 315 695 351 detinere,
722 314 752 345 δι
770 312 840 344 mde
859 311 909 343 fo-

47 373 117 396 rum
144 360 311 393 derivare?
335 360 364 391 &
386 358 460 400 quid
477 364 566 388 vetat
582 356 614 387 in
633 354 746 396 legatis
764 353 845 400 idem
863 354 908 400 di}

46 413 137 442 cere,
161 403 182 435 s1
211 401 295 440 sola,
318 410 387 443 quae
415 399 502 437 dixi,
526 395 668 429 utensilia
690 395 855 437 excipias?
878 395 910 428 Sl

46 446 85 478 ad
100 454 157 477 nos
173 452 328 501 nunqpam
340 441 432 482 legati
450 438 602 477 fuissent,
631 437 681 470 sed
697 438 799 470 adhuc
815 437 912 469 baere-

44 494 115 520 rent
144 485 225 527 apud
268 483 417 524 rincipem
440 479 547 518 suum,
571 481 613 511 ob
633 479 715 512 bona
733 488 854 518 tamen,
880 488 910 524 a·

46 528 111 571 pud
128 537 186 560 nos
203 533 345 567 reperta,
368 522 474 554 forum
492 520 700 561 sortirentur,
726 521 833 565 quidni
853 521 910 562 igi-

47 580 120 608 tur,
141 577 212 600 cum
237 567 267 598 &
292 564 372 606 apud
391 573 449 596 nos
475 564 610 604 degant,
634 573 706 595 cuin
724 562 803 595 nibil
822 563 910 594 inno-

46 610 165 644 vetur?
189 607 285 653 Quod
303 607 395 648 legati
416 604 479 637 fori
502 603 743 647 praescriptione
760 611 887 636 utantur
899 626 910 642 ,

45 661 107 685 una
129 650 210 683 ratio
232 648 296 686 est,
321 657 360 679 ne
384 647 572 688 impediatur
600 647 736 689 legatio,
761 647 822 678 lioc
844 644 912 684 est,

47 703 87 727 ne
113 691 207 733 legati
234 689 364 731 persona
391 688 531 730 Principi
559 687 615 720 suo
639 688 694 720 fiat
711 688 854 727 inutilis,
879 694 912 718 at

47 734 169 768 inutilis
193 741 258 764 non
285 732 369 769 erit,
391 730 484 762 bonis
506 730 645 762 detentis
661 752 671 768 ,
703 729 824 762 inutilis
848 738 912 760 non

45 776 125 814 erit,
148 773 292 816 quamvis
319 773 350 804 in
374 771 449 804 foro
473 770 582 804 nostro
614 771 742 813 litiget,
767 770 912 818 quamvis

45 819 214 855 vincatur,
240 814 384 856 quamvis
400 823 435 845 ea
455 812 516 854 ipsa
535 813 636 852 bona,
661 814 784 855 pignori
802 821 837 844 ca
863 820 911 850 ta,

46 860 80 892 in
107 856 230 890 causam
258 855 409 896 iudicati,
427 854 657 893 distrahantur,
680 856 709 887 &
729 854 801 886 inde
841 853 912 884 atis-

45 895 101 934 fia‘t
121 898 341 932 creditoribus.
389 896 465 929 Non
482 907 522 928 ex
540 895 679 938 personae
691 920 700 934 ,
727 896 778 928 sed
794 905 834 927 ex
856 894 912 926 bo-

44 945 159 975 norum
184 939 376 980 subjectione
398 939 428 969 id
447 939 600 979 judicium
628 936 759 969 subsistit
775 961 784 976 ,
820 936 914 976 idque

45 983 177 1026 perinde
194 990 321 1023 agetur,
334 989 428 1021 atque
447 979 467 1011 si
487 981 606 1021 legatus
621 978 700 1019 apud
717 988 775 1010 nos
791 978 821 1010 le
844 985 913 1008 atus

45 1035 113 1058 non
140 1023 227 1056 esset.
274 1021 381 1064 Quare
407 1021 536 1052 omnino
562 1022 664 1060 probo
673 1042 684 1058 ,
707 1019 792 1061 quod
847 1018 913 1050 uria

45 1065 230 1099 Hollandiae
258 1072 307 1094 11.
331 1062 398 1102 Jan.
428 1065 520 1102 1638.
546 1061 640 1102 legati
664 1061 787 1093 Suecici
819 1060 912 1092 bonis

43 1105 262 1141 immobilibus
287 1105 371 1144 prius
397 1103 515 1135 arresto
543 1102 688 1142 inclusis,
712 1103 849 1144 legatum
873 1101 912 1133 ad

44 1148 79 1182 se
104 1148 136 1179 in
157 1147 206 1188 Jus
230 1145 416 1184 vocaverit,
440 1153 476 1177 ut
501 1144 545 1176 est
572 1146 604 1176 in
627 1146 660 1175 de
688 1143 827 1183 Dectfien
848 1153 911 1175 van

46 1190 178 1224 Laenius
197 1187 261 1229 Cas.
286 1192 336 1222 82.
362 1186 500 1232 Quidam
520 1187 706 1225 Senatores,
732 1186 789 1218 uti
818 1185 846 1217 se
864 1185 908 1217 ibi

1 1267 5 1271 Α
45 1230 167 1269 refert,
188 1229 338 1261 arrestum
364 1228 540 1269 probabant
556 1227 755 1268 securitatis,
792 1228 830 1259 ed
846 1237 909 1260 non

45 1271 272 1315 iurisdictionis
285 1270 465 1302 obtinendae
480 1279 573 1311 ergo,
591 1278 622 1301 at
640 1270 782 1311 plurimis
797 1269 828 1301 id
844 1279 907 1301 me-

45 1315 110 1347 rito
128 1312 299 1354 displicuit.
345 1311 451 1343 Probo
467 1312 580 1350 ctiam,
604 1311 690 1353 quod
714 1311 821 1343 eadem
845 1310 908 1344 Cu-

46 1357 110 1394 ria,
126 1361 162 1386 ut
179 1353 244 1395 ipsa
261 1361 415 1385 memorat
432 1354 461 1385 in
475 1352 635 1395 Epistula,
660 1362 752 1394 quarn
770 1353 808 1385 ad
819 1353 911 1385 Ordi-

47 1407 104 1430 nes
120 1395 301 1428 Hollandiae
319 1394 439 1436 scripfit
455 1404 504 1426 21.
525 1394 614 1426 Febr.
638 1404 729 1435 1721.
748 1395 778 1426 ἁ
796 1395 834 1426 de
853 1404 912 1436 qua

47 1438 140 1480 supra
152 1437 332 1469 dicebamus
352 1437 421 1477 Cap.
446 1435 538 1468 XIV.
554 1437 693 1478 legatum
713 1435 814 1469 Ducis
829 1436 911 1469 Hol-

46 1480 133 1513 satiae
158 1479 195 1510 ad
223 1477 253 1510 se
278 1479 308 1509 in
323 1478 372 1518 jus
387 1478 572 1517 vocaverit,
597 1477 745 1509 concesso
764 1479 849 1520 prius
865 1488 910 1510 ar-

45 1521 132 1554 resto
145 1526 179 1562 op
185 1519 330 1562 fhdanz‘ge
345 1520 702 1563 goederen,pemzingen,
722 1530 758 1551 en
777 1520 912 1562 effebien,

47 1564 93 1595 als
113 1564 151 1605 by
164 1563 251 1594 onder
267 1562 300 1592 de
313 1560 480 1604 jurisdiclie
499 1571 560 1592 ‘vanv
578 1563 634 1593 den
651 1562 738 1593 Hove
747 1562 836 1604 Jbude
854 1573 911 1594 mo-

47 1615 106 1648 gen
133 1606 258 1642 hebben,
281 1608 338 1633 met
363 1603 408 1633 die
436 1601 579 1643 restritiie
609 1609 736 1646 nogtam
752 1627 762 1642 ,
785 1605 837 1636 dat
862 1605 911 1635 het

40 1647 125 1690 Jelve
148 1643 240 1686 arreft
262 1645 326 1675 niet
341 1644 429 1683 fhude
454 1654 557 1687 mogen
581 1644 764 1688 werkftellig
790 1647 910 1678 werden

46 1688 179 1731 gevzaekt
196 1693 229 1727 op
247 1685 360 1726 deffelfs
377 1687 519 1717 mezcbilen
530 1711 539 1726 ,
564 1689 736 1729 eqzcipagse,
760 1687 793 1728 of
807 1689 910 1719 iecwes

48 1735 90 1762 tot
105 1728 218 1770 deffelfs
234 1727 584 1769 characterspecterende.
634 1728 684 1760 De
704 1730 836 1769 pecunia
852 1739 908 1761 nu-

47 1778 164 1803 merata
191 1777 316 1811 poterat
340 1770 456 1811 quaeri,
480 1780 518 1802 an
543 1770 573 1802 ἃ
601 1769 669 1802 haec
691 1771 773 1802 reete
791 1769 908 1802 arresto

49 1811 245 1850 includatur,
270 1811 342 1851 quia
357 1812 467 1853 utique
483 1811 544 1844 sine
561 1821 595 1843 ea
612 1822 706 1843 nemo
722 1813 912 1853 legationem

48 1852 214 1886 obiverit?
237 1851 288 1884 sed
311 1861 390 1894 puto
416 1852 545 1885 Curiam
565 1852 685 1886 scnfiffe
703 1854 742 1886 de
759 1854 914 1896 pecunia,

48 1904 118 1937 quae
134 1895 257 1936 legato,
283 1903 342 1935 qua
360 1895 550 1934 mercatori,
573 1895 764 1935 debebatur,
791 1897 820 1928 δε
834 1896 915 1936 apud

48 1943 259 1974 mercatores,
282 1935 469 1976 quibuscum
493 1937 548 1968 ille
566 1945 789 1975 contraxerat,
813 1938 916 1969 adbuc

46 1985 113 2010 erat
126 1977 265 2018 reliqua,
289 1986 352 2008 non
372 1977 411 2008 de
436 1978 491 2017 ea,
516 1988 583 2019 quae
600 1978 685 2010 forte
703 1979 808 2020 legato
823 1979 914 2010 debe-

49 2020 142 2051 batur
159 2028 200 2050 ex
219 2019 339 2056 literis,
366 2028 399 2050 ut
416 2028 595 2058 vocantur,
619 2020 740 2053 Cambii
753 2044 762 2059 ,
788 2020 825 2052 ad
843 2029 914 2051 eum

51 2060 252 2098 transmissis,
275 2068 310 2092 ut
326 2059 356 2091 se
376 2059 508 2102 suosque
525 2061 705 2094 exhiberet:
731 2072 801 2093 nam
819 2072 854 2093 ea
863 2071 915 2102 pe-

49 2102 238 2142 cunia‚quae
256 2102 293 2133 ad
309 2101 522 2134 exhibendum
538 2103 674 2145 legatum
693 2102 845 2135 destinata
856 2102 912 2143 est,

49 2152 114 2175 non
140 2143 243 2174 minus
263 2142 301 2174 ab
327 2142 443 2175 arresto
472 2145 642 2176 immunem
669 2145 731 2176 ess'e
757 2145 913 2184 dixerim,

52 2193 145 2221 quam
162 2183 237 2215 alias
252 2184 318 2223 eius
334 2194 404 2222 res,
420 2185 457 2216 ad
473 2184 561 2217 usum
578 2186 787 2218 cottidianum
806 2196 912 2218 neces-

48 2224 151 2257 sarias.
197 2224 300 2256 Fateri
323 2234 425 2257 tamen
450 2235 596 2266 oportet,
621 2228 673 2259 cui
700 2226 767 2260 usui
783 2229 915 2269 pecunia

47 2267 237 2306 destinetur,
262 2266 432 2298 difficulter
450 2266 597 2310 distingui
627 2268 731 2310 posse3
754 2270 849 2301 etiam
869 2270 914 2302 lu-

47 2317 137 2340 crum
155 2317 195 2339 ex
214 2315 411 2346 mercatura,
433 2309 527 2340 etiam
551 2311 716 2351 pecuniam
735 2311 768 2343 in
786 2311 915 2343 haeredi-

49 2357 134 2389 tate,
159 2359 228 2390 quae
245 2350 353 2390 legato
368 2350 521 2388 obvenit,
545 2360 701 2393 repertam
714 2376 723 2390 ,
749 2353 917 2384 inalimen-

49 2399 81 2423 ta
98 2390 186 2432 posse
202 2391 340 2423 adbiberi
359 2399 481 2422 certum
498 2392 560 2431 est,
586 2393 615 2424 ἀ
626 2417 635 2432 ,
659 2394 732 2435 quia
748 2394 817 2425 haec
837 2403 915 2434 prae-

48 2431 97 2464 sto
113 2440 200 2471 erat,
223 2432 262 2463 de
281 2433 341 2464 alia
357 2433 573 2474 conquirenda
590 2434 729 2476 legatum
746 2444 809 2466 non
828 2435 916 2476 cogi-

50 2473 125 2506 tasse
142 2474 206 2505 dici
224 2475 355 2515 poterit.
401 2473 542 2507 Fortasse
571 2476 688 2516 aequius
707 2476 820 2508 melius
834 2477 915 2516 erit,

49 2516 122 2557 quia
137 2516 169 2547 in
185 2515 275 2547 causa
291 2515 403 2554 dubia,
424 2523 460 2546 ut
478 2517 545 2548 baec
563 2516 626 2555 est,
644 2527 701 2558 pro
717 2517 826 2558 legato
838 2517 915 2550 sole-

49 2567 120 2589 mus
146 2557 352 2598 respondere,
378 2567 503 2589 ornnem
529 2560 695 2600 pecuniam
718 2558 832 2590 arresto
848 2560 914 2590 exi-

50 2607 157 2635 mere,
180 2598 210 2629 &
234 2598 314 2629 hanc
335 2598 454 2630 referre
480 2600 563 2631 inter
581 2610 651 2637 res,
675 2600 713 2632 ad
738 2601 915 2633 obeundam

51 2639 240 2680 legationem
254 2648 327 2685 ctum
344 2641 481 2673 maxime
495 2641 688 2674 necessarias.

93 2680 318 2726 Caeteroqum,
344 2689 378 2712 ut
397 2682 480 2722 dixi,
504 2684 607 2724 probo
628 2683 733 2715 Curiae
750 2684 917 2723 Mandata,

51 2722 82 2754 δε
106 2730 245 2768 rationes
255 2743 266 2759 ,
295 2730 351 2753 cur
379 2724 526 2764 probem,
560 2724 633 2757 satis
657 2725 719 2766 jam
747 2726 915 2767 expedivi,

52 2772 195 2804 quamvls
210 2762 328 2794 nullam
345 2773 386 2795 ex
402 2765 450 2796 his
467 2767 667 2806 expediverit
680 2766 776 2799 Curia
787 2769 818 2799 in
829 2777 868 2799 eo
877 2767 914 2798 ad

53 2804 186 2850 Ordines
202 2803 380 2850 Rescripta
413 2806 550 2839 Minime
567 2816 670 2840 autem
688 2809 791 2849 probo
802 2833 811 2848 ,
829 2808 915 2851 quod

54 2845 150 2877 Curia
165 2845 281 2885 adjecit
307 2846 346 2876 de
372 2846 484 2887 legatis
507 2850 759 2889 mercatoribus,
785 2851 914 2888 aliisve,

53 2887 165 2959 guibus
189 2885 355 2918 defunetus
384 2886 449 2918 sum
473 2890 500 2920 d.
534 2890 605 2931 Cap.
638 2891 739 2923 XIV..
768 2891 915 2934 Superest

74 2928 220 2960 ifficultas
245 2937 287 2959 ex
305 2928 418 2959 Edicto
446 2929 600 2963 Ordinum
632 2932 788 2965 Foederati
813 2933 915 2975 Belgii

53 2980 84 3008 9.
108 2970 192 3011 Sept.
221 2973 310 3010 1679.
334 2970 418 3011 quod
435 2970 622 3005 exhibebam
643 2975 713 3014 Cap.
739 2975 798 3007 IX.
822 2983 916 3016 negat

53 3011 134 3043 illud
161 3012 232 3041 bona
255 3012 434 3054 legatorum,
460 3012 502 3043 ob
521 3023 562 3044 aes
587 3015 745 3055 alienum,
771 3017 824 3048 hic
840 3025 915 3048 con-

54 3051 212 3097 trafitum,¹
231 3052 362 3098 detineri
388 3053 475 3094 posse
494 3077 504 3092 ‚
535 3055 565 3086 &
590 3055 774 3096 simpliciter
802 3066 918 3098 negat,

53 3102 118 3125 non
144 3092 282 3125 adhibita
306 3095 370 3126 ulla
394 3093 610 3135 distinetione,
634 3097 698 3129 sive
723 3098 920 3136 immobilia,

47 3133 119 3166 -sive
147 3133 279 3166 mobilia
303 3134 441 3175 fuerint,
465 3136 528 3168 sive
557 3137 594 3168 ad
610 3138 801 3179 legationem
822 3140 919 3181 perti-

54 3182 168 3212 neant,
191 3184 252 3207 nec
267 3185 316 3208 ne.
361 3178 421 3209 Sed
441 3177 503 3219 ipsa
521 3188 570 3209 res
586 3178 839 3221 distinguendum
859 3180 921 3212 esse

56 3224 186 3287 mofet’
204 3226 291 3288 Hnec
325 3219 491 3261 quicquam
524 3219 660 3252 Ordines
692 3220 893 3253 sanciverunt
910 3245 921 3261 ,

127 3267 179 3289 om.
235 3283 241 3288 .

1750 110 1819 155 169

953 195 1047 228 quam
1064 195 1105 218 ne
1122 185 1238 227 quovis
1257 184 1355 217 modo
1377 184 1565 226 impediatur
1582 187 1708 230 legatio.
1738 188 1827 235 Quin

953 237 1026 260 cum
1056 229 1129 259 bona
1145 226 1320 259 comitibus
1337 226 1429 258 addat
1446 227 1592 260 Edictum
1603 253 1612 267 ‚
1640 230 1712 262 satis
1731 240 1823 272 appa-

952 278 1022 309 ret,
1047 270 1085 301 de
1110 269 1157 300 his
1182 269 1274 301 bonis
1298 269 1365 310 agi,
1391 277 1461 309 quae
1485 269 1644 310 legatum,
1666 281 1725 311 qua
1744 273 1823 313 lega-

953 318 1039 350 tum,
1063 310 1236 352 sequuntur
1253 334 1263 349 ,
1297 320 1362 342 non
1387 310 1425 342 de
1454 310 1520 350 his,
1546 320 1614 352 quae
1640 312 1729 352 plane
1755 311 1825 345 sunt

952 361 1043 385 extra
1059 351 1182 384 causam
1200 352 1387 392 legationis,
1405 360 1540 393 quaque
1556 352 1635 384 adeo
1651 353 1720 393 jure
1737 363 1825 386 com—

953 395 1040 427 muni
1065 402 1228 435 reguntur.
1276 393 1380 426 Intelli
1407 393 1432 424 it
1452 394 1548 435 igitur
1570 394 1730 433 utensilia,
1756 394 1823 436 sup-

953 436 1166 478 pellectilem,
1189 436 1343 474 sarcinas,
1367 445 1384 467 a
1401 436 1487 473 iave‚
1512 445 1582 477 quae
1606 435 1752 468 adferunt
1782 437 1825 468 le-

953 479 1016 520 gati
1037 478 1221 517 venientes,
1241 477 1293 508 vel
1312 476 1363 508 hic
1382 477 1534 518 degentes
1553 476 1583 508 si·
1600 478 1609 509 i
1627 486 1828 519 comparant,

956 529 990 551 ut
1020 518 1202 551 instructior
1226 518 1263 550 sit
1290 519 1429 560 legatio,
1451 527 1586 560 quaeque
1605 519 1756 551 abeuntes
1770 519 1826 550 do-

954 570 1039 593 mum
1059 560 1160 592 solent
1176 559 1310 592 auferre.
1357 559 1409 592 De
1425 560 1535 599 bonis,
1559 570 1628 602 quae
1651 561 1702 592 bic
1719 570 1827 602 perpe-

955 611 1012 634 tuo
1030 601 1121 641 sunt,
1145 602 1196 633 vel
1213 611 1283 643 quae
1300 601 1338 633 ad
1360 609 1502 643 tempus,
1531 601 1579 634 sed
1598 602 1660 637 sine
1684 603 1751 634 ullo
1777 612 1825 634 re-

954 642 1061 685 spectu
1092 643 1279 685 legationis,
1305 651 1340 674 ut
1362 643 1408 675 est
1439 644 1470 675 in
1492 643 1620 684 fundis,
1646 644 1830 682 mei-cirus,

954 685 1139 717 haereditate
1156 685 1374 724 obveniente,
1399 684 1428 717 ὁ(
1470 695 1517 717 uae
1536 686 1647 718 similia
1666 685 1754 726 sunt,
1780 686 1827 717 ni-

954 727 999 759 hil
1020 727 1078 758 illo
1096 727 1252 759 Ordinum
1274 726 1387 758 Edicto
1405 727 1444 758 de
1459 729 1571 759 initum
1591 728 1653 759 erit
1669 737 1788 769 putem.

997 768 1095 812 Quod
1127 768 1165 800 ad
1192 768 1347 799 comitum
1374 768 1458 800 bona
1489 769 1595 801 eadem
1624 769 1827 802 dictinctione

953 810 1097 849 utimur,
1120 819 1212 851 quarn
1241 810 1273 841 in
1301 810 1478 851 legatorum
1498 810 1590 843 bonis
1606 811 1828 843 indicavimus.

957 851 1040 898 Quae
1064 852 1101 883 ad
1131 850 1295 893 personam
1318 852 1495 890 comitum,
1519 861 1579 893 qua
1597 854 1707 884 talium
1721 877 1731 892 ,
1755 862 1825 894 per-

957 898 1078 933 tinent,
1104 902 1174 935 quae
1190 893 1228 924 ad
1244 891 1345 933 ipsum
1363 892 1560 925 Comitatum
1574 895 1748 926 ornandum
1760 917 1772 934 ,
1787 894 1829 926 ab

956 933 1073 967 arresto
1102 935 1199 966 libera
1225 934 1288 966 effe
1311 933 1557 966 existimaverim
1579 960 1588 975 ,
1614 937 1735 978 reliqua
1761 946 1828 969 non

956 977 1045 1008 item.
1069 975 1129 1008 Sed
1145 985 1223 1007 vero
1241 976 1323 1007 bona
1343 975 1498 1007 comitum
1515 976 1692 1009 indistinfte
1711 977 1831 1010 arresto

955 1017 1082 1049 videtur
1109 1016 1262 1058 subjicere
1291 1016 1392 1058 ipsum
1418 1017 1498 1049 illud
1518 1017 1664 1050 Edictum
1682 1029 1711 1056 9.
1739 1020 1826 1061 Sept.

959 1062 1049 1100 1679.
1072 1069 1142 1091 nam
1170 1059 1282 1091 liberat
1305 1058 1459 1090 duntaxat
1487 1059 1630 1101 legatos,
1653 1069 1827 1103 eorumque

954 1102 1089 1133 comites
1105 1101 1135 1133 ὁ(
1154 1100 1328 1139 bona,non
1346 1100 1430 1132 bona
1439 1102 1701 1142 comitum,quin
1715 1115 1738 1129 er·
1758 1105 1826 1131 oim-

954 1143 1070 1175 διαςολῖς
1093 1152 1129 1174 ea
1154 1142 1276 1174 diceres
1293 1141 1434 1174 exclusa.
1481 1142 1598 1174 Verum
1623 1142 1690 1175 Lex
1710 1144 1762 1176 illa
1779 1144 1827 1176 est

951 1184 994 1216 im
1019 1183 1136 1217 erfeeta
1147 1209 1156 1224 ,
1171 1193 1208 1216 ut
1224 1193 1334 1216 omnes
1351 1183 1420 1216 fere
1435 1184 1519 1226 leges
1536 1184 1630 1216 hodie
1647 1186 1749 1218 minus
1758 1195 1828 1227 per-

950 1194 1034 1258 feefr’e
1056 1225 1254 1266 scribuntur,
1279 1234 1376 1268 atque
1401 1226 1480 1258 adeo
1496 1227 1517 1259 fi
1537 1236 1621 1258 nova
1645 1226 1763 1268 species
1781 1228 1827 1259 in-

955 1269 1061 1308 cidat,
1092 1268 1129 1300 ad
1158 1269 1313 1300 rationem
1339 1268 1370 1300 ἃ
1393 1267 1580 1300 consensum
1605 1267 1759 1301 Gentium
1781 1268 1828 1301 est

956 1310 1177 1342 recurrendum
1188 1333 1198 1348 ‚
1219 1310 1261 1349 fi,
1278 1318 1314 1341 ut
1331 1309 1402 1349 hie,
1423 1309 1515 1342 causa
1532 1309 1605 1341 inde
1618 1309 1664 1342 est
1677 1311 1828 1344 definien-

956 1352 1003 1384 da.
1023 1352 1128 1384 Audio
1146 1352 1261 1390 etiam,
1278 1351 1410 1383 Curiam
1427 1350 1608 1383 Hollandiae
1627 1351 1721 1385 Anno
1735 1357 1827 1393 1695.

955 1394 1111 1426 comitum
1131 1393 1214 1425 bona
1233 1393 1271 1425 ab
1288 1391 1407 1424 arresto
1422 1393 1591 1432 exemisse,
1615 1393 1666 1425 sed
1682 1404 1752 1436 quae
1771 1395 1828 1426 illa

953 1434 1270 1476 fuerint,&p1·oinde
1284 1445 1320 1467 an
1337 1434 1406 1474 jure
1412 1444 1471 1473 ,an
1490 1435 1605 1475 injuria
1622 1435 1826 1477 judicaverit,

954 1477 1095 1510 nondum
1115 1475 1194 1508 scire
1214 1477 1318 1519 potui.

996 1519 1031 1553 In
1060 1527 1126 1551 rem
1145 1519 1269 1552 actione
1297 1520 1419 1563 legatos
1443 1522 1611 1555 conveniri
1638 1521 1745 1564 posse,
1770 1521 1826 1553 ubi

953 1563 1092 1604 degunt,
1116 1562 1234 1603 ubique
1248 1571 1411 1604 receptum
1432 1564 1512 1604 esse,
1530 1564 1560 1596 δε
1577 1565 1754 1603 neminem,
1794 1563 1827 1595 ui

952 1605 1004 1637 vel
1044 1602 1148 1636 rolixe
1164 1603 1285 1645 legatos
1309 1604 1474 1645 defendit,
1500 1606 1739 1645 contradicere,
1794 1614 1827 1636 u-

953 1647 998 1678 ria
1061 1645 1208 1678 ollandiae
1238 1655 1286 1682 19.
1319 1645 1401 1679 Dec.
1429 1651 1520 1689 1644.
1554 1647 1727 1679 Ordinibus
1745 1646 1826 1679 Hol-

953 1686 1266 1728 landiaegrespondit,
1292 1687 1357 1719 vid.
1384 1688 1529 1720 Aitzema
1549 1689 1622 1721 Lib.
1643 1687 1770 1721 XXIV.
1791 1694 1826 1730 p.

956 1741 994 1762 m.
1021 1738 1094 1770 792·
1113 1729 1144 1761 δε
1161 1728 1257 1770 ipsam
1275 1728 1450 1770 Epistulam
1474 1730 1579 1763 Curiae
1597 1730 1679 1772 apud
1696 1730 1775 1762 Bort
1792 1731 1829 1762 de

957 1769 1073 1812 Arrest.
1102 1771 1135 1802 C.
1159 1770 1216 1802 IV.
1241 1780 1272 1803 n.
1300 1780 1348 1812 14.
1374 1771 1468 1813 idque
1485 1773 1581 1812 ideo,
1605 1772 1678 1814 quia
1694 1772 1771 1804 resi
1797 1771 1828 1803 sa

957 1812 1168 1852 convenitur,
1185 1821 1286 1853 neque
1297 1813 1389 1844 aliter
1407 1813 1547 1855 legatus,
1569 1823 1662 1855 quam
1675 1813 1763 1855 posse
1790 1823 1829 1845 or

957 1855 1001 1887 rei
1013 1879 1023 1894 ,
1048 1853 1138 1894 cujus
1157 1853 1300 1895 poffeffio
1318 1864 1390 1886 cum
1408 1855 1568 1896 probanda
1583 1855 1621 1888 fit
1638 1856 1659 1887 l.
1684 1865 1714 1893 9.
1733 1855 1774 1897 ff.
1793 1856 1828 1886 de

958 1897 1018 1928 Rei
1032 1897 1146 1927 vindic.
1171 1896 1230 1927 vix
1250 1895 1342 1927 aliter
1357 1897 1491 1937 probarae'r
1501 1897 1641 1938 poterit,
1665 1906 1756 1938 quam
1774 1896 1828 1928 ubi

958 1948 1008 1970 res
1027 1936 1083 1969 est.
1129 1936 1172 1968 Et
1188 1936 1251 1968 hoc
1269 1937 1394 1978 quidem
1414 1938 1445 1970 in
1470 1937 1589 1978 fundo,
1614 1938 1667 1979 qui
1687 1938 1828 1970 vindica-

959 1988 1030 2018 tur,
1053 1978 1182 2010 dubium
1198 1987 1263 2010 non
1281 1977 1344 2018 est,
1369 1987 1481 2011 contra
1497 1989 1590 2021 quam
1607 1980 1639 2012 in
1665 1989 1720 2019 re,
1745 1980 1828 2022 lega-

959 2021 1056 2052 tionis
1083 2018 1173 2051 causa
1197 2020 1259 2051 huc
1282 2020 1460 2053 transducta
1477 2044 1488 2060 ,
1517 2022 1569 2053 vel
1594 2029 1720 2063 empta,
1744 2030 1832 2063 equo-

956 2061 1063 2101 forte,
1089 2070 1237 2101 carruca,
1262 2062 1314 2093 vel
1329 2062 1389 2094 alia
1405 2072 1466 2103 qua
1482 2063 1594 2103 simili,
1619 2072 1691 2095 nam
1712 2062 1754 2095 sic
1769 2063 1826 2095 mi-

956 2103 1118 2136 nisterium
1141 2103 1169 2134 ei
1198 2102 1445 2142 subduceretur,
1470 2105 1556 2146 quod
1580 2114 1646 2137 non
1674 2104 1737 2136 esse
1758 2104 1833 2141 sub-‚

956 2145 1133 2177 ducendum
1159 2144 1254 2176 etiam
1282 2145 1313 2177 in
1343 2145 1596 2179 Provincialibus
1633 2147 1746 2189 legatis
1783 2156 1829 2178 re-

958 2186 1084 2228 spondit
1101 2185 1220 2219 Casfius
1241 2186 1271 2218 in
1293 2187 1312 2219 l.
1328 2197 1378 2228 24.
1404 2186 1433 2229 §.
1459 2197 1488 2220 2.
1507 2188 1548 2230 ff.
1574 2190 1608 2220 de
1630 2187 1737 2229 Judic.
1777 2187 1829 2220 De

958 2229 1082 2261 afflone
1104 2228 1135 2260 in
1162 2237 1249 2268 rem,
1273 2229 1360 2270 quod
1383 2230 1420 2260 ad
1441 2228 1497 2269 Jus
1526 2230 1727 2270 Romanum,
1753 2228 1828 2262 satis

958 2271 1025 2303 dixi
1052 2271 1083 2302 C.
1111 2269 1166 2301 VI.
1192 2270 1221 2302 ὅ(
1244 2270 1376 2311 probavi
1394 2270 1509 2311 Juliani
1539 2271 1749 2312 sententiam,
1774 2271 1829 2312 qui

957 2311 1189 2344 distinctionem
1213 2311 1304 2344 Casiii
1335 2311 1466 2352 rejecit,
1492 2312 1592 2345 sedin
1611 2313 1678 2352 his,
1703 2323 1774 2354 quae
1792 2312 1831 2343 ad

958 2354 1150 2396 legationem
1170 2353 1352 2394 pertinent,
1374 2363 1453 2392 nec,
1476 2353 1498 2386 fi
1515 2355 1567 2386 vel
1585 2354 1624 2386 de
1641 2354 1754 2395 legatis
1773 2363 1829 2386 ex-

960 2395 1056 2427 ternis
1086 2404 1213 2436 agamus
1227 2417 1237 2432 ,
1262 2404 1279 2426 a
1302 2394 1417 2434 Juliani
1440 2394 1595 2427 sententia
1618 2395 1829 2428 recedendum

958 2436 1013 2468 est.
1060 2435 1095 2467 In
1121 2436 1190 2467 aliis
1216 2436 1364 2467 omnibus
1391 2445 1456 2468 non
1480 2435 1665 2468 subducitur
1689 2436 1828 2469 ministe-

958 2478 1062 2516 rium,
1085 2486 1145 2508 nec
1171 2484 1339 2518 propterea
1363 2476 1446 2508 attio
1473 2478 1506 2509 in
1525 2487 1589 2509 rem
1611 2477 1828 2520 denegabitur.

958 2519 1086 2551 Poterit
1102 2518 1197 2549 etiarn
1209 2540 1221 2557 ,
1235 2525 1270 2550 ut
1285 2517 1383 2550 modo
1401 2519 1589 2559 probabam,
1606 2528 1661 2560 per
1677 2520 1829 2552 arrestum

957 2560 1069 2599 fundi,
1094 2559 1288 2601 aliarumque
1309 2568 1414 2591 rerum
1431 2561 1662 2601 quarumlibet,
1683 2561 1828 2594 dummo-

959 2603 1001 2634 do
1025 2611 1065 2633 ne
1090 2599 1287 2633 instrumenti
1314 2600 1378 2640 sui,
1404 2611 1602 2649 quaecunque
1619 2602 1767 2635 adversus
1787 2603 1830 2634 le-

959 2652 1067 2686 gatum
1090 2643 1231 2675 exerceri
1252 2642 1354 2681 aCtio,
1378 2650 1475 2675 etiam
1495 2643 1579 2676 aetio
1597 2645 1628 2677 in
1666 2643 1830 2683 ersonam,

985 2694 1058 2716 uum
1078 2684 1161 2716 idem
1183 2684 1242 2723 fit,
1265 2684 1288 2716 fi
1304 2693 1368 2716 non
1384 2683 1456 2724 hic,
1480 2684 1532 2717 sed
1549 2686 1630 2727 apud
1673 2686 1829 2727 rincipern

977 2736 1049 2759 uum
1069 2733 1254 2758 moraretur.
1300 2725 1411 2766 thue
1435 2727 1479 2758 ita
1499 2727 1603 2758 minus
1619 2726 1829 2758 dubitandum

958 2770 996 2801 fit
1012 2768 1051 2800 de
1070 2767 1195 2799 actione
1211 2768 1243 2799 in
1256 2776 1321 2799 rem
1332 2789 1343 2806 ,
1358 2766 1380 2798 fi
1396 2777 1460 2799 non
1478 2768 1516 2799 ad
1533 2766 1767 2799 instructionem
1786 2768 1828 2799 le·
1860 2786 1865 2790 ·

957 2810 1021 2852 gati
1039 2809 1217 2882 pgr-tinent,
1242 2818 1334 2850 quam
1351 2809 1576 2850 exceptionem
1593 2809 1708 2840 vellem
1732 2808 1829 2841 Curia

957 2851 1055 2883 ad'eci
1084 2858 1128 2882 et.
1610 2870 1613 2873 κ

995 2862 1110 2934 qulgo
1135 2892 1296 2929 creditur,
1321 2893 1477 2933 legatum,
1500 2891 1522 2924 fi
1543 2898 1614 2933 agat
1639 2892 1750 2932 prius,
1772 2901 1828 2924 co-

959 2935 990 2976 gi
1008 2934 1102 2965 etiam
1131 2933 1286 2974 suscipere
1315 2934 1474 2972 actiones,
1500 2933 1530 2964 &
1556 2935 1829 2973 reconventionem,

960 2985 1053 3016 quam
1079 2982 1220 3012 vocant,
1243 2975 1328 3015 pati,
1353 2975 1384 3006 ἃ
1401 2974 1501 3015 vulgo
1520 2974 1679 3014 creditur,
1704 2974 1734 3007 in
1755 2974 1830 3007 Pro-

961 3016 1154 3049 vincialibus
1182 3015 1295 3057 legatis
1312 3016 1342 3047 id
1361 3015 1527 3047 definitum
1550 3014 1613 3047 effe
1632 3015 1669 3047 ab
1688 3016 1830 3057 Ulpiano

962 3058 993 3090 in
1015 3058 1037 3090 l.
1061 3067 1090 3088 2.
1116 3057 1200 3098 §.75.
1224 3056 1299 3098 vers.
1327 3057 1383 3087 Sed
1402 3055 1438 3090 ὅ)
1454 3055 1642 3098 fingantff.
1667 3059 1701 3089 de
1721 3057 1827 3100 Judic.

962 3099 1036 3131 vide
1057 3098 1281 3130 Bertacbinum
1303 3098 1334 3129 in
1353 3097 1474 3137 Repert.
1500 3098 1542 3129 V.
1567 3098 1784 3139 Ambafiatores
1797 3106 1830 3140 p.

962 3151 1001 3172 m.
1028 3148 1100 3179 145.
1124 3138 1186 3171 Sed
1202 3139 1258 3170 ille
1279 3138 1364 3180 Versi
1392 3139 1448 3169 Sed
1465 3138 1538 3178 &fi
1558 3145 1670 3183 agant,
1696 3141 1734 3172 ad
1751 3141 1833 3182 lega·

963 3190 1015 3213 tos
1035 3189 1099 3212 non
1125 3180 1285 3221 pertinet,
1317 3188 1352 3210 ut
1370 3189 1411 3211 ex
1429 3179 1563 3220 Cujacio
1589 3183 1622 3213 C.
1648 3182 1703 3214 VI.
1729 3183 1834 3214 obser·
1879 3178 1884 3181 ’

965 3222 1130 3294 νενίῐηᾷε,
1156 3221 1230 3262 quia
1246 3221 1294 3254 illi
1309 3221 1421 3254 Romae
1441 3222 1583 3256 actiones
1603 3233 1753 3256 exercere
1769 3232 1836 3256 non

1782 3273 1836 3305 Flo-
