2008 3436
285 97 727 142 OBSERVATIONUM
755 95 892 144 JURIS
918 93 1132 131 ROMANI
1183 96 1270 130 Lm.
1303 97 1367 132 Vi.

57 200 166 223 vorum
183 187 280 221 edidit
299 192 355 217 tres
371 185 457 216 libros
482 183 516 213 cle
536 181 648 221 foenore
670 178 699 210 ἀ
715 176 827 218 ufizris,
849 186 921 209 nam

53 243 127 265 ecce
153 232 190 263 J„
213 229 264 260 lll.
293 229 324 260 C.
346 237 376 267 4.
400 223 499 264 infin.
522 222 651 255 Paulum
668 219 839 261 intelligit,
873 225 918 250 at-

52 285 112 317 quc
129 274 149 305 li
166 270 291 304 dixisset
302 293 311 308 ,
331 270 386 300 haec
401 264 565 307 constitutio
580 261 693 293 excedit
708 262 918 298 modznn‚cau-

51 320 127 348 tione
149 316 185 345 1111
195 313 305 344 'Initum
328 334 339 350 ,
365 308 430 349 five
457 308 513 338 baec
533 301 697 345 constitutio
712 303 866 345 judicem,
886 303 919 333 (Ie

51 343 193 389 cautione'
205 355 404 398 judicaturum
423 373 434 388 ‚
465 358 523 380 non
550 343 711 392 ciclstringit
730 345 768 375 aaz
790 343 920 385 observa-

49 401 157 431 tionem
175 398 247 428 modi
276 405 310 427 etl·
333 392 462 433 adsi-niti.
507 390 567 421 Sed
590 397 662 430 quia
678 386 716 418 de
732 386 830 417 modo
847 395 918 432 cau-

50 441 148 473 tionis
168 439 246 470 nihil
264 434 459 478 praecesserat
470 455 479 471 ‚
492 439 523 463 at
538 431 576 461 dc
592 429 688 475 modo
702 427 918 473 duntaxat-Ju-

49 483 103 515 ssae
129 479 301 513 exactionis
317 501 328 517 ,
367 475 475 507 durior
503 471 547 504 est
571 472 639 503 haee
671 477 918 511 interpretatio,

49 533 141 566 quam
155 530 189 554 ut
207 519 356 561 sequenda
374 517 528 548 videatur.
575 511 643 554 lpse
659 512 699 559 ad
718 513 748 542 d.
773 511 795 543 l.
810 520 862 551 40.
875 509 916 551 ff.

47 568 81 599 de
106 565 178 597 Reb.
204 563 279 593 cred.
304 561 336 592 C.
359 557 449 592 XIV.
475 566 539 588 non
554 554 700 595 expedivi
720 553 788 585 haec
803 552 918 598 verba,

48 608 87 640 de
113 606 226 648 quibus
248 611 331 635 nunc
356 609 463 641 quaero
481 621 491 637 ,
534 604 705 629 contentus
736 592 889 640 monuisse
907 614 917 631 ,

48 647 176 692 perinde
198 644 327 683 videri,
361 650 466 673 utrum
495 640 579 681 legas
602 638 718 668 excedit
741 637 780 667 ad
794 634 918 680 finitum

48 690 180 727 modum,
203 696 264 725 an,
295 686 327 715 in
341 684 463 725 finitum
479 684 612 718 modum,
632 678 682 724 sed
701 685 825 709 veteres
842 675 915 708 Edi-

49 739 135 765 tores
152 738 217 763 non
232 726 416 768 simpliciter
436 723 587 754 exhibent
602 723 634 752 in
645 720 767 765 finitumi
783 718 895 763 modim}
906 739 916 755 ‚

48 781 160 805 verum
183 771 221 802 ad
244 770 397 805 infinitum
421 766 532 796 modum
548 786 559 802 ,
588 771 656 803 qua:
676 769 807 792 0111111110
825 758 914 789 difle-

48 822 133 848 runt.
180 805 386 847 Mihi'sedet,
411 814 446 838 ut
466 805 636 838 Florentiae
652 802 785 848 legitur,
812 800 914 848 legen-

47 857 122 889 dum
135 854 214 893 esse,
249 851 300 884 sed
321 848 427 882 divisis
444 847 596 885 vocibus,
621 845 677 875 haec
696 839 858 883 constitutio
877 842 915 887 ad

43 898 167 940 finitum
182 895 293 926 modum
310 892 444 927 excedit,
464 895 622 958 quumqiue
637 883 728 925 finire
746 884 776 916 δε
793 882 913 929 definire

50 936 228 981 promiscue
252 935 391 967 dicamus
409 953 421 969 ,
455 939 490 960 111
505 938 564 969 apu
603 927 751 958 Senecam
768 923 911 956 Philolo-

49 981 147 1023 phum
168 976 323 1009 sexcentis
348 972 451 1009 locis,
484 969 630 1008 intelligo
654 966 784 998 modum
809 963 912 1011 usura-

47 1031 142 1059 rum,
174 1017 293 1059 legibus
315 1014 449 1048 finitum.
495 1009 536 1042 D.
565 1010 696 1055 Marcus
727 1005 911 1047 simpliciter

49 1058 261 1102 rescripserat,
285 1054 406 1088 causam
425 1051 487 1084 effe
508 1048 704 1096 redigendam
721 1047 759 1079 ad
780 1046 910 1078 modurn

51 1101 134 1136 ‘ustae
165 1099 374 1141 legitimaeque
404 1093 586 1126 exastioms.
641 1090 690 1122 Ad
719 1089 788 1120 haec
817 1095 909 1134 notat

73 1144 183 1177 aulus:
213 1149 250 1172 ea
277 1136 505 1170 constitutione
530 1132 612 1178 nihil
626 1131 790 1178 quicquam
805 1130 906 1168 effici,

49 1194 137 1228 quam
155 1191 190 1215 ut
205 1180 296 1214 causa
308 1185 477 1212 revocetur
494 1176 531 1207 ad
554 1175 729 1218 legitnnum
747 1170 907 1203 usurarum

46 1226 194 1263 modum3
219 1223 263 1256 ait
279 1221 405 1264 quidem
417 1243 426 1258 ,
451 1218 565 1250 excedit
588 1216 625 1246 ad
635 1214 759 1254 finitum
776 1214 908 1259 vinclum,

46 1267 96 1300 sed
113 1267 227 1299 excedit
240 1273 305 1296 non
321 1262 373 1294 hic
396 1259 441 1292 est
466 1259 634 1301 egreditur,
657 1263 688 1287 at
699 1255 907 1302 progredthn·,

43 1316 80 1340 ut
106 1318 179 1341 cum
201 1305 312 1340 Livius
338 1303 382 1335 ait
416 1301 456 1334 L.
474 1297 637 1334 XXXIV.
668 1306 745 1328 mox
763 1305 794 1328 in
807 1301 906 1336 princ.

44 1360 88 1382 res
111 1353 145 1382 in
168 1357 307 1391 magn-um
333 1350 477 1377 certamen
503 1338 615 1381 exceffit
628 1361 639 1377 ,
673 1338 735 1369 hoc
763 1336 825 1384 est,
842 1343 908 1378 pro-

66 1391 137 1434 reffa
154 1388 204 1432 eft.
249 1388 302 1422 Sic
320 1386 423 1425 malo,
454 1393 545 1426 quam
569 1383 692 1422 legere,
716 1386 752 1410 ut
771 1378 906 1426 aliquan-

44 1401 86 1466 ἕο
112 1433 188 1465 mihi
210 1429 341 1468 incidit,
372 1429 411 1460 ad
420 1425 542 1467 finitum
559 1423 671 1468 modum
689 1421 812 1452 accedit.
855 1420 908 1452 S1c

43 1474 144 1518 prima
161 1471 346 1505 difficultate
361 1469 504 1501 videmur
518 1463 669 1497 defuncti.
773 1498 775 1500 ,

87 1512 231 1558 Superest
256 1520 334 1544 vero
357 1511 416 1543 alia
441 1510 472 1542 &
494 1507 611 1548 major,
639 1503 905 1553 ‘quemadmodum

44 1557 171 1591 scilicet
193 1553 331 1588 subsistat
355 1551 443 1584 Pauli
473 1552 601 1584 ’πίκμσις
637 1556 670 1580 111
694 1546 762 1578 haec
794 1545 902 1577 verba:

42 1600 113 1642 quid
137 1608 203 1641 ergo
216 1596 233 1629 ‘s’
256 1594 299 1635 stc
323 1594 511 1635 temperanda
534 1601 579 1623 res
594 1588 654 1631 est,
674 1594 707 1635 με
723 1589 756 1619 in
765 1587 903 1628 futurum

42 1642 190 1673 duntaxat
215 1647 251 1671 ex
277 1638 323 1669 die
344 1635 506 1677 ceffatz'onis
526 1633 634 1676 crescat
650 1632 747 1677 usura>
790 1629 834 1675 At
848 1638 903 1661 cur

39 1691 107 1715 non
122 1682 216 1714 etiam
233 1679 265 1712 in
281 1677 478 1726 praeteritum
490 1676 507 1708 ἵ)
539 1673 648 1717 quidni
666 1673 761 1705 liceat
777 1670 901 1712 stipula-

39 1724 69 1756 ri
92 1723 198 1756 usuras
220 1719 353 1753 semisses
375 1717 431 1751 sub
448 1717 635 1750 conditione
650 1723 715 1747 non
731 1711 905 1759 solut-arum

39 1764 98 1797 suo
118 1764 169 1796 die
216 1761 420 1795 uincuncium
437 1759 454 1792 ’ἓ
484 1758 595 1801 posfim
624 1757 735 1798 utique
750 1754 788 1787 ab
802 1755 904 1802 ,initio

38 1804 177 1853 stipulari
191 1773 348 1843 (qemiss‘es3
373 1803 403 1835 ὃς
419 1811 475 1834 cur
492 1810 557 1833 non
575 1797 684 1842 possim
696 1821 706 1837 ‚
730 1797 753 1830 fi
766 1804 904 1843 minores

40 1856 233 1889 quincunces
248 1846 286 1878 ad
302 1846 386 1878 diern
403 1843 515 1876 solutae
530 1851 596 1887 non
611 1839 697 1887 sint?
729 1837 775 1871 est
794 1838 826 1870 ld
844 1836 903 1868 foe-

40 1898 98 1922 nus
120 1888 244 1921 uberius
263 1888 356 1929 J'uxta
381 1885 537 1918 rationem
561 1885 663 1915 lortis.
708 1880 835 1913 Possum
856 1886 901 1910 et-

37 1931 100 1963 iam
121 1937 207 1962 retro
230 1928 372 1970 stipulari
396 1925 520 1965 usuras,
550 1934 615 1957 non
640 1930 765 1956 tantum
782 1931 800 1953 a
815 1930 904 1967 mora

38 1972 218 2010 commiffa3
234 1970 293 2003 'sed
314 1971 343 2003 ὅ(
364 1979 381 2001 3
394 1969 446 2000 die
458 1966 650 2008 interpofitae
674 1963 902 2011 stipulatioms,

40 2021 77 2045 ut
98 2012 162 2054 ipse
193 2013 306 2045 Paulus
345 2009 490 2043 definivit
514 2009 545 2040 in
571 2013 696 2040 extremo
710 2007 783 2048 <vers⁴
806 2005 827 2036 l.
850 2014 902 2052 40:

34 2053 77 2096 ff.
98 2056 131 2085 de
150 2055 224 2086 Reb.
249 2055 323 2086 cred.
369 2053 451 2085 Haec
465 2050 660 2083 considerans
667 2071 678 2087 ‚
709 2056 806 2088 quum
824 2047 903 2094 1111111

39 2104 119 2136 aqua
134 2095 286 2135 haereret,
305 2105 414 2127 omnes
431 2092 574 2124 omnium
591 2090 803 2131 Interpretum
813 2111 824 2128 ,
848 2097 905 2135 qui

39 2135 164 2180 quidem
189 2136 344 2168 hilarioris
367 2135 458 2168 famae
484 2132 555 2165 sunt
569 2157 580 2173 ‚
604 2131 772 2164 sententias
792 2139 904 2172 rogavi

41 2181 73 2210 ὄῑ
86 2177 201 2209 excuffi
223 2179 252 2209 d.
278 2178 310 2210 C.
321 2175 410 2209 XIV.
434 2184 592 2217 quumque
605 2183 671 2206 non
689 2172 767 2205 effer.
785 2172 822 2204 ad
839 2180 902 2203 ma-

39 2228 132 2258 num,
149 2219 202 2260 qui
217 2219 294 2250 mihi
309 2218 472 2250 videbatur
487 2216 570 2248 reete
590 2214 775 2256 explicasse,
799 2223 855 2245 cur
872 2223 901 2244 a-

40 2261 104 2302 pud
123 2259 253 2291 Paulum
272 2260 303 2291 in
328 2260 356 2291 d.
376 2260 397 2291 l.
420 2267 467 2299 17.
485 2263 534 2298 pr.
558 2257 657 2289 usurae
674 2255 809 2288 semiffes
825 2255 902 2287 dun-

40 2310 131 2334 taxat>
148 2301 180 2332 in
195 2300 339 2333 futurum
358 2300 528 2332 debeantur
543 2321 553 2338 ,
574 2308 639 2330 non
658 2298 753 2329 etiam
774 2297 806 2328 in
823 2306 902 2338 prae-

42 2344 190 2381 teritum,
216 2343 245 2374 &
262 2341 327 2384 ipse
346 2350 473 2383 quoque
487 2340 638 2372 nescii-ern
655 2361 667 2377 ,
690 2338 804 2370 bonam
828 2346 903 2369 tunc

39 2384 162 2426 copiam
179 2384 316 2425 ejuravi,
339 2384 473 2424 ingenue
487 2380 661 2424 professus,
685 2380 761 2412 mihi
785 2389 849 2412 non
867 2380 904 2412 li-

39 2434 142 2464 quere.
187 2426 310 2458 Prodiit
326 2424 438 2457 deinde
453 2424 574 2455 Auctor
588 2423 628 2455 de
649 2421 764 2453 Foenore
788 2420 825 2456 ἐξ
840 2421 903 2463 usic-

28 2469 78 2499 .rz's
97 2489 109 2506 ,
129 2467 182 2508 qui
203 2468 233 2499 d..
256 2467 287 2499 C.
335 2492 341 2499 .
365 2465 552 2508 praeteritis,
577 2472 613 2496 ut
636 2463 718 2495 solet
735 2488 744 2504 ,
769 2464 904 2496 aliorum

40 2507 203 2540 sententiis
223 2531 233 2547 ,
257 2477 415 2541 exiiiirnat
438 2505 482 2538 D.v
506 2506 654 2538 Marcum
673 2506 753 2548 juris
777 2507 904 2548 rigorem

43 2549 233 2590 Imperatoria
261 2551 442 2592 benignitate
464 2547 598 2588 laxaffl5
627 2556 701 2579 ante
724 2556 796 2579 eum
819 2547 903 2579 obti-

40 2590 140 2622 nuiss’e
150 2614 159 2629 ‚
170 2598 206 2622 ut
216 2591 246 2623 &
261 2592 291 2623 in
310 2590 504 2632 praeteritum
513 2588 640 2621 licuerit
655 2589 789 2629 maJOres
800 2588 906 2621 usuras

39 2631 176 2673 stipulari
193 2656 202 2672 ‚
227 2632 249 2665 si
267 2634 404 2664 minores
421 2630 477 2663 suo
493 2630 546 2662 die
558 2639 623 2662 non
639 2629 802 2664 solvantur
818 2653 828 2669 ,
854 2629 906 2662 sed

40 2672 209 2704 obtinuiss‘e
225 2673 332 2706 stritlo
348 2673 417 2713 jure
438 2673 468 2704 d.
498 2672 520 2704 l.
543 2681 573 2709 9.
595 2670 623 2712 §.
641 2681 668 2704 1.
689 2672 723 2703 de
751 2671 839 2713 Ustcr.
861 2682 902 2704 ex

40 2714 188 2754 aequitate
206 2715 290 2746 aliud
312 2713 460 2755 placuisse
487 2712 530 2745 D.
550 2713 686 2753 Marco,
714 2712 799 2744 hunc
824 2723 902 2754 prae-

40 2753 168 2794 stitisse,
185 2756 268 2796 quod
284 2754 427 2797 praestare
442 2764 508 2786 non
521 2761 648 2795 poterat
665 2753 718 2785 vel
732 2753 832 2795 JCtus
848 2755 901 2787 vel

41 2795 160 2827 Praeses
176 2796 363 2828 Provinciae.
406 2795 450 2828 At
468 2804 547 2827 vero
567 2795 702 2836 protrita
722 2795 776 2826 illa
793 2794 900 2828 distin-

41 2836 107 2868 &io
121 2836 169 2881 jus
187 2835 324 2869 stritkum
342 2838 424 2869 inter
443 2837 474 2870 &
499 2837 679 2877 aequitatem
699 2861 710 2876 ‚
733 2836 787 2868 hic
811 2835 902 2875 sane,

40 2876 63 2909 fi
80 2877 190 2916 ullibi,
213 2877 305 2909 valde
321 2878 500 2918 importuna
515 2878 569 2909 est.
614 2876 658 2910 D.
674 2878 806 2910 Marcus
822 2878 902 2910 nihil

39 2919 209 2960 quicquam
219 2941 229 2957 ,
245 2926 283 2950 ut
300 2918 387 2956 dixi,
407 2918 574 2959 Rescripto
590 2917 647 2950 suo
662 2918 828 2959 definivit,
853 2918 900 2951 so-

39 2959 88 2992 lus
109 2958 222 2991 Paulus
239 2959 385 2991 definivit
401 2982 412 2998 ,
435 2960 481 2991 ita
501 2969 566 2991 rem
584 2967 760 3001 temperans
773 2983 785 3000 ,
815 2966 848 2992 ut
870 2962 903 2992 in

36 3001 177 3041 futurum
198 3001 345 3032 duntaxat
366 3008 404 3030 ex
426 3001 472 3031 die
498 3010 528 3031 ce
550 3002 658 3043 ationis⁶
676 3007 787 3033 crescat
805 3001 902 3043 mitra.

40 3042 85 3073 Et
102 3040 125 3072 si
139 3041 191 3072 vel
206 3042 307 3082 palam
333 3040 375 3073 sic
400 3039 516 3082 rescrip
539 3041 597 3073 ss'et
621 3040 663 3074 D.
681 3042 814 3075 Marcus
829 3066 839 3081 ‚
871 3043 902 3074 id

39 3081 239 3122 Rescriptum
255 3080 422 3123 ignorasset
436 3081 622 3122 Papinianus
635 3083 668 3115 in
686 3084 715 3115 d.
737 3084 758 3115 l.
773 3092 801 3115 1.
822 3084 852 3124 ᾗ.»
870 3093 900 3124 3.

36 3123 76 3164 ff.
101 3124 134 3154 de
155 3123 279 3166 Pignor.
304 3123 335 3155 &
353 3123 381 3154 d.
406 3122 428 3155 l·
450 3132 481 3160 9.
504 3122 532 3163 §.
560 3132 586 3156 1.
609 3123 653 3166 ff.
676 3125 710 3157 de
736 3123 824 3156 Uur.
849 3124 902 3156 ubi

43 3171 156 3196 contra
177 3164 344 3207 respondet
359 3163 376 3198 ’ἓ
408 3163 484 3197 Plus
503 3172 591 3206 rogo.
642 3164 677 3198 Id
701 3164 748 3208 Re
763 3165 902 3209 criptum

83 3246 162 3284 Tom.
187 3246 210 3280 L

1421 91 1584 134 C.X]x.

964 173 1135 217 ignorasset
1154 173 1218 215 ipse
1239 174 1371 214 Paulus,
1396 175 1487 216 hujus
1510 178 1530 210 l.
1547 188 1594 220 17.
1619 178 1747 218 austor,
1773 189 1847 212 culn

964 217 996 248 in
1013 215 1152 255 versiculo
1174 222 1301 248 extremo
1329 217 1357 247 cl.
1389 217 1409 248 l.
1431 228 1482 257 40.
1508 219 1550 260 ff.
1580 222 1614 251 de
1639 221 1714 253 Rei).
1738 223 1842 253 credit.

965 258 1085 299 liquido
1106 258 1298 299 pronunciet
1318 280 1329 295 ‚
1362 267 1426 290 non
1456 266 1579 292 tantum
1599 263 1631 294 in
1659 262 1805 295 futurum
1827 273 1846 294 3

963 309 1052 332 111013
1069 323 1079 339 ,
1106 299 1157 331 led
1174 300 1204 331 dc
1223 299 1254 331 in
1274 299 1381 331 casum
1408 309 1506 332 morae
1521 301 1554 333 in
1573 305 1770 343 praeteritum
1789 329 1798 343 ,
1828 310 1847 335 a·

963 341 1014 373 die
1038 341 1168 373 creditae
1196 341 1340 381 pecuniae
1360 364 1369 380 ‚
1400 339 1507 374 usuras
1524 341 1666 384 stipulari
1686 345 1845 387 integrum

963 381 1025 429 esl'e
1041 382 1058 414 ⁴?
1089 383 1169 429 Sunt
1185 381 1252 413 haec
1272 383 1427 423 ejusmodi
1445 407 1454 422 ,
1483 393 1553 425 quae
1572 383 1753 427 scrupulum
1776 397 1842 420 non

964 432 1128 463 eximunt,
1154 433 1218 455 11110
1235 432 1352 465 augent
1370 427 1476 466 magis.

1006 466 1352 506 Adjui·isp1·udentiam
1371 466 1459 498 Pauli
1489 467 1521 499 in
1540 467 1569 500 d.
1592 469 1613 500 l.
1641 477 1688 510 17.
1708 475 1756 510 pr.
1782 481 1840 502 no-

964 508 1048 540 tabat
1062 506 1266 540 Basilicorum
1285 506 1497 548 Scholiastes‚
1523 512 1669 547 Σημείωα-ωι
1689 516 1772 547 ξενον,
1790 522 1841 543 no-

962 555 994 581 ta
1011 550 1081 591 quiet
1098 558 1227 587 novum,
1251 555 1287 579 ut
1304 548 1370 581 dixi
1387 549 1426 582 ad
1448 550 1490 583 L.
1513 550 1609 583 Lesta
1631 553 1659 584 d.
1689 553 1720 585 C.
1744 553 1838 585 XIV.

962 592 992 623 &
1009 589 1151 638 postome
1170 590 1506 636 repetiienoviffimus
1528 593 1650 626 Austor
1673 595 1708 626 de
1723 595 1839 635 foenore

961 632 998 668 ἐξ
1013 633 1106 678 usuris
1127 633 1156 678 d:
1184 632 1214 663 C.
1237 641 1268 672 4.
1285 632 1345 678 ⁸led
1370 632 1403 665 id
1424 633 1530 666 dicere
1552 643 1725 669 contentus
1752 637 1838 669 diem

962 682 1038 706 tunc
1059 673 1178 713 diffidi,
1196 673 1330 714 amphus
1348 674 1584 709 deliberandum
1603 685 1699 710 ratus·
1724 676 1758 710 N
1761 688 1837 717 unc,

960 724 1056 756 quum
1074 715 1128 747 ille
1145 713 1210 755 ipsc
1227 715 1347 747 Auttor
1365 725 1416 748 me
1432 726 1496 749 non
1514 717 1630 756 fecerit
1645 719 1835 759 doctiorem,

959 757 996 788 ad
1013 755 1201 798 posteriores
1220 766 1310 787 curas
1327 759 1479 790 revocavi
1501 760 1529 791 d.
1553 760 1572 792 l.
1587 769 1634 801 17.
1647 767 1696 802 pr.
1720 762 1750 793 δε
1786 761 1836 794 ost

959 799 1082 843 anxium
1102 796 1174 829 satis
1190 797 1450 831 deliberationem
1467 803 1551 833 nunc
1567 808 1649 843 puto
1665 825 1677 841 ,
1701 802 1765 834 Pau
1781 813 1835 836 um

959 849 991 870 111
1014 840 1043 870 cl.
1066 839 1087 870 l.
1114 842 1230 911 17.Ῐ1>ν.
1256 840 1408 880 explicari
1429 841 1517 882 poss'e
1533 852 1574 875 ex
1594 844 1694 877 Paulo
1709 844 1740 876 in
1764 846 1793 877 d.
1810 846 1833 877 l.

957 890 1008 920 40.
1035 880 1076 925 ff:
1106 881 1139 925 fle
1186 880 1247 911 (eh.
1272 882 1373 913 credit.
1397 892 1468 914 nam
1496 891 1530 916 ut
1547 884 1613 918 sors
1630 885 1661 918 in
1684 887 1712 918 d.
1735 886 1756 918 l.
1778 897 1831 927 40.

956 931 1023 953 crat
1046 921 1146 967 divi-sa
1163 921 1194 966 in
1217 921 1324 962 plures
1343 923 1523 964 pensiones,
1555 926 1597 959 fic
1615 937 1742 969 quoque
1762 930 1831 960 exi-

955 962 1078 995 stimem
1096 962 1228 993 divisam
1244 961 1338 994 fuiffe
1355 965 1386 996 in
1410 966 1439 997 d.
1469 966 1489 998 l.
1521 975 1568 1008 17.
1588 975 1636 1009 pr.
1661 970 1833 1012 utrobique

955 1005 1109 1050 integram
1126 1002 1245 1049 sortein
1260 1014 1324 1036 non
1337 1004 1430 1037 fuiss'e
1449 1007 1639 1050 usurariam,
1665 1010 1715 1042 sed
1730 1011 1835 1054 liugn-⁷

954 1046 998 1077 las
1017 1045 1202 1086 pensione3‚
1227 1048 1283 1092 sup
1299 1045 1351 1076 die
1365 1056 1430 1079 non
1450 1048 1568 1082 solutas
1587 1073 1599 1089 ‚
1622 1052 1771 1092 placuisse
1799 1053 1832 1086 in

952 1088 980 1118 d.
1007 1087 1027 1118 l.
1056 1095 1103 1126 17.
1124 1091 1182 1130 pn·
1198 1093 1232 1116 ut
1250 1087 1440 1127 singularum
1466 1090 1651 1131 pensionum
1677 1094 1831 1134 quincun-

951 1137 1004 1160 ces
1025 1127 1125 1174 essent
1140 1129 1241 1173 piune
1250 1150 1261 1166 ,
1274 1128 1303 1159 ὅ(
1312 1150 1323 1166 ,
1336 1128 1356 1160 si
1376 1139 1440 1170 quo
1457 1140 1540 1164 anno
1559 1142 1610 1165 eas
1631 1134 1758 1166 debitor
1767 1146 1833 1169 non

951 1168 1112 1216 solvisset,
1138 1176 1293 1211 mtegram
1309 1178 1385 1202 tunc
1409 1171 1526 1205 soi-tem
1545 1173 1619 1206 fore
1637 1175 1830 1218 usurariam,

951 1212 982 1243 &
998 1219 1064 1251 ejus
1083 1209 1112 1242 se
1132 1209 1310 1243 soluturum
1334 1211 1397 1243 esse
1418 1212 1524 1246 usuras
1546 1214 1683 1249 semisses
1702 1227 1743 1249 ex
1760 1219 1832 1258 die,

951 1262 1011 1295 qua
1033 1259 1194 1284 mutuatus
1217 1260 1283 1284 erat
1301 1252 1438 1286 debitor.
1484 1255 1539 1288 De
1556 1258 1757 1299 pensionibus
1782 1261 1830 1293 di-

949 1294 1023 1326 vifis
1043 1293 1121 1325 nihil
1139 1293 1265 1340 quidem
1280 1303 1388 1336 aperte
1405 1295 1540 1338 Paulus,
1566 1298 1617 1331 sed
1633 1309 1745 1333 movet
1765 1311 1832 1342 me,

950 1336 1035 1378 quod
1052 1335 1117 1374 ait,
1136 1337 1164 1374 Jz
1187 1345 1239 1377 quo
1255 1346 1331 1368 anno
1348 1346 1405 1368 non
1419 1339 1552 1381 solvzffi’t
1568 1363 1579 1380 ,
1601 1348 1670 1374 tunc
1698 1352 1829 1376 TOTlUs

946 1378 1077 1419 pecuniae
1094 1386 1131 1423 ex
1146 1378 1193 1408 die
1205 1400 1217 1417 ‚
1239 1387 1296 1419 qua
1316 1385 1466 1412 mutuatus
1482 1381 1542 1424 est,
1560 1382 1692 1425 fhmzffis
1711 1384 1826 1426 Μαια-

949 1430 1024 1451 rum.
1064 1418 1197 1458 Viden,
1221 1420 1335 1452 totius?
1355 1421 1442 1463 quod
1457 1423 1596 1457 refertur
1613 1427 1652 1457 ad
1667 1426 1826 1469 integram

949 1460 1087 1500 sortem,
1113 1460 1256 1502 opposite
1275 1462 1313 1494 ad
1330 1463 1514 1506 pensiones,
1534 1475 1606 1499 nam
1622 1467 1714 1508 plane
1729 1469 1832 1501 abun-v

949 1503 1037 1536 daret
1054 1503 1142 1549 totius
1153 1525 1165 1542 ,
1185 1502 1206 1534 fi
1223 1512 1288 1536 non
1306 1503 1522 1547 intelligamus
1541 1507 1660 1541 sortem
1676 1509 1709 1541 in
1724 1510 1829 1551 pensi-

949 1554 1026 1577 ones
1043 1543 1137 1591 furss'e
1154 1543 1285 1590 seill'am.
1331 1545 1455 1579 Movet
1478 1549 1574 1583 etiam
1598 1549 1707 1583 similis
1730 1551 1828 1592 Juris-

948 1586 1116 1628 prudentia
1130 1585 1220 1618 Pauli
1234 1586 1267 1619 in
1289 1587 1319 1620 d.
1343 1587 1365 1619 l.
1386 1598 1440 1629 40.
1465 1590 1519 1622 ubi
1541 1599 1658 1634 negat,
1681 1602 1803 1626 moram
1812 1612 1830 1632 ,r

948 1630 981 1660 in
997 1637 1058 1660 una
1073 1627 1223 1669 pensione
1241 1629 1437 1663 commiffam
1446 1654 1457 1672 ,
1481 1632 1521 1665 ad
1534 1633 1690 1676 integram
1704 1632 1825 1668 sortem

948 1669 1011 1702 esse
1027 1668 1210 1701 trahendam
1220 1693 1231 1709 ‚
1245 1670 1275 1702 ἀ
1291 1670 1359 1711 ejus
1378 1673 1466 1704 totius
1481 1673 1587 1708 usuras
1602 1675 1664 1708 esse
1701 1676 1826 1710 raestan-

948 1711 1012 1744 das.
1057 1710 1102 1743 Et
1119 1711 1244 1744 tandem
1259 1720 1389 1753 movet,
1414 1716 1500 1756 quod
1516 1714 1649 1750 Graecus
1681 1725 1833 1759 nterpres‘

947 1752 1131 1800 aduBczfilic.
1151 1753 1192 1785 L.
1214 1752 1402 1801 XXIIILT.
1423 1766 1453 1797 3.
1482 1756 1514 1789 C.
1542 1768 1589 1800 17.
1615 1760 1662 1792 lit.
1687 1760 1720 1792 Cr
1744 1759 1824 1792 Pau-

947 1797 1029 1829 lom
1048 1796 1076 1827 h.
1101 1795 1122 1827 l.
1149 1804 1196 1836 17.
1220 1801 1266 1836 pr.
1292 1795 1447 1836 objiciens
1475 1798 1608 1832 Paulum
1630 1801 1665 1834 in
1693 1807 1823 1833 extremo

948 1835 1099 1876 Verficulo
1122 1838 1151 1868 d.
1172 1837 1256 1878 l.40.
1275 1836 1317 1879 ff.
1340 1839 1374 1868 de
1397 1838 1475 1872 Reb.
1498 1842 1574 1873 cred.
1596 1841 1650 1874 ubi
1668 1852 1687 1874 a
1705 1842 1821 1884 specie,

946 1888 1039 1921 quam
1058 1878 1265 1918 manaverat,
1290 1879 1438 1911 recedens
1454 1903 1465 1920 ,
1488 1883 1533 1914 ait
1547 1906 1559 1922 ,
1579 1883 1612 1915 in
1632 1883 1737 1916 casum
1753 1894 1823 1916 ino-

947 1931 989 1953 rae
1007 1920 1104 1952 etiam
1122 1920 1278 1967 praeteriti
1300 1921 1452 1966 temporis
1478 1922 1584 1957 usuras
1608 1924 1750 1967 stipulari
1773 1926 1821 1958 in-

949 1970 1072 2004 tegrmn
1089 1961 1171 2001 esse,
1195 1961 1299 2008 quod,
1315 1971 1463 2003 inquam,
1479 1963 1616 1998 Graecus
1630 1966 1822 2000 Scholiastes
1864 1972 1866 1974 ’

947 2003 1111 2043 observet,
1137 2004 1170 2035 in
1188 2005 1250 2044 fine
1274 2004 1302 2035 d.
1328 2003 1412 2044 l.40.
1438 2014 1503 2037 non
1517 2006 1611 2039 fuisse
1649 2008 1733 2041 lures
1747 2018 1822 2051 pen-

945 2046 1066 2084 siones,
1088 2045 1141 2077 hic
1156 2054 1262 2078 autem
1278 2045 1310 2077 in
1334 2046 1363 2076 d.
1387 2046 1406 2077 l.
1434 2056 1481 2087 17.
1501 2054 1552 2089 pn
1571 2048 1620 2081 fui
1648 2059 1665 2081 e
1687 2049 1821 2091 δικφόςες

945 2089 1104 2127 προθεσμίας
1126 2087 1168 2122 &4
1196 2088 1212 2120 ὲ
1232 2087 1312 2126 μίαν,
1336 2088 1706 2130 diversaspenfionesmon
1717 2102 1824 2131 unam,-

946 2138 983 2161 ut
1002 2128 1067 2171 ipse
1086 2135 1212 2170 quoque
1235 2129 1437 2169 interpretor.
1486 2130 1530 2162 Ut
1555 2133 1747 2175 compendio
1771 2133 1819 2165 di-

947 2181 1033 2203 cam:
1059 2170 1124 2212 ips'a
1138 2169 1203 2202 fors
1223 2179 1289 2202 non
1306 2170 1371 2202 fuit
1394 2170 1530 2204 usuraria
1548 2174 1579 2206 in
1603 2176 1633 2206 d.
1653 2174 1673 2206 l.
1702 2184 1748 2216 17.
1769 2181 1819 2216 pr.

947 2212 1000 2244 sed
1017 2212 1146 2254 singulae
1162 2211 1344 2254 pensiones,
1369 2212 1399 2244 &
1417 2222 1516 2254 porro
1532 2223 1679 2255 cautum,
1704 2224 1740 2248 ut
1760 2226 1821 2257 pro

947 2264 1008 2286 una
1025 2253 1172 2295 pensione
1187 2263 1250 2286 non
1267 2253 1389 2292 soluta,
1401 2263 1466 2287 non
1481 2255 1548 2296 eju-s
1566 2257 1724 2298 pensionis
1741 2258 1822 2290 dun-

948 2304 1034 2328 taxat
1049 2294 1183 2327 semisses
1200 2293 1306 2327 usuras
1317 2294 1477 2336 praestaret
1493 2297 1620 2330 debitor
1631 2322 1641 2338 ,
1664 2298 1715 2330 sed
1733 2301 1821 2331 totius

941 2338 1072 2379 pecunia>
1079 2359 1091 2375 ,
1117 2337 1217 2368 totius
1235 2335 1337 2368 sortis.
1378 2336 1462 2383 Quae
1477 2335 1640 2379 stipulatio
1660 2340 1756 2382 lon-ge
1776 2341 1821 2373 la-

947 2388 1039 2420 teque
1057 2377 1266 2410 Centesirnam
1281 2378 1466 2412 excedebat.
1511 2380 1572 2413 Sed
1587 2381 1650 2413 hoc
1664 2391 1730 2414 non
1747 2391 1820 2423 pro-

945 2421 1052 2460 hibet,
1077 2419 1245 2462 quominus
1264 2428 1321 2461 per
1344 2419 1581 2463 stipulationem
1606 2429 1676 2455 tota
1696 2422 1762 2455 sors
1787 2424 1826 2456 111·

945 2462 1090 2494 futurum
1103 2461 1159 2494 fiat
1175 2459 1330 2502 usuraria,
1347 2462 1380 2493 in
1397 2462 1542 2495 futurum
1553 2488 1563 2503 ,
1585 2464 1732 2506 inquam,
1754 2474 1821 2496 11011

946 2505 978 2536 111
995 2503 1212 2544 praeteritum,
1236 2502 1310 2544 quia
1325 2503 1357 2536 in
1374 2504 1573 2545 praeteritum
1597 2515 1657 2547 pro
1677 2515 1737 2538 una
1753 2513 1818 2537 tan-

950 2553 1017 2576 tum
1031 2544 1178 2586 pensione
1195 2542 1295 2576 usurae
1312 2545 1471 2586 promiffae
1487 2554 1595 2585 erant,
1619 2547 1651 2579 in
1671 2546 1818 2579 futurum

948 2595 1089 2625 mutare,
1114 2586 1145 2618 ὅ(
1163 2593 1263 2617 1013111
1285 2584 1402 2619 sortem
1420 2586 1527 2619 facere
1541 2587 1709 2620 usui-ariam
1721 2609 1732 2628 ,
1755 2586 1827 2618 fuitv

948 2628 1130 2669 integrum,
1153 2627 1185 2659 in
1207 2629 1405 2669 praeteritum
1430 2636 1553 2661 contra.
1597 2630 1650 2662 Sic
1670 2628 1824 2670 intelligo

949 2672 1073 2709 ivrmgwu
1095 2668 1182 2701 Pauli
1199 2693 1212 2709 ,
1243 2678 1284 2701 ex
1308 2668 1407 2702 solida
1429 2670 1552 2702 ratione
1575 2670 1652 2711 juris
1668 2692 1681 2707 ,
1713 2670 1743 2701 δε
1763 2676 1825 2700 aut<

945 2711 1034 2750 haec,
1057 2718 1113 2742 aut
1126 2711 1213 2742 nulla
1230 2711 1309 2742 mihi
1326 2711 1453 2743 videtui·
1472 2711 1539 2752 eJ'us
1554 2710 1708 2742 sententia
1725 2720 1736 2749 ;
1759 2720 1817 2742 no-

944 2752 1001 2785 lim
1021 2761 1099 2784 vero
1111 2775 1121 2790 ‚
1146 2752 1178 2784 in
1194 2761 1228 2784 re
1246 2752 1447 2793 quotidiana,
1472 2755 1510 2782 ab
1524 2752 1593 2783 aliis
1609 2750 1717 2792 JCtis,
1741 2752 1821 2793 quin:

945 2794 975 2825 ὃς
995 2803 1012 2825 3
1028 2792 1126 2825 semet
1145 2792 1213 2834 ipso
1230 2793 1405 2825 dissenfiss'e.
1477 2830 1480 2831 ⁷

986 2834 1037 2867 Ex
1055 2834 1104 2865 his
1119 2833 1192 2866 satis
1207 2857 1217 2873 ‚
1242 2835 1380 2874 opinor,
1402 2833 1610 2874 intelligimus
1623 2856 1635 2873 ‚
1664 2833 1820 2875 quicquid-

943 2875 998 2908 hic
1015 2875 1098 2907 dixit
1114 2874 1229 2907 Paulus
1245 2875 1284 2905 de
1298 2875 1444 2915 legitimo
1460 2873 1621 2906 usurarum
1640 2875 1757 2915 modo,
1777 2875 1817 2908 ad

946 2917 1174 2955 Centesimam,
1198 2915 1264 2955 ejus
1282 2923 1377 2946 aetate
1393 2915 1515 2946 licitam
1527 2938 1537 2954 ,
1560 2916 1736 2957 pertinere,
1762 2917 1816 2957 &5

945 2959 1008 2991 five
1026 2967 1087 2989 una
1106 2965 1188 2988 voce
1204 2957 1288 2996 legas
1305 2954 1462 2995 adfinitum
1476 2977 1489 2994 ‚
1511 2956 1576 2988 sive
1597 2956 1715 2990 duabus
1731 2981 1745 2998 ,-
1774 2959 1815 2991 ad

939 2999 1061 3040 finitum
1076 3019 1088 3036 ,
1108 2996 1188 3028 nihil
1204 2995 1305 3028 causae
1323 2995 1403 3035 effe,
1429 3005 1486 3029 cur
1501 2996 1582 3029 hanc
1596 2997 1718 3040 phrasin
1737 2998 1812 3031 Tri-

945 3040 1083 3071 boniano
1107 3047 1138 3069 m
1180 3038 1206 3069 is
1221 3059 1233 3076 ,
1255 3046 1348 3078 quam
1371 3036 1470 3069 Paulo
1494 3038 1668 3072 tribuamus
1683 3063 1697 3080 ‚
1720 3047 1817 3082 atque

944 3081 989 3112 ita
1003 3078 1119 3111 frustra
1136 3087 1153 3109 e
1180 3088 1198 3110 e
1213 3077 1407 3119 Giphanium
1430 3079 1586 3111 Comment.
1610 3080 1648 3112 ad
1670 3081 1691 3114 l.
1702 3086 1751 3117 28.
1779 3082 1818 3113 C,-

943 3123 978 3153 de
1013 3119 1101 3161 Usicr.
1133 3119 1187 3160 qui
1215 3119 1246 3152 &
1268 3119 1322 3152 hic
1339 3127 1432 3162 putat
1453 3119 1689 3156 Triboniauum
1712 3123 1814 3166 pellu-

944 3170 1025 3194 cere.

1779 101 1845 134 zoi

1052 3244 1112 3276 Ge
1747 3244 1822 3279 ea:
