2008 3436
208 118 278 161 246
458 115 853 169 CORNELI-I

204 196 391 228 nominatim
415 196 556 235 additur,
586 204 621 228 ut
645 196 677 228 in
697 195 766 237 ipsis
793 195 941 228 Comitiis
964 194 1060 226 libere

205 237 366 269 consulere
392 237 421 268 ὅ(
449 236 628 280 suffragium
651 238 756 269 dicere
782 238 903 269 liceret.
956 235 1060 281 Quam

205 278 390 310 sententiam
406 278 539 311 Ordines
556 280 640 319 ajunt
661 280 690 309 in
708 278 736 309 d.
758 277 899 309 Decreto
919 277 949 310 se
967 278 1060 307 latius

206 318 268 350 esse
287 318 473 360 exsequutos
501 319 599 351 Libro
625 319 766 359 singulari
791 319 956 360 (5)(1110111
979 326 1060 348 anno

210 363 301 399 1651.
326 360 489 392 ediderunt
512 360 653 392 adversus
679 359 844 397 libellum,
879 358 1061 399 inscriptum

206 400 345 432 Redenen
371 411 406 432 en
424 403 566 439 molimen,
591 403 636 432 die
647 400 720 441 syrie
741 400 893 443 Hoogbez'rl
911 402 964 430 den
982 398 1060 430 Hee-

208 452 238 472 νε
266 442 374 473 Ρνίηςε
394 452 454 473 van
475 442 595 483 Orange
613 444 750 482 hermogen
767 443 871 472 hebben
891 441 951 472 ἃς.
974 440 1007 470 111
1024 448 1062 470 00

206 491 310 514 autem
329 483 426 515 Libro
442 483 578 523 fingulan
599 483 658 514 toti
676 482 746 514 sunt
766 482 918 519 Ordines,
942 490 976 511 ut
991 490 1061 520 pro-

205 523 300 562 bent,
321 534 384 556 non
395 532 514 555 tantum
534 523 659 563 injustas
677 522 738 554 ess'e
761 523 911 563 ejusmodi
935 521 1062 562 legatio-

204 573 258 596 nes
270 588 279 604 ,
303 564 352 597 sed
381 566 410 596 δε
429 565 542 596 tollere
560 564 743 605 singularum
762 564 1000 596 Provinciarum
1016 563 1062 603 ju-

205 614 260 643 ra,
292 607 321 637 ὅ(
340 616 410 636 011111
437 606 571 637 maxime
591 606 763 637 libertatem
777 604 936 637 sententiae
958 605 1062 636 diten-

205 646 252 677 (110
268 647 297 678 111
312 647 463 678 Ordinum
480 646 638 678 Comitiis.

248 688 306 719 Sed
325 697 384 728 ego
402 697 465 718 non
483 687 575 718 ausim
594 696 656 719 tam
677 688 760 729 large
782 687 849 720 haec
874 688 1038 719 admittere
1050 710 1060 725 ,

206 728 228 760 fi
246 729 298 759 lex
318 738 379 759 non
401 728 617 760 intercederet,
657 729 721 774 Qui
740 729 821 760 reete
839 729 976 770 Legatos
993 730 1063 760 mit-

205 776 294 808 tunt,
318 770 411 801 etiam
424 769 507 800 ret‘te
525 770 704 810 accipiunt,
726 778 758 801 ut
774 779 877 802 autem
895 770 1063 801 mittendo-

204 819 291 849 rum,
302 811 345 841 ita
359 811 386 841 &
403 810 656 851 accipiendorum
674 811 862 850 Legatorum
881 811 929 850 jus
944 811 982 842 ab
998 811 1063 849 rei,

205 851 245 881 cle
262 860 320 891 qua
338 852 457 891 agitur,
475 851 628 883 faciendae
646 852 800 892 potestate
817 852 982 892 dependet.
1007 851 1066 892 lgi—

206 899 278 930 tur,
303 901 337 923 ut
354 901 425 923 ante
441 892 598 931 dicebam,
624 893 750 934 fingulae
777 893 954 924 Provinciae
980 892 1064 934 quod

205 933 243 963 ad
264 942 316 972 ea,
339 943 407 973 quae
427 932 470 965 sui
487 933 563 973 juris
583 933 706 975 suaeque
722 933 883 974 potestatis
900 934 986 973 sunt,
1011 943 1065 975 pu-

206 973 291 1005 blice
309 973 447 1014 Legatos
465 974 595 1006 mittunt
616 976 645 1006 dt
672 976 850 1016 accipiunt,
873 975 923 1007 sed
945 984 1008 1007 non
1025 985 1064 1006 ae-

206 1023 268 1055 que
285 1016 368 1056 quod
389 1015 426 1046 ad
443 1024 495 1053 ea,
521 1025 589 1056 quae
609 1016 646 1047 ad
662 1026 828 1048 commune
843 1016 957 1048 Foedus
974 1016 1067 1056 perti—

205 1064 282 1088 nent
294 1079 304 1094 ,
327 1065 425 1097 neque
444 1057 526 1087 enim
543 1057 608 1096 ejus
625 1057 707 1098 leges
724 1057 885 1097 patiuntur
899 1081 907 1093 ,
932 1064 966 1087 ut
978 1079 988 1094 ,
1011 1056 1065 1089 sal-

207 1106 245 1127 va
266 1097 369 1130 forma
395 1097 581 1138 legationis,
605 1097 714 1139 singuli
741 1098 814 1130 socii
836 1097 997 1138 separatim
1016 1107 1066 1128 au-

206 1137 313 1177 diant,
337 1139 389 1179 qui
413 1139 452 1169 de
471 1147 504 1169 re
529 1139 670 1170 omnium
692 1139 852 1170 communi
878 1138 973 1169 verba
998 1138 1067 1170 sunt

206 1177 330 1211 facturi.
375 1179 480 1220 Atque
501 1179 545 1210 ita
565 1188 666 1220 neque
683 1179 797 1221 ssngula
815 1180 965 1219 cujusque
991 1179 1065 1211 Pro-

207 1221 324 1252 vinciae
340 1221 497 1259 membra,
523 1221 606 1261 quod
624 1220 661 1251 ad
677 1220 811 1253 formam
839 1220 997 1260 publicam
1024 1228 1067 1251 at-

206 1268 289 1293 tlnet
302 1284 311 1299 ,
322 1261 406 1293 recle
424 1261 558 1302 Legatos
575 1261 736 1301 accipiunt
753 1261 792 1292 de
808 1261 918 1299 rebus,
948 1270 1016 1301 quae
1038 1270 1068 1291 a·

206 1302 270 1343 pud
298 1301 379 1342 ipsos
405 1302 538 1333 Ordines
556 1302 622 1341 ejus
640 1301 816 1333 Provinciae
837 1301 906 1334 sunt
930 1302 1064 1341 agendae.

207 1343 267 1376 Sed
296 1343 362 1374 haec
389 1351 451 1373 11011
480 1341 666 1382 prohibent,
706 1342 873 1383 quominus
898 1342 1008 1383 Legati
1031 1342 1068 1373 ad

209 1384 342 1416 Ordines
363 1381 530 1414 Generales
546 1383 644 1421 miffi,
668 1391 720 1414 aut
736 1393 844 1414 eorum
862 1383 974 1423 aliqui,
997 1392 1067 1415 curn

206 1425 333 1465 singulis
351 1423 546 1462 Provinciis,
571 1433 715 1456 earumve
745 1424 890 1456 membris
913 1423 1068 1456 sermones

208 1466 331 1498 caedant
345 1465 384 1495 de
405 1474 438 1495 re
455 1465 601 1505 publica,
622 1475 692 1497 nam
713 1474 748 1496 ut
773 1465 860 1497 suum
885 1464 1068 1506 singularum

207 1505 462 1545 Provinciarum,
487 1505 528 1537 fic
548 1506 577 1537 dt
597 1506 681 1539 suum
703 1506 892 1547 singulorum
914 1507 1067 1538 membro-

206 1557 275 1578 rum
301 1547 431 1579 liberum
454 1545 498 1578 est
515 1545 712 1588 suffragium,
735 1557 794 1579 nec
812 1547 866 1579 nisi
894 1547 932 1579 de
956 1557 989 1579 re
1012 1558 1067 1588 po-

206 1587 326 1619 testatis
344 1588 404 1620 suae
424 1596 540 1629 agunt,
563 1590 614 1629 qui
633 1589 671 1620 de
686 1587 832 1630 suffragio
846 1588 901 1621 suo
922 1598 993 1620 cum
1012 1589 1067 1621 Le·

208 1629 287 1671 gatis
313 1636 418 1671 agunt.
464 1628 596 1668 Nolim,
623 1639 658 1661 ut
681 1630 843 1672 obligent,
867 1631 918 1662 vel
941 1639 1068 1672 propter

210 1674 238 1699 τε
251 1671 340 1709 πρέπων
352 1693 360 1707 ,
385 1670 469 1710 quod
491 1670 572 1702 inter
587 1670 689 1704 socios
707 1670 828 1704 servare
847 1679 995 1712 oportet,
1019 1671 1068 1704 sed

209 1711 231 1744 fi
247 1712 369 1750 velint,
393 1721 449 1742 cur
466 1720 527 1743 non
549 1711 681 1752 possint‚
706 1713 789 1744 nulla
806 1712 886 1744 ratio
903 1712 957 1744 est.
1003 1712 1067 1744 Pri-

207 1753 305 1784 vatim
326 1753 434 1793 utique
455 1752 530 1783 licet
546 1752 687 1794 colloqui
707 1754 745 1784 (10
767 1753 855 1785 rebus
872 1754 1024 1794 publicis,
1040 1754 1069 1786 &

208 1793 286 1825 licet
302 1803 337 1824 ea
356 1793 478 1831 audire,
503 1802 558 1833 per
577 1803 645 1834 quae
666 1794 734 1836 quis
754 1794 877 1826 doctior
901 1795 930 1826 ὅ(
957 1795 1070 1827 11101101

208 1835 247 1866 ad
267 1835 393 1875 publica
416 1834 541 1866 consilia
561 1835 705 1874 accedat,
729 1836 802 1876 quin
830 1835 879 1875 &,
909 1836 929 1868 fi
955 1837 998 1867 ita
1023 1836 1069 1867 vi-

207 1876 338 1914 deatur,
361 1875 470 1907 licebit
488 1874 665 1917 suffragium
691 1876 776 1909 suum
796 1876 958 1915 addicere,
981 1884 1016 1908 ut
1039 1877 1069 1908 111

209 1926 373 1948 munerum
391 1916 564 1948 collatione
580 1917 684 1957 paffim
702 1917 845 1956 obtinet,
871 1918 900 1949 ἅ
916 1918 976 1950 sine
987 1918 1069 1950 frau-

209 1958 248 1989 de
271 1957 453 1998 cujusquam
480 1956 532 1989 est.
579 1958 610 1990 Si
635 1958 702 1990 haec
728 1968 841 2000 neges,
873 1959 1025 1997 defende,
1050 1957 1071 1990 s1

210 2006 318 2039 potes,
344 1999 422 2030 illud
439 1997 618 2030 Hollandiae
635 1998 808 2031 Decretum
828 2010 859 2040 4.
874 2001 952 2040 Maj.
982 2004 1071 2040 1654.

252 2039 359 2071 Patior
375 2039 510 2080 Legatos
529 2040 676 2080 privatim
693 2041 788 2072 audiri
799 2050 880 2080 ‚non
896 2042 1000 2082 patior
1018 2051 1072 2081 pu-

208 2080 293 2112 blice
309 2080 426 2117 audiri,
451 2079 507 2112 nisi
523 2081 560 2111 ab
579 2080 625 2112 his
637 2082 693 2119 ,ad
711 2091 789 2122 quos
805 2091 839 2113 ea
857 2091 904 2113 res
926 2083 1071 2122 pertinet.

208 2121 270 2153 sed
286 2121 377 2152 aliter
393 2129 485 2161 atque
506 2122 596 2152 aliter
613 2122 644 2152 in
662 2122 773 2163 Belgio
791 2121 956 2154 Foederato
972 2132 1007 2153 ea
1026 2132 1073 2153 res

210 2161 256 2194 est
278 2169 407 2202 accepta
426 2162 454 2193 ὅ(
471 2161 598 2193 servata.
643 2161 810 2194 Frisiorum
836 2164 970 2195 Ordines
992 2173 1073 2195 anno

213 2208 303 2243 1587.
329 2202 532 2244 Legationem
557 2201 694 2235 Comitis
710 2203 873 2236 Lciccstrii
899 2205 935 2236 ad
959 2205 1073 2246 singula

211 2244 378 2276 Frisiorum
407 2243 559 2275 Ordinum
591 2244 728 2276 membra
756 2244 917 2286 separatim
941 2246 1073 2284 factam,

186 2305 188 2308 -
211 2293 247 2317 ut
263 2294 397 2321 novam,
418 2285 447 2316 ἃ
461 2293 523 2315 11011
543 2284 598 2316 nisi
610 2285 771 2318 discordiis
789 2286 934 2318 fovendis
951 2295 1073 2328 aptam,

212 2326 428 2367 improbarunt
452 2325 519 2366 (6).
572 2325 615 2357 Et
642 2325 954 2360 Amstcrdarnmenses
979 2328 1072 2360 Ordi-

212 2376 284 2399 num
304 2365 503 2398 Generalium
524 2366 767 2407 Legatos,anno
785 2373 875 2410 1639.
898 2369 934 2400 ad
955 2368 984 2401 se
1000 2370 1071 2401 mis-

210 2409 279 2447 105,
305 2408 461 2439 inauditos
479 2407 659 2440 dimiserunt
673 2408 749 2449 (7),
776 2411 863 2450 cujus
882 2409 1009 2451 repulsae
1027 2420 1071 2441 ra-

212 2450 315 2481 tiones
340 2448 520 2480 Hollandiae
545 2448 716 2482 Ordinibus
745 2451 943 2483 reddiderunt
962 2451 1072 2483 eodem

211 2500 292 2521 anno
315 2493 402 2531 1630.
419 2489 487 2530 (8).
513 2488 645 2529 Rursus,
669 2500 762 2532 quum
778 2499 828 2523 tot
845 2493 979 2531 milites,
993 2499 1072 2533 quot

212 2531 327 2562 ceteris
345 2530 518 2562 Provinciis
536 2531 698 2570 placebat,
724 2531 870 2566 Hollandi
895 2534 978 2565 alere
1003 2533 1070 2564 nol-

214 2572 279 2603 lent
298 2571 433 2603 Ordines
452 2569 623 2602 Generales
644 2581 675 2611 5.
699 2572 728 2604 ὅ(
752 2577 784 2605 6.
801 2574 870 2614 Jun.
901 2577 990 2614 1650.
1013 2573 1072 2614 (9)

236 2620 327 2644 raeter
354 2611 470 2642 Geli-os
495 2610 597 2651 (10),
627 2612 657 2643 δε
679 2615 967 2646 contradicentibus
991 2615 1070 2646 Hol-

210 2622 308 2685 Endis
322 2652 421 2693 (11),
445 2651 633 2692 legationem
650 2653 686 2684 ad
708 2653 809 2686 Urbes
822 2654 999 2686 Hollandiae
1015 2655 1072 2686 1111-

210 2694 335 2734 serunt,
360 2703 429 2735 quae
455 2693 492 2724 ab
514 2692 582 2724 aliis
608 2701 734 2735 recepta
760 2694 845 2734 fuit,
870 2696 909 2727 ab
932 2696 1001 2729 aliis
1026 2705 1072 2726 re-

927 124 1033 151 VAN

249 2834 311 2871 (5)
332 2834 381 2863 Ille
399 2833 469 2862 liber
491 2833 631 2871 singularis
647 2840 764 2864 vocatur
779 2835 937 2872 Waaragtig
951 2843 981 2863 en
995 2835 1075 2873 nodig

212 2873 309 2908 Berigc
325 2882 377 2900 van
393 2873 423 2900 de
435 2872 541 2900 Stantem
555 2882 608 2901 van
624 2873 758 2907 Hotland.
780 2873 806 2902 dc
821 2871 907 2902 exstat
923 2874 996 2910 apud
1013 2874 1073 2903 Ait-

213 2919 291 2940 zema
312 2910 449 2945 Herslelde
469 2910 569 2939 Lem-w
589 2920 614 2948 p.
631 2914 694 2945 486.

249 2950 312 2985 (6)
333 2949 508 2976 Memoratur
528 2950 556 2976 in
577 2949 677 2978 eodem
699 2949 795 2987 Bert'gt
814 2958 842 2986 p.
859 2957 922 2984 507.
938 2948 964 2978 ἀ
980 2952 1041 2983 508.

249 2988 311 3022 (7)
335 2987 459 3014 Aitzema
486 2985 588 3023 Hzstor.
617 2987 652 3015 L.
675 2987 754 3016 xlx.
781 2996 809 3025 p.
827 2994 889 3023 177.
910 2986 936 3015 ὅ(
961 2995 1023 3022 197.
1043 2986 1070 3015 ὅ(

212 3025 240 3052 in
262 3024 360 3052 eodem
383 3024 477 3061 Berigc
496 3034 523 3061 p.
545 3033 608 3059 509.

250 3063 307 3097 (8)
330 3063 430 3091 Earum
452 3063 557 3091 mentio
573 3063 611 3092 est
629 3064 657 3093 in
673 3064 802 3094 Aitzema
818 3061 957 3100 Herstelde
971 3062 1073 3091 Leeuw

212 3107 230 3135 p
250 3136 311 3170 (9)
333 3138 408 3165 Idem
429 3139 523 3167 ibidem
543 3148 570 3176 p.
586 3148 612 3174 9.
628 3139 653 3168 ἃ
670 3149 714 3170 10.

250 3173 328 3211 (10)
350 3175 448 3205 ludim
463 3186 489 3213 p,
502 3185 543 3206 11.
561 3178 587 3207 ὅ(
604 3179 677 3216 apud
694 3178 812 3209 eundem
831 3178 859 3207 in
869 3177 968 3207 eodem
979 3176 1075 3214 Berigt

1275 5 1294 26 ὰ.

1289 28 1302 36 a

1107 112 1706 150 BYNKERSHOEK

1104 193 1220 234 pulsam
1238 193 1311 224 tulit
1334 192 1470 224 inaudita
1493 191 1583 233 (12).
1627 191 1955 236 Amsterdammenses,
1994 186 1996 192 ¹

1102 234 1186 275 quod
1205 243 1243 266 ne
1259 234 1384 275 quidem
1403 234 1486 265 Oran
1512 234 1596 271 ium,
1619 233 1670 274 qui
1693 233 1787 264 etiam
1805 234 1883 266 inter
1899 236 1954 268 Le·
1982 249 1987 274 f

1102 283 1191 316 gatos
1213 283 1298 314 erat,
1321 283 1463 315 tanquam
1517 274 1733 306 ubernatorcm
1759 273 1956 317 Hollandiae,

1102 318 1134 348 in
1150 317 1320 348 concilium
1338 316 1430 347 Urbis
1447 315 1509 348 suae
1533 315 1697 346 admittere
1715 315 1899 356 voluerant,
1919 319 1957 350 ad

1103 357 1231 398 Orangii
1257 357 1561 397 expostulationem,
1591 365 1627 387 ea
1653 355 1691 386 de
1716 364 1749 386 re
1770 355 1880 389 factam
1905 368 1956 400 30.

1102 398 1169 438 Jun.
1193 401 1281 438 1650.
1300 398 1380 440 (13)
1396 399 1474 439 apud
1490 397 1624 429 Ordines
1637 395 1815 428 Hollandiae
1833 399 1957 439 prolixe
1990 401 2001 418 ‘¹

1103 439 1133 472 se
1149 439 1354 471 defenderunt
1372 439 1472 480 (14),
1494 439 1523 470 ἃ
1541 439 1584 477 ii,
1610 438 1660 484 qui
1682 438 1719 469 ad
1740 437 1834 469 causae
1852 441 1958 482 cogni·
1992 436 2001 478 ’ξ

1105 480 1222 511 tionem
1247 481 1284 512 ab
1310 480 1478 512 Ordinibus
1503 479 1635 520 delegati
1655 485 1742 510 erant
1759 501 1768 517 ,
1800 479 1958 521 responde·
2000 482 2001 492 ¹

1106 529 1177 552 runt
1194 530 1339 562 quoque,
1364 531 1426 552 non
1445 522 1568 561 placere
1582 519 1733 560 ejusmodi
1756 519 1926 560 legationes
1939 531 1958 556 a
1993 550 1995 556 i

1106 561 1341 603 Magistratibus
1357 561 1483 609 recipi(
1490 562 1555 603 15).
1607 561 1688 606 Quae
1706 561 1735 593 δι
1752 560 1887 601 ipsorum
1899 563 1963 596 Or-.
1992 563 1995 575 ‘

1105 603 1212 635 clinum
1242 604 1394 636 sententia
1417 604 1482 635 fuit
1500 626 1509 641 ‚
1540 605 1632 644 longe
1664 603 1788 643 lateque
1811 602 1960 645 disputata

1105 646 1137 677 in
1152 654 1209 682 eo,
1231 654 1323 686 quem
1341 645 1428 683 dixi,
1460 645 1558 677 Libro
1585 643 1747 685 singulari,
1777 653 1840 685 quo
1862 644 1959 678 Oran-

1104 687 1145 727 gii
1163 686 1321 725 libellum,
1346 696 1427 718 anno
1443 695 1515 720 mox
1537 685 1696 727 sequenti,
1719 685 1845 726 publice
1861 695 1962 728 oppu„

1126 734 1248 759 nai-unt.

1105 737 1124 768 g
1149 767 1207 800 Sed
1232 768 1299 799 haec
1315 769 1439 809 quidem
1463 768 1527 800 afta
1551 768 1635 809 gesta
1657 767 1727 801 sunt
1751 773 1823 799 ante
1847 777 1964 803 annum

1111 813 1200 850 1653.
1226 818 1264 839 eo
1286 818 1388 841 autem
1412 819 1493 841 anno
1517 820 1545 841 2.
1566 809 1613 840 Au
1637 834 1643 840 .
1670 815 1705 839 ut
1724 807 1784 839 alia
1802 809 1963 843 occafione.

1107 859 1178 882 ante
1195 851 1456 889 commemoravi,
1482 850 1606 891 speciali
1948 889 1952 891 ‚

1106 891 1169 922 fuit
1202 892 1319 932 legatio
1341 891 1493 923 Ordinum
1523 890 1723 923 Generalium
1751 899 1804 921 aut
1830 890 1970 933 lingula-5

1106 942 1174 964 rum
1196 932 1430 964 Provinciarum
1456 933 1493 964 ad
1513 932 1629 973 fingula
1653 931 1804 964 Ordinum
1829 931 1968 966 Hollann'·

1109 974 1167 1004 diae
1185 973 1342 1012 membra,
1367 982 1459 1015 atque
1482 974 1503 1006 fi
1523 974 1702 1005 libertatem
1731 971 1908 1013 sententiae,
1930 973 1969 1009 iffi

1108 1014 1178 1054 ipsis
1200 1014 1348 1046 Comitiis
1362 1015 1520 1053 dicendae,
1547 1014 1720 1055 impediret.
1767 1014 1825 1045 Sed
1843 1024 1879 1046 an
1896 1015 1969 1051 haetz

1110 1062 1273 1095 tantopere
1287 1055 1398 1095 jatlata
1419 1055 1632 1097 suffragiorum
1657 1055 1784 1086 libertas
1803 1054 1874 1088 satis
1889 1064 1970 1090 con-‘-

1108 1096 1214 1128 veniat
1237 1105 1307 1128 cum
1326 1096 1496 1128 eorundem
1526 1096 1678 1127 Ordinum
1706 1094 1870 1136 Decreto,
1901 1107 1970 1140 quo*

1109 1136 1250 1176 sequenti
1286 1146 1366 1168 anno
1396 1141 1485 1177 1654.
1525 1136 1701 1177 suffragium
1734 1135 1819 1168 suum
1853 1138 1970 1180 Anglis.

1108 1178 1303 1249 ofiligarunt,
1327 1178 1488 1218 judicent,
1512 1178 1621 1218 quibus
1638 1179 1686 1218 jus
1715 1177 1805 1229 liber-i
1828 1177 1967 1221 suffragii

1109 1227 1127 1249 e
1158 1242 1164 1249 .

1151 1258 1311 1292 Hastenus
1327 1268 1432 1291 autem
1449 1259 1528 1291 nihil
1547 1268 1672 1292 cautum
1690 1267 1755 1292 erat
1771 1260 1811 1292 de
1822 1269 1966 1295 011101110-

1109 1309 1177 1333 rum
1194 1299 1375 1341 Principum
1397 1300 1541 1341 Legatis,
1567 1301 1597 1331 id
1615 1311 1690 1332 vero
1709 1300 1813 1342 postea
1824 1302 1965 1335 acceffit:

1109 1350 1205 1381 quum
1233 1342 1319 1374 enim
1348 1351 1429 1373 anno
1464 1345 1553 1372 1662.
1588 1340 1798 1383 Hispanorum
1827 1342 1965 1383 Les-zato,

1109 1381 1266 1414 differenti
1284 1383 1322 1414 de
1342 1382 1432 1423 paeto
1454 1392 1569 1413 mutum
1592 1382 1776 1415 defensionis
1791 1392 1864 1415 cum
1873 1375 1971 1426 Rege

1109 1423 1164 1455 suo
1183 1424 1339 1461 ineundo,
1362 1423 1565 1465 Magistratus
1580 1423 1836 1456 Dordrechtanus
1846 1424 1968 1457 audito-

1111 1465 1192 1496 rium
1217 1464 1415 1505 praebuiss'et,
1451 1465 1584 1497 Ordines
1617 1464 1798 1497 Hollandiae
1823 1464 1974 1498 Decretos

1660 858 1767 881 ecreto
1787 850 1966 891 improbata)
2004 867 2005 871 =

2000 654 2003 736 Ι

1111 1505 1166 1537 suo
1184 1510 1233 1540 28.
1250 1506 1337 1546 Sept.
1355 1509 1443 1538 1662.
1456 1505 1535 1546 (16)
1559 1507 1635 1537 illud
1653 1505 1826 1538 Decretum
1844 1516 1872 1538 2.
1884 1507 1967 1549 Aug.
2007 1512 2008 1525 ¹

1115 1551 1205 1588 1654.
1235 1548 1330 1578 etiam
1359 1556 1398 1578 eo
1417 1554 1642 1588 porrexerunt,
1670 1556 1760 1584 nam,
1791 1547 1967 1589 improbato

1111 1588 1168 1619 illo
1192 1587 1502 1619 Dordrechtanorum
1530 1587 1639 1627 fatto,
1669 1588 1897 1628 decreverunt,
1927 1598 1973 1624 ne·

1110 1628 1244 1661 Nobiles
1262 1636 1315 1661 aut
1335 1629 1435 1661 Urbes
1450 1629 1611 1670 separatim
1629 1639 1688 1662 aan
1698 1630 1798 1672 eenige
1813 1629 1975 1672 Ministers«

1109 1672 1257 1702 audientie
1267 1680 1440 1714 vergunnen
1457 1671 1563 1702 zouden
1583 1681 1651 1702 over
1661 1671 1773 1711 saken,
1785 1671 1839 1702 den
1856 1681 1970 1714 gemee-

1110 1722 1167 1743 nen
1177 1709 1259 1753 staat
1277 1722 1338 1744 ‘van
1358 1714 1413 1744 den
1436 1712 1541 1744 Laude
1559 1712 1733 1753 betreffende
1746 1734 1755 1748 ,
1776 1711 1809 1752 ⁰f
1827 1713 1899 1745 daar
1921 1718 1975 1745 τοι

1111 1752 1229 1794 reflexie
1251 1753 1410 1788 hebbende,
1443 1764 1478 1784 en
1499 1762 1587 1785 waar
1610 1760 1642 1794 op
1663 1755 1696 1784 de
1719 1753 1882 1785 deliberatie
1898 1753 1965 1795 spe-

1113 1794 1200 1826 &eerc
1219 1800 1260 1825 tot
1284 1795 1358 1826 haar
1378 1795 1436 1826 Ed.
1459 1796 1512 1826 Gr.
1540 1796 1624 1837 Mog.
1651 1794 1864 1837 Scaatsgewffie
1888 1795 1967 1828 Ver-

1112 1837 1257 1878 gadering
1269 1859 1279 1874 ,
1303 1835 1354 1867 sed
1372 1846 1426 1867 eos
1444 1835 1579 1876 Legatos
1603 1837 1755 1868 continuo
1773 1837 1968 1869 remitterent

1113 1877 1150 1909 ad
1167 1876 1250 1918 ipsos
1271 1877 1426 1914 Ordines,
1448 1887 1491 1907 om
1507 1880 1568 1909 niet
1586 1883 1823 1920 gepraeoccupeert
1844 1883 1871 1908 te
1890 1887 1967 1909 wer-

1112 1919 1167 1950 den
1181 1940 1189 1956 ‚
1212 1918 1293 1957 apud
1309 1918 1443 1950 Ordines
1462 1918 1544 1950 enim
1567 1929 1601 1950 ea
1626 1918 1757 1950 tractari.
1802 1917 1898 1960 Quod
1914 1927 1978 1950 ve·-

1113 1969 1182 1992 rum
1198 1959 1243 1992 est
1260 1969 1300 1991 ex
1318 1959 1344 2000 §.
1363 1969 1388 1991 1.
1413 1959 1552 1998 Formae,
1578 1969 1667 1999 quam
1685 1959 1818 1991 Ordines
1836 1957 1969 1991 Hollan-

1114 2001 1172 2031 dire
1191 2000 1339 2032 Comitiis
1359 2000 1419 2031 suis
1437 2000 1690 2040 praescripserunt
1707 2008 1752 2037 19.
1771 1998 1858 2030 Febr.
1875 2004 1934 2040 158
1960 2024 1969 2032 .

1115 2041 1194 2082 (17)
1217 2040 1267 2073 sed
1287 2050 1350 2072 non
1369 2041 1469 2072 minus
1487 2050 1593 2072 verum
1607 2039 1670 2078 est,
1682 2041 1774 2071 etiam
1790 2039 1870 2081 apud
1888 2043 1895 2072 i
1923 2008 1972 2072 (gs

1116 2082 1249 2114 Urbium
1266 2080 1466 2123 Magistratus
1485 2090 1520 2113 ea
1541 2081 1680 2120 11361111,
1705 2079 1790 2122 quod
1809 2081 1847 2112 ad
1864 2050 1975 2114 fugi-aff

1114 2123 1197 2164 glum
1214 2122 1308 2154 suum.
1974 2152 1976 2155 .

1156 2163 1304 2196 Ceterum
1320 2163 1349 2195 id
1369 2162 1542 2195 Decretum
1562 2169 1611 2199 28.
1631 2163 1717 2203 Sept.
1743 2166 1834 2195 1662.
1857 2163 1976 2197 intelli*

1116 2205 1247 2246 gendum
1261 2203 1305 2236 est
1324 2205 1363 2236 de
1386 2205 1543 2236 auditorio
1564 2205 1690 2245 Legatis
1702 2204 1816 2244 publice
1833 2205 1976 2246 praeben«

1115 2247 1175 2284 (10,
1198 2246 1229 2278 id
1249 2245 1330 2278 enim
1346 2255 1385 2278 ne
1401 2245 1524 2286 quidem
1542 2246 1666 2287 singulis
1683 2244 1861 2278 Provinciis
1877 2246 1972 2286 licet,

1115 2287 1136 2319 fi
1155 2288 1193 2318 cle
1209 2286 1297 2318 causa
1317 2288 1474 2318 communi
1494 2287 1634 2319 omniurn
1650 2285 1674 2317 F
1676 2285 1886 2319 oederatorum
1900 2297 1970 2334 aga-

1117 2336 1185 2367 tur,
1208 2327 1258 2359 sed
1277 2337 1353 2359 cave
1364 2327 1608 2369 existimcs‚per
1628 2326 1704 2360 illud
1722 2326 1894 2359 Decretum
1913 2329 1970 2367 iis,

1115 2369 1168 2409 qui
1190 2368 1244 2410 ipsi
1270 2368 1404 2401 Nobiles
1433 2370 1484 2401 vel
1507 2369 1638 2401 Urbium
1663 2366 1889 2409 Magistratus,
1918 2368 1970 2400 vel

1115 2419 1223 2442 eorum
1240 2410 1277 2441 ad
1296 2409 1435 2442 Comitia
1447 2410 1517 2443 dele
1528 2411 1581 2441 rati
1605 2409 1692 2446 sunt,
1713 2417 1776 2440 non
1801 2408 1896 2440 licere
1917 2417 1970 2442 ex-

1116 2459 1276 2483 ternorum
1302 2450 1482 2492 Principum
1509 2421 1646 2492 Legatos
1673 2449 1818 2489 privatim
1843 2449 1970 2488 audire,

1115 2501 1169 2524 aut
1190 2500 1261 2523 cum
1279 2492 1316 2523 iis
1334 2490 1487 2525 sermones
1507 2497 1700 2523 commutare
1721 2488 1760 2520 de
1780 2487 1878 2521 salute
1897 2490 1975 2522 Rei-r

1114 2533 1264 2575 publicae,
1279 2542 1318 2564 nc
1342 2542 1380 2563 ue
1395 2533 1477 2565 enim
1492 2533 1552 2564 ulla
1570 2532 1637 2571 lege
1655 2529 1685 2560 id
1698 2527 1742 2560 est
1757 2529 1975 2570 prohibitum,

1115 2575 1187 2613 vel,
1219 2573 1300 2605 salva
1320 2542 1515 2614 {eipublicae
1539 2571 1710 2612 dignitate,
1733 2570 1889 2610 prohiberi
1914 2574 1974 2614 po-'

1116 2614 1195 2652 test,
1216 2614 1329 2652 modo,
1355 2624 1424 2653 quae
1441 2612 1566 2645 celanda
1583 2611 1671 2648 sunt,
1695 2612 1818 2650 celent,
1841 2622 1899 2645 nec
1926 2622 1975 2645 tes·

1115 2665 1200 2687 mere
1217 2655 1424 2695 pronuncient
1444 2654 1482 2685 de
1499 2654 1545 2684 his
1556 2677 1564 2691 ‚
1589 2661 1658 2692 quae
1675 2661 1737 2683 non
1756 2652 1824 2684 sunt
1836 2653 1976 2694 potesta-3

1117 2698 1157 2729 tis
1174 2696 1254 2734 suae,
1279 2694 1401 2726 servato
1416 2695 1509 2726 etiam
1532 2694 1666 2732 decoro,
1689 2694 1772 2735 quod
1791 2693 1823 2726 in
1841 2694 1976 2738 sociem-3

1937 2743 1977 2770 ῑθ

1969 2777 1978 2809 l

1115 2843 1143 2873 p.
1162 2841 1225 2870 507.
1289 2872 1295 2878 ι
1960 2821 1978 2878 ξ’

1153 2873 1232 2909 (11)
1252 2871 1351 2900 Ibidem
1374 2872 1399 2899 d.
1422 2880 1501 2908 pagg.
1521 2880 1562 2901 11.
1579 2873 1604 2902 dt
1621 2880 1685 2908 507.
1960 2869 1982 2948 ἰ

1151 2909 1229 2947 (12)
1250 2910 1321 2938 Rem
1344 2917 1431 2938 totam
1456 2911 1540 2939 habet
1561 2911 1690 2941 Aitzeina
1709 2909 1749 2940 H.
1769 2909 1805 2939 L.
1821 2919 1849 2948 p.
1867 2918 1959 2948 13-37

1150 2949 1228 2985 (13)
1249 2947 1326 2976 Idem
1348 2948 1442 2976 ibidem
1464 2958 1490 2985 p.
1508 2957 1552 2983 37.
1571 2949 1597 2977 ὅ(
1613 2951 1668 2988 seq.

1151 2988 1228 3022 (14)
1248 2985 1346 3016 Ibidem
1366 2995 1392 3022 p.
1411 2990 1454 3021 56.
1473 2987 1497 3014 ἀ
1515 2989 1590 3024 seqq.

1150 3025 1226 3060 (15)
1248 3024 1346 3054 Ibidem
1368 3033 1394 3060 p.
1411 3033 1520 3060 40-45.

1154 3062 1235 3100 (16)
1255 3062 1330 3091 Piae.
1354 3063 1403 3091 lll.
1428 3072 1451 3092 1.
1475 3072 1499 3092 1.
1520 3071 1564 3099 34.
1594 3062 1619 3091 ὅ(
1646 3063 1674 3091 in
1699 3062 1729 3090 de
1749 3062 1973 3102 &salaman

1115 3100 1288 3138 Confideraue
1306 3108 1350 3129 ren
1369 3101 1427 3137 tydc
1448 3110 1500 3130 van
1520 3102 1549 3130 de
1570 3101 1627 3130 Wic
1646 3109 1673 3138 p.
1689 3104 1754 3136 643.
1906 3118 1909 3124 ι

1154 3140 1233 3177 (17)
1252 3138 1326 3168 Ptac.
1348 3141 1369 3168 1.
1394 3148 1419 3167 1.
1442 3147 1467 3174 3.
1490 3148 1515 3169 1.
