2008 3436
425 100 825 142 CORNELII
898 108 1008 134 VAN

189 114 260 149 454

1083 97 1682 134 BYNKERSHOEK

1983 0 2008 125 i

2000 119 2002 127 l

2000 129 2003 146 l

191 185 262 225 quis
287 186 451 225 pecuniam
475 185 636 226 promittit
657 207 666 222 ‚
697 182 718 214 si
748 179 901 213 Maeviam
927 186 1058 209 uxorem
1102 178 1221 210 adrem
1239 177 1335 219 ipsam
1352 178 1487 217 attinet,
1510 178 1603 211 habes
1624 179 1675 210 hic
1692 179 1870 219 exemplum
1889 188 1960 214 con-
1993 195 2008 240 χι

189 235 252 257 non
272 227 365 257 ducat
386 249 396 264 ‚
426 226 509 258 aliud
534 226 610 266 juris
631 224 692 255 ell'e
717 221 903 265 Papinianus
933 218 1058 264 respon-

191 266 245 297 det
264 268 296 299 in
320 269 348 299 d.
374 268 395 299 l.
420 277 470 308 71.
496 267 525 309 §.
554 277 581 300 1.
605 266 708 298 addita
726 259 1057 306 rationedifferentiae,

189 317 283 347 quam
309 309 353 341 ihi
381 309 503 341 videbis
521 333 531 348 ‚
564 310 594 340 δε
623 315 714 347 quam
733 304 858 345 prolixe
873 303 1056 342 exsequitur

192 348 342 389 Cujacius
368 351 405 382 ad
438 351 524 382 Lihr.
557 348 664 382 XVII.
702 344 809 393 Qcaejt.
836 345 944 383 Papiri.
972 337 1002 372 ln
1026 342 1054 371 d.

191 389 214 421 l·
238 399 288 431 71.
313 390 341 432 §.
370 401 396 423 1.
442 392 477 423 ln
495 390 718 423 substitutione
739 394 864 427 quoque
880 385 964 428 valet
983 391 1056 427 con-

190 429 272 463 ditio
291 455 303 471 ,
334 432 488 474 adscripta
512 433 586 465 filiae
611 441 629 462 a
653 436 752 461 matre
769 450 778 465 ‚
815 434 848 471 ut
865 426 1057 469 consobrino

191 471 249 504 suo
272 474 370 506 nubat
387 497 398 513 ,
421 472 682 515 quemadmodum
705 470 884 500 Antoninus
902 465 1056 510 rescripsit

190 513 223 545 in
247 515 267 546 l.
293 525 320 547 2.
349 516 379 547 C.
405 517 438 546 (le
463 514 561 556 Instit.
586 513 621 547 ὃ)
635 508 795 554 fitbfflfflfq
812 516 909 552 utque
933 513 982 551 W}
1011 513 1055 536 ni-

189 554 235 587 hil
253 556 359 588 illiciti
376 558 427 589 vel
444 554 585 597 probrosi
604 554 651 584 his
676 550 914 594 conditionibus
930 549 1013 593 insit,
1034 587 1039 592 ¹

235 597 403 629 Contraria
428 597 544 638 species
565 618 576 633 ,
603 593 631 632 fi
654 594 740 624 haeres
761 591 860 634 filiuni
870 587 1054 633 suam-litto

191 647 249 669 non
266 639 424 670 elocaverit
439 660 449 676 ,
483 636 625 677 nunquid
650 635 719 665 haec
744 631 872 663 habebit
889 628 1054 673 turpitudi-

188 680 286 711 nem?
316 680 361 711 ita
390 680 530 716 diceres,
561 677 633 717 quia
662 674 785 707 &hanc
802 670 945 718 referunt
968 668 1055 700 Insti-

188 721 329 752 tutiones
347 743 359 759 ,
390 727 424 751 ut
452 721 480 752 le
502 727 588 756 atum
606 726 709 758 poenae
733 722 861 746 nomine
888 709 1056 757 illustrent.

188 761 233 793 Et
254 770 356 794 tamen
375 771 475 802 neque
499 760 544 791 iic
562 758 748 800 generaliter
763 753 856 786 ausim
874 753 1055 798 adfirmare,

186 802 341 843 ejusmodi
358 803 596 839 conditionem,
619 808 654 830 ut
675 806 819 844 turpem,
855 801 995 840 remitti,
1013 800 1056 838 'ut

187 844 270 875 enim
296 843 454 875 testatoris
470 866 481 882 ,
513 850 549 874 ut
566 840 697 873 haeredis
715 862 726 877 ,
750 847 785 869 ut
806 835 898 876 ipsius
920 834 993 866 sinze
1010 843 1054 864 in-

190 884 302 916 teresse
319 885 423 926 potest
440 885 557 916 nubere
573 882 689 919 TitiO,
711 880 791 912 Viro
806 878 892 927 forte
911 877 1012 924 probo
1025 875 1054 906 dc

188 926 365 967 locupleti,
385 926 427 959 fic
443 924 589 959 intercise
605 921 710 965 potest
724 930 789 953 non
805 927 921 965 nubere
946 917 963 948 l
974 924 1053 955 itio,

189 968 326 1008 ganeoni
346 967 435 1000 forte
454 967 508 999 vel
529 965 678 1002 aleatori3
713 963 744 994 ὅ(
767 960 875 1006 quidni
895 958 1025 990 testator
1043 980 1052 996 ‚

187 1009 264 1042 filiae
289 1009 421 1041 haeredis
444 1006 624 1040 consultum
651 1004 764 1037 volens
782 1026 794 1049 ,
832 999 933 1046 ipsum
959 999 1054 1030 haere-

189 1051 259 1082 dem
276 1075 287 1090 ,
319 1050 479 1093 proposita
502 1058 612 1091 paena,
643 1046 696 1078 vel
724 1045 840 1076 inV1tet
855 1048 893 1073 acl
911 1039 1054 1072 honestas

188 1092 264 1125 filiae
283 1092 429 1134 nuptias,
453 1092 506 1123 vel
523 1091 560 1121 ab
579 1085 751 1121 inhonestis
766 1083 953 1131 coerceat?
976 1082 1054 1128 Sane

189 1133 243 1165 vel
268 1133 361 1165 unius
387 1134 439 1165 vel
464 1132 603 1174 plurium
626 1129 772 1170 nuptiis]
799 1125 951 1176 tei-dicere
968 1123 1054 1171 polle

189 1175 392 1214 testatorem,
417 1174 516 1212 Gaius
532 1173 562 1204 in
586 1173 606 1203 l.
624 1175 677 1213 63.
696 1175 743 1210 pr¹
796 1192 802 1215 t
828 1168 861 1198 de
889 1167 1053 1197 Conditton.

192 1216 230 1252 ὃ)
255 1215 406 1257 demonstr.
440 1217 485 1248 ita
510 1213 667 1254 explicat:
705 1212 776 1242 Cum
792 1216 836 1256 im
855 1208 983 1249 legatum
995 1205 1055 1244 fit.-

191 1268 221 1291 31
252 1258 364 1290 Tmo
398 1267 473 1289 NON
511 1263 700 1291 NUPsEffiT,
723 1252 771 1282 vel
788 1256 848 1281 ita:
882 1258 910 1280 s1
935 1255 1055 1287 NEQUE

190 1299 325 1337 Tmo,
349 1308 470 1341 NEQUE
489 1298 573 1337 SEJo
590 1318 602 1334 ,
630 1302 750 1334 NEQUE
766 1292 933 1337 ,MAEVJQ
957 1288 993 1323 ἐξ
1009 1289 1055 1334 de-

192 1342 280 1383 nique
291 1339 321 1379 fi
330 1341 430 1382 plures
442 1340 567 1380 peiybnte
585 1335 787 1375 coiiipreneizsce
798 1331 940 1377 fuerint,
960 1338 1057 1371 inagis

187 1383 328 1424 placuit,
351 1382 468 1413 cuilibet
484 1389 578 1411 eorum
609 1387 619 1407 i
648 1376 776 1416 nupserit
789 1395 800 1411 ,
834 1370 1000 1419 cimiffurcim
1017 1372 1055 1418 le-

193 1430 298 1467 gamin
313 1446 324 1461 ,
357 1433 410 1454 nec
436 1421 531 1454 videri
556 1418 612 1449 tali
639 1418 801 1456 conditiqne
819 1414 996 1444 viduitatem
1014 1422 1059 1443 in-

189 1465 346 1509 junfflzm,
371 1474 435 1494 cum
456 1463 510 1494 alii
528 1461 645 1491 cuilibet
656 1458 735 1500 sutis
751 1455 890 1487 commode
907 1453 989 1496 poffit
1004 1464 1058 1484 nu—

193 1510 266 1539 bere.
314 1505 348 1537 In
366 1514 458 1546 quam
479 1502 663 1535 sententiam
683 1501 712 1531 ἃ
729 1497 901 1530 Terentius
913 1495 1059 1527 Clemens

193 1550 226 1581 in
251 1548 270 1578 l.
295 1550 346 1587 64.
368 1552 418 1587 pr.
442 1546 516 1578 Eud.
542 1544 587 1574 ita
603 1541 744 1582 scripsit:
778 1538 845 1570 Hoc
866 1538 943 1568 mocio
962 1537 1058 1579 legato

192 1591 280 1628 daco,
307 1598 335 1620 sr
359 1588 470 1620 Luem
495 1586 606 1618 Tmo
631 1592 707 1615 NON
730 1589 924 1625 NUPSERtT,
946 1588 1003 1609 non
1017 1587 1058 1624 es-

185 1631 219 1674 se
239 1630 284 1662 Le
310 1629 429 1661 i'locum
449 1625 723 1670 Julianus-ajebat.
754 1622 862 1662 thue
877 1628 921 1651 ita
939 1627 1059 1660 nuptiae

193 1682 267 1704 cum
284 1640 380 1703 {itio
391 1695 400 1710 ,
425 1670 488 1703 fine
503 1668 621 1701 offensa
636 1666 737 1707 juris,
761 1672 848 1704 aeque
866 1661 979 1703 poffint
989 1670 1060 1702 pro-

191 1714 315 1752 hiberi,
339 1722 430 1754 quam
449 1711 562 1752 juberi.
962 1746 968 1751 ¹

237 1754 325 1800 Quid
345 1755 443 1795 igitur
459 1753 600 1785 dicemus
611 1750 711 1782 Pnum
729 1749 821 1791 plane
838 1757 855 1778 a
874 1747 985 1795 legans
995 1754 1059 1794 poe-

192 1807 242 1830 nae
260 1796 389 1828 nomine
409 1796 509 1827 aliena
524 1800 615 1825 erunt
632 1792 795 1832 exempla,
814 1787 921 1835 Ji'filicz
941 1790 1058 1835 haeredis

196 1839 274 1871 Titio
309 1838 460 1878 nupserit,
489 1836 537 1867 vel
566 1844 623 1866 non
641 1831 796 1874 nupserit?
817 1832 850 1863 51
869 1840 918 1862 me
935 1831 1059 1876 audias,

193 1881 294 1912 aliena
310 1886 421 1918 erunt,
453 1878 475 1910 fi
500 1877 581 1909 nihil
608 1875 655 1907 his
675 1874 746 1907 insit
764 1872 907 1914 probrosi
927 1872 980 1903 vel
997 1872 1058 1903 1111-

192 1922 270 1960 citi,
303 1919 355 1952 sed
384 1921 405 1951 fi
431 1919 523 1957 insit,
557 1926 592 1948 ut
607 1915 701 1949 inesse
720 1913 844 1957 potest,
867 1914 999 1946 omnino
1021 1913 1058 1944 ad

191 1972 257 1995 rem
277 1961 498 2003 pertinebunt,
524 1966 630 1991 utrum
646 1967 724 1989 vero
741 1956 811 1988 insit
824 1979 833 1994 ,
858 1965 917 1987 nec
933 1965 992 1994 ne,
1008 1964 1057 2000 ‚ex

191 2004 359 2035 voluntate
383 2001 548 2040 defuncti,
588 2001 618 2032 ἃ.
641 1997 842 2041 personarum
871 1997 1057 2029 conditione

191 2046 254 2076 erit
273 2043 495 2076 aestimandum.
527 2042 638 2074 Paucis
655 2050 722 2072 eam
739 2039 925 2071 sententiam
942 2048 1055 2080 reprae-

191 2085 312 2119 sentavi
338 2085 369 2120 C.
395 2084 450 2116 IV.
475 2093 559 2116 nunc
578 2092 645 2114 eam
662 2081 771 2122 accipe
791 2080 828 2111 ab
848 2079 915 2121 ipso
934 2078 1056 2120 Gajoin

192 2128 213 2159 l.
225 2131 278 2173 63.¹
289 2125 317 2168 §.
334 2136 359 2157 1.
365 2125 407 2166 ff.
426 2127 459 2157 de
480 2126 645 2156 condition.
662 2122 698 2158 &2⁹
713 2119 864 2162 demonstr.
884 2122 1070 2160 Videamus,

192 2169 297 2209 inquit
313 2190 325 2207 ,
358 2167 394 2203 fi?
412 2165 440 2206 fi
464 2169 509 2198 ita
524 2167 653 2207 legatum
663 2163 722 2203 fit,
748 2173 775 2195 s1
796 2163 906 2195 Tmo
932 2172 1055 2195 nurse-

192 2219 265 2243 RIT„
313 2209 356 2241 Et
379 2209 492 2250 quidem
511 2229 522 2246 ,
550 2206 579 2246 fi
592 2204 704 2253 honeste
725 2205 801 2236 Titio
818 2205 902 2247 poffit
922 2206 1025 2236 nubere
1044 2228 1054 2244 ,

193 2252 310 2282 dubium
329 2254 397 2281 ‘non
422 2251 497 2288 erit,
534 2250 625 2290 quin,
648 2246 704 2286 nist
715 2248 850 2287 paruerit
868 2248 1026 2278 conditioni
1044 2268 1056 2284 ,

193 2292 367 2324 excludatur
389 2301 408 2322 a
439 2291 535 2333 legato
553 2300 563 2327 3
584 2288 613 2328 fi
637 2299 704 2320 vero
730 2289 871 2329 indignus
884 2287 925 2327 fit
945 2289 1056 2328 παριῇς

192 2333 255 2375 ejus
274 2331 325 2374 iste
347 2331 466 2371 Titim,
496 2332 650 2363 dicendum
675 2327 736 2371 eft,
754 2329 826 2370 poffe
844 2340 907 2360 eam
922 2328 1057 2369 beneficio

194 2375 291 2418 Legis
317 2374 435 2405 cuilibet
457 2375 562 2405 nubere
583 2383 593 2403 :
624 2382 683 2414 quae
702 2372 779 2403 enim
799 2371 877 2403 Titio
892 2373 995 2402 nubere
1007 2372 1056 2413 ju-

193 2419 293 2454 betur,
325 2416 433 2446 caeterz‘s
460 2415 589 2446 omnibus
608 2416 712 2445 nubere
731 2413 906 2453 prohibetur.
953 2413 1056 2453 Itaque

186 2456 216 2497 fi
236 2457 332 2489 Titius
346 2457 487 2498 indignus
496 2454 555 2495 fit,
576 2455 633 2487 tale
652 2453 692 2495 est
709 2477 720 2494 ,
739 2455 822 2495 quale
835 2452 863 2492 fi
878 2454 1057 2497 generaliter

184 2499 331 2541 scriptum
345 2496 431 2538 effet,
454 2507 481 2528 ει
502 2506 577 2529 NON
600 2505 780 2528 NUPSERIT.
814 2496 873 2528 Iino
885 2518 897 2534 ,
913 2494 942 2534 fi
955 2505 1056 2526 verum

193 2549 346 2577 amamus,
383 2539 481 2569 durior
510 2539 565 2569 haec
592 2539 717 2569 conditio
742 2535 803 2578 est,
834 2547 920 2579 quani
938 2537 1011 2575 illa,
1028 2535 1057 2575 fi

194 2591 252 2613 non
268 2579 419 2621 nupserit:
449 2589 518 2610 nam
546 2579 582 2613 ἐξ
597 2581 706 2610 caeteris
720 2580 849 2610 omnibus
869 2580 973 2609 nubere
991 2585 1056 2618 pro-

193 2624 328 2661 hibetur,
351 2619 388 2655 &
407 2620 504 2656 Titio,
527 2622 574 2650 cui
591 2617 735 2660 inhoneste
763 2626 890 2661 nuptura
897 2619 959 2658 sit,
980 2629 1056 2650 cum-

193 2665 322 2700 nuhere,
339 2663 470 2704 jubetur.
514 2660 597 2691 illud
617 2670 681 2691 etun
706 2661 737 2692 in
756 2663 924 2692 cunninbere
937 2683 948 2699 ,
970 2660 1057 2701 quod

192 2703 366 2737 Florentiae
377 2701 444 2740 est,
466 2701 660 2742 Stephanus,
684 2700 885 2739 Haloander,
910 2703 1058 2733 &omnes

192 2745 261 2778 fere
279 2744 399 2785 antiqui
415 2743 564 2775 Editor-es
579 2742 770 2780 omiserunt3
793 2742 936 2783 quamvis
952 2750 1057 2773 autem

192 2788 362 2818 cuninubere
381 2794 439 2825 pro
456 2783 588 2825 simplici
605 2785 708 2815 nubere
739 2783 924 2814 insolentius
944 2782 1000 2819 sit,
1027 2784 1057 2814 ὅ(

191 2828 279 2860 forte
293 2827 356 2859 fine
370 2825 516 2866 exemplo
527 2847 538 2863 ,
563 2832 664 2856 tamen
682 2833 745 2856 non
765 2824 809 2855 est
819 2846 830 2862 ,
854 2831 888 2865 ut
906 2823 1058 2854 morosius

195 2867 393 2910 aspernemur
411 2890 421 2906 ,
454 2876 524 2898 nam
549 2865 578 2897 <St
601 2867 771 2896 connubium
802 2865 899 2905 vulgo
923 2864 1058 2895 dicimus

195 2920 254 2950 pro
272 2910 403 2949 nuptiis,
427 2908 692 2940 &cumcurrentem
706 2907 881 2947 pecuniam,
904 2904 992 2937 simili
1012 2904 1055 2935 fc-

195 2960 227 2983 re
246 2950 453 2991 loquutione,
478 2948 663 2989 Papinianus
680 2947 783 2986 dixit,
809 2947 919 2987 utique
937 2954 971 2977 ut
985 2945 1059 2976 1³10-

194 2992 305 3023 rentiae
322 2990 459 3031 legitur,
481 2990 512 3021 in
535 2990 556 3020 l.
579 2994 631 3029 58.
658 2988 686 3031 §.
710 3000 741 3031 3.
766 2988 808 3030 ff.
840 2989 877 3019 ad
901 2988 958 3033 SC'.
987 2986 1057 3018 Tre-

197 3033 260 3062 bell.
307 3031 374 3063 Nisi
394 3039 560 3072 putemus,
583 3031 730 3062 voculam
742 3039 806 3060 cum
823 3029 897 3061 loco
914 3030 970 3060 suo
990 3037 1056 3058 mo-

196 3081 258 3103 tam
277 3072 338 3104 ess'e
358 3095 370 3110 ‚
401 3073 430 3104 ὅ(
448 3071 688 3113 praeponendam
718 3071 816 3109 Titio,
840 3070 897 3101 hae
915 3070 1059 3106 ratione,

195 3112 232 3146 δ’
250 3122 312 3143 cum
332 3113 428 3151 Titio,
454 3114 500 3144 cui
517 3110 659 3153 inhoneste
678 3117 803 3152 nuptm-u
820 3110 873 3150 fit,
889 3113 994 3142 nubere
1006 3111 1056 3152 ju-

194 3154 272 3184 belm·
283 3175 294 3190 ,
317 3163 385 3185 nam
405 3156 434 3186 ὅ(
453 3153 566 3186 Latine
584 3153 734 3192 dicimus,
759 3155 861 3184 nubere
877 3162 940 3182 cnm
955 3152 1031 3183 'litio
1043 3173 1054 3188 ‚

193 3193 454 3235 quemadmodum
469 3193 514 3226 est
532 3195 560 3227 a&
579 3194 611 3227 in
634 3195 654 3228 l.
669 3204 714 3232 19.
735 3199 783 3235 pr.
788 3193 829 3235 ff.
854 3193 927 3227 Eucl.
955 3192 1053 3239 Quod

1101 219 1232 251 ditionis
1249 241 1260 256 ,
1286 218 1314 257 Ji
1343 219 1419 250 Titio
1435 220 1584 261 nupserit,
1608 221 1637 252 ἃ
1659 219 1815 257 honesta-¹,
1841 221 1870 252 &
1889 231 1958 261 pro-

1101 260 1220 299 brosae;
1245 260 1402 298 honestae,
1434 260 1475 299 si,
1508 271 1576 302 quae
1594 261 1673 302 juffa
1690 261 1735 292 est
1754 261 1849 293 Titio
1866 263 1959 294 nube-

1099 311 1152 340 re,
1177 302 1259 334 salva
1275 302 1507 333 existimatione
1525 312 1553 333 ei
1571 303 1687 334 nubere
1707 301 1817 342 possit‚·
1830 304 1958 344 probro-

1099 341 1156 381 sae,
1182 343 1202 374 si
1223 353 1285 374 non
1304 343 1406 384 possit.
1451 343 1532 380 Fac,
1553 343 1679 375 Titium
1698 343 1758 374 effe
1780 344 1959 378 damnatum

1098 384 1228 424 publico
1250 384 1370 424 judicio
1386 408 1395 422 ,
1426 385 1541 416 militia
1568 384 1630 416 esse
1649 384 1770 416 miss'um
1791 394 1862 416 cum
1882 386 1959 418 infa-

1099 425 1178 463 mia,
1206 428 1257 456 vel
1281 426 1302 457 si
1326 426 1401 466 quid
1427 426 1472 457 his
1494 425 1538 457 est
1561 426 1660 458 simile
1677 450 1687 465 ‚
1720 425 1803 466 quod
1822 426 1960 461 honestis

1099 467 1217 506 nuptiis
1244 466 1469 506 impedimento
1490 466 1534 499 est
1552 490 1563 506 ,
1594 467 1742 508 legataria
1775 465 1871 500 Titio
1894 479 1958 502 non

1097 513 1215 547 nubet,
1250 506 1336 539 salvo
1361 508 1565 540 nihilominus
1588 509 1702 550 legato.
1747 508 1819 554 Qua
1836 510 1959 542 ratione

1098 557 1156 578 nec
1173 548 1289 587 lueres,
1317 550 1453 589 legatum
1470 549 1541 581 dare
1556 549 1672 590 juss'us,
1697 550 1752 583 nisi
1768 552 1864 585 filiam
1876 553 1960 584 suam

1098 589 1272 620 eloeaverit
1297 589 1391 621 Titio
1413 590 1547 628 lenoni,
1579 591 1631 623 vel
1659 592 1722 630 ita,
1747 602 1782 624 ut
1798 593 1885 632 dixi,
1908 593 1958 625 da-

1099 639 1226 668 mnato,
1249 631 1300 661 vel
1328 630 1442 661 militia
1467 631 1575 671 niiss'o,
1599 632 1651 663 vel
1671 633 1745 665 alias
1763 634 1893 673 infami,
1916 635 1959 667 le-

1101 679 1290 743 gatumdion
1309 670 1488 712 prtestabit,
1509 674 1581 713 quia
1607 683 1707 714 poenae
1731 677 1860 708 nomine
1876 677 1959 718 lega·

1105 720 1172 743 tum
1192 722 1209 742 e
1239 737 1247 744 .

1144 753 1317 792 Conditio,
1341 754 1414 785 huic
1431 754 1577 795 adversa,
1593 755 1620 795 fi
1634 766 1689 788 non
1712 759 1839 800 nupserit
1860 759 1961 798 Titio,

1100 802 1261 835 utcunque
1278 805 1332 836 per
1351 794 1381 826 se
1407 795 1551 834 honesta,
1586 798 1615 829 dt
1631 799 1759 838 probata
1776 800 1858 840 Gajo
1872 802 1905 834 in
1927 802 1959 833 d.

1097 836 1118 866 l.
1138 839 1188 881 63¹.
1208 843 1256 876 pr.
1282 835 1386 876 potest
1401 844 1502 869 tamen
1524 837 1554 869 &
1573 839 1670 880 turpis
1685 839 1764 880 effe,
1797 841 1827 873 δι
1845 842 1876 874 in
1893 852 1960 884 poe-

1096 877 1297 922 naeypeciem
1315 877 1462 923 incidere.
1509 878 1615 923 Quid,
1641 880 1782 921 inquies,
1808 882 1960 924 &inquit

1098 916 1245 964 Qajus'd.
1271 919 1324 950 loc.
1356 918 1451 951 Titio
1469 921 1628 961 prohibita
1644 923 1774 957 nubere.
1802 933 1907 955 nonne
1929 934 1959 956 a·

1097 959 1131 991 ln
1159 969 1338 1001 cuicunque
1365 959 1437 992 satis
1460 962 1626 994 commode
1655 962 1786 1004 potest?
1809 964 1874 996 imo
1895 974 1960 998 non

1098 999 1201 1046 potest
1224 999 1368 1042 semper-3
1396 1001 1477 1043 finge
1501 1003 1653 1044 sponsalia
1667 1005 1863 1038 intercedere
1878 1006 1962 1039 inter

1099 1041 1209 1082 Caium
1235 1043 1264 1074 ἃ
1291 1042 1419 1088 Cajam3
1449 1044 1533 1086 finge
1550 1045 1658 1085 Cajam
1681 1055 1721 1077 ex
1738 1046 1817 1087 Cajo
1836 1054 1962 1080 uterum

1096 1082 1199 1121 ferre,
1223 1083 1253 1115 ἃ
1273 1085 1358 1114 brev¹
1375 1083 1514 1116 futuram
1531 1094 1682 1125 matrem,
1707 1097 1812 1120 nonne
1828 1091 1961 1129 probro-

1098 1123 1130 1156 sa
1151 1123 1227 1156 ess'et
1255 1125 1400 1170 conditio
1408 1147 1419 1163 ,
1442 1135 1501 1198 (ἔξω
1529 1126 1602 1167 Caja
1623 1127 1703 1167 Cajo
1718 1131 1836 1161 nubere
1853 1130 1961 1172 prohi-

1099 1165 1249 1197 beretur?
1279 1175 1410 1197 omnino
1427 1176 1443 1197 e
1471 1175 1520 1207 et,
1553 1178 1585 1199 ut
1607 1170 1634 1200 ὃ(
1655 1170 1756 1210 Capite
1769 1177 1856 1211 praec.
1877 1171 1962 1203 dice-

1100 1208 1170 1237 bam
1196 1207 1233 1237 ad
1259 1207 1552 1246 interpretationem
1584 1210 1605 1240 l.
1630 1219 1658 1241 2.
1686 1210 1727 1252 ff.
1758 1213 1791 1242 cie
1816 1211 1878 1243 His
1899 1223 1960 1260 qnae

1094 1254 1173 1288 poen.
1199 1247 1274 1288 caus}
1305 1248 1411 1288 relinq.
1442 1250 1570 1289 perinde
1594 1251 1677 1281 enim
1697 1252 1863 1285 haberetur
1880 1263 1960 1294 ejus-

1100 1288 1183 1320 modi
1204 1288 1365 1333 conditio,
1398 1298 1434 1320 ac
1460 1289 1481 1322 fi
1499 1291 1713 1332 cujuscunque
1740 1294 1860 1334 nuptiis
1875 1295 1961 1336 CaJae

1099 1329 1186 1361 foret
1207 1330 1408 1361 interdictum
1427 1353 1436 1369 ,
1469 1332 1541 1371 quia
1562 1334 1657 1364 alium
1674 1355 1685 1371 ,
1715 1343 1806 1375 quam
1826 1334 1936 1376 Caium
1948 1358 1962 1374 ‚

1099 1371 1245 1403 maritum
1269 1380 1332 1403 non
1355 1370 1450 1403 facile
1476 1372 1552 1404 ell'et
1582 1383 1742 1415 repertura
1770 1374 1871 1416 Caia,
1910 1377 1964 1409 vel

1101 1412 1180 1453 Cajo
1196 1411 1397 1454 desponsata,
1422 1413 1473 1444 vel
1494 1424 1534 1445 ex
1551 1424 1590 1446 eo
1619 1424 1743 1448 uterum
1757 1415 1871 1449 ferens.
1917 1417 1966 1450 Ea

1100 1453 1272 1494 sententia,
1299 1455 1408 1486 &non
1435 1455 1565 1487 absimili
1592 1458 1745 1499 exemplo·
1756 1459 1832 1490 mihi
1849 1459 1964 1500 praelu-

1099 1496 1150 1527 xit
1167 1494 1341 1527 Teren-tius
1358 1494 1505 1528 Clemens
1522 1498 1551 1528 in
1577 1498 1596 1529 l.
1613 1504 1666 1539 64.v
1690 1498 1718 1541 §.
1746 1509 1772 1531 1.
1790 1499 1832 1541 ff.
1844 1502 1877 1532 de
1889 1501 1964 1532 Con-

1100 1537 1205 1583 dition.
1230 1537 1265 1572 ἃ
1287 1536 1437 1577 demonstr.
1484 1538 1687 1584 Quaeritiui,
1713 1550 1751 1572 an
1768 1541 1871 1573 valeat
1887 1551 1964 1574 con-

1100 1579 1200 1618 ditio,
1218 1577 1248 1617 fi
1266 1578 1379 1610 Arz'cz‘ae
1398 1589 1454 1610 non
1473 1580 1626 1620 nupserit?
1650 1581 1679 1613 <Sc
1701 1582 1845 1614 interesse
1861 1591 1966 1624 putat,

1102 1629 1141 1652 an
1154 1618 1240 1651 fraus
1256 1619 1333 1661 Legi
1350 1618 1432 1651 facta
1448 1620 1504 1659 sit,
1530 1630 1588 1652 nee
1605 1631 1663 1661 ne,
1685 1634 1755 1655 nam
1765 1646 1777 1662 ,
1798 1624 1920 1665 inquit,
1934 1623 1967 1663 fi

1101 1672 1137 1693 ea
1158 1661 1243 1702 effiet,
1265 1671 1323 1702 quae
1340 1661 1432 1692 aliubi
1451 1664 1569 1702 nuptias
1590 1674 1647 1695 non
1657 1664 1755 1704 facile
1770 1664 1853 1707 poffit
1874 1667 1958 1698 inve-

1102 1704 1166 1734 nire
1177 1704 1446 1743 ,interpretandum
1459 1727 1468 1743 ,
1486 1704 1543 1745 ipsi)
1558 1705 1625 1746 jure
1645 1707 1788 1747 rescindi,
1799 1707 1871 1749 quod
1874 1707 1964 1748 frau-

1102 1746 1203 1776 danda:
1227 1745 1321 1787 Legz's-
1338 1746 1441 1787 gratia
1457 1744 1520 1785 effet
1537 1746 1736 1787 adfl'riptum:
1759 1748 1873 1791 Legem
1883 1750 1962 1780 enim

1100 1786 1203 1818 utilem
1227 1786 1424 1827 Reiputlz‘cae,
1441 1787 1547 1828 subolis
1554 1788 1675 1829 scilicet
1695 1791 1876 1830 procreandae
1893 1799 1960 1822 cau-

1091 1828 1131 1870 scz
1148 1829 1256 1868 latam,
1282 1829 1483 1871 adjuvandam
1497 1829 1747 1871 interpretatione.
1771 1830 1886 1863 Ariciae
1903 1838 1962 1872 po·

1102 1878 1182 1902 terat
1199 1870 1343 1902 invenire
1362 1870 1509 1902 maritum
1527 1871 1693 1913 legataria,
1717 1882 1781 1904 non
1795 1871 1890 1904 facile
1904 1881 1962 1913 po-

1102 1918 1182 1943 terat
1200 1912 1293 1951 alibi,
1317 1911 1404 1943 forte
1420 1912 1505 1953 quod
1523 1912 1638 1945 Ariciae
1658 1913 1829 1952 habitaret,
1846 1922 1886 1945 ex
1918 1922 1962 1945 uo

1100 1961 1166 1985 erat
1183 1954 1269 1995 gravi
1288 1962 1379 1985 utero
1392 1975 1404 1992 ,
1437 1953 1535 1994 igitur
1549 1953 1667 1986 Ariciae
1683 1953 1843 1996 prohibita
1864 1923 1961 1987 mihe-

1097 2003 1150 2034 re,
1182 1995 1408 2036 prohibebitur.
1430 1995 1560 2027 omnino
1584 1995 1719 2036 nubere,
1753 1996 1838 2038 quod
1853 1996 1885 2028 in
1902 1995 1962 2028 Le-

1120 2045 1169 2067 em
1188 2036 1309 2068 incidit.
1355 2035 1402 2067 Ea
1420 2034 1466 2067 est
1480 2036 1561 2067 ratio
1580 2036 1651 2076 JCti
1669 2060 1678 2076 ‚
1715 2037 1745 2069 &
1760 2047 1795 2068 ea
1813 2037 1895 2069 ratio
1917 2036 1964 2068 di-

1099 2077 1273 2109 sinzftionis
1288 2101 1298 2116 ‚
1331 2076 1416 2118 quod
1441 2076 1478 2108 ad
1503 2077 1718 2110 conditionem
1744 2077 1965 2120 propositam,

1100 2120 1130 2151 ἃ
1148 2119 1228 2150 hanc
1251 2117 1345 2150 favor
1369 2118 1560 2150 matrimonii
1586 2119 1737 2158 extorsit,
1762 2129 1802 2151 ne
1822 2120 1963 2161 legatum

1098 2160 1277 2192 intercidat.
1322 2158 1402 2191 Haec
1426 2159 1447 2190 si
1474 2159 1510 2190 ad
1528 2159 1624 2192 filiam
1644 2161 1776 2192 haeredis
1794 2159 1959 2193 transfera-

1098 2211 1187 2239 mus,
1211 2208 1245 2232 ut
1264 2200 1432 2232 transferre
1449 2200 1558 2240 jubent
1577 2201 1812 2241 institutiones,
1831 2201 1902 2234 satis
1911 2210 1962 2243 ap-

1098 2242 1240 2283 parebit,
1263 2242 1500 2280 conditionem,
1526 2243 1640 2274 haeredi
1658 2241 1843 2284 adscriptam
1855 2266 1864 2282 ,
1882 2241 1912 2281 fi
1921 2241 1961 2283 fi-

1099 2285 1170 2315 liam
1190 2283 1267 2315 Titio
1289 2294 1346 2314 nori
1360 2284 1516 2314 elocaverlt
1527 2306 1539 2322 ,
1576 2293 1664 2324 aeque
1682 2293 1718 2316 ac
1738 2285 1848 2324 aliam,
1865 2282 1894 2322 fi
1905 2283 1960 2315 elo-

1098 2326 1231 2363 caverit,
1254 2326 1375 2357 licitam
1394 2323 1615 2366 honestamque
1639 2324 1700 2356 esl'e
1719 2325 1822 2366 posse,
1849 2325 1877 2356 ὅ(
1894 2333 1961 2356 rur-

1098 2366 1149 2398 sus
1167 2366 1315 2398 illicitam
1335 2367 1365 2398 &
1391 2365 1587 2407 probrosam,
1630 2366 1836 2413 Quaecunque
1852 2374 1892 2396 ex
1911 2365 1960 2397 his

1098 2406 1310 2446 adscribatur,
1335 2407 1431 2439 modo
1450 2407 1536 2439 nulla
1551 2406 1644 2440 subsit
1661 2407 1844 2448 turpitudo,
1867 2406 1895 2437 ei
1908 2416 1960 2447 pa-

1099 2449 1229 2481 rendum
1247 2449 1328 2488 erit,
1351 2449 1372 2481 fi
1394 2447 1508 2487 subsit,
1532 2448 1709 2480 censebitur
1732 2447 1848 2487 adjecta
1864 2447 1961 2479 deno-

1100 2490 1185 2522 tandi
1210 2490 1341 2522 haeredis
1370 2490 1470 2531 gratia
1484 2513 1494 2529 ,
1529 2489 1598 2521 solo
1616 2489 1690 2520 odio
1711 2487 1893 2526 scribentis,
1915 2496 1962 2520 at·

1099 2541 1160 2573 que
1175 2531 1220 2563 ita
1238 2532 1403 2563 habebitur
1421 2541 1479 2572 pro
1503 2540 1565 2562 non
1589 2529 1712 2571 scripta.
1757 2529 1828 2568 Sic,
1853 2537 1889 2561 ut
1915 2529 1964 2561 vi-

1098 2575 1171 2612 des,
1196 2573 1360 2614 sapuerunt
1390 2580 1512 2604 veteres
1538 2570 1636 2611 JCti,
1666 2570 1763 2602 &his
1782 2570 1963 2603 auditoribus

1098 2616 1143 2647 ita
1166 2623 1293 2655 quoque
1318 2624 1377 2645 nos
1400 2612 1550 2654 sapiamus
1571 2635 1582 2650 ,
1615 2613 1645 2644 <St
1671 2611 1759 2643 simul
1778 2611 1959 2651 credamus,

1101 2656 1335 2687 Trinonianum
1352 2679 1361 2693 ,
1398 2663 1467 2694 quae
1484 2653 1528 2684 illi
1548 2652 1773 2691 distinxerant,
1798 2653 1891 2685 nimis
1908 2662 1963 2695 ge-

1101 2696 1247 2728 neraliter
1277 2695 1452 2734 extuliss'e,
1491 2693 1566 2735 quin
1602 2693 1702 2734 ipsum
1733 2693 1905 2735 Ulpianum
1928 2694 1961 2726 in

1101 2737 1221 2780 Fragnz.
1241 2736 1422 2777 simpliciter
1443 2732 1472 2767 St
1490 2739 1589 2764 καθὸλυ
1614 2734 1852 2776 pronunciasse,
1876 2734 1963 2776 quod

1101 2788 1164 2810 non
1181 2777 1343 2816 obtinuit,
1367 2777 1421 2809 nisi
1438 2777 1508 2805 κοινὰ
1527 2777 1569 2813 τὶ,
1595 2784 1628 2807 ut
1655 2775 1759 2808 Graeci
1778 2776 1964 2817 loquuntur.

1100 2820 1205 2851 Etiam
1225 2819 1293 2849 aliis
1309 2818 1396 2858 this
1414 2818 1444 2849 id
1464 2817 1579 2849 accidit
1599 2817 1629 2848 in
1655 2817 1722 2849 aliis
1745 2818 1826 2858 juris
1843 2819 1963 2849 articu-

1100 2861 1158 2898 lis,
1182 2867 1215 2891 ut
1233 2858 1311 2899 saepe
1327 2861 1365 2890 ab
1382 2859 1451 2890 aliis
1466 2858 1509 2890 est
1526 2857 1745 2896 observatum,
1771 2857 1961 2899 &moxipse

1100 2900 1276 2932 observabo
1302 2901 1333 2932 in
1359 2899 1448 2931 simili
1473 2899 1570 2931 causa.
1617 2899 1869 2938 'l‘riivonianunu
1893 2899 1960 2932 ssm-

1099 2942 1226 2983 pliciter
1244 2943 1447 2982 loquentem,
1471 2940 1596 2973 secutus
1618 2939 1662 2972 cst
1677 2940 1900 2981 Theophilus,
1919 2939 1960 2972 se-

1099 2992 1238 3023 quuntur
1255 2992 1384 3021 omnes,
1408 2991 1458 3021 re,
1483 2989 1517 3013 ut
1541 2981 1685 3020 videtur,
1718 2982 1820 3013 minus
1836 2991 1960 3014 accura-

1100 3031 1131 3054 te
1147 3022 1302 3064 perpensa.

1142 3064 1414 3111 Quemadmodum
1438 3072 1543 3096 autem
1565 3063 1652 3103 dixi,
1682 3063 1897 3096 conditionem
1920 3063 1959 3095 de

1098 3106 1248 3138 eloe-anda
1274 3106 1324 3138 vel
1348 3115 1410 3137 uon
1428 3106 1578 3138 elocanda
1601 3105 1667 3138 filia
1681 3104 1793 3143 Titio,
1817 3104 1878 3136 ell'e
1893 3114 1956 3136 am-

1098 3147 1199 3189 biguae
1221 3146 1440 3188 inspectionis,
1465 3147 1496 3179 ὅ(
1512 3146 1609 3179 modo
1624 3146 1661 3178 ad
1678 3155 1800 3186 poenam
1825 3147 1958 3186 pertine-

1095 3199 1147 3228 re,
1172 3189 1268 3223 inodo
1284 3198 1348 3223 non
1368 3188 1546 3231 pertinere,
1576 3188 1620 3220 ita
1634 3196 1761 3229 quoque
1781 3186 1960 3220 habendum

1888 3236 1958 3261 ceu-

1990 241 1994 253 f
2004 246 2008 261 ι
