2008 3436
394 100 803 140 CORNELII

139 184 351 225 Pomponius,
378 185 460 217 inter
472 185 565 218 finem
580 184 702 226 Legum
718 184 887 215 Reoeiarum
901 182 931 214 ἀ
949 181 1004 213 ini-

138 226 218 256 tium
243 224 514 259 Decemvirulium
539 225 737 258 interceffiffe
764 208 924 266 sexaginta
955 233 1005 254 an-

136 276 214 303 nos,
238 276 301 298 non
319 267 429 308 plene,
453 267 523 307 scd,
546 276 581 300 ut
592 267 655 306 ait,
673 273 782 308 prope,
804 267 877 307 quia
896 265 1007 296 unicus

137 307 245 346 deest,
266 318 337 339 nam
351 308 431 348 justu
456 309 720 350 computatione,
742 309 780 338 ab
809 307 878 338 aliis
895 306 956 345 jam
976 314 1005 334 c-

138 348 228 380 xuste
247 350 342 389 inita,
369 351 573 382 inveniuntur
587 351 682 382 modo
698 349 769 380 anni
807 347 1007 388 uinquaiginta

140 390 170 435 f&
187 400 322 430 novem,
348 391 379 423 id
399 391 464 430 est,
481 398 568 432 prope
578 391 752 433 sexaginta.
829 396 841 419 t
861 395 1006 419 notaret-

137 431 414 476 mmCharondas,
437 434 499 465 ess'e
518 433 671 465 Codiceiii
690 431 761 463 MS.
785 430 838 470 qui
855 438 912 469 pro
928 426 1006 459 XX.

138 473 269 504 exhibet
295 473 367 506 LX.
400 482 433 505 ut
460 475 503 505 ita
520 475 613 505 etiam
633 481 720 503 error
739 470 802 502 esse
819 468 960 510 potuerit
976 468 1007 498 in

136 523 270 546 numero
288 538 298 554 ‚
331 515 592 556 quemadmodum
619 512 789 545 Balduinus
811 512 843 542 in
872 510 945 554 Nor.
971 508 1009 540 ad

139 555 168 586 h.
190 555 232 587 L.
257 556 287 588 ὅ(
306 566 379 589 cum
399 566 438 588 co
456 555 584 597 plurimi
602 553 794 594 interpretes
810 552 947 584 censent.

475 636 529 669 Aa
573 635 602 678 ς.
626 634 682 668 iv.

144 111 213 149 gio
901 109 1020 138 vAN

188 724 307 755 Placuit
334 720 453 761 publica
482 718 656 751 austoritcite
683 718 779 749 decem
796 714 931 756 constitui
952 714 1009 747 Vi-

137 776 204 803 ros,
228 772 282 804 per
306 773 370 804 ques
387 767 557 803 peterentur
575 760 673 802 Leges
698 770 716 790 a
738 760 849 790 Graeczs
868 758 1007 789 Civitati-

138 809 206 845 lius,
231 805 265 840 ὅ)
285 806 402 836 Civitas
416 804 598 844 fundaretur
628 801 770 833 Levibus.
814 798 925 830 Gloffa
952 798 1008 829 fin-

138 848 205 889 git,
226 847 406 888 priusquam
424 844 528 876 Graeci
549 844 653 884 legum
672 824 793 874 suarum
814 840 939 881 copiam
962 838 1009 871 fa-

136 897 244 920 cerent
264 886 435 924 Romanis,
448 886 581 917 Romam
598 884 709 916 misisse
718 883 1009 923 Sapientemquem-

136 931 206 961 daim
227 954 237 969 ,
270 929 322 970 qui
347 925 538 969 explorasset
555 949 565 965 ‚
596 924 735 966 nunquid
760 923 895 956 Romani
910 921 1009 954 essent

138 972 246 1012 digni,
278 969 465 1010 quibuscum
493 968 538 1000 Le
561 976 592 999 es
623 965 691 999 suas
712 965 984 998 communicarent
999 986 1010 1003 ,

138 1013 286 1052 additque
302 1010 340 1041 de
352 1020 391 1042 eo
406 1018 523 1051 congre
553 1018 571 1040 u
587 1007 736 1040 fabellam
755 1006 832 1038 adeo
847 1005 982 1052 lepidam
1000 1028 1010 1044 ,

139 1063 175 1086 ut
193 1055 246 1095 qui
265 1052 397 1093 legerit,
420 1060 478 1082 nec
501 1049 604 1082 riserit
617 1074 627 1090 ,
649 1049 774 1081 Catone
795 1044 1014 1087 severioripso

139 1095 186 1128 fit.
233 1094 293 1126 Sed
321 1093 372 1124 hic
403 1091 506 1124 rursus
525 1091 608 1122 inter
634 1090 762 1122 Livium
796 1089 1013 1130 plurimosque

140 1138 220 1168 alios
240 1134 393 1167 Auum-es
414 1134 453 1164 ab
470 1142 553 1170 una,
586 1132 617 1164 &
634 1130 846 1171 Pomponium
862 1129 899 1160 ab
915 1129 1013 1160 altera

141 1186 230 1220 parte
248 1185 312 1208 non
328 1174 503 1212 convenit,
515 1183 585 1205 nam
598 1173 645 1204 illi
666 1182 730 1204 non
747 1172 860 1209 decem,
872 1178 907 1201 ut
919 1170 1010 1201 Pom-

139 1219 255 1261 ponius
267 1240 278 1256 ,
301 1216 351 1248 sed
365 1222 421 1248 tres
436 1216 590 1248 duntaxat
603 1214 690 1245 vii-os
711 1213 742 1244 in
761 1211 919 1243 Graeciam
939 1211 1011 1241 niis-

142 1261 193 1293 sos
213 1266 388 1290 memorant
406 1257 443 1289 ad
462 1256 610 1298 petendas
628 1255 727 1295 Leges
739 1278 748 1292 ,
772 1253 949 1293 adduntque
958 1260 1011 1282 eo-

141 1311 212 1334 rum
227 1300 374 1338 nomina,
395 1309 453 1330 nec
468 1298 507 1329 de
525 1296 724 1328 Deceiiiviris
746 1294 859 1325 creatis
872 1292 1014 1334 illiquic-

143 1352 236 1384 quarn
249 1366 258 1381 ,
270 1341 324 1373 niii
334 1341 401 1381 post
411 1339 546 1371 reditum
555 1338 757 1378 Legatorum.
777 1334 809 1366 N
812 1345 854 1365 on
865 1334 962 1375 igitur
970 1342 1014 1364 re-

143 1384 192 1416 ne
203 1383 320 1415 dixeris
330 1405 339 1420 ,
352 1389 385 1413 ut
398 1381 468 1413 sunt
477 1402 488 1418 ‚
499 1379 550 1420 qui
563 1379 673 1410 dicunt
682 1401 690 1416 ,
703 1384 738 1407 ut
749 1376 928 1416 Pomponio
935 1375 1014 1406 bene

141 1425 196 1465 fit,
218 1432 281 1457 tres
296 1433 335 1454 ex
352 1423 461 1454 decem
481 1419 575 1456 fuist'e
593 1418 720 1456 missos,
745 1427 846 1458 neque
865 1417 960 1448 etiam
977 1416 1015 1447 de

141 1467 205 1500 hoc
215 1464 362 1506 scrupulo
372 1463 453 1494 reete
464 1461 516 1492 vel
525 1461 659 1493 tacueris
672 1460 723 1491 vel
735 1458 947 1500 desperaveris
956 1482 966 1497 ,
979 1467 1014 1489 ur

142 1508 265 1541 faciunt
280 1505 432 1547 plerique.
456 1503 536 1535 Sunt
548 1510 650 1534 tamen
661 1526 671 1540 ,
682 1501 737 1542 qui
752 1509 810 1532 nec
821 1508 925 1532 tacent
936 1524 945 1540 ,
956 1509 1014 1531 nec

143 1548 316 1590 desperant.
363 1545 546 1579 Charondae
562 1553 601 1575 ex
622 1543 719 1574 Libro
737 1542 807 1574 MS.
826 1542 945 1581 refert,
964 1540 1015 1572 de-

143 1590 205 1623 esse
222 1589 266 1621 ibi
285 1597 399 1621 vocem
413 1589 519 1620 decem.
545 1586 679 1624 vellem,
705 1583 877 1615 Florentiae
893 1592 1018 1625 quoque

143 1631 261 1664 deesset
276 1653 288 1670 ,
317 1639 401 1662 nunc
427 1638 492 1661 non
525 1626 619 1659 aufiin
642 1634 767 1665 delere,
800 1635 874 1662 >curn
905 1626 947 1656 ibi
968 1624 1014 1656 sit.

142 1673 251 1707 Zasius
268 1677 438 1714 peterentur
463 1669 604 1711 explicat
622 1669 721 1709 petita
748 1666 783 1702 ὅ)
800 1667 1015 1708 allataescrz'be-

143 1720 253 1746 rentur.
288 1713 393 1745 minus
419 1712 546 1754 quidem
590 1710 716 1751 roprie,
747 1707 816 1749 sed,
848 1716 883 1740 ut
905 1716 984 1749 puto
1003 1731 1015 1748 ,

141 1756 268 1794 eadem,
288 1764 348 1796 qua
364 1753 532 1794 Cujacius,
567 1751 724 1790 ententia‚
746 1751 800 1791 qui
816 1751 860 1782 ait
879 1749 1013 1790 Pompo-

143 1798 231 1830 nium
261 1796 315 1828 hic
343 1794 532 1836 compendio
558 1791 732 1831 studuiffe3
765 1801 797 1824 at
816 1801 949 1830 vereor,
972 1791 1016 1823 ita

143 1839 293 1880 loquens,
317 1844 353 1868 ut
369 1837 472 1868 minus
498 1835 628 1867 veritati
650 1834 811 1866 studuerit.
856 1833 1016 1874 Rupertus

146 1879 360 1921 Pomponium
386 1877 515 1910 excusat
534 1901 544 1916 ‚
579 1885 613 1908 ut
627 1874 751 1918 potest,
776 1885 840 1907 non
859 1881 894 1906 ut
912 1875 1018 1906 debet.

143 1922 215 1963 Ego
232 1921 339 1962 potius
355 1920 451 1951 verba
467 1918 642 1959 tr‘ajecerim
671 1917 733 1948 hoc
755 1917 871 1948 modo:
896 1916 1018 1948 Placuit

142 1963 264 2004 publicu
279 1961 451 1993 auftorimte
465 1965 636 2002 peterentur
654 1958 751 2001 Leges
768 1969 786 1990 ιι
809 1959 919 1990 Graecis
936 1958 1017 1989 Civi-

147 2005 277 2042 tatibus,
311 2002 348 2037 ὅ)
371 2004 468 2034 decem
505 1999 641 2042 constitui
658 2002 755 2039 viros,
775 2006 830 2041 per
849 2009 915 2041 quos
939 1999 1018 2030 Civi-

147 2051 192 2077 tas
213 2045 396 2085 fundaretur
425 2043 567 2086 Legibus.
627 2041 675 2074 Ita
691 2042 771 2074 nihil
788 2040 893 2072 obstat
912 2042 943 2072 in
960 2039 1018 2071 Hi-

146 2087 241 2118 storia
259 2108 270 2124 ,
298 2085 328 2117 ἀ
351 2085 404 2126 qui
431 2084 678 2116 Grammaticam
711 2081 835 2114 obstare
862 2082 989 2123 putabit
1008 2104 1020 2119 ‚

146 2126 380 2159 Grammaticus
391 2135 456 2158 non
466 2124 524 2157 est.
548 2125 635 2157 Olim
644 2124 809 2166 legendum
821 2132 1020 2164 putaveram,

143 2175 198 2210 per
216 2178 282 2211 quos
291 2168 443 2208 ederentur
455 2167 570 2208 Leges,
586 2175 650 2198 non
661 2171 850 2206 peterentur,
868 2174 939 2196 nam
958 2163 1008 2196 De

148 2210 280 2242 ceniviri
290 2232 301 2250 ,
311 2216 346 2240 ut
358 2216 393 2240 ut
405 2218 468 2240 non
480 2208 641 2249 petierunt
651 2230 660 2246 ‚
670 2206 836 2239 ediderunt
849 2214 952 2238 tamen
962 2204 1019 2237 Le-

146 2261 231 2296 ges‚e
239 2249 364 2283 Graecia
372 2250 495 2291 petitas.
506 2248 557 2280 sed
564 2258 600 2280 ea
609 2248 761 2280 sententia
768 2257 851 2280 nunc
860 2257 924 2279 non
934 2254 1018 2279 utor.

196 2292 281 2339 Quas
313 2293 345 2322 in
367 2291 494 2323 Tabulas
518 2292 630 2322 choreas
642 2290 819 2362 pefferlpm
833 2295 886 2331 pro
904 2286 1020 2329 Rostris

149 2334 369 2374 composuerunt.
417 2331 651 2364 Difficultatem
705 2331 778 2364 abet
793 2354 804 2370 ,
835 2330 921 2372 quod
943 2329 1018 2363 XII.

149 2376 292 2408 Tabulas
309 2374 389 2405 dicit
404 2373 496 2406 fuisse
511 2375 644 2412 eboreas,
677 2382 749 2405 nam
768 2383 853 2404 cereas
865 2395 875 2412 ,
900 2371 931 2403 id
955 2372 997 2402 eil
1009 2394 1021 2410 ,

150 2417 204 2449 aeri
224 2414 334 2447 incisas
352 2414 444 2446 fuisse
461 2414 590 2447 testatur
607 2414 757 2456 quicquid
775 2424 815 2446 ex
832 2413 1022 2454 antiquitate

150 2456 297 2499 superest.
343 2455 430 2487 Loca
454 2466 518 2488 non
544 2454 676 2495 adfero,
712 2456 784 2497 quia
805 2456 904 2496 vulgo
917 2462 994 2486 nota
1010 2478 1022 2494 ‚

151 2500 182 2531 ἃ
206 2507 352 2544 tanquam
378 2507 418 2528 ex
441 2497 555 2529 Edicto
582 2497 736 2529 tralaticio
754 2498 873 2529 totiens
892 2495 1023 2528 totiens-

150 2549 211 2581 que
226 2539 324 2571 delcri‘
352 2547 382 2569 ta
405 2537 484 2570 sunt.
529 2539 579 2573 Ab
595 2539 643 2570 his
664 2539 795 2580 excipio
811 2536 1023 2580 Dionysium,

153 2582 207 2623 qui
226 2581 267 2612 L.
293 2579 320 2611 Il
342 2605 347 2612 .
369 2586 401 2620 p.
422 2590 459 2611 iii.
490 2584 558 2620 178.
603 2579 761 2618 Tabulas,
786 2589 855 2621 quae
872 2579 1023 2620 tempori-

150 2624 210 2655 bus
233 2622 311 2654 Anci
329 2620 468 2660 Marcii,
499 2620 535 2655 ὅ)
564 2620 675 2652 deinde
697 2622 792 2653 etiam
807 2621 878 2662 post
895 2620 1024 2652 exactos

154 2665 257 2705 Reges
276 2662 407 2695 fuerunt
426 2685 436 2701 ,
466 2663 644 2702 quibusque
674 2661 774 2703 Leges
797 2662 925 2696 &ritus
946 2660 1023 2693 sacri

156 2704 427 2742 inscribemantum
449 2703 492 2735 ait
511 2701 605 2734 fuiii'e
619 2701 730 2743 dubim,
746 2713 885 2745 ,quernas
899 2701 963 2733 five
980 2712 1023 2734 ro-

154 2750 271 2784 boreas,
299 2746 361 2777 hoe
386 2744 562 2786 superdifto
589 2752 704 2779 χαλκται
725 2751 780 2782 γᾶς
798 2751 875 2778 ssim
892 2744 950 2771 ἔπη
965 2744 1021 2772 τέπ

155 2788 238 2825 ἦσαν,
259 2788 384 2819 nondum
404 2787 482 2818 enim
496 2790 565 2817 tunc
581 2791 666 2817 erant
681 2785 817 2818 colimmae
831 2795 916 2817 aereae.
941 2784 1023 2829 Quae

154 2830 223 2861 haec
238 2828 282 2860 est
302 2828 463 2860 variatio?
492 2837 529 2859 an
556 2826 712 2869 Dionysio
730 2828 759 2860 &
776 2826 955 2868 Pomponio
975 2836 1025 2858 res

154 2870 222 2901 suas
249 2870 303 2903 fibi
329 2870 441 2901 habere
465 2868 640 2901 'ubebimus
660 2868 677 2901 ‘2
708 2878 747 2902 an
771 2878 851 2901 vero
882 2867 935 2900 has
953 2891 963 2906 ‚
985 2867 1024 2899 de

156 2912 269 2951 quibus
291 2911 430 2953 agimus,
485 2910 593 2942 abulas
609 2911 721 2942 choreas
735 2908 828 2942 fuisse
850 2908 1027 2948 credemus,

157 2951 188 2982 δ(
207 2951 295 2985 »lavim
308 2976 321 2992 ,
340 2953 416 2993 quin
434 2952 465 2984 ἂ.
484 2961 570 2983 cereas
588 2951 654 2983 dici
679 2951 721 2983 ob
746 2950 888 2983 valorem
913 2950 945 2983 &
974 2959 1024 2982 ro—

156 2991 215 3022 bur
232 3016 241 3031 ,
281 3002 317 3024 ut
348 2993 451 3026 solent
479 2992 586 3025 Graeci
605 2991 705 3024 fortia
721 2999 816 3034 atque
833 2991 960 3024 robusta
973 3001 1023 3033 ap-

156 3033 274 3078 pellare
294 3034 399 3074 δρνῖμ,
421 3034 487 3066 imo
507 3034 605 3066 etiam
624 3043 732 3070 mma
748 3034 766 3067 ⁴?
790 3033 841 3066 sed
859 3040 947 3066 vetat
967 3041 1026 3074 op«

157 3072 293 3112 positio,
311 3084 381 3115 quae
403 3076 485 3118 apud
511 3074 699 3118 Dionysium
727 3075 770 3108 est
784 3098 798 3115 ‚
824 3081 869 3107 νῦν
883 3075 972 3112 epafum
994 3074 1027 3106 ὅτ,

156 3125 203 3140 ⁷⁶²·
221 3117 356 3158 ganstad-w
368 3124 455 3162 yetat
465 3141 476 3156 ,
487 3117 572 3158 quod
586 3117 623 3148 ad
637 3117 725 3149 Tabb.
737 3116 864 3157 AEreas‚
874 3115 1025 3148 sermonis

158 3151 265 3185 Latini
274 3163 447 3196 propi-ictas
459 3168 467 3195 3
478 3165 587 3190 vetant
598 3166 648 3191 tot
657 3159 729 3191 loca
737 3183 746 3199 ,
759 3169 828 3200 quae
839 3157 1026 3191 nominatim

159 3193 200 3226 ‘10
208 3203 259 3228 ‘W
269 3217 280 3235 ²
291 3195 321 3227 &
339 3206 389 3227 <Ure
401 3197 519 3238 praejfxo
534 3199 720 3240 loquuntur.
743 3199 925 3242 Pomponio
942 3208 981 3233 ari
994 3208 1026 3232 e-

1096 96 1699 135 EYNKERSHOEK

1049 180 1097 220 jus
1115 180 1161 211 rei
1179 179 1386 221 ignorantiam
1402 178 1685 220 exprobrabimus‘?
1709 177 1760 209 vel
1779 187 1837 219 pro
1852 181 1914 212 eb02

1048 231 1112 252 reas
1130 220 1330 253 rescribemus
1349 230 1435 251 cereas
1452 220 1514 252 sive
1531 220 1649 251 ceiieas‘?
1674 228 1841 260 utrumque
1859 221 1916 259 fit,

1051 262 1102 294 sed
1123 263 1235 303 religio
1261 260 1363 293 nostia.
1389 263 1418 293 id
1448 271 1510 293 non
1534 261 1669 301 patitur3
1704 261 1732 291 ἃ
1748 261 1820 301 quid
1838 271 1914 293 tunc

1050 303 1105 334 fiet
1126 302 1282 344 Dionysio
1302 304 1318 335 ’ἒ
1349 303 1433 335 Puto
1456 302 1538 334 reue
1560 301 1670 333 dixiss'c
1695 300 1857 342 Cujaciuin
1878 302 1916 339 ad

1048 345 1078 376 h.
1102 344 1130 385 ᾗ.
1159 345 1372 385 distinguenda
1395 344 1492 375 videri
1521 351 1660 383 tempora
1676 364 1685 382 ‚
1724 343 1754 374 ἀ
1779 344 1915 384 primum

1050 385 1103 418 has
1120 385 1259 417 Tabulas
1277 385 1369 417 finire
1384 388 1534 424 roboreus,
1554 384 1684 423 deinde,
1710 392 1746 415 ut
1768 382 1832 425 ipsc
1845 384 1891 418 ait,
1903 408 1915 424 ,

1050 437 1162 466 aeneas,
1188 428 1377 468 postremum
1402 429 1515 458 choreas
1530 449 1541 465 ,
1570 425 1620 457 sed
1638 434 1698 466 ego
1717 425 1801 457 malo
1816 425 1917 458 inver-

1051 476 1135 507 tere,
1158 477 1230 499 ante
1249 471 1383 507 chareus,
1406 467 1597 509 postremum
1623 476 1722 498 oeneas.
1770 466 1830 498 Ubi
1854 466 1915 507 pri-

1050 519 1136 540 mum
1153 516 1320 550 proponis:
1341 509 1428 549 sunt,
1460 520 1514 551 per
1537 518 1587 541 ine
1605 509 1679 539 licet
1701 507 1820 540 fuerint
1840 509 1918 539 roho·-

1051 561 1122 589 νοω,
1152 559 1188 581 iit
1215 550 1386 591 Dionyiius
1409 551 1511 590 dixit,
1535 550 1648 582 deinde
1664 552 1784 588 choreae,
1808 555 1844 580 ut
1864 549 1916 581 hic

1052 591 1246 632 Pomponius
1264 614 1273 630 ,
1305 592 1375 631 quia
1400 594 1478 623 ebur
1501 593 1598 633 magis
1623 599 1749 622 aetatein
1768 589 1889 622 fei-ebat
1904 613 1918 630 ,

1053 642 1145 673 quani
1174 633 1292 672 lignum
1313 656 1323 671 ,
1357 631 1407 663 sed
1431 634 1504 674 quia
1525 635 1626 664 adnue
1652 632 1749 673 magis
1767 641 1829 671 aes,
1862 633 1917 663 aeri

1052 673 1158 720 postea
1172 671 1263 703 fuisse
1277 672 1409 711 incisas,
1434 682 1529 716 atque
1547 683 1587 705 ex
1609 682 1648 705 eo
1663 673 1792 705 metallo
1819 673 1919 713 vulgo

1053 713 1233 746 innotuili'e.
1281 713 1379 754 Igitur
1390 715 1428 746 de
1446 713 1645 756 sequentibus
1665 713 1860 755 temporibus
1870 715 1919 746 in-

1054 757 1165 797 telligo
1186 779 1196 794 ‚
1248 756 1309 786 uod
1339 754 1403 796 ipse
1426 755 1481 787 ille
1498 754 1670 795 Dionysius
1694 754 1735 787 L.
1758 755 1803 787 X.
1821 761 1854 796 p.
1876 765 1917 786 m.

1051 800 1125 832 681.
1148 797 1186 827 de
1204 796 1236 829 X
1256 795 1278 827 l.
1301 796 1436 828 Tabulis
1455 797 1558 835 dixit,
1582 795 1675 828 fuisse
1697 795 1860 837 inscriptus
1877 797 1919 830 ςή-

1052 849 1110 869 mus
1125 842 1263 877 xxxma„
1284 837 1338 869 fibi
1361 839 1444 869 enini
1460 838 1600 879 alioquin
1619 837 1780 868 videretur
1796 845 1922 870 contra-

1051 881 1166 912 dicere.
1211 878 1297 925 Quin
1319 879 1449 919 vulgare
1468 879 1592 911 tandem
1610 877 1703 910 fuiss'e
1713 877 1813 919 Leges
1831 888 1922 924 quas·

1055 930 1199 962 cunque,
1224 921 1260 951 ad
1277 928 1458 961 perpetuam
1481 921 1525 952 rei
1544 920 1746 959 memoriam,
1768 919 1822 951 aeri
1843 919 1922 951 mci-

1055 964 1146 999 dere,
1172 960 1243 993 satis
1261 961 1337 993 licet
1354 962 1507 1003 colligere
1531 971 1571 994 ex
1593 962 1614 994 l.
1635 965 1664 995 8.
1684 966 1731 1000 pr.
1751 959 1791 1001 ff.
1817 961 1854 992 ad
1878 960 1921 993 L.
1957 969 1959 972 ⁴

1057 1005 1125 1046 Jul.
1148 1003 1248 1034 Pecul.
1273 1003 1303 1034 ὅ(
1326 1003 1347 1034 l.
1372 1013 1402 1034 2.
1423 1005 1455 1034 iri
1471 1002 1529 1043 fin.
1553 1004 1584 1035 C.
1610 1004 1644 1034 de
1669 1001 1819 1034 Frument.
1845 1001 1921 1034 Urb.

1057 1043 1204 1084 Constant.
1229 1043 1384 1075 Dubitavi
1404 1044 1590 1084 aliquando,
1614 1053 1653 1076 an
1677 1052 1741 1075 non
1762 1043 1844 1075 reste
1857 1052 1923 1075 mo-

1053 1086 1181 1118 nuerint
1210 1085 1348 1126 Scaliger
1376 1087 1407 1116 i'iz
1443 1085 1658 1117 Giiilandi'num
1676 1107 1689 1123 ‚
1714 1086 1744 1117 ἄ
1773 1084 1925 1116 Brodaeus

1055 1128 1112 1160 IV.
1142 1126 1271 1168 sssiscell.
1300 1136 1347 1158 ιι).
1383 1136 1442 1167 pro
1474 1128 1588 1158 eboreiis
1610 1126 1690 1168 apud
1710 1126 1926 1166 Pomponium

1056 1167 1177 1200 restitui
1209 1175 1358 1208 oportere
1387 1171 1535 1206 roboreos,
1555 1177 1618 1199 non
1643 1177 1752 1209 magna
1775 1167 1926 1198 mutatio-

1056 1219 1114 1247 ne,
1147 1216 1183 1238 ut
1211 1208 1405 1248 Pomponius
1436 1217 1508 1239 cuni
1541 1208 1702 1250 Dionysio
1725 1208 1925 1247 conveniat,

1057 1259 1129 1282 cum
1151 1257 1281 1288 uterque
1312 1249 1460 1290 loquatur
1484 1249 1522 1280 de
1551 1249 1654 1290 primo
1677 1257 1836 1290 tempore,
1882 1258 1927 1280 uo

1057 1290 1224 1333 propositae
1237 1289 1306 1321 sunt
1321 1290 1523 1322 haeTabulae.
1569 1290 1612 1321 Et
1623 1290 1654 1321 in
1674 1290 1752 1321 hanc
1768 1290 1859 1329 conjc
1877 1291 1927 1322 tu·

1058 1342 1123 1364 ram
1136 1331 1464 1373 proniorestjacobus
1483 1330 1704 1363 Gothos-sedus
1727 1329 1927 1371 Hister.LL.

1059 1372 1134 1412 XII.
1165 1373 1252 1404 Tabb.
1278 1373 1310 1404 C.
1332 1373 1385 1404 VI.
1409 1381 1516 1412 ratus,
1541 1372 1586 1405 X.
1611 1372 1751 1404 Tabulas
1776 1371 1869 1403 fuifie
1884 1382 1930 1404 ro-

1061 1417 1174 1453 boreas,
1198 1413 1274 1446 XII.
1295 1424 1395 1446 oeneiis.
1422 1413 1492 1446 Nec
1514 1413 1578 1455 ipse
1600 1414 1701 1445 adliuc
1721 1413 1847 1455 quidem
1863 1422 1929 1446 ma-

1058 1465 1198 1499 gnopere
1231 1456 1303 1487 huic
1334 1456 1545 1487 emendationi
1577 1454 1670 1487 ausim
1705 1454 1932 1495 intercedere,

1059 1497 1115 1531 nisi
1136 1498 1219 1539 quod
1244 1497 1342 1539 patiar
1364 1507 1514 1539 quoque,
1538 1500 1651 1529 choreas
1675 1496 1816 1529 Tabulas
1836 1505 1931 1528 roca-

1058 1540 1085 1572 ri
1103 1561 1115 1578 ,
1133 1548 1214 1584 *quae
1234 1563 1244 1578 ‚
1272 1546 1307 1570 ut
1340 1539 1383 1570 ita
1410 1539 1533 1579 dicam,
1557 1538 1701 1580 repetitae
1721 1536 1932 1579 praeieciionis

1058 1581 1187 1614 fuerint.
1235 1580 1351 1613 Primas
1383 1582 1550 1621 quominus
1578 1581 1718 1613 dicamus
1747 1578 1840 1611 iuiffe
1870 1580 1932 1611 ebo-

1059 1632 1140 1662 reas,
1167 1621 1232 1654 sola
1257 1620 1403 1664 Dionysii
1429 1621 1598 1654 auctoritas
1631 1620 1734 1653 obiiai:
1764 1622 1791 1652 ci.
1816 1620 1857 1653 L.
1873 1619 1930 1653 III.

1055 1673 1088 1708 p.
1109 1674 1149 1710 m.
1176 1668 1244 1705 178.
1278 1664 1331 1696 nisi
1360 1663 1513 1705 placuerit
1542 1662 1730 1704 Dionysium
1755 1662 1932 1704 intelligere

1061 1709 1099 1740 de
1129 1706 1240 1747 ligneis
1270 1704 1404 1737 Tabulis
1430 1704 1511 1737 Anci
1539 1705 1679 1739 Marcii,
1708 1704 1933 1745 aliorumque,

1061 1748 1174 1791 quibus
1203 1756 1242 1778 eo
1271 1747 1324 1778 vel
1356 1746 1509 1789 proximo
1539 1754 1681 1788 tempore
1702 1746 1803 1787 Leges
1827 1745 1856 1776 &
1880 1746 1934 1777 Sa-

1061 1801 1114 1823 cra
1135 1788 1374 1827 incidebantur,
1394 1799 1458 1821 non
1479 1787 1518 1819 de
1538 1787 1673 1820 Tabulis
1701 1785 1933 1818 Decemvirali-

1060 1833 1141 1869 bus,
1168 1840 1297 1872 quarum
1328 1830 1414 1862 nulla
1448 1829 1541 1871 plene
1561 1829 1603 1861 ibi
1627 1829 1749 1861 mentio
1770 1827 1826 1860 est.
1873 1826 1931 1859 At-

1061 1883 1122 1916 que
1147 1873 1191 1904 ita
1214 1872 1292 1904 nihil
1313 1871 1405 1913 plane
1428 1870 1582 1909 obstaret,
1602 1870 1770 1912 quominus
1794 1868 1933 1901 Decem-

1061 1915 1175 1947 virales
1195 1913 1332 1946 Tabulae
1366 1913 1502 1956 primum
1531 1911 1661 1944 fuiss'ent
1680 1914 1783 1943 eboreae
1796 1921 1808 1948 ς»
1830 1918 1935 1951 neque

1063 1958 1147 1988 enim
1167 1965 1218 1987 ine
1239 1956 1399 1994 moverit,
1419 1955 1524 1986 ebor1s
1539 1953 1679 1996 poliendi
1695 1953 1850 1985 rationein
1866 1952 1934 1983 Ro-

1064 2007 1172 2030 manos
1201 2005 1278 2028 tunc
1306 1995 1483 2038 ignorasse,
1513 2004 1608 2037 quum
1639 1993 1834 2026 Democrito
1865 1992 1935 2033 ejus

1062 2040 1106 2071 rei
1130 2040 1294 2071 inventum
1319 2037 1472 2070 adscribat
1484 2036 1667 2069 Posidonius
1684 2035 1764 2077 apud
1782 2035 1933 2067 Senecam

1064 2078 1159 2122 Epist.
1184 2079 1256 2112 XC.
1282 2088 1353 2110 nam
1370 2078 1589 2118 Posidonium,
1612 2084 1648 2108 ut
1667 2077 1699 2109 in
1717 2076 1786 2109 aliis
1802 2075 1845 2107 ibi
1864 2083 1935 2107 nar-

1062 2129 1183 2154 rantem
1198 2119 1268 2152 falli
1287 2121 1412 2152 notavit
1431 2120 1495 2162 ipse
1509 2120 1626 2152 Seneca
1640 2141 1653 2158 5
1681 2118 1721 2150 fic
1742 2118 1771 2149 <Sc
1789 2117 1821 2148 in
1837 2117 1885 2148 ori
1909 2115 1934 2149 i-

1062 2172 1102 2195 ne
1122 2161 1261 2204 poliendi
1285 2162 1391 2194 eboris
1410 2186 1420 2202 ,
1452 2162 1489 2194 ad
1513 2162 1662 2193 Senecam
1682 2158 1813 2200 Lipsius.
1861 2170 1875 2190 i
1894 2165 1934 2190 ec

1063 2204 1201 2236 obstaret
1219 2213 1365 2245 quoque,
1388 2203 1473 2245 quod
1489 2202 1627 2243 Scaliger
1656 2208 1747 2242 urget
1769 2202 1797 2232 ci.
1823 2200 1877 2231 loc.
1899 2199 1934 2232 in

1064 2247 1160 2278 ebore
1175 2269 1185 2285 ,
1215 2245 1256 2276 ob
1286 2245 1487 2284 laevitatem,
1518 2243 1611 2276 scribi
1635 2251 1700 2274 non
1714 2240 1818 2283 posse,
1838 2249 1871 2273 at
1894 2249 1936 2272 ue

1064 2288 1122 2321 hac
1142 2285 1207 2319 sola
1229 2286 1353 2318 ratione
1375 2286 1427 2318 bic
1450 2284 1654 2318 restituendas
1675 2286 1803 2315 roboreus
1826 2282 1877 2314 Ta
1899 2290 1936 2314 u·

1064 2331 1126 2370 las,
1153 2329 1182 2362 ὅ(
1204 2331 1328 2360 roboreos
1350 2327 1486 2360 Codices
1509 2336 1567 2368 pro
1586 2326 1693 2358 choreis
1712 2326 1741 2356 in
1768 2324 1790 2355 i.
1808 2332 1860 2362 52.
1881 2328 1932 2364 pr.

1058 2371 1098 2413 ff.
1122 2372 1155 2403 de
1178 2370 1288 2413 Legat.
1313 2369 1366 2401 III.
1396 2378 1467 2402 narn
1490 2369 1521 2400 in
1544 2369 1641 2400 ebore
1664 2366 1740 2397 olim
1763 2364 1879 2410 picium
1901 2364 1935 2396 &

1065 2413 1216 2454 scriptum
1247 2410 1339 2444 fuisse
1355 2434 1365 2449 ,
1396 2410 1552 2451 hodieque
1581 2407 1667 2450 pingi
1693 2406 1723 2438 δι
1747 2405 1839 2452 scribi
1864 2413 1933 2438 cei·-

1067 2464 1134 2487 tuni
1157 2454 1213 2486 est.
1258 2453 1317 2486 Sed
1349 2452 1421 2492 quia
1446 2451 1541 2483 video
1573 2449 1652 2481 alios
1673 2447 1864 2488 scaligerum
1886 2456 1935 2478 re·-

1064 2495 1196 2533 furasse,
1232 2504 1293 2536 ego
1318 2492 1440 2535 possum
1464 2501 1501 2523 ea
1526 2499 1621 2536 opera
1637 2488 1849 2530 supersedere:
1875 2486 1933 2522 nist

1067 2545 1171 2570 tamen
1188 2535 1317 2568 refutari
1341 2543 1404 2567 non
1418 2539 1599 2574 oportuerit
1612 2553 1624 2569 ,
1646 2539 1743 2571 quum
1770 2534 1936 2561 atramento

1066 2586 1160 2620 neget
1178 2577 1260 2610 recte
1275 2575 1366 2608 scribi
1386 2575 1419 2607 in
1433 2573 1548 2612 ebore,
1571 2580 1642 2604 nam
1657 2571 1723 2611 ait,
1744 2571 1773 2603 δι
1793 2570 1863 2611 quis
1879 2578 1935 2603 ne-

1067 2629 1120 2663 get
1133 2620 1149 2653 ¹?
1172 2623 1369 2650 atramentum
1380 2616 1481 2657 fugit.

1109 2659 1344 2700 Comqu'itermzt.
1395 2656 1537 2697 Simplex
1552 2655 1708 2696 posuerunt
1724 2652 1769 2687 est
1784 2654 1817 2686 in
1837 2653 1935 2686 Codi-

1066 2713 1103 2736 ce
1118 2703 1188 2735 MS.
1211 2709 1304 2742 quem
1320 2698 1382 2732 sine
1397 2697 1513 2730 Gloffis
1528 2697 1605 2730 mihi
1623 2701 1722 2738 nuper
1740 2694 1937 2737 comparavi,

1066 2752 1160 2786 atque
1186 2743 1230 2774 ita
1251 2749 1377 2782 quoque
1399 2738 1537 2772 restituit
1561 2738 1684 2770 Marius
1706 2736 1908 2770 Salomonius
1921 2759 1936 2778 ,

1067 2786 1098 2818 dc
1117 2783 1187 2818 sane
1201 2782 1232 2816 id
1248 2782 1408 2814 videretur
1424 2779 1537 2813 rectius
1547 2802 1559 2818 ,
1581 2787 1618 2811 ut
1633 2778 1714 2821 apud
1732 2776 1935 2819 Dionysium,

1067 2827 1152 2855 ἔσεαι
1177 2827 1203 2855 clo
1227 2826 1315 2861 aivam?
1335 2844 1345 2860 ‚
1373 2831 1433 2864 pro
1460 2820 1581 2853 Rostris
1606 2821 1689 2853 enim
1704 2842 1715 2858 ,
1738 2818 1847 2857 dices,
1870 2826 1937 2853 non

1068 2865 1280 2908 composuerunt
1296 2863 1456 2901 Tabulas,
1480 2861 1531 2894 sed
1549 2861 1738 2903 compositas
1755 2859 1870 2892 ibidem
1882 2865 1935 2901 po-

1058 2909 1207 2950 suerunt,
1234 2911 1289 2944 ut,
1318 2904 1401 2946 quod
1427 2913 1504 2936 mox
1530 2901 1692 2944 sequitur,
1710 2900 1818 2943 poffeiic
1838 2900 1937 2944 Leges

1067 2950 1195 2991 apertius
1194 2948 1320 3023 ffmipi
1341 2968 1353 2985 ,
1385 2946 1457 2984 vel,
1483 2954 1517 2978 ut
1532 2945 1577 2977 est
1592 2944 1624 2977 in
1641 2943 1710 2976 aliis
1728 2942 1850 2981 Libris,
1868 2948 1937 2984 per-

1057 2992 1146 3033 spici.
1224 2989 1305 3020 ivius
1328 3010 1339 3027 ,
1367 2987 1435 3020 haec
1462 2996 1586 3020 narrans
1604 3006 1619 3025 s
1647 2984 1749 3016 utitur
1758 2983 1940 3024 proponendi⁴

1067 3031 1248 3069 vocabulo,
1271 3029 1355 3072 quod
1371 3029 1401 3061 &
1417 3028 1469 3061 hic
1482 3029 1632 3061 Muretus
1646 3025 1771 3066 reponit
1783 3046 1804 3070 ,3
1819 3025 1848 3057 ἀ
1864 3022 1938 3068 post

1067 3083 1138 3105 euni
1164 3072 1288 3114 quidam
1318 3070 1477 3103 Editores.
1520 3069 1594 3111 Ego
1617 3076 1720 3100 tamen
1738 3073 1844 3107 potius
1857 3064 1940 3099 nihil

1068 3114 1277 3153 mutaverim,
1300 3121 1396 3153 quum
1408 3117 1564 3154 proponere
1593 3109 1622 3142 δι
1639 3115 1807 3152 componere
1819 3106 1939 3146 promi·

1069 3155 1140 3189 seue
1154 3154 1282 3196 usurpet
1297 3154 1511 3196 Pomponius,
1540 3152 1591 3184 hic
1610 3155 1779 3189 componere*
1790 3147 1939 3187 lignifioe·

1071 3198 1158 3233 tione
1177 3197 1379 3238 proponendi,
1401 3203 1478 3230 mox
1501 3194 1534 3229 in
1565 3191 1595 3234 §·
1613 3201 1643 3233 7·
1669 3195 1826 3231 PY⁰P⁰⁷1W
1841 3186 1934 3263 fissflflie‘
