2008 3436
249 90 538 143 QUAEST-
589 86 816 136 Junis
864 86 1223 133 PRIVATI,
1273 88 1456 130 Liaiv.
1495 97 1649 136 cxix.

48 176 310 214 eritconsuiuiffe
321 179 455 212 Senatus
476 176 621 219 Supremi
637 175 820 222 sententiam
837 176 918 218 apud

47 221 258 255 Neostadium
282 221 382 262 Decis.
405 220 530 253 XLIX.
559 217 645 256 Sed,
669 218 821 259 quicquid
852 219 919 259 ejus

46 264 92 295 rei
110 263 146 296 sit
159 287 169 303 ,
194 263 270 295 mihi
294 262 441 304 equidem
459 260 604 298 videtur,
629 268 732 306 neque
748 258 917 306 consuetu-

45 305 153 336 dinem
175 314 213 337 ex
232 304 269 336 iis
285 303 448 336 sententiis
464 302 547 334 reete
574 301 721 340 probari,
745 301 808 333 111ae
832 311 916 333 113111-

47 355 108 385 que
138 344 320 384 sententiae,
341 355 381 377 cx
409 345 448 376 iis
468 350 633 375 nautarum
655 342 818 383 Responsis
839 353 916 375 con-

45 387 162 425 festae,
183 397 248 419 non
273 388 335 419 alio
369 385 577 419 fundamento
609 383 753 416 nituntur
775 408 784 424 ‚
820 394 913 426 quain

44 426 304 461 consuetudinem
332 438 374 460 ex
401 426 463 459 illis
486 424 651 471 Responfis
683 424 778 457 fuiss‘e
802 427 914 467 proba-

45 478 129 510 tam,
154 480 226 510 quae
242 478 343 502 tamen
357 492 368 508 ,
400 467 422 500 fi
446 467 519 508 quid
538 466 668 507 Judico,
693 467 826 508 probata
849 477 914 501 non

45 511 101 543 cst.
149 512 256 559 Quin,
281 510 303 543 fi
325 511 377 542 vel
393 508 525 552 probata
547 507 641 547 estet,
667 508 737 547 hie,
763 509 784 541 11
802 509 913 549 ullibi,

44 554 152 586 valere
176 553 272 585 velim
297 551 374 584 illud
400 550 482 584 Celsi
512 550 545 582 in
571 550 592 581 l.
621 560 672 592 39.
701 550 741 591 ff.
774 551 808 582 de
840 551 911 583 LL.

81 596 134 627 uod
151 604 208 626 non
223 595 338 625 ratione
354 591 548 624 introductam
559 614 570 630 ,
580 590 636 631 sed
653 602 746 624 errore
762 594 892 633 primum
903 617 912 632 ‚

44 637 148 670 demde
165 635 367 677 consuetudine
386 636 532 666 obtentum
559 632 618 675 est,
642 635 674 665 iii
689 634 758 665 aliis
767 633 914 673 similibus

42 689 100 711 non
120 679 241 709 obtinet.
280 676 404 708 Poll‘ein
419 676 451 708 id
477 674 630 708 illustrare
652 676 720 708 aliis
744 676 914 717 exemplis,

41 730 83 753 ex
100 719 173 760 Jure
193 718 388 751 Hollandico
432 717 536 755 etitis‚
561 716 582 749 fi
602 726 666 749 non
685 716 758 750 satis
781 718 812 749 in
832 718 913 749 hanc

41 771 109 795 rem
127 759 283 792 sufficeret
302 759 382 792 solus
421 784 428 791 .
447 769 498 800 39.
521 758 659 803 Legum,
681 769 757 801 quas
776 768 913 797 vocant,

44 803 240 837 Politian-iim
258 825 268 840 ,
299 810 373 842 quas
396 801 539 834 tulerunt
565 800 702 833 Ordines
728 800 912 832 Hollandiae

43 854 76 882 1.
105 845 179 885 Apr.
213 849 303 884 1580.
358 842 507 883 Denique
538 852 602 874 non
631 841 704 874 satis
741 842 911 883 intelligo,

65 886 118 918 uid
143 885 181 916 ad
206 895 270 917 rein
296 883 395 916 faciat
419 884 472 916 illa
489 883 634 923 judicum
654 883 913 916 Enchusanoruin

57 928 195 960 ententiu
225 927 296 959 anni
324 929 416 967 1648.
450 934 489 956 eo
516 925 600 957 enim
625 925 656 957 in
687 925 772 958 fatto
802 925 913 962 navis,

44 978 116 1011 quas
127 990 138 1006 ,
164 977 262 1000 avena
279 976 430 1005 onerata,
457 966 539 1007 apud
562 966 755 999 Durkendam
774 965 913 1008 depr-effu

41 1019 136 1045 erat.
170 1009 318 1042 veniebat.
351 1009 536 1050 Tviininga,
564 1017 624 1049 ego
655 1017 759 1040 autem
793 1008 912 1040 nullam

40 1052 248 1093 'sonningain
270 1050 347 1082 novi
363 1049 461 1088 ,nisi
483 1051 515 1081 in
546 1047 909 1089 Ducatu-Slesvicensi,

42 1094 74 1127 &
99 1102 202 1125 tamen
226 1092 430 1130 Advocatus,
465 1090 520 1131 qui
549 1099 607 1130 pro
631 1099 689 1122 reo
714 1090 882 1132 respondet
900 1114 910 1130 ,

41 1144 113 1167 euin
139 1134 212 1166 inde
235 1132 379 1165 defendit
394 1155 404 1171 ‚
433 1131 534 1172 Leges
556 1133 699 1164 nauticas
726 1132 763 1164 ad
778 1132 910 1164 Bi'mien-

39 1175 304 1209 lancis-vaurclers
318 1183 383 1206 non
400 1173 568 1214 pertinere.
598 1173 648 1205 An
665 1183 741 1214 ergo
756 1173 910 1215 putass'et,

39 1217 168 1250 ratione
188 1217 293 1248 damni
314 1215 569 1247 communicandi
588 1238 599 1254 ,
623 1224 682 1256 pro
710 1214 844 1246 navibus
865 1217 911 1247 920-

41 1258 213 1296 2«.-mn;,·i;
237 1267 303 1290 non
331 1256 466 1295 haberi,
501 1255 557 1288 11111
583 1265 654 1298 quae
681 1265 766 1288 mare
788 1254 909 1288 vastum

39 1301 211 1342 navigant,
235 1307 290 1330 aut
312 1298 384 1330 inde
402 1297 561 1330 redeunt?
584 1298 637 1329 vel
663 1297 830 1329 redeuntes
843 1307 909 1330 non

39 1341 180 1381 censeri,
203 1350 271 1382 quae
295 1340 357 1381 jam
379 1347 441 1371 tam
462 1347 561 1380 prope
580 1339 618 1371 ad
645 1347 758 1371 terram
777 1338 909 1371 3000110-

39 1392 124 1417 runt.
170 1383 347 1423 Utrumque
363 1390 536 1422 perperam.
578 1381 657 1413 Sane
673 1389 782 1412 omnes
796 1381 910 1422 reliqui

40 1424 200 1458 Advocati
232 1423 409 1457 consentire
438 1422 587 1455 videntur
604 1446 615 1462 ,
650 1431 760 1454 omnes
788 1431 910 1462 naves,

39 1475 236 1508 quaeeunque
261 1465 356 1497 maria
380 1464 588 1505 navigantes,
622 1473 680 1506 pro
705 1463 911 1501 θαλασα-οπέροις

38 1508 104 1540 effe
121 1507 291 1546 habendas,
316 1515 429 1548 easque
444 1529 455 1544 ‚
487 1505 666 1547 ubicunque
689 1505 840 1547 navigent
857 1506 909 1538 vel

37 1550 178 1592 jaceant,
192 1549 329 1590 Legibus
347 1548 412 1580 istis
423 1547 560 1579 nauticis
576 1546 712 1587 subeffe,
729 1547 760 1580 ὅ(
776 1547 818 1580 fic
833 1557 909 1589 quo·

38 1600 102 1634 que
117 1592 220 1632 palam
234 1589 304 1632 ipiis
324 1589 463 1631 Legibus
480 1587 635 1622 sancitum
653 1588 709 1621 est.

81 1633 164 1665 Aliae
187 1632 496 1673 argumentationes,
524 1631 637 1672 quibus
667 1630 849 1671 Advocati,
880 1632 912 1664 &

37 1683 142 1708 muta:
171 1683 213 1706 ex
239 1673 480 1705 Advocatomm
507 1673 645 1706 consiliis
667 1680 829 1711 utuntur,
857 1682 909 1705 rne

37 1725 168 1758 quoque
183 1724 292 1758 parum
312 1714 481 1747 moverint.
528 1714 646 1754 Aiunt,
677 1714 778 1756 Leges
796 1714 909 1748 Nauti-

35 1767 112 1796 cas,
133 1758 245 1798 quibus
269 1757 407 1795 utimur,
433 1757 543 1788 vocari
562 1756 740 1799 Zee-regten
757 1779 770 1796 ,
797 1766 910 1799 easque

37 1800 119 1832 adeo
137 1799 175 1831 ad
193 1808 288 1832 naves
310 1798 491 1837 mmmm-ipss
516 1798 628 1830 referri
649 1808 711 1830 non
729 1798 834 1840 poffe3
856 1800 909 1830 dcii:

36 1843 72 1873 cle
92 1841 457 1873 Binneniands-vaarders
473 1849 547 1882 geen
561 1850 671 1881 avarye
692 1841 853 1882 genimen,
872 1851 908 1872 en

36 1884 157 1915 daarom
172 1884 206 1914 de
212 1883 322 1923 schade
339 1892 399 1913 acm
413 1883 448 1912 de
462 1883 603 1924 goedrren
623 1884 795 1924 opgekomen
804 1904 816 1920 ,
845 1884 909 1913 niet

35 1930 150 1957 moeten
175 1926 312 1967 dragen;
341 1924 416 1964 quin
437 1924 467 1955 ὅ(
485 1923 624 1963 expresse
648 1924 680 1955 111
705 1922 732 1964 §.
756 1931 810 1963 50.
832 1923 907 1956 LL.

35 1965 138 2000 Naut.
161 1967 259 1998 Caroli
273 1965 322 2000 vV.
346 1966 377 1996 &
400 1964 427 2006 §.
448 1974 495 1996 10.
524 1964 558 1996 T.
575 1964 630 1996 IV.
655 1964 789 2005 Philipp.
813 1964 853 1997 II.
878 1966 909 1998 ὅ(

37 2008 70 2049 §.
91 2016 139 2040 10.
163 2007 198 2040 T.
216 2006 343 2040 XXIV.
367 2006 408 2038 L.
427 2006 451 2038 Ι.
477 2005 551 2038 LL.
574 2005 678 2045 Frtfic.
700 2005 906 2039 constitutum

35 2049 100 2081 esse
119 2072 128 2088 ‚
160 2051 212 2080 dat
232 2050 266 2080 de
286 2049 448 2090 goederen,
477 2049 510 2079 iii.
528 2058 580 2078 een
601 2048 712 2090 Ligter
734 2046 845 2090 gelasi,
869 2058 906 2080 en

37 2091 248 2133 verongelukt,
259 2093 322 2122 niet
331 2090 431 2121 komen
444 2094 486 2121 tor
495 2089 607 2130 schade
625 2099 686 2121 van
703 2090 904 2131 hervoorschr.

36 2132 252 2175 thter-schip.
298 2130 350 2163 De
365 2131 465 2172 prima
487 2132 609 2163 ratione
629 2139 707 2163 mox
725 2131 828 2163 dicam
842 2132 907 2172 pie-

30 2175 132 2212 -nius,
152 2174 221 2204 duae
237 2173 304 2205 alite
322 2172 444 2213 prorsus
459 2172 530 2204 sunt
548 2173 660 2205 alienae
679 2183 701 2204 a.
715 2171 905 2213 quaestione,

35 2225 135 2258 quam-
154 2215 208 2246 hic
234 2213 422 2251 tradamus,
454 2215 485 2246 ὅ(
507 2223 612 2246 earum
633 2213 908 2247 constitutionum

37 2258 136 2298 lim-ige
160 2257 256 2288 etiam
279 2255 338 2287 alia
365 2255 447 2286 ratio
470 2254 525 2286 est.
570 2255 630 2287 Sed
645 2256 714 2294 his,
737 2256 767 2288 &
782 2257 906 2288 caeceris

37 2297 328 2330 vociferationibus
344 2319 355 2336 ,
387 2297 501 2336 quibus
523 2296 654 2329 nimium
677 2298 816 2338 alioquin
838 2307 905 2338 gra-

36 2339 108 2371 vari
122 2348 296 2380 quei-untur
316 2338 363 2370 τὲς
383 2338 744 2378 Bimielands-vaarders,
767 2339 789 2370 11
806 2338 905 2380 fingu—

36 2381 128 2414 hitim
147 2389 346 2412 occurrerem
360 2401 373 2418 ,
401 2379 516 2411 librum
543 2378 710 2411 scriberem
724 2402 736 2418 ‚
767 2380 798 2411 ὅ(
821 2380 905 2412 inani

36 2431 136 2464 opera
152 2422 249 2453 bonas
265 2421 357 2452 horas
375 2421 544 2461 perderem.

79 2464 163 2496 Sane·
176 2463 198 2495 11
210 2487 220 2502 ,
245 2463 329 2504 quod
347 2463 386 2494 de
403 2462 517 2494 damno
537 2463 802 2495 communicando
821 2463 905 2501 dixi,

36 2506 189 2538 duntaxat
206 2503 416 2536 constitutum
432 2502 511 2534 effet
530 2503 570 2535 de
587 2504 719 2536 navibus
737 2507 906 2538 θαλκσππό-

35 2561 111 2585 μου,
135 2546 175 2577 (10
191 2545 384 2586 quibuslibet
408 2545 477 2576 aliis
495 2553 598 2576 tamen
618 2545 850 2587 intelligerem,
875 2546 905 2578 δε

37 2588 176 2620 dicerem
185 2607 196 2624 ,
204 2596 268 2618 non
277 2587 347 2618 ideo
356 2586 425 2618 illas
436 2587 518 2627 leges
527 2586 716 2619 nominatim
725 2589 763 2619 de
773 2591 903 2620 θαλασσι-

35 2631 125 2660 m'nm
139 2627 202 2659 esse
217 2627 363 2668 scriptas,
384 2628 469 2668 quod
485 2627 568 2659 aliud
583 2628 658 2668 juris
669 2627 747 2660 effen
766 2629 799 2660 in
811 2629 879 2660 aliis
893 2650 905 2668 ‚

36 2671 92 2704 sed
109 2669 195 2712 quod
210 2669 288 2710 Juris
307 2668 438 2700 Nautici
454 2669 612 2710 potiffima
627 2678 699 2710 pars
715 2669 754 2702 fit
777 2671 825 2710 jus
841 2679 904 2702 ma-

36 2713 190 2745 ritimum.
233 2710 307 2743 Sola
332 2710 477 2742 utilitatis
501 2711 583 2742 ratio
607 2710 710 2743 damni
728 2712 905 2743 communi-

37 2753 198 2786 cationem
215 2751 306 2783 suasit
323 2751 354 2782 ἃ.
370 2751 519 2791 exnorfit,
543 2760 578 2784 ut
597 2753 699 2792 Capite
713 2754 835 2794 praeced.
857 2753 903 2784 di.-

37 2795 146 2828 cebain
157 2818 165 2832 ‚
179 2802 274 2833 eaque
290 2793 372 2823 ratio
386 2793 538 2833 generalis
554 2792 600 2825 est
611 2817 620 2832 ‚
641 2795 830 2834 generaliter
846 2794 904 2835 igi-

37 2845 91 2868 tur
111 2836 320 2876 accipiamus,
342 2834 373 2864 &
392 2835 583 2874 porrigamus
607 2835 643 2866 ad
669 2844 723 2875 ea,
747 2845 819 2877 quae
838 2844 904 2867 ten-

37 2878 121 2909 dunt·
140 2877 178 2908 ad
204 2875 339 2907 eandem
361 2875 532 2907 utilitatem
559 2884 597 2908 ex
613 2875 798 2918 praescripto
813 2876 902 2909 Pedii

38 2920 72 2950 ἃ,
87 2917 214 2958 Ulpiani
234 2917 265 2948 in
289 2917 309 2948 l.
330 2925 379 2957 13.
398 2915 441 2956 ff.
456 2917 493 2947 de
511 2916 583 2949 LL.
628 2918 689 2950 Sed
707 2926 828 2951 tantum
849 2918 901 2949 31)»

36 2959 105 2998 est,
130 2968 165 2990 ut
184 2959 283 2999 Leges
298 2958 454 2992 nauticae.
479 2966 548 2998 quae
565 2959 604 2990 de
623 2959 739 2992 damno
759 2968 901 2991 cominu·

36 3000 173 3033 nicando
201 3008 317 3040 agunt,
339 2999 371 3030 id
395 2997 581 3039 restringant
600 3000 638 3030 ad
661 3008 756 3033 naves
785 3000 902 3033 mai-iti-

37 3051 127 3078 mas,
159 3049 194 3072 ut
223 3041 355 3073 Carolus
375 3039 413 3070 V.
438 3040 469 3070 in
492 3039 521 3080 ᾗ.
541 3044 593 3079 46.
615 3050 654 3081 47
683 3041 719 3076 ἐξ
744 3047 798 3083 48.
830 3041 903 3073 LL.

39 3083 167 3115 Νααείε.
192 3082 337 3124 loquatur
352 3089 414 3112 viiii
435 3081 564 3122 Schepen
576 3105 587 3120 ,
618 3084 729 3114 biniieiz
745 3084 779 3123 of
795 3085 903 3125 liu-ylen

73 3170 133 3208 (ς)
153 3170 244 3208 811ηῇ1.
267 3171 304 3200 H<
329 3171 367 3199 T.
383 3171 420 3199 11.
442 3169 534 3207 Constl.
556 3178 601 3206 27.
623 3181 650 3201 n.
674 3179 699 3200 1.
722 3169 854 3208 Ξ.ξ5’“3.

75 3209 324 3248 (6)Plcic.1.'2.
350 3218 375 3244 5.
399 3218 423 3238 1.
444 3209 494 3238 Ed.
515 3209 584 3248 Reg.
608 3218 632 3239 1.

1754 103 1824 146 463

963 180 986 208 ’s
1012 175 1100 208 lamb·
1117 175 1272 217 seilende,
1314 177 1455 220 leggende
1481 183 1513 222 of
1543 186 1698 226 komemle,
1731 188 1762 220 &
1784 186 1828 220 fic

960 227 1087 259 quoque
1117 218 1269 258 iplissirnis
1292 222 1396 259 verbis
1425 220 1452 262 §.
1485 232 1511 254 1.
1537 235 1565 258 2.
1593 227 1628 261 ὅ)
1646 238 1674 267 r3,
1720 229 1753 260 Τ.
1783 229 1823 261 V,

961 260 1036 292 LL.
1059 259 1190 300 Philipp.
1215 259 1255 292 11.
1280 260 1310 293 δ(
1333 260 1360 303 §.
1387 271 1412 293 1.
1439 273 1468 294 2.
1490 263 1525 298 {5¹³
1541 276 1569 305 3.
1597 267 1629 297 T.
1645 262 1756 300 XXV.
1783 270 1823 302 L.

960 301 984 334 I.
1015 301 1085 333 LL.
1125 300 1228 340 Frific.
1267 304 1350 343 quod
1383 312 1446 335 non
1483 305 1575 336 aliter
1609 308 1825 350 intelligeres,

960 351 1052 375 certe
1069 352 1129 384 ego
1153 352 1218 375 non
1237 343 1328 375 aliter
1347 344 1512 386 intelligo,
1533 355 1624 386 quain
1648 350 1686 380 (10
1706 352 1826 391 buyten-

958 395 995 416 eiz
1013 384 1389 426 biiiiienlamls-vizarders,
1413 387 1567 428 generalis
1586 389 1669 420 enini
1692 390 1736 422 cst
1756 402 1824 423 ora-

958 427 1028 467 tio,
1061 426 1090 458 &
1107 448 1118 464 ,
1148 434 1183 458 ut
1208 427 1301 465 dixi,
1332 428 1485 468 generalis
1508 429 1540 461 in
1569 430 1710 469 utrisque
1734 433 1825 465 ratio,

957 467 1000 499 Et
1024 476 1127 500 tamen
1152 468 1310 500 Advocati
1329 472 1359 501 ὁ(
1382 469 1516 509 Nautis,
1538 471 1590 511 qui
1618 471 1824 512 dissentiunt,

957 509 1025 541 liaec
1049 510 1292 549 interpretantur
1309 533 1318 549 ,
1350 518 1443 552 atque
1468 511 1489 543 11
1515 511 1614 544 sermo
1632 512 1709 544 cll'et
1725 513 1762 544 de
1779 514 1828 545 sos

956 551 994 583 lis
1022 550 1153 582 navibus
1175 552 1400 590 Juzavnm'pois,
1420 551 1508 584 sorte
1521 554 1742 595 navigantibus
1760 555 1824 585 bin-

957 601 1014 623 nen
1033 593 1066 623 de
1088 590 1175 633 eersle
1193 615 1204 630 ,
1234 595 1328 625 zwede
1354 603 1390 625 en
1419 595 1503 626 ilerde
1528 602 1597 633 ton,
1632 596 1716 637 quod
1748 595 1827 626 mihi

957 633 1082 674 quidem
1110 634 1238 667 videtur
1265 634 1327 667 ess'e
1352 636 1434 676 leges
1460 637 1643 668 calumniari
1668 638 1697 669 i&
1722 636 1822 668 verba.

956 683 1088 716 captare.
1118 676 1265 717 Schema,
1288 678 1395 708 bivinen
1420 679 1440 707 's
1465 678 1550 710 laniis
1564 678 1709 718 lbilencie,
1735 687 1823 709 coin-

956 717 1041 749 muni
1056 715 1112 748 usu
1129 717 1299 758 loquendi,
1320 718 1389 750 sunt
1409 715 1605 751 biiiiieiilciiiili'
1622 721 1777 759 vam-ders,
1789 719 1826 754 ὣς

957 757 1085 790 absurda
1114 758 1160 791 est
1183 760 1244 791 :ilia
1271 760 1514 801 interpretatio,
1539 761 1595 794 11111
1621 761 1764 801 constet,
1786 761 1826 793 de

956 800 1087 832 navibus
1103 800 1229 833 marinis
1251 802 1345 833 unice
1368 802 1463 833 verba
1478 802 1556 835 fieri.

999 841 1182 882 Accipimus
1207 843 1306 884 igitur
1327 852 1452 875 omnem
1481 853 1594 877 navem
1614 868 1625 884 ,
1647 845 1710 878 five
1732 845 1824 877 mari-

956 892 1048 922 nam,
1073 884 1137 915 live
1151 882 1339 916 fluviatilem
1352 908 1360 922 ‚
1386 884 1449 916 five
1464 885 1497 918 in
1519 887 1626 927 aliquo
1645 886 1752 929 stagno
1769 897 1822 919 na-

956 925 1068 965 viget,
1093 925 1157 957 sive
1175 924 1298 957 schedia
1316 925 1372 964 fit,
1396 934 1432 958 ut
1456 927 1487 959 iii
1504 929 1691 961 exercitoria
1715 928 1823 969 Ulpia-

955 975 1014 1012 nus
1033 966 1064 998 in
1082 966 1115 1013 i„
1132 976 1157 998 1.
1204 991 1211 999 .
1236 971 1266 999 6.
1286 967 1327 1008 ff.
1348 969 1382 999 cle
1407 968 1541 1000 Exit-cii.
1562 969 1619 1001 acl.
1652 970 1758 1012 Atque
1779 970 1824 1002 ita

955 1013 1049 1039 etiarn
1071 1008 1150 1040 011111
1170 1008 1336 1041 eauffitiici
1365 1009 1679 1044 Ainstcrdainmenses
1697 1011 1823 1052 respon·-

955 1047 1069 1080 derunt
1092 1058 1141 1080 20.
1168 1048 1235 1089 Jan.
1258 1051 1288 1082 ὅ(
1305 1061 1354 1081 20.
1379 1050 1470 1083 Febr.
1498 1056 1590 1093 1641.
1615 1053 1646 1085 ὅ(
1672 1061 1719 1094 17.
1742 1053 1824 1093 Apr.

959 1092 1048 1131 1643.
1074 1089 1148 1131 (5)
1166 1099 1296 1137 quoi-uin
1319 1090 1492 1132 postremus
1512 1094 1557 1124 ait
1574 1116 1585 1131 ‚
1615 1093 1646 1125 se
1668 1093 1742 1126 XL.
1768 1103 1822 1126 an·

955 1139 1067 1162 norum
1090 1133 1287 1171 experientia
1312 1141 1512 1174 compertum
1532 1134 1666 1173 habere,
1687 1135 1824 1168 111111ὶο1·-

955 1171 1056 1211 dami,
1080 1172 1113 1204 in
1138 1173 1252 1205 damno
1282 1174 1409 1206 naviuin
1427 1197 1437 1213 ,
1462 1175 1546 1208 inter
1568 1176 1767 1210 θαλοωυπᾰμκ
1791 1177 1824 1208 &

955 1214 1136 1251 mmmm-ipsi
1158 1224 1316 1255 nunquam
1331 1214 1423 1247 fuisse
1439 1216 1630 1250 distinCtum.
1662 1217 1706 1249 Et
1723 1218 1762 1250 de
1777 1218 1824 1259 J'u-

953 1264 987 1285 re
1004 1255 1078 1296 quid
1094 1256 1214 1294 refert,
1235 1257 1267 1288 in
1295 1257 1393 1296 mari,
1418 1257 1563 1295 flumine,
1588 1260 1659 1291 lacu
1676 1259 1822 1292 damnum

952 1295 1057 1342 datum
1075 1296 1131 1336 fit,
1149 1297 1170 1329 fi
1183 1298 1290 1330 eadem
1308 1299 1423 1340 ubique
1438 1299 1474 1331 fit
1489 1300 1596 1332 ratio?
1611 1301 1720 1340 Addo,
1736 1301 1822 1343 quod

952 1347 984 1369 in
1004 1337 1036 1385 ᾗ..
1065 1348 1114 1371 20.
1152 1338 1185 1371 T.
1219 1339 1291 1371 VII.
1322 1340 1393 1372 LL.
1425 1341 1552 1373 Nautio.
1584 1341 1750 1384 Philippus
1776 1342 1819 1374 ΙΙ.

946 1378 1146 1427 sanciverit,
1169 1380 1392 1428 quodcumque
1408 1391 1446 1414 ex
1461 1383 1499 1413 iis
1518 1382 1654 1424 Legibus
1672 1383 1823 1424 dijudica*-

953 1420 984 1467 ri
1005 1429 1115 1463 nequit
1132 1444 1144 1461 ,
1174 1431 1215 1454 ex
1231 1432 1299 1463 Jure
1325 1422 1445 1465 scripto
1469 1426 1632 1456 communi
1657 1425 1718 1457 effe
1744 1425 1821 1457 defi—

949 1463 1121 1509 niendum,
1141 1463 1300 1506 abrogatis
1314 1465 1460 1497 omnibus
1474 1465 1722 1507 consuetudinibus
1744 1474 1821 1498 0011ἐ

954 1511 1066 1537 trariis.
1110 1504 1175 1537 Fac
1197 1505 1314 1547 igitur,
1337 1506 1375 1538 de
1398 1506 1529 1540 navibus
1556 1509 1747 1550 πταμοπέμις
1772 1508 1822 1540 ni-

953 1545 1107 1593 hilsuisse
1123 1555 1250 1579 cautum
1269 1547 1302 1580 in
1331 1548 1395 1581 illis
1425 1547 1578 1590 Legibus,
1604 1556 1683 1583 cunc
1709 1550 1823 1591 utique

954 1587 993 1620 ad
1022 1598 1071 1629 Jus
1094 1587 1202 1621 Civile
1225 1589 1288 1621 erit
1306 1590 1554 1630 recurrendum,
1574 1591 1605 1624 ὁ(
1631 1601 1670 1624 00
1689 1592 1758 1633 jure
1774 1597 1822 1623 eta

943 1629 1015 1662 iam
1031 1628 1151 1672 scaphae
1168 1631 1314 1664 dominus
1333 1631 1372 1663 de
1388 1632 1522 1674 damno,
1542 1633 1597 1666 fibi
1622 1633 1718 1674 dat0,
1734 1631 1820 1674 saepe

951 1671 1036 1703 reete
1062 1672 1224 1713 experitur
1239 1672 1261 1706 l.
1285 1683 1334 1711 29.
1362 1673 1391 1716 ᾗ.
1416 1684 1447 1707 2.
1463 1674 1504 1716 ff.
1529 1676 1567 1706 ad
1583 1675 1624 1708 L.
1657 1675 1765 1718 Aquil.

995 1713 1236 1761 Quumtautem
1263 1716 1353 1758 plena
1380 1715 1443 1748 fide
1471 1715 1619 1757 constet,
1639 1727 1691 1750 eas
1717 1716 1819 1758 Leges

952 1764 1096 1788 nauticas>
1108 1765 1142 1787 m
1156 1756 1289 1789 navibus
1304 1757 1430 1790 marinis
1445 1780 1456 1797 ,
1480 1767 1647 1800 earumque
1671 1758 1819 1791 oneribus·

953 1796 1015 1829 effe
1039 1796 1222 1837 servandas,
1244 1808 1372 1840 quaer0‚
1395 1809 1434 1832 311
1455 1800 1550 1832 etiam
1577 1801 1756 1842 pertineant
1779 1799 1820 1832 ad

952 1847 1046 1885 naves
1071 1838 1253 1880 piscatorias
1269 1864 1279 1880 ,
1298 1850 1369 1883 quae
1400 1841 1432 1873 in
1463 1842 1537 1873 mari
1567 1842 1727 1883 piscantur
1743 1864 1754 1882 ,
1783 1847 1821 1874 ut

953 1889 1078 1921 capiant
1105 1881 1240 1913 balaenas
1268 1884 1321 1914 vel
1345 1882 1487 1922 haleces,
1515 1884 1821 1916 Groenmizds-viiiir-

944 1923 1016 1958 >ders
1042 1922 1073 1954 δε
1099 1922 1352 1971 Hciring-buyzeri
1377 1925 1475 1966 vulgo
1497 1924 1594 1957 dietas
1610 1926 1628 1958 ,9
1658 1926 1689 1958 δε
1713 1925 1788 1967 quid
1806 1947 1821 1964 ‚

952 1963 1074 2006 inquies
1091 1986 1102 2002 ,
1129 1964 1275 2005 dubitas,
1301 1975 1374 2007 quia
1401 1965 1466 1998 illa:
1492 1975 1590 1998 naves
1613 1967 1710 2000 etiam
1733 1972 1820 1999 mare

950 2004 1172 2046 frequentant,
1199 2006 1229 2038 ὅ(
1246 2007 1363 2048 quiain
1381 2006 1408 2049 §.
1433 2017 1486 2047 51.
1511 2008 1584 2040 LL.
1611 2008 1738 2040 Naum.
1763 2008 1820 2040 Ca-

950 2047 1004 2078 roli
1025 2046 1067 2079 V.
1092 2047 1280 2080 nominatim
1298 2049 1472 2090 expressum
1490 2049 1554 2089 est,
1575 2058 1626 2083 eas
1648 2049 1749 2091 Leges
1768 2057 1818 2080 et-

950 2088 1011 2120 iam
1029 2087 1188 2120 servarent
1204 2090 1238 2121 de
1256 2090 1422 2132 Vzffchers,
1437 2100 1473 2122 en
1488 2093 1545 2122 iven
1569 2092 1732 2134 generencle
1759 2097 1819 2122 inea

950 2131 983 2161 cle
1013 2128 1206 2171 Wffcherye‘?
1230 2131 1438 2165 dubitandum
1466 2140 1571 2164 tamen
1600 2132 1645 2165 est
1673 2131 1757 2173 quod
1779 2131 1818 2163 ad

949 2181 1045 2204 naves
1060 2172 1230 2204 halecarias
1241 2196 1251 2209 ‚
1269 2183 1339 2205 nam
1356 2173 1389 2205 in
1409 2173 1436 2216 §.
1458 2184 1510 2206 22.
1527 2174 1710 2206 Editiorum
1720 2195 1731 2212 ,
1746 2177 1818 2214 quae

951 2213 1082 2245 Carolus
1100 2213 1142 2245 V.
1167 2214 1197 2246 ὅ(
1216 2214 1382 2256 Philippus
1407 2214 1449 2246 ll.
1473 2215 1512 2246 de
1535 2213 1710 2254 piscatione
1731 2214 1816 2246 hale-

948 2255 1030 2286 caria
1056 2254 1221 2286 ediderunt
1247 2265 1339 2296 1545.
1370 2256 1401 2287 ὃ(
1425 2265 1457 2296 4.
1481 2255 1562 2296 Aug.
1598 2260 1692 2296 1564.
1725 2255 1755 2287 ὅ(
1780 2264 1814 2292 9.

949 2296 1050 2328 Mart.
1086 2302 1178 2336 1580.
1201 2296 1277 2338 (6)
1304 2300 1334 2329 dt
1362 2295 1389 2338 §.
1420 2306 1472 2329 21.
1502 2296 1714 2336 Edistorum,
1743 2301 1814 2337 quae'

949 2338 1085 2370 Ordines
1101 2336 1284 2370 Hollandiae
1304 2338 1343 2370 de
1367 2338 1480 2370 eodem
1505 2345 1691 2379 argumento
1709 2337 1815 2369 edide-

948 2387 1024 2410 runt
1050 2389 1100 2410 20.
1133 2379 1233 2411 Mai-t.
1268 2383 1361 2412 1611.
1396 2389 1445 2411 12.
1476 2379 1556 2418 MaJ'.
1592 2383 1683 2411 1620.
1708 2379 1738 2410 ὅ(
1762 2387 1813 2410 12.

948 2419 1028 2460 Maj.
1061 2423 1151 2456 1629-
1173 2419 1248 2461 (7)
1277 2419 1486 2452 constitutum
1512 2419 1580 2458 est,
1601 2419 1623 2451 11
1647 2420 1715 2461 quis
1743 2419 1813 2451 Haa

947 2460 1155 2503 riizg-vijffcher
1179 2461 1270 2492 alteri
1299 2461 1412 2493 inscius
1445 2461 1509 2493 fine
1542 2461 1619 2492 dolo
1650 2461 1734 2493 malo
1759 2461 1812 2492 da-

948 2512 1055 2534 mnum
1074 2501 1224 2541 dedisset,
1240 2502 1298 2533 hac
1319 2502 1359 2533 de
1375 2511 1408 2534 re
1418 2502 1519 2542 Judex
1538 2502 1601 2534 loci
1613 2525 1622 2542 ,
1640 2503 1720 2534 unde
1739 2511 1812 2533 ena-

947 2544 1109 2584 vigarant,
1128 2543 1281 2584 judicaret
1306 2554 1381 2575 naar
1406 2544 1555 2585 discretis,
1579 2544 1639 2575 hoe
1663 2543 1727 2582 est,
1752 2552 1812 2584 pro

944 2585 1077 2616 arbitrio
1096 2585 1127 2617 ὅ(
1145 2584 1238 2616 31111111
1258 2584 1304 2616 sui
1322 2584 1495 2622 sententia,
1515 2585 1599 2627 quod
1619 2585 1741 2617 diceres
1756 2594 1811 2617 ex-

947 2626 1073 2657 cludere
1092 2624 1241 2658 semiss'em
1255 2626 1360 2658 damni
1378 2627 1460 2666 dati,
1483 2627 1515 2659 in
1532 2627 1601 2659 aliis
1619 2626 1737 2668 legibus
1756 2635 1810 2657 ex-

947 2667 1092 2709 pressum.
1136 2667 1198 2700 Sed
1216 2668 1300 2708 quod
1315 2668 1354 2699 de
1376 2666 1581 2700 aestimatione
1598 2667 1702 2699 damni
1724 2666 1806 2697 arbi-

949 2709 1042 2741 traria
1058 2708 1203 2741 statuitur
1221 2710 1254 2741 in
1275 2709 1313 2741 iis
1329 2709 1469 2747 Editus,
1490 2717 1544 2740 aut
1562 2707 1693 2748 speciale
1708 2706 1753 2738 est
1774 2707 1809 2739 in

947 2749 1120 2791 piscatione
1143 2750 1318 2789 halecaria,
1342 2758 1377 2782 ut
1403 2751 1500 2782 multa
1527 2748 1671 2790 specialia
1697 2748 1738 2780 ibi
1755 2757 1809 2779 oc-

947 2799 1080 2823 currunt
1106 2792 1145 2823 de
1170 2794 1273 2822 vetita
1294 2791 1505 2831 appellatione
1522 2813 1532 2829 ,
1563 2790 1593 2820 &
1621 2789 1690 2821 aliis
1715 2797 1809 2830 quam

946 2833 1108 2873 plurimis,
1127 2840 1181 2865 aut
1197 2832 1437 2873 intelligendum
1458 2831 1498 2862 de
1519 2830 1653 2870 dainnO,
1677 2831 1809 2870 retibus,

945 2874 1076 2906 funibus
1097 2876 1129 2906 dc
1144 2874 1213 2906 aliis
1228 2872 1440 2904 instrumentis
1455 2871 1632 2914 piscatoriis
1649 2872 1758 2911 illato,
1776 2872 1809 2904 in

947 2925 1036 2956 quam
1058 2915 1244 2948 sententiam
1267 2914 1442 2953 proclivior
1468 2912 1582 2951 essem,
1604 2913 1676 2954 quia
1696 2913 1735 2944 de
1758 2912 1809 2944 his

947 2957 1022 2989 10113
1037 2956 1106 2989 fere
1123 2955 1224 2988 sermo
1239 2955 1284 2987 est
1301 2955 1332 2987 in
1348 2955 1413 2987 illis
1427 2954 1565 2991 Editus,
1589 2953 1620 2985 &
1647 2954 1718 2995 quia
1745 2952 1806 2985 Ca-

946 3000 1035 3030 rolus
1060 2997 1098 3029 V.
1126 3006 1208 3028 anno
1238 3005 1327 3036 1541.
1358 2996 1419 3036 jam
1442 3002 1567 3026 caverat
1590 2995 1629 3026 de
1652 2995 1809 3035 ejusmodi

946 3040 1079 3077 dainnO,
1105 3039 1135 3070 ὅ(
1153 3047 1254 3069 tamen
1271 3038 1302 3068 in
1318 3037 1454 3076 Legibus
1470 3036 1618 3068 Nauticis
1647 3045 1737 3076 1551.
1758 3037 1805 3077 pi-

946 3080 1084 3113 scatores
1100 3080 1139 3111 iis
1156 3079 1292 3120 Legibus
1311 3077 1499 3118 subjecerat,
1512 3078 1596 3118 quod
1613 3078 1651 3110 ad
1660 3080 1806 3110 damnum

1752 3119 1806 3151 sci·
1854 3156 1859 3160 ,

985 3170 1052 3207 (7).
1067 3168 1143 3201 Plac.
1165 3170 1189 3200 1.
1214 3177 1240 3198 2.
1263 3175 1288 3203 5.
1313 3175 1338 3197 1.
1359 3166 1407 3200 Ed.
1431 3166 1499 3197 Otd.
1517 3166 1594 3198 Hori.
1618 3176 1642 3198 1.
1664 3165 1700 3204 ὅ*
1721 3175 1748 3197 2.
