2008 3436
194 118 237 153 32
458 104 855 143 CORNELII
921 111 1025 138 νΛΝ

191 187 365 218 conventio
394 185 624 227 stipulationem
649 186 815 218 usui-ariam
848 183 890 214 ita
919 180 1052 219 affecit,

193 238 249 267 ut,
273 229 361 259 velut
377 230 593 268 accellbriam,
619 229 724 270 suique
750 225 974 266 appendicem,
994 230 1053 252 tra-

193 270 276 300 xerit
292 270 328 300 ad
348 268 428 301 suum
455 272 545 313 ipsius
566 272 722 307 indolem,
754 268 871 313 &inde
888 263 1053 296 oriundum

193 310 252 349 jus.
308 311 408 342 Sortis
433 312 536 352 itaque
559 311 728 344 commiss'te
761 311 875 354 usuras
901 307 1053 352 duntaxat

192 352 384 390 committi,
418 354 615 395 prosequitur
645 353 772 393 liquido.
828 350 930 394 Ali-as,
959 352 981 378 11
1004 355 1053 376 res

193 392 253 424 sint
266 393 451 434 principales
463 419 472 433 ‚
497 396 525 426 ἃ
552 395 589 426 ab
606 394 636 425 se
659 394 795 425 invicem
811 389 982 426 distinctae,
999 386 1054 417 ob-

196 435 328 472 tinebit,
352 437 436 475 quod
457 437 526 475 Cap.
535 436 681 476 fiiperiori
696 432 880 465 adduximus
897 439 937 462 ex
954 428 1052 460 Paulo

193 475 300 507 nostro
320 477 350 507 in
372 477 392 507 l.
418 487 468 517 27.
493 478 519 518 §.
544 488 571 516 4.
593 477 632 517 ff.
657 478 689 506 de
709 473 787 516 pati.
915 512 921 518 ι

235 517 340 557 Atque
365 517 436 556 liis,
469 518 655 559 generaliter
681 517 764 547 veris
780 536 790 552 ,
820 513 940 558 placuit
971 511 1053 552 JCto

196 558 334 599 quaedam
351 560 419 587 *aaz
442 559 462 588 vl
484 558 634 596 inserere,
660 566 694 589 ut
710 556 807 597 magis
826 552 953 594 stringat
965 562 997 584 ar
1020 562 1052 598 u-

192 600 356 631 mentatio.
386 599 492 631 Dilata
506 598 590 630 sorte
606 598 792 631 differuntur
811 594 929 641 usurae,
955 595 985 626 &
1019 591 1055 639 is-

193 639 338 671 feruntur
357 650 393 671 ex
410 651 438 671 eo
455 647 593 681 tempore,
617 650 669 681 quo
689 647 797 670 moram
805 637 886 677 sem
902 635 979 680 lfuc.
997 634 1055 666 Ti-

194 682 266 712 tius.
312 681 387 712 Erat
405 690 547 719 certum,
572 680 676 712 usui-as
700 680 731 711 in
746 678 848 720 specie
858 675 997 715 rumesta
1013 685 1054 707 ex

192 731 280 753 moi-a
296 721 421 760 deberi,
444 731 544 763 poenae
562 722 707 760 nomine,
731 729 795 761 quo
813 717 883 760 post
901 717 1054 763 Kalendas

193 763 281 794 fieret
297 761 425 795 solutio.
471 763 590 803 Atquin
609 772 696 794 mora
717 760 857 802 respectu
875 757 966 790 sortis
986 767 1052 804 ¹¹.s¹¹·.

191 802 289 834 versae
308 826 317 842 ,
354 812 482 845 propter
507 804 727 845 exceptionem
758 801 838 843 patri
856 822 866 836 ‚
893 806 1053 845 committi

194 853 257 875 non
276 843 396 884 potest,
418 845 472 877 nifi
483 844 555 886 post
574 854 695 885 tempus
714 843 1054 886 pensionuinbinnium

192 883 343 917 solutioni
362 895 556 927 competens.
601 886 708 918 Primo
735 882 838 916 mense
855 891 963 924 primae
981 890 1054 921 pen-

192 925 285 958 sionis
303 937 390 959 mora
408 927 473 959 fieri
492 927 632 969 poterit,
656 935 757 967 neque
783 925 884 956 ultra:
909 921 1054 954 Secundo

192 966 335 999 secundae
351 988 362 1008 ,
397 969 427 1000 δε
452 970 575 1009 primae:
607 968 724 1000 Tertio
738 966 857 1004 tertiae,
883 963 1025 995 secunda:
1041 985 1052 1002 ,

193 1009 224 1039 ἃ
240 1010 358 1050 primae.
404 1009 473 1043 Fiat
489 1011 586 1051 igitur
612 1008 810 1050 computatio
827 1015 885 1047 pro
901 1013 966 1051 rata
985 1013 1052 1035 mo-

192 1059 234 1081 rae
252 1049 419 1083 secundum
438 1061 493 1091 ea,
517 1060 587 1092 quae
607 1052 678 1091 Cap.
696 1049 755 1082 XI.
780 1045 1008 1090 proposuimus.

236 1090 388 1125 Videmus
406 1092 435 1124 &
454 1093 486 1125 in
506 1092 678 1134 genere,&
696 1090 726 1122 in
747 1089 851 1131 specie
869 1086 1052 1134 adstructam

192 1132 322 1171 huiusce
340 1134 453 1174 regulae
474 1135 658 1166 veritatem:
684 1131 756 1164 Non
781 1132 882 1162 debitae
889 1131 980 1169 sortis
995 1137 1052 1158 non

192 1174 330 1205 debentur
357 1176 455 1215 usurae.
510 1174 560 1207 Ex
587 1184 622 1205 ea
654 1182 745 1215 quam
769 1170 872 1203 valide
906 1169 1052 1215 afferatur

193 1213 284 1246 Pauli
308 1214 459 1247 sententia
477 1239 487 1255 ‚
520 1226 602 1247 nunc
626 1214 817 1257 probandum
836 1210 932 1249 esset,
954 1219 990 1255 ni-
1005 1218 1053 1255 res

191 1255 202 1287 i
228 1254 257 1287 sa
275 1255 468 1298 loqueretur.
513 1255 582 1288 Nec
598 1256 724 1296 majoris
741 1262 843 1294 operae
862 1252 925 1290 eii,
949 1250 1054 1282 scivis-

190 1265 226 1329 ΓΞ
241 1298 315 1337 quid
341 1296 437 1329 faciat
463 1299 568 1329 eadem
589 1297 694 1338 regula
707 1295 744 1326 ad
763 1292 974 1337 confutandos
990 1290 1051 1337 Ad-

191 1337 356 1370 versarios.
401 1338 462 1370 Pro
488 1339 610 1370 ratione
630 1342 797 1369 conventae
813 1332 987 1375 pensionis,
1009 1341 1053 1363 in-

191 1376 261 1420 quit
285 1379 419 1417 Paulus,
451 1386 582 1411 currunt
599 1379 628 1411 &
651 1376 795 1409 crescunt
812 1374 932 1420 usurae,
955 1382 1052 1414 quum

191 1420 257 1452 illae
277 1418 439 1461 sequantur
454 1419 540 1451 suum
550 1419 729 1461 principale.
774 1416 856 1448 Alii:
881 1413 1052 1460 iinmosor-

193 1464 236 1493 tis
259 1460 410 1492 universae
434 1460 539 1493 foenus
553 1461 621 1501 jure
635 1459 785 1497 debetur,
808 1466 903 1498 quum
929 1455 1054 1502 stipula-

192 1503 313 1535 tionem
334 1497 446 1540 sortis,
468 1511 532 1534 non
552 1501 710 1534 usurarum
723 1523 735 1539 ,
757 1499 971 1544 immutaverit
981 1505 1056 1529 con-

192 1543 314 1575 ventio.
359 1543 492 1575 Rursum
523 1542 636 1575 Paulus
652 1567 662 1583 ,
692 1542 789 1574 dilata
806 1538 890 1571 sorte
906 1537 1054 1570 differun-

191 1592 245 1617 tur
262 1584 381 1623 usurae‚
415 1594 487 1616 cum
514 1593 554 1616 ex
580 1584 716 1625 generali
739 1581 815 1624 juris
828 1579 1053 1619 fundamento,

193 1633 261 1657 tuni
285 1634 326 1658 ex
349 1625 498 1668 requifito
525 1635 632 1657 moi-ae.
690 1623 801 1656 Viden'
816 1644 827 1661 ,
864 1631 955 1662 quam
981 1629 1055 1668 vei-e

191 1666 261 1699 haec
287 1665 443 1708 responsio
467 1668 542 1698 viva
568 1667 605 1702 ὅ)
620 1666 741 1708 spirans
770 1673 787 1695 a
813 1663 922 1701 Zafio,
935 1662 1056 1708 subtilis

192 1708 230 1743 ὅ)
252 1716 340 1740 acuta
361 1709 399 1740 ab
423 1708 630 1740 Hotomanno
657 1708 777 1739 dicatur
790 1711 956 1751 :spoter'at
971 1712 1053 1750 enim

190 1759 226 1781 ea
242 1749 370 1791 defungi
389 1749 486 1791 JCtus
502 1749 539 1781 ad
553 1749 729 1790 probanda,
752 1755 827 1791 quin
845 1746 874 1778 ὅ(
893 1744 1052 1777 vindican-

190 1791 249 1830 da,
272 1801 341 1832 quae
355 1791 486 1823 dixerat.

237 1832 385 1864 Attamen
419 1832 521 1865 visum
545 1833 589 1866 est
620 1833 738 1866 PAULO
771 1828 931 1863 liberalius
963 1838 1054 1870 agere

192 1883 265 1904 cum
285 1873 445 1905 sententiae
458 1876 626 1907 conti-ariae
643 1872 930 1916 Propugnatoribus
943 1893 954 1910 ,
977 1871 1054 1902 licet

190 1924 300 1946 verum
329 1914 365 1946 sit
376 1936 387 1953 ‚
419 1915 564 1948 hactenus
582 1915 737 1957 disputata
753 1914 791 1947 ad
806 1912 905 1945 causae
926 1919 1053 1958 contro-

190 1954 287 1987 versae
312 1955 506 1989 intellectum
524 1982 534 1997 ,
565 1959 595 1990 δι
619 1956 876 1997 dijudicationem
914 1953 1054 1999 sufficere

191 1996 301 2027 videri.
348 1996 478 2039 ltaque,
500 2009 569 2039 quae
589 1998 792 2039 objecerant,
823 1996 862 2027 iis
882 1994 947 2036 ipse
964 1994 1053 2036 largi-

192 2045 261 2075 tUl‘3
293 2035 344 2069 sed
368 2039 442 2079 quid
461 2040 554 2072 tum?
578 2047 698 2072 tanturn
714 2039 869 2071 tollentur
883 2037 915 2068 in
935 2036 1055 2073 altum,

190 2085 227 2109 ut
245 2077 332 2119 lapsu
349 2080 493 2120 graviore
509 2082 610 2113 ruant.
654 2081 795 2112 Adverte
811 2078 967 2110 animum:
991 2076 1033 2108 Et
1042 2098 1055 2115 ,

184 2118 214 2158 fi
236 2118 287 2159 (ziz
304 2117 354 2150 ille
368 2121 513 2162 putabat)
535 2124 572 2153 ad
590 2123 784 2162 exceptionem
811 2125 928 2151 tantum
939 2119 1053 2158 prodes-

184 2161 234 2202 set
256 2160 376 2201 pallum
400 2161 554 2203 (quamvis
566 2164 719 2204 sententia
738 2161 854 2202 diversa
868 2159 1054 2200 obtinuerit)

192 2202 460 2242 tamen.usicrarum
487 2204 626 2246 obligatio
654 2204 711 2245 ipſs)
731 2204 799 2245 jure
823 2211 880 2233 non
896 2202 1053 2232 committe-

191 2249 250 2275 tur.
293 2243 406 2275 Ratio:
432 2244 504 2276 Non
521 2248 610 2277 etiam
629 2247 662 2277 in
687 2254 766 2276 mora
783 2242 824 2285 est
838 2245 880 2282 is,
905 2253 923 2273 α
940 2252 992 2284 quo
1007 2248 1054 2283 pe-

190 2285 281 2315 cunia
297 2290 416 2324 propter
439 2288 634 2327 exceptionem
656 2288 721 2328 peti
737 2295 793 2316 non
812 2282 913 2325 potest.
960 2283 995 2315 ln
1012 2284 1054 2315 le-

191 2326 296 2356 ctione
319 2325 431 2357 horum
458 2326 648 2366 verborum,
685 2336 775 2369 quam
795 2326 886 2357 nobis
905 2323 1052 2356 Thusco-

190 2376 259 2398 rum
284 2365 396 2398 Codex
421 2367 524 2407 dedit,
555 2369 634 2401 nihil
651 2369 719 2409 jure
740 2367 904 2399 sollicites.
949 2366 983 2397 Si
1002 2365 1054 2397 hic

191 2407 236 2438 est
256 2416 314 2446 pro
332 2407 462 2447 etiamsi,
506 2412 637 2442 uamvis:
660 2409 820 2450 alioquin,
842 2407 864 2440 fi
879 2406 982 2439 sensus
998 2415 1053 2438 co-

190 2448 342 2487 haereret,
354 2419 547 2489 conjunciim
560 2451 696 2492 legerem
714 2449 766 2488 etfi
775 2460 785 2487 3
795 2458 877 2481 nunc
893 2449 1054 2489 duplarem

192 2490 223 2521 ἃ
244 2490 276 2520 in
296 2489 375 2528 ET,
398 2490 460 2521 hoc
478 2490 581 2523 sensu:
608 2491 672 2530 Et,
695 2491 746 2530 etfi
777 2490 827 2531 (ut
844 2487 894 2521 ille
909 2488 1054 2530 putabat)

192 2531 251 2562 δίθ-
296 2529 376 2568 Sed,
407 2539 441 2561 ut
464 2532 549 2571 dixi,
575 2533 657 2565 idem
681 2531 805 2574 praestat
825 2530 1053 2571 rofiiimplici-

191 2579 263 2609 ter,
295 2571 554 2612 quemadmodum
582 2574 619 2605 ab
643 2574 712 2605 aliis
740 2574 801 2613 jam
828 2579 973 2604 notatum
998 2570 1051 2603 cst.

190 2612 310 2643 Verum
328 2611 394 2643 haec
408 2611 477 2644 sunt
498 2614 660 2646 minutula.
707 2614 809 2646 Aliter
825 2611 1052 2654 graffaturfio-

188 2661 357 2685 tomannus
381 2652 449 2684 Lib.
473 2654 532 2685 XI.
562 2655 683 2696 Obfi’rv.
712 2656 743 2686 C.
774 2663 799 2685 1.
843 2653 946 2694 Nam,
971 2653 1052 2693 post-

190 2701 282 2734 quam
309 2690 404 2725 fassus
425 2702 490 2726 erat
513 2695 657 2735 <diffiteri
684 2697 800 2736 quippe
824 2704 888 2726 non
931 2696 1052 2734 otcrat)

190 2735 376 2776 scripturam
403 2734 549 2767 haCtenus
582 2744 738 2778 receptam
763 2735 837 2767 ferri
863 2735 948 2776 poi'e
966 2759 975 2772 ‚
1009 2744 1052 2766 ta-

188 2786 260 2808 men
286 2776 455 2807 commodius
480 2777 510 2808 δε
531 2778 712 2819 conjunctius
739 2778 782 2808 itu
799 2776 963 2817 legendum
980 2785 1051 2807 cen-

188 2817 252 2849 set:
280 2817 352 2848 Tum
364 2818 513 2858 usurarum
537 2820 673 2860 obligatio
701 2819 760 2859 ipſs>
772 2818 839 2860 jure
861 2818 1047 2849 committere-

189 2865 245 2890 tur.
291 2857 375 2889 Dein
400 2857 554 2890 subaudiri
582 2861 674 2892 vult:
739 2861 791 2891 uoci
817 2857 880 2899 effet
897 2857 976 2888 ditia
997 2859 1047 2888 ab·

179 2897 384 2940 fisrdiffimum.
431 2899 626 2932 Incredibilis
643 2899 852 2933 commoditas
870 2899 900 2930 ὅ(
917 2898 1046 2938 conjun-

188 2940 252 2972 etio
265 2964 274 2979 ,
299 2940 351 2971 ubi
369 2940 512 2986 quaedam-
529 2950 707 2980 mutantur,
731 2940 873 2982 quaedam
891 2939 1047 2977 delentur,

188 2981 240 3018 ἃ,
271 2990 310 3011 ne
333 2981 407 3021 quid
431 2981 515 3012 dictu
536 2982 658 3015 absurdi
679 2982 756 3015 defit
776 3003 787 3019 ‚
818 2987 884 3012 tota
902 2980 1047 3022 periodus

187 3021 251 3052 sola
272 3030 377 3060 mente
395 3021 569 3055 infarcitur.
615 3021 699 3056 Bene
715 3023 745 3055 fe
772 3022 864 3054 habet
878 3020 989 3053 excusa
1006 3021 1047 3051 lc-

186 3063 273 3100 ctio,
295 3063 324 3094 dt
341 3062 538 3094 Hotomanni
560 3064 762 3105 figmentum,
787 3073 825 3095 ne
848 3062 962 3104 singula
1002 3071 1047 3092 er-

187 3101 314 3148 scquar,
339 3103 410 3135 satis
426 3103 566 3137 retundit
592 3104 727 3147 subjecta
756 3106 837 3136 ratio
856 3104 887 3135 in
904 3102 948 3134 vs.
1003 3102 1045 3133 'on

189 3153 275 3173 emm.

228 3182 340 3224 ltaque
363 3184 494 3218 Paulum
515 3209 524 3224 ,
555 3195 652 3227 prom
669 3197 741 3220 eum
755 3185 974 3223 exhibuimus,
997 3184 1042 3216 in-

1091 96 1693 134 BYNKERSHOEK

1096 177 1292 219 terpretaturi
1313 200 1324 216 ,
1356 176 1514 208 videamus
1538 177 1641 217 primo
1657 199 1667 214 ‚
1694 183 1786 215 quem
1803 175 1947 210 denotare

1095 220 1255 259 videatur,
1280 229 1350 250 cum
1369 219 1432 250 ait:
1455 224 1487 249 uc
1503 218 1553 249 ille
1565 219 1702 258 putabat.
1747 215 1945 258 Certumest,

1095 261 1208 298 exiis,
1238 261 1292 302 qui
1317 259 1371 301 ipsi
1397 258 1659 297 adversabantur,
1683 258 1785 288 notari
1802 258 1871 289 heic
1886 260 1946 292 An-

1095 301 1299 342 tagonistani‚
1323 301 1421 332 dubio
1441 299 1553 341 procul
1578 300 1747 331 illunrem:
1767 307 1799 330 at
1815 299 1884 340 quis
1899 301 1947 334 ille

1095 342 1212 380 fuerit,
1237 351 1358 374 tantum
1377 351 1440 373 non
1458 342 1623 373 incertum.
1667 340 1769 378 Sunt,
1790 340 1843 381 qui
1862 350 1946 381 pror.

1096 382 1144 415 sus
1160 393 1223 415 non
1238 384 1403 421 dubitant,
1439 382 1606 423 Ulpianum
1621 381 1775 421 intelligi,
1798 381 1891 422 idque
1909 392 1949 417 ex

1097 425 1264 457 traditione
1288 425 1431 465 vulgari,
1462 433 1523 465 qua
1542 423 1701 462 creditur,
1726 423 1855 454 Paulum
1873 424 1951 465 inter

1097 466 1126 496 dt
1148 466 1313 506 Ulpianum
1330 465 1444 497 semina
1460 465 1670 498 aemulationis
1684 473 1739 505 per
1753 465 1802 505 jus
1811 465 1950 500 nostrum

1096 506 1200 547 paffim
1219 505 1279 538 csse
1300 505 1418 548 sparsa,
1440 507 1578 538 adductis
1593 508 1625 539 in
1642 514 1708 537 eam
1729 515 1793 537 rem
1815 506 1950 541 testimo-

1095 548 1154 579 niis
1173 551 1263 588 quam
1288 548 1430 588 pluribus
1446 572 1455 588 ‚
1486 549 1586 579 veluti
1609 548 1629 580 l.
1654 557 1706 588 43.
1725 547 1765 589 ff.
1790 549 1823 579 cle
1844 548 1954 584 astion..

1096 595 1161 620 emt.
1187 589 1208 620 l.
1232 592 1283 631 36.
1301 588 1343 630 ff.
1360 589 1466 628 famil.
1489 589 1587 631 ercisc.
1609 589 1698 630 (quae
1719 589 1765 621 est
1782 599 1822 621 ex
1840 591 1950 625 eodem

1098 629 1293 678 Quaestionum
1310 629 1424 670 opere)
1446 631 1465 661 l.
1489 639 1540 670 44.
1565 631 1594 671 §.
1619 635 1649 665 8.
1667 630 1709 672 ff.
1732 632 1766 662 tle
1785 633 1893 664 condit.
1916 632 1952 669 δ’

1095 670 1244 711 delrionstr.
1270 671 1291 702 l.
1315 674 1345 702 6.
1363 671 1403 712 ff.
1429 672 1463 702 cle
1481 673 1652 711 Jiaeicomm.
1677 673 1772 704 libert.
1796 673 1818 706 l.
1835 683 1863 705 2.
1883 673 1950 715 §.4-

1090 712 1130 753 ff.
1160 718 1214 752 pro
1237 719 1322 753 empt.
1367 711 1426 743 sed
1443 721 1506 744 non
1521 712 1583 751 cll,
1606 713 1691 753 quod
1711 722 1772 745 tam
1788 715 1872 756 large
1887 718 1954 748 naec

1095 752 1187 785 nobis
1203 751 1330 785 obtrudi
1345 753 1508 793 patiamur.
1542 753 1731 794 Ulpianum,
1753 754 1876 795 fateor,
1898 766 1954 788 no-

1097 795 1179 825 tavit
1197 793 1331 832 Paulus,
1352 802 1383 824 at
1403 793 1496 825 semel
1519 803 1659 833 tantum,
1683 795 1766 835 quod
1787 796 1897 836 seiani,
1922 798 1955 830 in

1097 834 1245 867 universo
1272 836 1359 875 jure,
1391 844 1463 866 cum
1488 835 1595 876 elogio
1620 835 1748 867 Domitii
1774 836 1899 877 Ulpiani
1922 839 1954 871 in

1096 878 1126 908 d.
1150 877 1170 908 l.
1195 886 1248 918 43.
1277 876 1318 917 ff.
1352 877 1385 907 de
1406 875 1511 907 astion.
1536 882 1604 909 emt.
1648 876 1745 923 Quod
1761 878 1798 909 ad
1815 879 1952 919 reliqua,

1095 917 1236 949 dicamus
1255 927 1319 949 non
1340 917 1468 958 liquere.
1512 917 1649 957 Verum,
1673 919 1780 959 ajunt,
1803 917 1858 950 sub
1874 929 1955 952 voce

1097 957 1228 1004 Quidam
1252 958 1303 990 vel
1328 958 1397 991 Alii
1427 958 1595 1000 Ulpianum
1620 959 1728 1001 utique
1757 960 1956 1001 reprehendit

1095 1000 1226 1041 Paulus:
1249 999 1319 1040 quis
1336 1000 1397 1031 hoc
1413 1000 1523 1032 dicat?
1547 1002 1807 1042 utcunquehenim
1822 1011 1884 1034 non
1902 1011 1954 1034 ne-

1094 1050 1202 1083 gemus
1219 1064 1230 1080 ,
1260 1041 1338 1072 illud
1365 1041 1500 1082 potuiss'e
1517 1041 1604 1081 fieri,
1637 1043 1699 1081 ita,
1721 1044 1888 1083 quominus
1910 1042 1955 1076 fa-

1095 1085 1178 1114 ctum
1192 1082 1253 1113 effe
1274 1081 1506 1122 adseveremus,
1542 1091 1628 1114 vetat
1658 1082 1774 1115 sumina
1793 1084 1956 1117 incertitu-

1094 1123 1155 1155 do:
1178 1122 1349 1164 praesertim
1364 1132 1437 1154 cum
1460 1123 1601 1162 constet,
1626 1125 1671 1155 uti
1698 1134 1774 1157 mox
1793 1126 1954 1167 dicemus,

1095 1164 1226 1196 Paulum
1251 1169 1315 1195 non
1339 1162 1432 1195 semel
1454 1187 1463 1203 ‚
1495 1163 1546 1195 sed
1571 1166 1736 1207 aliquoties
1754 1166 1959 1209 Papinianum

1096 1204 1282 1237 nominatim
1319 1205 1374 1236 fibi
1407 1204 1634 1237 confutandum
1661 1206 1804 1240 sumsisse.
1849 1208 1893 1240 Ut
1917 1219 1956 1242 ue

1096 1246 1173 1277 adeo
1190 1269 1201 1286 ‚
1231 1253 1366 1285 quorum
1391 1247 1558 1277 contentio
1582 1256 1688 1288 aperta
1712 1250 1810 1290 magis
1832 1250 1863 1282 &
1908 1260 1955 1282 re-

1095 1296 1192 1329 quens
1217 1285 1262 1318 est
1279 1309 1288 1325 ,
1322 1295 1431 1318 eorum
1455 1288 1484 1318 ot
1508 1288 1667 1319 aemulatio
1691 1291 1787 1321 tacita
1812 1291 1955 1324 videatur

1095 1329 1194 1369 magis
1221 1326 1440 1369 praesumenda.
1487 1328 1644 1368 Accedit,
1675 1330 1758 1371 quod
1773 1330 1887 1365 Paulus
1902 1333 1955 1365 Pa-

1094 1369 1253 1411 pinianum
1271 1391 1283 1408 ,
1312 1368 1498 1401 Praefectum
1515 1371 1666 1411 praetorio
1677 1395 1686 1410 ,
1717 1371 1806 1412 cujus
1822 1372 1888 1414 ipse
1905 1374 1956 1406 ad-

1095 1409 1189 1442 seffor
1206 1419 1288 1449 erat,
1315 1412 1432 1442 totiens
1447 1420 1642 1444 nominatum
1659 1412 1808 1444 vellicare
1825 1418 1888 1446 ‘non
1906 1424 1958 1447 au-

1096 1451 1144 1484 sus
1157 1475 1167 1491 ,
1192 1452 1275 1483 hunc
1293 1450 1392 1492 ipsum
1407 1452 1501 1484 etiam
1523 1454 1577 1484 sub
1596 1454 1806 1495 appellatione
1832 1465 1957 1498 genera-

1095 1493 1117 1525 li
1134 1494 1300 1535 aliquando
1318 1493 1529 1532 intellexiss'e,
1553 1496 1590 1526 iit
1609 1495 1782 1536 probabile.
1816 1497 1956 1539 Papinia-

1095 1544 1170 1566 num
1200 1534 1316 1576 igitur,
1347 1545 1385 1566 an
1415 1535 1603 1577 Ulpianum,
1627 1536 1894 1580 Tryphoninum,
1917 1549 1954 1572 an

1096 1575 1243 1609 Mesfium
1259 1599 1270 1616 ,
1300 1575 1528 1609 adsessbl·u1ssvc
1565 1579 1679 1618 alium,
1703 1580 1778 1621 quin
1804 1580 1834 1612 δε
1859 1590 1898 1612 an
1922 1590 1954 1612 o-

1097 1627 1184 1650 mnes
1209 1617 1297 1649 simul
1323 1619 1484 1650 notaverit
1511 1619 1544 1652 in
1573 1621 1601 1651 d.
1634 1621 1654 1652 l.
1678 1630 1729 1661 44.
1755 1619 1784 1662 §.
1807 1626 1836 1656 8.
1857 1621 1896 1663 ff.
1920 1623 1954 1655 de

1097 1660 1178 1690 cond.
1220 1658 1256 1694 δέ)
1295 1658 1446 1700 demonstr.
1485 1661 1505 1692 1.
1535 1665 1567 1693 6.
1593 1661 1634 1703 ff.
1666 1663 1699 1693 de
1725 1661 1825 1703 fideiC.
1858 1664 1953 1697 libert.

1098 1701 1128 1732 δι
1148 1701 1285 1740 eiusdem
1312 1700 1420 1732 farinae
1446 1701 1609 1742 plurimis,
1634 1704 1708 1735 milii
1726 1704 1869 1745 equidem
1891 1714 1955 1738 non

1096 1742 1231 1774 constat.
1277 1742 1312 1774 In
1329 1742 1411 1773 dieta
1428 1750 1532 1776 autem
1555 1745 1577 1777 l.
1600 1748 1652 1797 36.
1670 1744 1710 1786 ff.
1728 1745 1832 1786 famil.
1857 1747 1955 1788 ercisb.

1096 1792 1197 1824 neque
1223 1782 1412 1829 Ulpianum,
1445 1794 1546 1827 neque
1567 1785 1721 1826 jocorum
1737 1787 1830 1818 alium
1847 1790 1955 1828 putem

1097 1824 1263 1866 significari
1292 1825 1339 1856 his
1366 1824 1471 1857 verbis
1489 1849 1501 1865 ‚
1523 1827 1579 1869 sed
1598 1833 1630 1859 tu
1645 1829 1754 1859 videris
1780 1837 1809 1858 eo
1822 1831 1955 1867 moveri,

1097 1865 1149 1897 sed
1176 1865 1389 1898 consultorem
1410 1890 1421 1905 ,
1454 1867 1490 1899 ad
1508 1878 1600 1909 quem
1619 1878 1655 1901 ea
1675 1867 1788 1901 diretta
1806 1864 1884 1908 este,
1909 1871 1957 1902 in-

1096 1915 1198 1939 nuunt
1223 1907 1443 1948 praecedentia.
1523 1910 1575 1941 uid
1600 1910 1739 1942 dicemus
1762 1909 1798 1940 ad
1828 1911 1857 1942 d.
1879 1911 1899 1942 l.
1923 1921 1952 1943 2.

1097 1947 1126 1990 §.
1146 1959 1177 1989 4.
1192 1948 1234 1990 ff.
1264 1955 1315 1990 pro
1342 1949 1455 1989 empt.?
1483 1950 1608 1983 scilicet
1633 1960 1733 1993 neque
1751 1949 1792 1982 ibi
1812 1954 1956 1985 conflare

1096 1996 1136 2021 de
1162 1989 1300 2032 pei-soiiae
1319 2013 1329 2029 ,
1361 1990 1601 2031 personarumve
1627 1991 1830 2024 certitudine:
1859 1993 1956 2034 Alii,

1096 2032 1198 2072 inquit
1227 2032 1340 2064 Paulus
1357 2054 1369 2070 ‚
1391 2034 1538 2072 putabant
1562 2032 1598 2068 ὅ)
1618 2034 1698 2065 hanc
1713 2033 1770 2074 Jitb
1792 2036 1954 2068 conditione

1096 2072 1146 2114 effe
1170 2072 1374 2109 εοητναὲἶαηις
1403 2082 1483 2105 JLLE
1513 2074 1658 2115 (perinde
1672 2084 1708 2106 ac
1727 2075 1759 2105 iri
1774 2075 1876 2108 nostra
1897 2075 1957 2119 L.)

1095 2124 1153 2145 non
1177 2114 1308 2145 c'oizircibi
1324 2136 1336 2153 ,
1355 2115 1410 2155 Jed
1429 2114 1531 2155 rest>lvi
1552 2117 1673 2148 dicebat.
1755 2117 1954 2158 uaesententia

1096 2166 1167 2188 vera
1185 2154 1233 2197 eft.
1280 2156 1343 2187 Sub
1371 2155 1507 2187 Aliorum
1531 2157 1691 2188 vocabulo
1715 2159 1744 2191 U
1761 2159 1888 2198 pianum
1903 2159 1954 2191 de-

1096 2198 1204 2239 signari
1231 2196 1378 2237 CuJ'acius
1405 2206 1573 2230 autumat:
1619 2199 1728 2239 ecquis
1761 2208 1865 2232 autem
1888 2207 1954 2233 tum

1096 2241 1156 2271 erit
1173 2239 1228 2270 ille
1248 2247 1348 2270 ILLE
1368 2239 1385 2271 52
1423 2238 1532 2279 quidni
1558 2240 1711 2280 Ulpianus
1727 2264 1736 2280 ‚
1776 2241 1865 2281 cujus
1891 2240 1953 2274 sen-

1097 2280 1226 2312 tentiani
1259 2280 1335 2311 licet
1359 2280 1492 2321 probet,
1523 2282 1688 2314 nominato
1710 2289 1812 2314 tamen
1829 2282 1896 2323 ejus
1911 2289 1955 2314 te·

1097 2321 1245 2354 stimonio
1262 2321 1307 2352 uti
1320 2343 1332 2358 ‚
1355 2324 1385 2353 ὁ(
1403 2321 1608 2361 ευξὶοτίῑαῑε,
1631 2323 1759 2355 vetabat
1776 2322 1955 2355 aemulatio?

1097 2363 1206 2404 quidni
1232 2362 1417 2403 Papinianus
1435 2362 1451 2393 .9
1480 2362 1560 2394 nihil
1585 2363 1741 2404 probibet.
1788 2363 1906 2407 Quidni
1926 2374 1954 2395 a·

1096 2405 1184 2437 lius?
1208 2414 1263 2445 per
1279 2413 1328 2435 nie
1344 2403 1431 2435 licet.
1475 2404 1528 2435 Sic
1556 2411 1590 2435 ut
1614 2411 1734 2436 tantum
1753 2413 1818 2436 non
1836 2405 1954 2436 incerta

1096 2445 1154 2478 fint
1173 2446 1295 2485 omnia,
1320 2455 1391 2486 quae
1409 2453 1554 2486 tanquam
1574 2444 1736 2477 certiffima
1754 2445 1957 2478 venditantur

1097 2488 1150 2520 vul
1175 2496 1207 2520 ο.

1173 2538 1215 2561 on
1239 2535 1341 2561 tamen
1366 2528 1399 2560 in
1421 2528 1475 2559 hac
1497 2529 1523 2560 le
1546 2538 1561 2559 e
1590 2537 1641 2568 4ο.
1680 2528 1798 2560 alienus
1822 2527 1914 2560 ess'em
1936 2538 1955 2561 a
1991 2561 1997 2567 ,

1095 2571 1273 2610 conjectura
1296 2570 1406 2610 (aliter
1425 2570 1509 2601 enim
1556 2578 1601 2600 aec
1620 2578 1668 2600 res
1686 2569 1805 2610 transigi
1825 2569 1956 2612 nequit)

1097 2611 1233 2643 Paulina:
1259 2611 1289 2641 in
1312 2610 1479 2651 Ulpianum
1501 2618 1595 2641 notae.
1642 2610 1877 2642 Memoraverat
1892 2611 1953 2651 J'am

1096 2653 1211 2684 Paulus
1235 2651 1409 2683 diffidentes
1435 2650 1611 2683 Adsess'orcs
1630 2673 1641 2691 ,
1673 2652 1702 2683 ὅ(
1720 2661 1835 2690 omne,
1859 2658 1894 2683 ut
1909 2652 1954 2684 ita

1095 2694 1194 2725 dicam
1212 2715 1222 2732 ‚
1254 2692 1393 2733 ignobile
1416 2692 1528 2732 vulgus
1561 2691 1616 2724 sub
1646 2692 1762 2724 vocula
1794 2692 1923 2738 Quidam
1941 2703 1952 2725 .·

1095 2734 1145 2766 sed
1169 2734 1219 2765 hic
1238 2756 1247 2772 ,
1279 2733 1438 2773 paululum
1457 2755 1468 2771 ,
1500 2739 1533 2764 ut
1559 2733 1705 2772 videtur,
1729 2734 1922 2766 commotior
1939 2757 1951 2774 ‚

1093 2774 1286 2817 singulariter
1307 2773 1408 2805 adhuc
1432 2782 1523 2805 notat
1548 2776 1715 2805 contrariae
1731 2773 1821 2806 seelae
1837 2773 1950 2816 princi-

1093 2826 1185 2857 pem,
1208 2815 1276 2847 aliis
1296 2814 1347 2846 vel
1368 2815 1543 2855 dignitate,
1567 2815 1618 2846 vel
1637 2815 1714 2855 juris
1731 2814 1858 2847 scicntia
1873 2825 1950 2856 prae-

1092 2865 1228 2888 euntem.
1274 2855 1418 2896 Utroque
1438 2857 1562 2896 quidem
1582 2856 1644 2887 hoc
1669 2864 1809 2897 tempore
1831 2865 1903 2888 ante
1918 2865 1952 2888 ο·

1092 2908 1178 2929 innes
1195 2896 1347 2928 excelluit
1364 2897 1526 2929 acutiflimi
1546 2897 1596 2929 vir
1614 2897 1727 2938 ingenii
1754 2897 1950 2938 Papinianus,

1091 2947 1121 2970 at
1138 2948 1209 2970 cum
1236 2948 1274 2969 co
1302 2937 1372 2968 licie
1395 2937 1478 2977 JCto
1500 2948 1565 2970 rem
1582 2946 1645 2970 non
1661 2937 1774 2977 fuiss'e,
1800 2947 1890 2979 quam
1912 2937 1950 2971 fit

1091 2979 1255 3012 vei-iiiiiiilc
1271 3001 1281 3016 ,
1313 2979 1471 3019 apparabit
1496 2978 1609 3012 statim.
1655 2978 1728 3011 Post
1742 2978 1826 3010 hunc
1844 2978 1948 3021 Ulpia-

1095 3031 1135 3054 no
1153 3042 1163 3058 ,
1195 3021 1454 3062 Juriiprudeutum
1479 3043 1490 3060 ‚
1512 3029 1547 3052 ut
1562 3019 1680 3052 dicitur
1696 3019 1727 3051 in
1749 3020 1770 3052 l.
1796 3029 1842 3062 13.
1866 3019 1894 3062 §.
1916 3029 1948 3053 2.

1089 3064 1122 3094 cle
1151 3061 1274 3102 excusat.
1307 3068 1459 3099 κορυφαιῳ,
1491 3071 1603 3100 nemo,
1635 3069 1727 3102 quem
1750 3061 1950 3102 peculiariter

1088 3103 1249 3135 induceret
1280 3102 1412 3141 Paulus,
1443 3101 1507 3134 fuit
1533 3102 1680 3144 dignior,
1702 3108 1816 3143 utpote
1834 3110 1905 3133 cum
1925 3102 1946 3133 i-

1088 3143 1144 3186 pso
1162 3144 1259 3174 Paulo
1279 3143 1317 3174 de
1345 3143 1446 3183 palma
1472 3151 1603 3175 certans.
1623 3155 1627 3159 ¹
1649 3141 1711 3174 His
1726 3142 1821 3180 adde,
1844 3142 1873 3174 δι
1892 3141 1946 3174 Ul-

1088 3186 1213 3226 pianum
1231 3185 1261 3216 in
1278 3183 1446 3216 adseil'orio
1460 3183 1620 3226 Papiniani
1635 3182 1728 3216 fuiffc
1740 3202 1751 3223 ,
1774 3185 1806 3216 ἃ
1820 3189 1874 3224 per
1877 3181 1946 3254 ¹hoc

1890 3232 1943 3255 ει]-
