2008 3436
202 127 271 160 244
453 118 852 156 CORNELII

197 203 247 227 tus
262 195 419 238 utrimque
431 197 509 230 liber
526 199 731 239 desideratur,
743 200 794 241 qui
812 200 832 232 si
849 201 887 233 ab
905 210 965 233 una
981 201 1056 232 dun-

200 245 284 268 taxat
299 246 386 277 parte
401 238 479 271 liber
497 240 552 279 fit,
576 241 614 272 ab
628 251 663 272 ea
682 242 758 273 rniffi
775 250 894 274 tanturn
912 242 979 281 jure
999 241 1056 273 Le-

200 286 345 318 gatorum
361 282 556 319 utuntur,ab
573 282 630 314 alia
647 282 723 313 missi
741 283 777 314 ad
787 291 952 315 externum
969 282 1055 314 Prin-

199 319 303 359 cipem
313 342 324 358 ,
347 321 498 353 habentur
513 332 572 364 pro
588 323 730 362 nunciis,
747 323 784 354 ad
800 323 886 355 suum
899 333 977 364 ,pro
992 322 1056 354 sub-

197 360 291 399 ditis,
315 360 357 393 fic
381 371 416 394 ut
442 364 473 395 in
496 374 550 395 eos
569 364 716 404 Princeps
746 373 892 396 exercere
911 365 1001 406 poffit
1026 363 1057 395 id

195 400 263 440 jus,
288 403 372 442 quod
391 405 423 436 in
447 405 584 445 reliquos
603 404 742 436 subditos
766 414 903 437 exercet.
949 406 1057 450 Quum

197 450 308 474 contra
327 444 485 477 Romanos
501 446 633 477 rebelles
649 446 758 477 Batavi
775 447 812 478 ad
830 446 978 478 Petilium
999 445 1057 490 Ce-

196 484 312 515 realem
328 485 475 518 misissent
494 486 646 527 Legatum
670 496 742 519 cum
768 488 886 525 literis,
911 488 999 519 nullo
1020 487 1057 517 iis

195 523 343 564 responso
358 526 452 565 dato,
477 528 586 567 quibus
604 536 704 567 neque
725 529 890 569 legationis
907 528 955 567 jus
972 535 1057 565 crat,

195 565 296 605 ipsum
313 567 464 608 Legatum
487 568 618 599 Romam
642 568 723 601 misit
749 570 906 606 Cerealis,
928 569 1055 610 punien-

195 607 269 637 dum
294 606 433 647 scilicet,
466 609 486 640 si
510 610 539 640 &
564 608 628 649 ipse
655 619 726 642 reus
755 611 1056 650 deprehenderetur,

195 655 232 678 ut
252 648 318 679 hoec
339 649 430 680 habet
446 649 581 681 Tacitus
598 650 638 682 L.
660 650 715 683 IV.
739 650 853 692 Hz'stor.
881 652 912 682 C.
937 661 988 692 75.
1012 651 1055 683 Et

195 687 379 722 Ludovicus
400 691 536 722 Bavarus
554 701 635 722 anno
659 701 747 733 1327.
779 692 980 731 pisanorum,
1004 692 1055 733 qui

193 728 294 769 ipsum
330 731 360 761 in
396 730 514 763 Urbe'm
544 731 627 763 suam
655 735 792 774 recipcre
823 734 1055 771 detreffitabant,

193 769 393 809 Legatos,ad
411 772 577 804 introitum
597 774 809 807 redimendum
827 774 952 812 missos,
968 784 1052 806 com-

193 811 341 851 prehendi
360 813 462 852 jussit‚
492 822 526 845 ut
547 813 592 845 est
615 816 695 856 apud
718 817 917 858 Burgundum
938 814 1053 856 Histor.

197 851 308 883 Bavar.
335 854 373 885 L.
394 853 430 885 Η.
450 861 482 894 p.
501 866 539 887 m.
566 865 634 887 102.

236 894 332 925 Scissa
348 895 378 926 in
393 894 545 928 faetiones
566 896 754 938 Republica,
773 898 915 930 interesse
926 906 1054 940 putem,

194 942 289 974 penes
319 945 408 976 quam
429 945 547 977 partem
574 937 632 969 stet
656 939 700 969 rei
727 940 835 980 agendi
854 940 1008 981 potestas,
1031 941 1053 972 fi

195 983 289 1014 penes
306 986 417 1016 unam,
444 986 479 1009 ut
496 988 568 1010 ante
586 979 670 1011 stetit
682 1003 691 1018 ,
716 989 773 1011 nec
791 981 990 1020 aliorum,ad
1006 991 1053 1013 res

194 1016 342 1056 agendas,
366 1018 552 1052 desideretur
571 1019 754 1059 consensus,
779 1023 872 1053 etiam
899 1023 967 1054 haec
989 1022 1054 1053 sola

191 1057 275 1088 ret-”te
294 1058 428 1100 Legatos
447 1061 565 1100 mittit,
589 1062 619 1093 &
639 1062 686 1093 his
705 1063 880 1104 competit,
905 1063 1055 1104 quicquid

193 1099 277 1130 veris
293 1098 428 1141 Legatis.
454 1102 503 1133 Eo
519 1103 587 1141 jure
605 1102 766 1142 censendi,
791 1114 869 1145 quos
885 1114 902 1135 a
923 1104 1055 1136 Vitellio

193 1139 231 1170 ad
251 1140 466 1181 Vespasianum
484 1142 591 1175 miffos
614 1143 748 1176 Tacitus
764 1152 917 1177 memorat
940 1145 980 1176 L.
999 1144 1055 1176 ΙΙΙ.

195 1178 307 1221 Hister.
336 1183 366 1213 C.
387 1188 435 1218 80.
482 1184 574 1215 Unde
591 1184 673 1216 reete
691 1186 729 1217 de
746 1187 794 1218 his
810 1186 937 1227 Legatis
955 1185 1054 1225 super-

193 1221 272 1253 dicit
293 1222 444 1256 Tacitus:
468 1227 501 1256 m'
521 1227 586 1256 dato
602 1236 620 1256 a
638 1226 721 1258 Duce
735 1226 862 1267 praesidio
880 1227 991 1267 defenfi
1002 1226 1052 1266 fo-

194 1268 283 1302 rent,
298 1264 418 1305 sacrum
442 1268 531 1297 etiam
550 1268 582 1297 in
608 1273 722 1298 exteras
743 1269 852 1299 Gentes
874 1269 1055 1310 Legatorzim

190 1303 260 1346 jus,
285 1311 352 1336 ante
372 1307 433 1346 ipsit
452 1307 563 1338 Patriae
583 1310 707 1345 moenia,
730 1310 831 1340 civilis
852 1311 944 1339 rabies
968 1318 1054 1349 usque

193 1347 226 1376 in
252 1347 373 1377 exitium
399 1348 565 1387 teiizerciſjbt.
612 1349 776 1381 Vitellium
800 1350 882 1381 enim
912 1350 940 1381 ὅ(
966 1350 1056 1382 Sena-

193 1393 284 1424 tum,
307 1397 322 1418 a
340 1387 452 1427 quibus
469 1389 514 1420 illi
535 1389 628 1431 legati
652 1398 757 1429 erant,
786 1390 970 1433 Vespasiano
992 1399 1055 1422 non

192 1427 351 1465 subditos,
382 1427 432 1459 sed
457 1438 621 1471 antequam
649 1432 877 1470 vincerentur,
907 1431 951 1463 sui
977 1432 1055 1472 juris

193 1469 353 1509 Principes
369 1468 477 1508 fuiffe,
490 1472 592 1511 negari
613 1481 676 1504 non
693 1480 827 1509 poterat.
872 1473 982 1514 Longe
999 1473 1052 1504 ali-

195 1517 260 1548 ter,
285 1519 378 1551 atque
399 1510 420 1542 si
445 1511 646 1552 Vespasianus
670 1513 707 1544 ad
732 1513 898 1545 Vitellium
923 1514 1056 1555 Legatos

192 1551 339 1589 misisset,
364 1552 415 1591 qui
433 1553 521 1584 nullo
538 1554 605 1593 jure
625 1553 815 1595 Legatorum
832 1556 1056 1596 praerogativas

193 1591 246 1624 sibi
264 1593 412 1634 adrogare
430 1594 618 1636 potuissent,
631 1605 726 1637 quum
743 1596 823 1628 nulli
834 1597 886 1628 alii
903 1595 1032 1628 fuiss‘ent
1043 1619 1053 1636 ,

192 1643 283 1675 quam
303 1635 464 1667 rebellium
482 1637 598 1669 nuncii.

235 1675 382 1707 Ceterum
406 1677 458 1717 qui
483 1677 641 1710 Summam
668 1678 858 1711 Potestatem
883 1679 1052 1711 desiderant

188 1717 221 1748 in
244 1717 298 1756 iis,
325 1717 375 1757 qui
399 1716 532 1758 Legatos
558 1721 708 1760 mittunt,
741 1731 803 1753 non
828 1720 927 1752 solent
946 1720 1051 1752 distin-

188 1767 303 1798 guere,
328 1767 386 1789 nec
410 1760 505 1791 etiam
529 1759 781 1804 distinguendum
797 1762 859 1800 est,
885 1772 922 1793 an
940 1771 1050 1794 eorum

187 1799 323 1840 imperia
341 1808 381 1830 ex
400 1799 482 1839 justo
499 1801 610 1842 titulo,
636 1813 673 1834 an
688 1813 728 1835 ex
747 1803 812 1835 sola
830 1803 941 1843 injuria
958 1802 1051 1844 origi-

188 1850 260 1872 nem
281 1841 452 1879 traxerint,
477 1841 590 1874 sufficit
612 1844 715 1884 enim,
740 1845 824 1886 quod
841 1845 879 1875 ad
897 1845 990 1882 illos,
1013 1844 1051 1875 ad

187 1890 267 1923 quos
290 1881 399 1922 Legati
415 1882 601 1923 mittuntur,
625 1885 774 1926 Suprema
784 1884 944 1917 Potestate
963 1894 1049 1917 utan-

189 1931 249 1954 tur.
297 1922 394 1954 Recte
428 1923 603 1957 Paschalius
632 1926 714 1958 dixit
744 1928 774 1959 in
798 1927 914 1969 Legaio
944 1928 975 1958 C.
1000 1936 1048 1957 12.

189 1962 318 2004 Pcizcct'ffi
328 1974 364 1994 iia
376 1964 485 2007 Regna
504 1965 735 2009 Dominatzisque
755 1969 906 2000 memorari·
915 1968 1047 2009 poffzmt,

190 2015 307 2046 quorum
325 2007 422 2036 initiis
437 2007 527 2037 libera
549 2008 690 2040 Gentium
697 2010 852 2051 stiffrugia
869 2009 984 2051 cuiqam
1001 2011 1048 2040 de-

188 2048 304 2084 derint,
329 2047 411 2086 quale
425 2047 492 2087 fnit
512 2047 654 2091 Dejocir,
672 2053 764 2090 primi
784 2051 965 2092 Regnatori's
983 2050 1049 2081 Me-

188 2089 313 2119 dorium«
331 2087 424 2118 Plura
440 2088 568 2127 [arpena
586 2092 634 2121 vis
646 2093 735 2122 enixa
750 2089 792 2131 est
804 2114 813 2129 ,
838 2101 922 2132 quam
939 2092 1046 2123 electio.

191 2128 234 2160 Et
251 2137 343 2160 mox:
369 2127 473 2159 Prima
482 2129 550 2168 fere
559 2130 760 2170 fzmdaiiienta
779 2132 964 2172 Imperiormn
972 2133 1048 2174 sitiit

187 2170 275 2200 την-[πε
291 2168 326 2204 &³
338 2168 491 2209 scissiones.
517 2169 589 2202 Nec
605 2172 742 2204 absimile
754 2173 798 2204 est
815 2173 891 2204 illud
915 2172 1047 2205 Carnea-

187 2211 235 2242 dis
253 2210 334 2251 apud
352 2209 546 2242 Lactantium
565 2212 595 2243 L
626 2213 663 2244 V.
691 2213 801 2245 Diviiz.
828 2212 925 2255 Inflz't.
954 2215 984 2246 C.
1000 2219 1045 2247 16.

191 2251 335 2282 Omnibus
357 2251 499 2291 Populis,
525 2254 574 2293 qui
593 2252 734 2294 florerent
760 2255 904 2296 Imperio,
929 2255 965 2290 &³
986 2257 1046 2288 Ro-

184 2294 284 2323 manis
302 2302 408 2334 quoque
422 2291 510 2332 ipsis,
532 2295 581 2335 qui
601 2296 687 2326 totius
712 2296 801 2327 Orbis
818 2298 1005 2337 potirentur,
1020 2296 1048 2336 fi

183 2331 258 2377 justi
277 2334 372 2364 velint
390 2333 458 2374 effe,
483 2335 532 2365 hoc
561 2333 620 2376 est,
639 2335 668 2375 fi
685 2337 785 2369 aliena
809 2335 966 2378 restituant
979 2362 989 2377 ,
1012 2340 1050 2370 acl

189 2374 270 2415 casin·
292 2374 343 2415 effe
367 2376 553 2407 redeundum.
605 2377 640 2408 In
664 2379 759 2410 causis
783 2379 917 2419 publicis
940 2381 1050 2420 utique

188 2416 336 2456 expedit,
367 2417 412 2446 uti
428 2415 572 2457 poffidetz's
587 2441 596 2457 ,
627 2420 671 2449 ita
688 2418 878 2460 poffialearim
909 2420 1049 2461 alioquin

187 2457 328 2489 omnium
346 2456 552 2498 imperiorum
569 2460 704 2500 origines
720 2461 817 2492 essent
833 2461 1048 2500 excutiendae,

185 2498 274 2539 justae
294 2507 405 2538 nempe
420 2498 479 2530 sint:
489 2522 498 2537 ,
523 2508 582 2531 nec
594 2510 649 2539 ne,
675 2501 709 2533 &¹
721 2501 761 2533 sic
773 2502 898 2534 demum
913 2512 1047 2544 pronun-

184 2538 350 2576 ciandum,
375 2539 428 2578 qui
451 2539 588 2580 Legatos
614 2542 766 2582 mittunt,
789 2544 856 2583 jure
873 2553 910 2575 an
937 2544 1048 2584 injuria

184 2580 325 2611 mittant.
371 2579 468 2624 Quod
484 2581 576 2611 valde
592 2581 667 2613 effet
690 2583 822 2621 inutile,
849 2585 879 2616 &
897 2583 1050 2617 Gentium

188 2619 410 2661 tranquillitati
434 2620 592 2652 turbandae
617 2621 764 2663 insignem
788 2624 907 2657 causam
933 2626 1050 2667 praebe-

187 2670 247 2693 ret.

229 2701 424 2743 Simpliciter
449 2710 551 2735 autem
577 2712 636 2744 ego
660 2713 722 2736 non
748 2705 841 2736 ausim
865 2705 989 2745 dicere,
1014 2715 1050 2739 ut

187 2743 258 2776 sunt
275 2743 327 2783 qui
344 2743 475 2782 dicunt,
497 2744 654 2777 neminem
679 2746 761 2777 rcere
789 2745 923 2786 Legatos
947 2748 1050 2779 mitte-

186 2795 238 2822 τε,
264 2784 316 2817 nisi
333 2785 386 2823 qui
405 2785 565 2817 Summum
582 2784 750 2827 Imperium
768 2786 878 2826 habet,
901 2786 943 2819 fic
967 2789 1050 2821 enim

186 2826 287 2857 actum
306 2825 381 2857 esset
405 2826 443 2857 de
468 2826 594 2868 Legatis
616 2827 883 2868 Provincialibus‚
907 2828 1049 2860 Munici-

922 131 1030 157 VAN

223 2923 284 2960 (3)
306 2923 432 2960 Aitzema
453 2922 488 2951 L.
504 2923 596 2953 XXV.
620 2933 647 2961 p.
665 2932 729 2960 194.

227 2962 283 3000 (4)
305 2961 399 2989 Exstat
422 2961 494 2998 apud
515 2962 634 2991 eundem
656 2962 691 2990 L.
711 2962 817 2991 xxm.
838 2971 866 3000 p.
882 2966 947 2998 623.

224 3002 285 3036 (5)
307 2999 390 3036 Apud
412 3000 531 3028 cundem
551 3001 584 3029 L.
603 3001 707 3030 XLIV.
730 3009 757 3037 p.
776 3008 838 3035 572.

226 3039 284 3076 (6)
304 3039 350 3068 Sic
371 3038 457 3067 refert
479 3039 577 3068 Suada
594 3040 624 3068 cle
644 3039 719 3069 Bello
739 3038 818 3076 Belg.
838 3039 906 3069 Dec.
922 3040 944 3069 Ι.
965 3039 1001 3069 L.
1022 3047 1047 3075 7.

1103 121 1698 161 BYNKERSHOEK
1978 105 1990 148 s

1097 201 1235 242 palibus,
1259 202 1411 243 aliisque,
1433 211 1565 275 qssorum
1591 212 1700 245 magna
1717 204 1802 248 seges
1825 209 1854 242 &
1877 213 1952 248 olim
1982 197 1992 234 Ἰ(

1097 241 1180 281 fuit,
1199 243 1228 274 ὅ(
1245 253 1327 275 nunc
1343 243 1398 275 est.
1479 245 1590 276 ixerim
1609 246 1733 286 potius,
1745 257 1852 282 omnes
1870 253 1953 287 reste
1982 250 1991 276 f

1098 283 1234 324 Legatos
1253 286 1380 316 mittere
1395 284 1460 330 ejus
1477 286 1520 316 rei
1537 294 1632 326 ergo,
1655 287 1741 327 cujus
1757 293 1880 331 agendae
1897 303 1952 336 po-

1101 325 1243 357 testatem
1264 326 1460 363 habent,1ed
1478 335 1536 367 pro
1554 327 1709 360 mittentis
1721 329 1874 371 dignitate
1887 335 1950 369 alio
1998 333 2001 351 ¹

1099 366 1892 449 rita-,ensaassisteretis
1990 355 2001 411 1¹

1099 448 1177 480 miffi
1193 450 1343 482 habentur
1366 450 1459 490 pleno
1479 450 1547 490 iure
1573 421 1784 491 Legatoruin,
1805 425 1968 492 fimmtiissgg·
1990 449 1995 463 ³

1099 490 1196 530 alius,
1221 492 1306 531 ejus,
1330 491 1367 522 ad
1395 500 1486 531 quem
1507 491 1583 523 miffi
1609 491 1700 530 sunt,
1730 494 1860 528 arbitrio
1881 505 1961 534 tota¹
1990 493 1995 517 ¹

1099 540 1147 564 res
1162 531 1365 572 relinquitur,
1389 532 1442 563 sed
1465 532 1497 564 id
1513 543 1576 565 non
1596 533 1722 574 perimit
1742 535 1839 576 ipsum
1855 539 1922 582 lega
1992 550 1996 576 ;

1098 572 1129 603 di
1147 572 1217 612 jus,
1250 573 1271 605 fi
1292 582 1385 614 penes
1405 582 1475 604 eum
1493 597 1502 612 ,
1525 575 1576 615 qui
1601 575 1700 616 legat,
1730 576 1796 616 rei,
1827 587 1920 623 propt
1993 589 1996 605 ι

1098 622 1188 654 quam
1211 614 1312 655 legat,
1336 614 1459 655 agendae
1476 615 1610 653 potestas
1634 616 1678 648 fit⁴
1726 617 1902 660 Aliquando

1099 654 1251 686 victarum
1267 656 1439 687 Brabantiae
1458 655 1590 688 Urbium
1607 656 1715 698 Legati
1729 661 1806 700 apud
1820 661 1919 697 Ordin

1099 693 1267 728 Gener-ales
1286 697 1382 728 auditi
1400 696 1485 735 sunt,
1510 697 1660 729 exhibitis
1683 699 1855 742 Credentioe,
1868 708 1935 746 vqua
1953 737 1955 740 ,

1098 744 1233 775 vocant,
1259 736 1395 770 Litteris.
1475 740 1535 770 uod
1556 738 1656 780 ipsum
1680 740 1710 770 ἃ
1725 748 1882 778 tentarunt
1899 742 1963 779 See-⁸.

1096 785 1187 808 natus
1202 778 1343 810 militaris
1361 778 1468 820 Legau
1480 801 1492 818 ,
1515 779 1566 811 sed
1582 788 1642 812 tam
1662 781 1691 811 ni
1703 804 1713 819 ‚
1731 791 1821 823 quam
1838 784 1964 819 Praefe-t'

1095 818 1135 850 tii
1153 818 1283 851 Urbium
1302 820 1471 859 militares,
1496 829 1529 853 ut
1547 822 1578 852 δι
1596 821 1746 854 vietarum
1765 825 1796 857 in
1817 819 1966 862 Brabana'*

1096 860 1328 894 tia&Flandria
1345 861 1477 894 Urbium
1494 861 1697 903 Magistratus
1706 874 1768 898 non
1784 876 1839 908 per
1855 866 1973 911 Lega‘-

1096 910 1146 934 tos
1169 902 1302 934 Ordines
1326 902 1429 941 adire,
1461 903 1510 935 sed
1541 913 1595 944 per
1620 905 1761 939 libellum
1785 908 1937 942 Ordinibu
1959 937 1962 943 .

1096 942 1270 984 supplicare
1284 943 1351 983 juffi
1373 943 1442 975 sunt
1460 945 1562 976 mense
1582 944 1750 979 Decembri
1769 958 1838 981 anni
1863 955 1941 993 1645
1953 958 1966 970 >³

1096 984 1163 1026 (3).
1187 985 1326 1016 Mittunt
1345 985 1373 1016 δι
1388 984 1524 1027 Legatos
1539 985 1691 1028 Deputati
1709 988 1862 1023 Ordinum
1879 976 1974 1026 Gelli*

1096 1028 1150 1057 riae
1173 1035 1212 1056 ex
1236 1025 1266 1065 §.
1292 1030 1342 1068 38.
1367 1035 1474 1071 eorum
1499 1027 1621 1073 Forrnae
1639 1028 1680 1101 (ἐξ
1705 1052 1716 1068 ,
1745 1031 1846 1063 mittit
1871 1033 1900 1066 ἃ.
1921 1031 1961 1073 iiij

1097 1066 1184 1097 india
1207 1074 1336 1108 utraque
1361 1067 1503 1099 Socretas
1528 1068 1633 1100 Indica
1681 1070 1811 1103 oederati
1832 1072 1969 1116 Belgiig‘

1097 1109 1170 1148 quin
1189 1108 1220 1140 &
1236 1107 1385 1139 Francica
1404 1118 1442 1139 ex
1459 1108 1487 1149 §.
1507 1109 1728 1152 27.Privilegii
1748 1111 1794 1144 sui
1811 1114 1970 1157 31.Maj.‚¹'

1101 1151 1191 1188 1664.
1209 1148 1268 1189 (5)
1286 1150 1311 1179 ἃ
1330 1150 1383 1189 qui
1402 1159 1465 1181 non
1481 1151 1558 1182 alii?
1967 1188 1974 1199 b

1138 1189 1232 1227 Scio,
1256 1189 1463 1222 Elisabetham
1477 1213 1487 1227 ,
1512 1191 1682 1231 Anglorum
1699 1193 1747 1226 Re
1769 1196 1977 1237 {namt-um*-

1118 1230 1283 1267 ecuniam,
1305 1240 1321 1261 a
1339 1230 1424 1271 Rege
1447 1230 1666 1271 Hispaniarum
1688 1235 1725 1266 ad
1787 1247 1874 1270 ucem
1900 1239 1955 1272 Al-

1119 1279 1210 1302 anum
1226 1269 1363 1307 missam,
1389 1281 1470 1317 anno
1486 1275 1574 1311 1569.
1599 1275 1775 1315 occupasset
1788 1302 1797 1316 ,
1821 1279 1957 1316 noluisse

1097 1311 1420 1392 attestare
1433 1312 1973 1395 aaazprrerissssstznitss'

1096 1392 1215 1424 frivola
1234 1392 1263 1424 se
1277 1376 1467 1440 eit-deptione
1484 1395 1527 1425 uti
1545 1404 1635 1435 quam
1653 1382 1738 1429 ihm‘r’i
1757 1400 1870 1442 cuique
1892 1384 1958 1436 red3

1096 1434 1169 1464 dere
1197 1435 1344 1465 maluisse.
1391 1434 1478 1466 Huic
1503 1438 1651 1476 exemplo
1677 1438 1707 1470 <Sc
1732 1440 1817 1473 aliud
1839 1440 1968 1477 addiditv'
2007 1441 2008 1502 l

1097 1474 1264 1508 Zoucheus
1282 1477 1314 1507 de
1334 1475 1410 1517 Jizre
1430 1477 1539 1509 Fecial.
1565 1478 1651 1510 Part.
1671 1478 1710 1511 ΙΙ.
1736 1480 1809 1514 Sest.
1821 1493 1851 1525 4.
1871 1483 1957 1532 Qty.

1097 1516 1136 1546 de
1151 1515 1274 1548 duobus
1294 1527 1406 1558 nempe
1434 1518 1599 1552 Nobilium
1625 1519 1833 1556 Genuensium
1858 1525 1902 1558 Le
1923 1536 1954 1560 a·

1099 1557 1138 1588 tis
1155 1557 1191 1588 ad
1215 1557 1412 1599 Philippum,
1437 1559 1655 1599 Hispaniarum
1680 1562 1816 1604 Regem,
1841 1567 1881 1598 mi
1908 1578 1956 1608 ιε,

1096 1607 1149 1637 at,
1171 1599 1360 1630 reclamante
1378 1601 1455 1641 apud
1473 1599 1650 1634 Genuenses
1671 1607 1828 1638 contraria
1846 1605 1954 1642 fastio-

1096 1649 1156 1678 ne,
1179 1649 1243 1671 non
1261 1640 1401 1673 adinissis.
1446 1642 1503 1673 Sed
1525 1642 1583 1674 hos
1605 1644 1744 1676 recusare
1759 1649 1866 1687 potuit
1883 1649 1964 1682 Phi-·

1096 1681 1216 1723 lippus,
1239 1691 1301 1713 non
1313 1683 1406 1723 quia,
1429 1683 1479 1725 qui
1496 1682 1658 1724 miserant,
1676 1686 1804 1720 alterius
1818 1687 1974 1731 Imperio&

1095 1730 1183 1754 erant
1209 1721 1356 1763 subjetti,
1380 1723 1431 1756 sed
1449 1725 1540 1765 quia,
1566 1735 1637 1757 curn
1660 1727 1696 1758 ad
1716 1726 1866 1762 factiones
1886 1722 1979 1772 per-'⁸

1093 1773 1224 1795 ventum
1249 1762 1294 1795 est
1312 1787 1323 1802 ,
1350 1765 1389 1796 de
1421 1765 1594 1806 Republica
1623 1767 1812 1802 constituere
1841 1772 1952 1812 nequit

1093 1814 1161 1846 pars
1177 1805 1394 1845 Reipublicae,
1416 1807 1490 1844 nisi,
1516 1815 1551 1838 ut
1567 1815 1657 1840 antea
1679 1809 1834 1852 dicebam,
1857 1821 1952 1854 penes

1093 1855 1160 1876 earn
1185 1845 1281 1877 solam
1298 1847 1400 1878 adhuc
1418 1847 1557 1880 subsistat
1575 1851 1601 1877 π·
1615 1851 1724 1890 κείων,
1741 1851 1879 1894 alioquin
1894 1853 1952 1888 nisi

1093 1886 1182 1918 simul
1199 1886 1362 1919 consulant
1381 1889 1410 1920 ἃ
1426 1889 1613 1928 decernant,
1637 1891 1748 1932 quibus
1766 1892 1854 1926 simul
1874 1903 1951 1927 con-

1093 1927 1212 1959 sulendi
1229 1928 1462 1963 &decernendi
1480 1931 1616 1971 potestas
1634 1934 1806 1974 competit,
1829 1935 1951 1968 irritum

1092 1968 1136 2001 est
1153 1969 1303 2008 omnino,
1328 1971 1475 2013 quicquid
1496 1972 1656 2012 separatim
1678 1975 1789 2015 agitur.
1833 1975 1951 2008 secun-

1094 2010 1167 2041 dum
1186 2010 1254 2041 haec
1279 2020 1319 2042 ex
1337 2011 1364 2052 ᾗ.
1389 2022 1415 2044 1.
1439 2012 1569 2044 Arbitrii
1594 2013 1745 2046 Ordinum
1769 2014 1950 2049 Hollandiae

1092 2050 1150 2091 (7)
1173 2050 1296 2082 resciffa
1315 2051 1385 2083 sunt
1401 2053 1524 2090 omnia,
1547 2062 1617 2094 quae
1634 2061 1776 2096 ternpore
1794 2056 1953 2090 diffidiiab

1092 2097 1122 2126 8.
1147 2091 1223 2132 Apr.
1244 2095 1331 2132 1654.
1359 2093 1426 2126 duae
1449 2093 1600 2125 faeiones
1618 2095 1772 2129 Ordinum
1791 2096 1952 2130 Tranfisu-

1091 2132 1200 2172 laniae,
1231 2142 1389 2174 praetexto
1415 2134 1654 2167 Transisulaniae
1676 2136 1829 2170 Ordinum
1850 2140 1950 2172 nomi-

1090 2183 1152 2212 ne,
1186 2174 1283 2205 altera
1305 2175 1336 2207 in
1367 2176 1496 2207 alterius
1523 2176 1739 2216 praejudicium
1757 2200 1768 2216 ,
1797 2178 1950 2214 fecerant.

1089 2213 1358 2256 Distintii0,quae
1377 2217 1495 2257 placuit
1513 2217 1632 2249 Grotio
1649 2218 1688 2249 L.
1710 2218 1748 2250 11.
1767 2221 1801 2251 de
1815 2220 1893 2262 Jure
1912 2221 1950 2256 B.

1091 2255 1127 2290 ὅ)
1145 2255 1182 2287 Ρ.
1210 2257 1243 2288 C.
1271 2261 1319 2292 18.
1344 2257 1371 2299 §.
1393 2268 1421 2289 2.
1439 2268 1468 2289 n.
1491 2268 1520 2300 3.·
1544 2258 1584 2289 de
1599 2260 1814 2300 magnitudine
1839 2271 1909 2294 nem
1937 2261 1941 2267 '

1090 2296 1283 2337 factionum,
1308 2298 1338 2331 ὅ(
1358 2308 1395 2331 an
1411 2297 1478 2330 fere
1496 2300 1631 2341 aequales
1647 2301 1726 2339 sint,
1748 2301 1824 2334 huic
1838 2303 1883 2334 rei
1919 2312 1951 2336 e-

1090 2337 1235 2370 finiendae
1249 2339 1348 2372 minus
1364 2347 1436 2381 apta
1454 2339 1518 2379 est,
1542 2349 1645 2382 neque
1661 2342 1746 2374 enirn
1761 2351 1814 2382 ea,
1838 2350 1872 2376 ut
1892 2343 1950 2376 mi-

1093 2379 1123 2410 hi
1146 2380 1270 2420 quidem
1294 2381 1437 2420 videtur,
1461 2382 1626 2424 quicquam
1645 2382 1682 2414 ad
1703 2391 1766 2414 rem
1793 2383 1951 2425 pertinet,

1093 2419 1144 2451 sed
1174 2420 1239 2452 sola
1265 2422 1307 2453 rei
1340 2423 1466 2463 agendae
1493 2423 1639 2464 potestas·
1690 2423 1801 2456 Minus
1823 2432 1951 2465 quoque
2005 2451 2008 2454 .

1091 2461 1493 2536 Ἧὲὲῗῗῑξῗρῖξῗῖῗρᾞᾞῶ
1511 2465 1596 2536 Ψίῗέ
1603 2462 1952 2548 gasaiwis&

1095 2544 1262 2576 Vitellium
1290 2529 1320 2577 ἶ(
1343 2527 1589 2578 Se’natum'tunc
1615 2543 1735 2575 steterit
1761 2528 1876 2578 summa
1904 2547 1951 2579 rei

1094 2585 1243 2616 Romanae
1269 2586 1415 2626 potestas.
1466 2586 1560 2618 Recte
1589 2585 1685 2626 igitur
1718 2585 1950 2623 distinstionem

1095 2625 1200 2657 Grotii
1237 2627 1344 2666 reiecit
1378 2625 1586 2668 Wicquefort
1610 2636 1646 2657 en
1661 2626 1718 2667 an
1743 2627 1962 2669 Ambaffizcleuf

1094 2666 1135 2698 L.
1161 2666 1182 2698 1.
1210 2667 1283 2698 Sati.
1310 2677 1339 2698 2.
1364 2668 1415 2699 vel
1436 2669 1543 2708 utique
1560 2667 1642 2698 reste
1662 2666 1821 2701 restrinxit
1838 2669 1874 2700 ad
1894 2678 1949 2714 ea,
1967 2675 1969 2678 '

1093 2717 1163 2747 quae
1186 2714 1314 2746 utraque
1337 2707 1433 2739 factio
1455 2708 1590 2739 invicem
1615 2708 1708 2740 habet
1735 2709 1960 2752 discutienda‚'

1094 2748 1156 2779 hoc
1173 2746 1238 2785 est,
1259 2748 1296 2778 ad
1314 2756 1369 2787 ea,
1390 2757 1522 2789 quorum
1542 2758 1636 2790 penes
1649 2749 1780 2790 singulas
1797 2751 1949 2787 factiones

1093 2786 1232 2830 potestas
1249 2787 1302 2820 est.

1962 2930 1969 2944 1

1091 2935 1118 2963 Ρ·
1129 2934 1302 3002 (tumqssgisstat
1317 2965 1347 2993 in
1367 2967 1499 2996 eorundem
1516 2967 1626 2998 Decreta
1640 2977 1686 2999 21.
1706 2969 1775 3005 Sept.
1793 2973 1875 3005 1657.
1895 2969 1969 3008 lice„

1082 3002 1196 3041 solutien
1210 3011 1262 3032 van
1276 3002 1445 3042 Coifideratie
1458 3013 1501 3035 ten
1516 3007 1575 3043 tyde
1589 3016 1641 3037 van
1655 3008 1686 3037 de
1698 3008 1756 3038 Wit
1775 3017 1802 3046 p.
1820 3011 1884 3044 381.
1961 3012 1968 3022 ‘

1843 3210 1941 3268 ca
