2008 3436
209 121 255 154 26
442 118 839 159 CORNELII

207 198 297 239 quit,
321 197 354 230 ut
373 199 557 242 imfficz'ofimz
569 203 742 245 judicatur,
769 199 1065 242 Testamerztifatiio-

203 249 271 270 nem
287 241 408 282 habuz'ffe
426 242 578 282 defuncizts
593 254 650 274 non
669 252 864 275 CREDITUR:
888 241 1002 273 effectu
1020 243 1064 274 ni-

204 282 319 313 mirum
335 282 495 324 inspectm
519 293 671 326 quatenus
687 284 861 316 testamenti
879 283 982 328 capita
1001 282 1067 314 sub-

203 330 389 363 vertuntur,
411 324 480 365 jure
497 327 614 358 etenim
633 325 806 357 testamenti
826 324 996 355 fafflonem
1015 325 1065 355 ha-

203 361 303 396 buiffe
318 374 358 396 ex
376 375 415 397 eo
435 365 576 406 constat,
608 367 693 407 quod
720 365 939 398 testamentum
956 364 1064 396 substi-

205 404 266 442 tit,
289 405 391 438 donec
406 415 619 449 expugnatum
638 407 730 446 esset,
755 407 894 446 adeoque
918 406 955 436 ab
973 407 1066 438 initio

202 454 268 477 non
287 454 353 478 erat
370 448 491 480 nullum
516 449 537 481 l.
559 459 587 480 ρ.
606 448 646 490 ff.
672 450 731 480 eod.
752 454 800 488 pr.
828 445 900 488 Inst.
925 448 958 478 de
982 447 1065 488 inoff.

202 485 268 527 test.
311 488 363 520 Sic
382 489 411 520 δε
429 489 542 522 Paulus
560 491 593 521 in
616 491 643 521 d.
665 491 685 521 l.
709 499 777 529 115.
804 488 830 530 ἓ.
861 498 886 519 1.
906 487 947 528 ff.
972 490 1004 519 de
1023 489 1066 521 R.

202 527 239 568 J.
276 528 305 560 ἃ
332 529 485 571 Ulpianus
514 531 545 562 in
578 532 606 561 A.
630 531 649 561 t.
678 541 726 570 13.
745 529 785 571 ff.
811 531 870 561 eod.
893 529 1039 561 effectum
1056 553 1065 569 ‚

201 578 294 608 quem
310 579 365 611 per
383 572 557 612 oppositam
577 573 798 613 exceptionem
816 571 983 617 habemus,
1005 580 1066 602 me-

199 610 308 642 diante
327 615 362 643 τὲ
376 614 473 643 videri
492 613 619 644 fiffione
644 620 836 653 proponunt.
881 612 976 644 Aliud
997 622 1067 642 orm-

200 652 266 681 ςτκὸν
290 652 322 683 in
347 653 454 684 eadem
479 652 582 694 specie
609 654 775 686 retulimus
800 652 889 695 supra
914 662 955 684 ex
991 654 1012 685 l.
1037 663 1065 694 7.

204 692 234 734 §.
260 697 289 727 8.
309 692 350 733 ff.
373 695 407 724 de
430 695 487 726 dol.
509 695 579 727 mal.

245 733 380 765 Videtur
396 743 501 767 autem
514 736 551 776 iis
563 758 574 774 ,
597 745 666 777 quae
682 736 819 768 diximus
830 760 839 774 ,
865 735 1065 775 adver-farier,

202 774 289 815 quod
302 776 491 815 generaliter
511 776 662 818 scriptum
679 777 744 817 est,
769 777 858 817 pasta
878 776 961 817 ineffe
971 775 1067 818 stipu-

201 815 360 847 lationibus
391 819 496 849 credi:
524 818 577 850 illa
601 819 717 860 quippe
743 819 891 859 loquutio
910 828 982 849 cum
1000 818 1065 850 uni-

200 855 330 888 versalis
351 857 389 891 fit
405 881 417 897 ,
454 859 580 891 videtur
593 861 687 892 etiam
706 861 737 892 in
755 858 934 891 universum
953 860 1067 899 accipi-

199 897 298 936 enda,
323 906 469 940 tanquam
493 899 732 933 fundamentum
756 900 906 941 aliquod,
928 901 978 932 cui
996 901 1066 932 reli-

199 948 260 980 qua
286 938 548 981 superstruuntur.
594 942 709 985 Negari
731 951 809 973 vero
829 943 956 982 nequit,
990 941 1065 983 quin

201 989 238 1011 ea
266 981 441 1022 expositio,
479 993 550 1024 quae
569 984 670 1023 dicit,
701 983 797 1015 verba
816 984 870 1015 illa
887 984 925 1014 de
943 984 1065 1015 virtute

199 1023 399 1063 exceptionis
420 1024 499 1065 pasti
516 1026 669 1057 conventi
694 1025 847 1057 duntaxat
867 1024 928 1056 effe
946 1024 1062 1056 intelli-

198 1063 318 1103 genda,
341 1064 379 1096 sit
397 1064 556 1107 singularis
579 1066 601 1098 i.
625 1076 652 1098 e.
683 1067 805 1098 ratione
822 1065 951 1105 subieffl
973 1075 1062 1106 argu-

197 1105 298 1136 menti
316 1106 497 1147 accipienda
515 1115 647 1140 tantum⁴
673 1107 791 1139 Verum
811 1108 842 1139 in
859 1107 927 1147 jure
943 1116 1064 1138 novum

197 1154 263 1177 non
279 1145 345 1186 est,
367 1147 504 1180 rationes
519 1149 677 1189 generales
691 1148 857 1190 aliquando
873 1158 936 1180 non
953 1148 1064 1186 καθέλε,

202 1185 255 1217 sed
272 1191 342 1218 κατὰ
362 1188 386 1217 τὶ
406 1188 653 1230 interpretandas
666 1190 746 1228 effe,
768 1199 808 1221 ne
825 1188 987 1221 manifeste
1006 1189 1066 1222 sint

197 1223 296 1260 falsae.
321 1229 494 1263 Manifeste
509 1229 623 1262 falsum
637 1230 702 1269 est,
725 1231 832 1262 omnia
848 1231 958 1276 paCta,
981 1231 1066 1271 quod

199 1269 238 1301 ad
254 1269 422 1309 effeftum,
452 1280 573 1303 tantum
600 1273 727 1311 valere,
757 1279 793 1302 ut
818 1271 897 1303 nihil
916 1270 1033 1302 referat
1053 1295 1064 1310 ,

197 1318 307 1344 utrum
334 1313 549 1345 contractibus
580 1313 689 1352 insint,
724 1322 784 1344 nec
806 1322 860 1344 ne:
883 1311 929 1343 est
948 1312 1064 1344 verisii-

196 1360 305 1392 mum,
335 1363 402 1386 rem
425 1354 470 1385 ita
492 1352 524 1385 se
548 1353 661 1385 habere
682 1355 713 1386 in
733 1354 846 1394 pasto,
867 1362 931 1394 quo
945 1353 985 1385 de
1007 1363 1065 1385 nos

196 1393 339 1434 agimus,
371 1395 401 1427 δι
420 1395 558 1435 ejusdem
583 1404 704 1427 naturae
732 1395 870 1435 reliquis.
916 1394 993 1426 Hoc
1010 1395 1065 1437 igi-

197 1441 251 1466 tur
266 1435 389 1476 paCtum
400 1457 411 1474 ,
435 1436 509 1476 quia
523 1435 725 1478 stipulationi<
739 1436 834 1468 ineffe
851 1433 1012 1483 creditur,
1034 1446 1067 1468 e-

197 1475 303 1508 xitum
329 1476 350 1508 fi
375 1477 571 1516 consideres,
601 1478 730 1520 perinde
751 1476 797 1509 est
815 1478 876 1509 ἃς.
923 1477 984 1509 Vel
1004 1485 1064 1509 ita:

200 1516 284 1562 Quia
302 1517 421 1558 pacta,
453 1519 518 1550 hoc
545 1518 609 1558 est,
644 1519 731 1560 patra
746 1518 948 1559 hujusmodi,
974 1518 1066 1560 hujus

197 1565 249 1593 Vis
268 1559 299 1591 &
325 1558 476 1598 effectus,
498 1559 695 1602 stipulationi
714 1560 809 1593 inesse
836 1561 985 1592 videntur
1004 1563 1063 1593 (stc.

197 1599 251 1635 Sic
269 1601 300 1632 ὅ(
315 1601 370 1642 qui
385 1601 472 1642 patra
498 1603 702 1642 detrahentia,
736 1604 800 1634 non
824 1602 901 1634 item
920 1603 1064 1645 adjicien-

199 1645 245 1675 tia
268 1642 325 1683 (de
344 1642 457 1683 quibus
474 1642 530 1675 suo
550 1643 649 1684 loco)
677 1643 773 1676 iness'e
790 1644 935 1683 volunt,
949 1644 1067 1677 dictum

197 1684 307 1722 Pauli,
331 1685 400 1725 quia
410 1684 501 1725 pasta
523 1685 583 1718 ἃς.
618 1685 809 1727 restringunt
826 1685 1068 1718 ad'detrczhentia

197 1726 362 1758 duntaxat.
417 1725 524 1768 Atque
549 1736 584 1757 ea
608 1726 771 1759 occasione
794 1725 975 1766 Donellus,
1000 1728 1066 1767 eius

196 1767 287 1800 sestae
305 1766 438 1806 assecla,
462 1768 494 1799 in
520 1768 678 1799 Cornment.
703 1768 740 1800 ad
763 1768 791 1800 h.
816 1768 836 1799 l.
856 1773 950 1812 prope
959 1767 1064 1809 finem,

197 1809 294 1840 docet
311 1807 449 1848 affatim,
474 1809 535 1841 sine
550 1810 699 1851 exemplo
717 1812 783 1841 non
798 1808 860 1840 esse
874 1832 885 1848 ,
909 1810 1066 1851 generalia

197 1851 253 1882 illa
269 1849 371 1890 paslim
388 1850 540 1891 explicari
562 1851 752 1893 limitarique
769 1860 828 1892 pro
843 1850 1064 1892 cujusquema-

197 1892 284 1923 teriae
302 1891 424 1923 ratione
442 1891 586 1932 subjecta.

239 1933 369 1973 Ecquur
395 1942 493 1973 porro
518 1933 550 1965 in
576 1933 733 1975 explicito
757 1941 916 1967 commate
942 1935 1064 1967 mentio

198 1978 232 2003 νιέ
258 1975 483 2013 incontinenti,
516 1973 558 2013 si,
600 1976 864 2016 quemadmodum
889 1981 1064 2018 urgemus,

197 2014 335 2054 subjecta
354 2016 530 2047 conventio
552 2016 590 2047 ad
612 2017 835 2057 exceptionem
853 2024 975 2049 tantum
991 2027 1062 2058 pro-

196 2055 306 2088 furura
321 2054 358 2087 sit
367 2055 391 2087 22.
416 2057 454 2088 ad
478 2057 544 2096 ejus
564 2067 699 2098 namque
714 2058 940 2090 adminiculum
957 2058 1065 2090 fuisset

197 2096 272 2129 satis
290 2118 313 2134 ,.
339 2097 456 2130 etiamfi
491 2107 532 2128 ex
557 2098 727 2130 intervallo
764 2099 935 2141 adpositam
966 2100 1061 2131 dicas.

198 2138 284 2184 Quia
311 2136 438 2170 fortean
465 2138 513 2170 ita
536 2139 611 2171 tulit
640 2140 767 2173 w‘fassraem
781 2140 876 2179 fasti,
898 2141 930 2172 in
948 2150 1009 2182 qua
1030 2147 1061 2172 e·-

197 2178 348 2216 narranda
373 2189 466 2221 quam
488 2180 616 2212 exauus
639 2179 743 2212 fuerit
757 2181 857 2222 Julius
872 2181 994 2221 noster,
1019 2182 1061 2214 sa-

198 2221 240 2253 tis
261 2219 378 2252 Cautio
395 2221 587 2262 probaverit.
634 2222 788 2261 Accedit,
832 2223 912 2262 uod,
936 2233 1010 2255 cum
1030 2224 1061 2255 in

198 2261 377 2294 narratione
400 2261 474 2294 faffi
503 2263 540 2294 ad
566 2263 741 2304 pactionem
766 2264 807 2308 Q.
862 2289 868 2296 .
890 2264 926 2296 A.
952 2274 1061 2306 perve-

198 2303 292 2336 nisset
307 2325 320 2342 ,
348 2304 467 2335 vocula
489 2304 701 2345 conjungente
726 2305 938 2338 incontinenti
971 2306 1061 2347 subji-

200 2345 283 2376 ciat:
310 2344 507 2386 Convenitque
523 2347 603 2376 inter
619 2355 686 2385 nos,
698 2356 762 2379 non
778 2347 871 2378 aliter
887 2347 947 2380 acsi
966 2348 1020 2379 illa
1029 2358 1062 2379 u-

198 2396 242 2418 no
266 2385 378 2426 spiritu
396 2385 616 2426 stipulationes
644 2386 752 2419 fuisset
778 2388 915 2430 sequuta.
960 2389 1062 2421 Adeo-

199 2436 261 2468 que
278 2425 381 2459 sensus
398 2428 476 2459 erit:
502 2427 587 2473 Quia
602 2428 742 2469 pactum,
765 2430 851 2470 quod
866 2429 1063 2463 incontinen-

199 2469 225 2500 ti
244 2467 362 2499 fastum
380 2473 447 2499 erat
461 2491 472 2507 ,
495 2469 525 2501 ἃ
543 2477 673 2501 caetera:
697 2472 850 2502 narrative
868 2471 1008 2511 scilicet,
1028 2479 1064 2504 ut

199 2508 339 2542 Accursii
363 2509 480 2541 Schola
499 2510 649 2550 loquitur.
695 2511 819 2543 Eodem
851 2513 946 2544 modo
971 2514 1003 2544 in
1040 2514 1062 2546 l.

202 2559 275 2592 1352
300 2549 331 2590 §.
354 2560 383 2581 2.
402 2550 441 2590 ff.
467 2552 500 2582 de
525 2551 566 2582 V.
594 2553 634 2584 O.
659 2552 689 2581 τδ
712 2554 928 2592 incontinenti,
952 2554 1062 2586 itidem

200 2591 293 2633 pasto
312 2590 520 2631 adscriptum,
538 2593 632 2624 otiari
650 2594 681 2625 <Sc
699 2604 740 2625 ex
756 2594 842 2626 fafito
860 2603 981 2627 tantum
992 2605 1063 2636 pro-

200 2632 297 2674 poni,
321 2630 479 2664 Donellus
495 2633 715 2666 animadvertit
731 2635 763 2667 in
793 2637 949 2668 Comment.
972 2637 1010 2668 ad
1033 2638 1062 2668 d.

200 2673 230 2747 ἓ.
254 2683 285 2706 n.
309 2682 359 2714 13.
389 2673 474 2714 quod
495 2683 606 2705 verum
635 2675 697 2706 esse
727 2675 961 2709 circumstantia
986 2678 1063 2717 juris

218 2714 338 2755 actique
355 2713 469 2746 ibidem
485 2715 606 2746 evincit
623 2714 706 2748 satis.

245 2754 409 2796 Superest,
433 2762 470 2786 ut
487 2755 526 2787 de
541 2764 600 2795 eo,
623 2758 709 2797 quod
723 2756 822 2798 JCtus
839 2768 879 2790 ex
887 2760 1064 2800 praeceden-

203 2798 227 2829 ti
247 2796 402 2837 positione
416 2796 569 2836 deducit,
591 2799 720 2839 propius
741 2798 956 2840 despiciamus.
981 2800 1065 2846 Quia

202 2839 351 2880 pactum,
380 2838 488 2878 ejusve
514 2839 664 2879 exceptio
688 2840 819 2872 eundem
845 2840 976 2872 sortitur
991 2843 1065 2874 cst‘e-

203 2880 287 2920 dum
306 2901 316 2918 ,
347 2885 441 2920 atque
466 2878 489 2911 fi
505 2878 698 2921 stipulationi
714 2880 790 2913 esset
807 2881 943 2914 infusum
956 2905 965 2920 ,
990 2893 1064 2915 con-

204 2921 343 2961 sequitur
359 2942 370 2957 ,
396 2921 518 2960 perinde
542 2920 592 2962 effe
610 2945 619 2960 ‚
651 2932 685 2953 ac
703 2921 733 2961 fi
750 2928 803 2963 per
812 2922 944 2965 fingulos
960 2925 1066 2965 menses

205 2968 315 2993 sertam
334 2962 490 3001 pecuniam
509 2959 670 3002 stipulatus
686 2986 696 3003 ,
728 2965 818 3005 quoad
845 2965 957 2996 tardius
965 2965 1065 3005 Jblntct

206 3003 289 3042 essct,
313 3002 413 3041 igliiras
428 3002 584 3044 adjecisset.
629 3003 676 3035 Ita
707 3004 736 3036 le
758 3005 872 3037 endum
896 3007 1006 3047 quom,-
1028 3007 1064 3038 li-

203 3053 255 3075 cet
271 3044 426 3084 inrigata,
443 3052 572 3085 eamque
587 3043 711 3077 secutus
727 3014 886 3078 genelius
903 3046 1062 3088 malstquo,

203 3092 240 3116 ut
265 3084 310 3116 est
332 3085 363 3115 in
381 3083 548 3116 Cautione.
593 3085 742 3126 Cujacius
767 3087 798 3118 δε
816 3086 950 3119 Hotom.
977 3097 1062 3119 utro-

206 3127 300 3164 bique
326 3127 416 3164 quoad
435 3147 445 3162 ,
477 3126 522 3156 uti
553 3128 734 3160 notavimus
770 3129 802 3159 C.
828 3128 881 3159 Vl.
912 3127 965 3159 >scd
993 3129 1061 3161 haec

198 3167 288 3199 nullo
306 3164 483 3198 discrimine
507 3166 668 3200 habentur.
722 3168 827 3202 Etiam
847 3169 930 3202 recte
945 3169 1058 3202 Pande-

912 132 1021 159 VAN

1096 121 1694 177 ssYNxERSHonK

1109 203 1173 235 Ctes
1198 201 1374 235 Florentini
1397 204 1510 243 leftio,
1542 206 1706 248 adjeriffet,
1737 205 1917 240 subauditur
1938 214 1968 242 e:

1109 245 1175 276 nim
1204 244 1332 276 Publius
1360 245 1501 278 Maevius
1538 247 1684 278 creditor.
1732 247 1966 289 Manus‘criptus

1110 294 1196 317 meus
1212 285 1338 327 adjeczff.
1364 286 1518 327 ambigue.
1563 288 1656 319 Varia
1681 288 1774 319 lectio
1792 290 1872 330 apud
1891 290 1968 324 Rus-

1110 325 1229 358 sardum
1245 328 1337 368 plene
1360 328 1542 369 adjeciffent,
1573 329 1622 360 sed
1641 329 1749 368 nullo,
1774 338 1809 361 ut
1826 330 1968 374 videtur,

1109 366 1212 399 sensu:
1247 367 1302 400 nisi
1327 368 1413 400 dicas
1431 391 1442 406 ,
1473 370 1601 401 Paulum
1628 372 1732 402 calore
1751 369 1969 412 disputationis

1109 408 1186 439 adeo
1206 407 1338 440 fervidae
1360 409 1522 451 abreptum
1537 433 1548 449 ,
1570 411 1730 452 personam
1747 412 1969 447 creditorisad-

1109 448 1261 489 sumsisse,
1287 458 1322 480 ut
1340 449 1501 483 sententiae
1528 452 1588 483 suae
1613 453 1712 493 major
1728 453 1805 485 ess'et
1822 454 1970 492 intentio,

1108 489 1252 536 Frigidus
1280 491 1385 531 calor,
1418 493 1565 534 &jejuna
1588 495 1708 527 hwa-as!
1733 494 1785 526 sed
1805 504 1900 537 apage
1913 497 1968 530 mi-

1109 538 1221 563 nutias.

1151 571 1203 604 De
1231 582 1265 603 re
1287 572 1350 613 ipsa
1373 574 1559 608 videndum:
1593 577 1623 609 δε
1650 578 1774 618 quidem
1796 588 1860 619 quo
1879 579 1971 621 pasto

1109 622 1221 644 verum
1236 614 1294 652 sit,
1317 614 1338 646 fi
1354 617 1600 649 conventionem
1623 619 1759 651 nostram
1775 619 1972 660 stipulationi

1110 653 1206 685 ineffe
1222 655 1306 700 dicas
1325 677 1336 693 ,
1368 655 1560 697 consequens
1587 659 1669 698 esse,
1703 669 1737 692 ut
1757 662 1886 703 perinde
1902 662 1939 694 fit
1959 687 1972 704 ‚

1109 705 1146 726 ac
1171 695 1193 726 fi
1220 696 1358 727 creditor
1386 704 1466 737 quot
1494 699 1647 732 mensibus
1673 708 1781 733 certam
1794 705 1971 745 pecuniam,

1111 745 1255 768 trecenos
1281 744 1360 777 puto
1387 738 1530 770 denarios
1547 763 1557 778 ,
1591 741 1755 781 stipulatus
1771 765 1782 781 ,
1814 745 1915 784 quoad
1938 745 1973 779 in

1109 787 1197 808 mora
1222 777 1299 809 esset
1323 778 1474 817 debitor,
1498 779 1597 821 rasuras
1619 782 1714 814 trium
1732 784 1910 825 denarium,
1938 787 1971 819 id

1109 817 1172 858 est,
1204 826 1370 850 conventre
1386 820 1550 892 ‘pensionis
1586 822 1775 856 Centesimas
1805 826 1971 866 adjecisset.

1108 860 1254 901 Namque
1270 860 1348 892 illud
1364 870 1381 891 e
1433 862 1524 893 valde
1539 864 1673 903 mirum,
1698 864 1974 902 Commentatores

1108 901 1179 932 heic
1202 902 1300 933 altum
1328 902 1519 943 inclamare,
1555 905 1585 936 ὃς
1617 904 1673 937 suo
1697 915 1852 948 quemque
1876 909 1973 942 modo

1107 942 1258 983 probare,
1282 943 1370 983 patra
1389 944 1420 975 in
1437 943 1649 985 stipulationis
1671 948 1848 980 continenti
1873 949 1973 991 fasta,

1107 983 1208 1015 eidem
1232 983 1326 1015 iness'e
1344 1008 1353 1023 ,
1386 994 1488 1026 neque
1512 994 1613 1019 tamen
1639 987 1777 1029 docere,
1817 990 1872 1031 qui
1901 991 1975 1024 inde

1107 1024 1315 1062 conficiatur,
1346 1026 1431 1066 quod
1460 1026 1573 1059 Paulus
1592 1029 1737 1070 colligit,
1761 1040 1826 1063 non
1846 1031 1976 1074 integrae

1106 1066 1220 1104 sortis,
1251 1064 1302 1097 sed
1329 1075 1498 1099 conventae
1522 1069 1676 1110 penfionis
1701 1070 1805 1104 usuras
1821 1072 1976 1107 duntaxat

1106 1107 1276 1139 committi.
1322 1107 1477 1151 Quamvis
1502 1117 1606 1141 autem
1629 1120 1688 1143 nos
1715 1122 1824 1145 eorum
1848 1112 1975 1149 senten-

1107 1149 1170 1187 tia,
1192 1148 1230 1179 de
1258 1148 1354 1189 paffis
1384 1149 1575 1189 stipulationi
1602 1152 1721 1192 insitis,
1744 1163 1815 1187 nont
1828 1163 1975 1198 utamur,

1108 1197 1240 1230 oportet
1268 1189 1476 1221 nihilominus
1504 1192 1673 1232 probemus
1689 1218 1698 1234 ,
1731 1196 1806 1236 quid
1826 1195 1905 1229 istuc
1928 1197 1975 1230 fa-

1109 1232 1172 1262 ciat
1188 1230 1224 1261 ad
1241 1230 1403 1270 quaefitum
1423 1231 1462 1262 de
1478 1233 1673 1273 obligatione
1689 1235 1848 1269 usurarum
1857 1248 1974 1280 ‚quan-

1107 1271 1276 1312 doquidem
1295 1270 1451 1312 diximus,
1484 1272 1615 1306 Paulum
1638 1284 1656 1306 a
1670 1276 1703 1307 vi
1726 1277 1755 1309 &
1770 1279 1908 1311 efficacia
1924 1290 1975 1322 pa-

1105 1312 1151 1344 sti
1175 1313 1406 1353 argumentari,
1427 1323 1464 1345 ac
1480 1313 1502 1346 si
1523 1323 1632 1347 revera
1649 1316 1770 1350 ineffet.

1151 1352 1312 1385 Nimirum
1334 1355 1387 1395 qui
1406 1353 1530 1396 sciunt,
1549 1357 1624 1397 quid
1640 1357 1677 1390 sit
1689 1358 1777 1400 pasta
1795 1360 1974 1396 inessecon-

1110 1394 1260 1434 tractibus
1276 1418 1287 1435 ,
1318 1396 1415 1428 etiam
1439 1396 1503 1428 hoc
1531 1397 1635 1434 sciunt
1652 1423 1663 1439 ‚
1704 1409 1742 1435 >ea
1766 1400 1871 1435 statim
1892 1403 1975 1437 vires

1109 1435 1177 1468 suas
1204 1436 1249 1468 ita
1278 1435 1439 1476 exserere,
1468 1447 1523 1478 ut,
1557 1439 1783 1475 ficonvenerit
1800 1443 1839 1475 de
1856 1444 1974 1488 obliga—

1109 1478 1200 1510 tione
1215 1487 1255 1509 ex
1271 1479 1437 1518 contractu
1454 1480 1640 1523 minuenda,
1658 1492 1694 1514 ea
1709 1483 1826 1526 absque
1841 1486 1906 1518 ulla
1921 1495 1975 1520 ex«

1108 1519 1266 1560 ceptionis
1290 1529 1351 1561 ope
1376 1521 1537 1554 deminuta
1561 1522 1619 1562 sit,
1647 1534 1711 1566 quo
1736 1525 1775 1557 de
1794 1526 1888 1559 latius
1904 1526 1975 1560 Dis·

1099 1560 1273 1603 firtationis
1292 1563 1369 1608 *Cap.
1393 1562 1418 1594 Ι.
1462 1563 1568 1605 Atque
1588 1565 1663 1598 hinc
1680 1566 1901 1609 consequitur,
1925 1577 1974 1610 ut,

1107 1602 1130 1635 fi
1149 1602 1274 1644 pactum
1289 1613 1322 1635 in
1346 1602 1390 1638 vs.
1410 1605 1581 1645 Convenit,
1612 1607 1723 1641 ineffet
1746 1607 1950 1650 stipulatione
1963 1634 1977 1651 ,

1103 1645 1173 1676 hoc
1198 1643 1244 1675 est
1259 1668 1270 1684 ,
1303 1644 1324 1677 si
1351 1645 1490 1678 creditor
1504 1656 1575 1679 non
1595 1649 1722 1690 pastus,
1744 1649 1975 1693 sedstipulatus

1105 1684 1236 1724 fuiffet,
1262 1685 1299 1718 C.
1326 1685 1363 1718 C.
1388 1686 1426 1720 C.
1455 1687 1611 1722 menstrua
1637 1691 1727 1731 dari,
1749 1700 1803 1732 ut,
1828 1693 1973 1735 inquam,

1106 1726 1178 1769 vipso
1201 1726 1270 1767 jure
1295 1726 1415 1760 sublata
1428 1728 1631 1776 stipulatione
1645 1755 1655 1772 ,
1680 1742 1751 1775 quae
1770 1733 1863 1766 sortis
1878 1742 1975 1775 caput

1107 1766 1287 1814 universum
1311 1769 1461 1803 Kalendis
1484 1773 1640 1812 proximis
1665 1775 1798 1816 dependi
1816 1774 1944 1807 volebat
1959 1799 1972 1816 ,

1107 1810 1252 1849 debitor,
1276 1811 1331 1843 nisi
1349 1812 1386 1843 ad
1405 1820 1546 1850 trecenta
1563 1815 1719 1848 menstrua
1733 1816 1890 1858 obligatus
1906 1826 1972 1849 non

1106 1851 1164 1890 fit,
1190 1851 1221 1883 δε
1237 1859 1292 1892 per
1304 1853 1509 1886 necessarium
1525 1855 1719 1898 consequens
1735 1867 1798 1890 non
1817 1865 1973 1898 teneatur,

1103 1893 1164 1925 *nisi
1180 1892 1218 1924 ad
1236 1893 1365 1926 illorum
1375 1903 1597 1936 trecentorum
1613 1898 1718 1931 usuras
1735 1899 1766 1930 in
1783 1898 1903 1930 menses
1912 1899 1971 1932 fin-

1107 1935 1220 1975 gqus,
1251 1936 1514 1975 quemadmodum
1541 1939 1572 1971 in
1599 1939 1679 1981 seqq.
1710 1940 1888 1972 luculenter
1917 1940 1971 1972 de-

1102 1975 1260 2007 monstrat
1282 1977 1405 2010 Paulus.
1460 1979 1615 2012 Videntur
1640 1982 1707 2013 haec
1734 1981 1863 2022 liquida.
1915 1982 1972 2014 Sin

1105 2027 1184 2048 vero
1207 2019 1431 2059 exceptionem
1457 2027 1577 2053 tantum
1602 2022 1718 2054 tribuas
1734 2022 1844 2063 pacto,
1869 2023 1970 2064 major

1107 2059 1169 2089 erit
1191 2060 1371 2098 οἱμθεῶρηως,
1396 2061 1523 2101 longior
1549 2063 1716 2096 circuitus:
1737 2073 1808 2095 nam
1825 2073 1901 2096 ecce
1916 2064 1968 2096 de-

1098 2099 1190 2131 bitor
1217 2099 1382 2132 obstrietus
1406 2110 1510 2134 manet
1537 2104 1574 2135 ad
1599 2103 1715 2136 sortem
1743 2105 1915 2147 integram,
1937 2107 1968 2136 ε’-

1103 2141 1213 2181 jusque
1241 2141 1341 2173 totius
1368 2140 1473 2174 usuras
1499 2144 1694 2177 menstruas:
1721 2156 1757 2178 ac
1787 2155 1826 2178 co
1842 2146 1969 2179 nomine

1100 2183 1172 2222 ‘jure
1196 2181 1319 2213 summo
1339 2184 1503 2227 conveniri
1521 2186 1641 2226 poterit
1662 2187 1722 2227 jam
1743 2186 1846 2219 statim
1868 2197 1886 2219 a
1900 2189 1968 2220 mo'·

1104 2232 1148 2254 ra.
1192 2222 1340 2255 Creditor
1365 2232 1469 2256 tamen
1486 2249 1495 2263 ‚
1529 2227 1582 2267 qui
1608 2227 1694 2259 videt
1726 2227 1757 2260 se
1780 2238 1857 2260 exce
1881 2228 1969 2262 tione

1100 2264 1185 2306 *pat'ti
1199 2263 1356 2305 repulsum
1374 2266 1433 2303 iri,
1455 2266 1635 2308 exspec‘tac,
1657 2270 1758 2302 donec
1774 2278 1844 2303 men
1859 2279 1911 2310 es,
1932 2280 1968 2303 οι-

1105 2305 1225 2337 mnium
1251 2306 1439 2347 pensionum*
1457 2306 1607 2342 solutioni
1632 2319 1872 2352 competentes,
1901 2309 1969 2343 fue-

1106 2347 1171 2379 rint
1196 2347 1287 2388 elapsi
1303 2371 1313 2387 ‚
1345 2354 1445 2387 ratus,
1469 2359 1533 2382 non
1552 2351 1648 2383 modo
1667 2353 1786 2384 nullum
1803 2351 1874 2383 inde
1886 2352 1969 2393 peti-

1109 2389 1190 2420 tioni
1207 2388 1366 2420 usurarum
1393 2389 1486 2422 sortis
1509 2392 1662 2425 universae
1680 2393 1896 2435 praejudicium
1913 2392 1967 2426 fie-

1102 2430 1132 2461 ri
1143 2453 1154 2468 ,
1177 2429 1228 2461 sed
1245 2438 1355 2462 contra
1380 2432 1442 2462 hoc
1471 2434 1592 2469 εὑρήμᾱιπ
1609 2443 1676 2466 eam
1690 2433 1775 2465 reddi
1790 2433 1969 2466 faciliorem

1105 2471 1218 2503 multo.
1233 2471 1406 2513 Propone:
1431 2474 1517 2505 cesiit
1531 2474 1597 2506 dies
1613 2474 1792 2516 pensionum
1810 2475 1968 2514 omnium,

1105 2513 1174 2553 agit·
1197 2512 1235 2543 ad
1263 2521 1314 2545 eas
1344 2514 1365 2545 i.
1390 2522 1424 2545 e..
1448 2515 1484 2545 ad
1508 2514 1623 2546 sortem
1644 2516 1814 2556 integram3
1839 2515 1904 2588 eiius
1929 2526 1969 2548 ue

1106 2554 1207 2585 totius
1222 2552 1326 2585 usuras
1344 2554 1500 2594 creditor,
1526 2556 1555 2587 <Sc
1574 2556 1604 2586 id
1625 2564 1711 2588 retro
1729 2557 1760 2588 in
1776 2565 1844 2588 men
1861 2566 1893 2589 es
1921 2568 1968 2592 m·

1106 2595 1209 2636 gulos.
1253 2594 1304 2626 De
1330 2594 1414 2627 sorte
1441 2595 1519 2628 nihil
1538 2597 1727 2629 contradicit
1745 2598 1888 2637 debitor,
1913 2609 1966 2632 ne-

1102 2645 1167 2677 que
1185 2635 1268 2667 enim
1286 2636 1325 2667 de
1339 2646 1374 2666 ea
1391 2638 1589 2668 controverti
1606 2638 1726 2681 potest:
1750 2639 1788 2670 de
1803 2638 1902 2672 usuris
1918 2640 1967 2672 au-

1108 2685 1171 2708 tem
1189 2676 1310 2717 excipit
1321 2699 1332 2715 ,
1355 2677 1387 2708 ni
1406 2677 1535 2709 essemus
1551 2680 1631 2719 paeri
1649 2679 1688 2710 dc
1704 2678 1787 2711 sorte
1802 2680 1968 2714 menstrua-

1103 2719 1166 2749 tim
1193 2717 1361 2750 dividunda
1379 2740 1391 2756 ,
1422 2719 1453 2749 ἃ
1470 2728 1525 2760 per
1544 2720 1606 2751 hoc
1623 2727 1740 2753 mutata
1756 2720 1842 2753 foret
1865 2721 1966 2755 usura-

1106 2768 1175 2790 rum
1200 2759 1292 2790 ratio.
1338 2759 1484 2800 Replicat
1510 2762 1667 2792 creditor:
1693 2762 1772 2794 hanc
1790 2772 1808 2794 a
1823 2761 1907 2796 sorte
1929 2763 1968 2795 ad

1108 2799 1212 2831 usuras
1234 2798 1489 2840 consequentiam
1515 2802 1591 2834 licet
1613 2803 1808 2842 concedam,
1831 2812 1967 2837 attamen

1110 2841 1140 2872 <Sc
1159 2841 1223 2872 alio
1241 2840 1336 2871 modo
1353 2841 1429 2872 mibi
1447 2842 1625 2876 consultum
1643 2843 1706 2883 est;
1727 2844 1841 2876 novisti
1860 2845 1968 2892 utique

1108 2882 1197 2922 pacta
1218 2882 1438 2922 exceptionem
1464 2892 1570 2923 parere
1589 2908 1598 2924 ‚
1630 2885 1660 2917 δε
1687 2893 1838 2926 praeterea
1859 2886 1936 2919 nihil
1955 2897 1964 2918 ε

1108 2923 1329 2962 exceptionem
1352 2930 1431 2959 vero
1457 2933 1520 2957 non
1545 2926 1665 2967 operari
1692 2926 1747 2958 nisi
1766 2926 1937 2968 oppositam
1954 2950 1966 2967 ,

1109 2966 1138 2995 <St
1154 2964 1192 2995 ab
1209 2962 1275 3003 ipso
1290 2964 1497 3005 oppositionis
1517 2973 1669 3008 tempore.
1714 2967 1810 3012 Quod
1829 2968 1965 3000 fiverum

1107 3004 1162 3045 fit,
1187 3006 1329 3036 constare
1352 3006 1498 3045 videtur,
1528 3007 1798 3050 praescriptionem
1812 3009 1891 3051 pasti
1909 3017 1965 3042 no-

1098 3046 1159 3077 -ssri
1176 3069 1185 3084 ,
1221 3055 1312 3087 quam
1337 3054 1421 3079 nunc
1447 3049 1572 3081 demum
1597 3049 1756 3091 opponis,
1795 3049 1964 3082 retrorsum

1106 3096 1226 3118 mutare
1248 3096 1310 3119 non
1338 3089 1474 3129 potuisse
1491 3088 1613 3130 usuras,
1637 3099 1679 3122 ex
1703 3090 1901 3132 stipulatione
1913 3091 1963 3123 dc-

1106 3129 1186 3159 bitas
1207 3152 1216 3167 ,
1249 3128 1477 3170 consequenter
1505 3139 1556 3163 eas
1582 3130 1722 3164 καθιλιιδς
1737 3131 1905 3164 cucurrisse
1925 3134 1964 3164 ab

1103 3169 1286 3211 interposita
1303 3170 1342 3202 de
1359 3170 1423 3204 illis
1438 3171 1586 3206 cautione
1600 3172 1638 3205 ad
1653 3181 1752 3214 usque
1774 3173 1856 3206 hunc
1865 3196 1876 3213 ‚
1901 3182 1964 3215 quo

1930 3222 1967 3245 tu
