2008 3436
163 101 419 146 OPUSC.

26 187 154 221 infamia
176 192 311 226 nuber-m
333 188 430 229 Syros
449 192 594 226 quoque,
620 180 775 222 Phrygas,
796 178 888 225 alios-

26 239 86 270 que
98 252 108 268 ,
130 231 160 262 iii
178 231 328 262 honorem
347 236 463 269 magnae
481 225 598 257 Matris
616 222 787 266 Deorum„
801 229 886 261 geni·

27 272 101 305 talia
122 272 174 304 libi
204 270 391 314 praecidere,
423 268 451 299 ὃς
480 267 567 303 haec,
591 265 620 296 ὅ(
640 263 728 304 plura
747 262 808 294 alia
830 261 885 308 ob-

25 311 149 350 scoena,
170 323 237 354 quie
254 313 292 344 de
309 311 377 343 aliis
395 308 553 352 Gentibus
577 305 620 337 ibi
642 302 803 341 recenset,
823 303 887 334 ubi-

26 364 150 395 cunque
181 356 322 386 locorum
342 374 353 390 ,
384 351 416 383 in
443 349 578 389 Imperio
595 346 759 390 Romano,
783 342 887 381 obser-

25 396 104 431 vari.
147 395 298 437 AEgyptia
314 394 427 429 Sacra,
454 389 565 430 quibus
589 395 681 418 nemo
698 384 793 417 facile
812 383 886 417 stul-

25 439 108 470 tiora
123 437 227 475 dabit,
252 436 360 468 Romae
378 439 503 474 quoque
521 429 609 461 licita
623 426 714 458 fuiss'e
735 436 837 458 narrat
856 426 886 458 ὅτ.

24 478 149 512 damnat
176 475 393 510 Tertullianus
419 468 543 512 Apolog.
574 469 605 500 C.
629 467 754 514 XXIV.
788 468 885 515 AEgy-

19 522 113 564 pilis,
148 518 270 560 inquit,
287 513 420 557 periniffa
446 511 486 554 est
503 518 563 543 tam
581 507 885 550 vanaesuperstittoms

21 559 168 605 potestas,
189 560 293 591 avibus
317 556 353 592 ὅ)
379 553 474 596 bestiis
494 552 714 594 consecrandis,
736 550 772 586 ἃ
789 552 884 591 capite

25 603 216 638 damnandis,
241 601 290 641 qui
304 599 430 639 aliquem
444 595 604 636 hujusmodi
622 593 718 625 Deum
736 593 884 624 occiderit.

23 640 98 685 Plus
114 643 206 681 dic03
226 650 288 673 non
307 647 427 671 tantum
443 637 532 668 licita
553 634 645 667 fuisse
667 634 819 676 AEgyptia
833 635 883 666 Sa-

23 695 98 726 cra,
119 682 170 716 sed
192 683 222 715 ὅ(
232 705 244 722 ,
266 689 377 713 contra
396 687 488 720 quam
500 676 670 718 Dionysius
686 676 716 707 <St
734 675 891 708 Eusebius-

23 721 100 766 mox
117 725 285 763 dicebant,
318 721 445 763 publice
472 726 608 759 recepta.
652 717 702 750 Ex
718 718 839 758 aliquot
861 716 885 748 i-

23 764 107 811 pfius
126 765 275 799 Varronis
295 763 376 796 locis
393 762 423 793 id
439 763 607 802 probatum
622 759 685 791 ivit
699 757 832 790 Colerus
849 756 889 796 ad

27 806 143 843 bs'alerii
167 806 256 840 Max.
282 805 321 838 L.
346 804 368 836 I.
395 804 428 835 C.
452 813 482 844 3.
507 800 598 834 Addo
618 800 786 832 Ottavium
805 797 890 839 apud-

25 850 194 884 }Ainuciwn
219 847 309 880 Felic.
336 846 383 877 his
399 848 522 876 verbis:
548 841 656 874 Nonne
676 840 711 875 ἐξ
731 839 824 880 Apim
842 841 886 871 bo-

24 889 90 923 num
108 901 173 922 cum
191 885 346 932 sEgypliis
359 887 487 918 adoratis
503 884 539 919 ὅ)
553 883 699 924 pascitis?
720 891 771 912 nec
789 891 884 928 eorum

27 928 121 965 sirm
138 932 285 963 danmatio·
297 952 311 969 ,ι
330 926 466 969 instituta
479 925 663 967 serpentibus
678 945 688 961 ,
710 922 859 953 crocodilis
872 944 881 959 ‚

28 975 129 1006 bellini
149 974 258 1004 caeieris
275 970 310 1006 ὅ*
328 971 450 1005 avibus,
472 975 588 1008 quorum
608 964 732 1004 aliquem
748 962 846 1008 Deam
855 959 885 1000 fi

23 1017 85 1060 φιτ
108 1015 261 1050 occiderit,
295 1013 384 1042 etiam
407 1010 500 1048 capite
515 1007 650 1047 punitur.
693 1004 780 1049 Quin
799 1011 887 1034 tanta

23 1054 139 1087 iiii'ania
155 1053 381 1094 arripiebantur
404 1049 473 1080 liaec
498 1048 611 1085 Sacra,
637 1052 672 1077 ut
686 1044 792 1085 postea
810 1044 884 1075 abo-

21 1093 86 1128 lere
110 1095 262 1136 placuerit
280 1115 290 1130 ,
317 1088 576 1132 quemadmodum
611 1087 640 1118 ὅς
667 1087 727 1118 alia
751 1086 884 1116 aliorum

19 1138 128 1175 Sacra,
151 1145 219 1175 quae
237 1134 396 1166 Romanos
413 1139 516 1163 mores
533 1127 732 1166 inficiebant,
743 1127 796 1159 vel
810 1127 885 1158 alias

21 1173 76 1219 Rei
103 1176 213 1209 ablica:
230 1174 328 1208 noxia
344 1172 462 1210 effent,
484 1171 554 1212 plus
572 1168 664 1200 semel
683 1169 783 1200 vetita
799 1167 884 1206 sunt,

19 1229 59 1252 ur.
73 1187 190 1250 gocent
205 1216 350 1256 exempla
364 1213 444 1255 apud
463 1211 622 1244 Valerium
642 1211 671 1240 d.
697 1210 737 1241 L.
751 1209 776 1241 Ι.
802 1210 834 1240 C.
852 1219 883 1250 3.

21 1260 81 1294 Pro
101 1259 186 1292 varia
207 1257 403 1299 Reipublicae
422 1255 545 1286 ratione
564 1251 669 1283 cadem
688 1252 780 1282 Sacra
801 1259 884 1281 nunc

32 1294 39 1302 “
75 1299 178 1340 milia,
199 1308 283 1332 nunc
300 1305 448 1338 recepta,
467 1303 551 1327 nunc
581 1292 700 1324 abolita
728 1290 857 1322 fuerunt
873 1313 886 1330 ,

39 1352 49 1358 “
67 1343 107 1374 de
121 1341 268 1374 omnibus
286 1338 426 1372 externis
444 1334 606 1368 abolendis
623 1333 702 1374 saepe
714 1332 775 1364 ell'e
783 1332 885 1364 actum

19 1383 169 1417 Postumii
180 1382 261 1425 apud
268 1380 397 1414 Livium
406 1377 520 1411 Oratio
527 1376 665 1407 declarat
675 1374 711 1405 L.
719 1373 883 1406 XXXIX.

22 1426 54 1458 C.
83 1428 130 1457 16.
190 1425 278 1457 uoties
290 1447 300 1463 ‚
325 1421 448 1462 inquit,
471 1421 520 1451 boc
532 1423 651 1459 patrum
667 1424 838 1456 avorumque
849 1425 882 1446 ιε-

22 1460 84 1501 inte
102 1469 250 1510 negotium
265 1463 306 1506 est
314 1461 544 1506 stlagistratibzts
555 1460 654 1490 datum.
663 1464 712 1496 ,ua
723 1457 816 1488 Sacra
835 1466 884 1495 ex-

23 1514 108 1542 terna
125 1509 196 1550 fieri
224 1512 359 1540 vetarent
376 1506 391 1537 Ξ)
418 1500 602 1544 sacrificulos
632 1506 768 1540 vatesque
785 1498 854 1538 foro
871 1521 882 1537 ‚

19 1551 113 1589 circo,
142 1549 222 1582 Urbe
235 1546 445 1589 prohiberent?
465 1544 611 1575 vaticinos
637 1540 743 1573 Libros
765 1541 882 1581 conqui-

17 1587 116 1624 ritant
131 1593 379 1630 coinburerentque
397 1587 414 1619 2
444 1595 554 1617 omnem
570 1582 755 1625 disciplinam
762 1579 882 1622 sacrifi-

17 1633 128 1672 candi,
142 1638 333 1674 praeterquam
351 1639 425 1661 more
444 1627 595 1664 Romano,
614 1624 787 1656 abolerent?
803 1623 883 1666 judi-

17 1675 124 1713 cabant
141 1675 220 1706 enim
227 1669 439 1714 prudentiffimi
458 1668 530 1701 Viri
547 1667 638 1699 omnis
654 1665 765 1697 Divini
783 1665 882 1696 hunia-

17 1708 103 1758 ’ἔθυε
118 1715 207 1758 Juris
217 1737 229 1754 ,
252 1713 329 1746 nihil
343 1721 418 1754 aeque
434 1709 614 1752 diffilvendae
632 1707 802 1753 Reisgionii·
819 1705 883 1746 effe,

18 1766 104 1799 mam
125 1758 175 1789 ubi
200 1765 257 1788 non
275 1755 398 1795 -patrio,
425 1752 479 1794 sed
493 1757 611 1783 externo
626 1750 881 1790 ritusacrijzcare-

19 1803 74 1833 tut-
120 1796 262 1830 Honesta
280 1795 412 1828 Oratio!
438 1793 489 1826 sed
515 1802 576 1834 qua
598 1790 695 1832 magis
713 1789 789 1821 milii
810 1788 882 1821 usus

18 1832 142 1879 ffletui·
157 1837 353 1877 Postumius,
377 1844 414 1868 ut
429 1833 632 1868 Bacchanalia
653 1831 803 1864 abolenda
820 1829 881 1862 ess'e

16 1875 228 1922 pqr-suaderet,
277 1888 346 1911 uam
373 1886 409 1909 ut
425 1878 536 1909 iterata
555 1875 608 1907 illa
629 1873 746 1908 totiens
762 1871 879 1904 Decre-

18 1924 54 1959 ta.
65 1922 197 1962 recitare
214 1931 256 1963 po
283 1929 327 1952 ct.
372 1917 454 1951 Cum
470 1925 602 1950 ventum
627 1915 665 1948 ad
681 1923 791 1946 verum
814 1911 879 1954 est,

17 1962 117 2004 Leges,
130 1972 316 2004 moresque,
337 1961 450 2002 quibus
470 1957 664 1991 recensendis
687 1965 771 1988 nunc
788 1965 882 1987 occu-

17 2013 96 2046 pot,
118 2012 241 2043 tanturn
258 2010 451 2044 repugnant,
476 2009 512 2032 ut
530 1998 725 2031 Postumium
742 1997 781 2029 de
797 2005 882 2038 pere-

55 2045 119 2084 'nisf
129 2045 233 2079 Sacris
257 2043 397 2076 arcendis
420 2043 491 2083 plus
507 2040 636 2080 dixisse,
660 2040 763 2071 minus
778 2037 881 2084 seniis-

17 2055 250 2120 }glexistiimem.
296 2084 472 2125 Aliquando
490 2091 612 2121 tamen,
637 2090 672 2114 ut
687 2080 782 2112 modo
796 2079 880 2111 dice-

17 2128 110 2166 bam,
130 2126 278 2169 profeffio
293 2126 468 2166 Religionis
493 2124 666 2165 peregrinae
693 2120 854 2162 displicuit
869 2143 880 2159 ,

19 2170 50 2202 ὅ(
68 2169 141 2201 hinc
160 2176 284 2209 quoque
299 2170 379 2208 apud
395 2165 524 2198 Livium
555 2166 596 2198 L.-
619 2164 675 2196 IV.
698 2164 729 2194 C.
754 2172 805 2204 30.
827 2161 880 2194 AE-

18 2211 134 2242 dilibus
149 2212 311 2250 negotium
329 2208 435 2239 datum
449 2207 494 2238 est
503 2229 514 2245 ‚
543 2212 576 2237 ut
591 2205 881 2244 animadverterent,

17 2253 54 2284 ηε
70 2253 119 2293 qm·
130 2273 142 2290 ,
165 2249 221 2290 nisi
237 2248 364 2281 Romani
384 2247 442 2279 Dii
453 2270 464 2286 ,
483 2258 539 2279 neu
555 2257 606 2288 quo
629 2247 688 2278 alio
705 2255 779 2276 more
793 2254 880 2286 quam

17 2295 112 2335 psstrio
131 2293 314 2329 colerentur,
338 2298 448 2321 verum
468 2289 531 2320 hoc
547 2289 612 2324 ita,
642 2295 678 2319 ut
695 2290 880 2318 coerceren-

20 2341 93 2376 ηιμ
117 2335 220 2375 quibus
236 2355 252 2371 ,⁴
276 2341 310 2364 ut
339 2330 450 2362 Livius
478 2330 541 2368 ait,
564 2327 680 2371 quaestui
699 2333 784 2359 erant
800 2327 880 2367 capti

12 2373 212 2418 JQn-ffiitione
231 2374 336 2405 animi.
379 2371 432 2402 Ob
446 2371 573 2402 eandem
585 2393 596 2408 ,
619 2369 672 2402 vel
688 2368 818 2401 similem
833 2377 879 2399 ra-

20 2416 160 2458 tionem,-
190 2424 263 2447 cum
287 2424 305 2445 e
326 2422 359 2444 re
384 2412 512 2453 publica
528 2411 589 2444 esse
605 2411 785 2448 videretur,
809 2418 881 2450 pro-

19 2456 76 2494 scri
94 2467 133 2497 „ta
161 2456 232 2489 sunt
260 2456 352 2488 Sacra
372 2461 522 2492 externa,
554 2453 593 2485 de
611 2452 723 2493 quibus
739 2450 882 2482 Valerius

20 2500 49 2541 ἀρ
71 2467 111 2537 E,
134 2497 159 2530 Ii
186 2498 218 2531 C.
238 2507 268 2539 3.
295 2498 324 2530 ὁ(
344 2495 395 2527 vel
415 2493 481 2535 ipsa
496 2494 587 2526 Iliaca
601 2495 712 2532 Sacra,
737 2501 800 2523 tam
812 2491 876 2523 avi-

18 2539 61 2581 de
76 2548 197 2581 arrepta
215 2561 227 2577 ,
253 2537 366 2570 deinde
389 2535 471 2576 apud
497 2535 657 2567 Romanos
679 2542 802 2579 poenam
816 2541 880 2564 rne-

18 2580 169 2619 ruerunt,
197 2589 234 2611 ut
257 2588 372 2620 praeter
398 2577 558 2609 Valerium
578 2579 606 2608 d.
631 2577 685 2607 loc,
706 2583 800 2606 etiam
816 2574 878 2605 Au-

19 2622 159 2663 gm.iinus
176 2621 207 2653 ὅ(
220 2620 438 2652 Tertullianus
453 2626 660 2656 monuerunt,
683 2617 736 2648 hic
750 2614 878 2658 Apolog.1

23 2661 121 2695 CVi.
145 2661 201 2693 iiie
221 2662 256 2692 de
278 2661 370 2692 Civit.
390 2659 450 2691 Dei
472 2659 511 2691 L.
524 2658 645 2691 XVIII.
667 2659 698 2690 C.
709 2668 739 2698 5.
761 2656 879 2703 Quam-

20 2703 72 2739 vis
85 2712 190 2742 autem
208 2702 317 2734 Romae
339 2701 439 2733 vetita
454 2700 574 2732 fuerint
599 2700 693 2732 Iliaca
710 2700 821 2736 Sacra,
845 2698 878 2730 in

21 2745 163 2786 AEgypto
185 2751 289 2774 tamen
304 2764 316 2780 ‚
348 2741 402 2774 sub
424 2741 595 2779 Romanis,
624 2748 747 2772 retenta
759 2739 853 2771 fuisse
866 2761 877 2777 ,

20 2781 94 2825 satis
121 2784 242 2816 indicat
266 2781 427 2823 Juvenalis
452 2783 551 2824 Satyr.
578 2782 652 2814 XV.
685 2781 728 2822 vs.
758 2791 809 2821 34.
842 2781 879 2816 ὃ*

13 2827 76 2871 stiffi
104 2826 138 2858 ἀ
167 2823 261 2857 Philo
289 2823 412 2864 Judaens
444 2823 602 2866 Legation.
635 2824 674 2854 ad
705 2823 770 2866 Caj.
785 2829 817 2865 p.
838 2833 877 2855 m.

42 2877 186 2949 ᾧζΙςιιεὶτΞὲ-οες,
203 2906 298 2944 etiarn
315 2905 426 2938 Romae
440 2905 630 2938 Proseuchas
648 2904 714 2938 suas
727 2904 876 2944 habuisse,

20 2951 57 2991 in,
73 2949 205 2990 quibus,
225 2946 392 2979 secundum
413 2945 609 2987 Religionem
627 2947 779 2987 patriam,
801 2955 876 2978 con-

22 2988 190 3030 veniebant
209 3011 220 3028 ,
252 2988 376 3020 nemine
399 2987 606 3028 prohibente,
631 2988 738 3020 auctor
753 2986 797 3019 est
815 2986 880 3028 ipse

22 3031 81 3065 ine
105 3029 198 3069 Philo
223 3028 347 3069 [udaeus
367 3029 430 3060 eade
463 3028 620 3070 Legation.
641 3029 680 3060 ad
702 3029 765 3071 Caj.
782 3035 814 3070 p.
838 3039 878 3061 m.

22 3077 95 3113 847.
140 3069 184 3102 Et
206 3071 288 3110 idern
311 3069 426 3101 ibidem
444 3074 476 3109 p.
499 3072 571 3109 864.
598 3070 758 3101 memoriae
774 3070 878 3111 prodi-

20 3113 91 3156 dit,
111 3110 154 3143 D.
175 3109 345 3156 Augustum
383 3110 544 3149 udaeorum
559 3118 614 3150 per
629 3109 730 3142 Afiam
755 3119 881 3149 coetus,

25 3153 79 3194 qui
96 3151 273 3192 Religionis
290 3161 348 3184 cau
363 3162 381 3183 a
407 3151 599 3189 habebantur
611 3174 623 3190 ‚
644 3149 810 3196 Rescripto
825 3150 881 3183 suo

25 3194 68 3237 at}
83 3189 325 3235 hovius-:iarum
347 3190 493 3228 Praesides
512 3187 682 3232 defendiffe
698 3212 710 3230 ‚
740 3200 812 3232 quia
829 3201 881 3235 ne·

484 103 576 140 DE
638 90 1100 138 RELlGiONE
1158 89 1644 140 PnREGiiiixiA.

1719 105 1789 147 413¹

931 186 991 219 que
1008 177 1102 209 luxus
1120 186 1220 219 neque
1237 178 1396 225 turbandae
1406 182 1492 221 pacis
1504 181 1640 223 pericula
1653 183 1724 215 inde
1733 179 1795 214 nie*

933 218 1120 264 tuebantur,
1141 228 1243 260 neque
1260 229 1374 265 etiam,
1412 229 1447 252 ut
1464 224 1568 261 addit,
1592 224 1795 255 Bacchanalia

931 259 996 301 (de
1011 260 1122 305 quibus
1153 269 1230 292 mox
1256 260 1386 302 dicam)
1415 271 1516 303 neque
1536 265 1609 296 ullae
1635 263 1795 296 seditioso-

930 310 998 332 rum
1023 304 1193 347 coitiones.
1239 301 1282 333 Et
1303 311 1366 343 quo
1385 310 1536 343 praeterea
1556 306 1661 336 animo
1677 304 1797 336 fuerint

931 341 1064 374 Romam
1087 351 1160 388 erga
1181 343 1323 383 Judaeos‚
1345 353 1418 376 cuin
1437 344 1551 383 libera,
1578 353 1644 377 tum
1663 355 1794 386 occupa-

932 392 963 414 ta
984 383 1157 424 Republica
1178 407 1188 423 ,
1215 385 1392 417 luculenter
1429 385 1576 426 exposuit
1612 385 1797 418 Franciscus

929 424 1098 457 Balduinus
1114 425 1146 456 in
1163 426 1342 466 Praefatione
1368 426 1405 458 ad
1430 426 1530 460 Edici.
1546 434 1636 459 veter.
1658 427 1792 467 Princip„

928 465 1054 512 Roman.
1076 467 1110 497 de
1130 467 1289 507 Christian.
1311 468 1462 513 &pallini
1479 470 1510 500 in
1532 468 1600 510 ipso
1619 467 1794 509 OpusculO.

928 507 1016 553 Quin
1033 516 1068 538 ea
1088 507 1302 554 Rornanorum
1319 519 1402 541 eirca
1420 510 1478 542 hos
1503 510 1697 550 indulgentia
1715 508 1796 547 fuit,

928 558 964 597 ut
982 548 1068 594 illam
1086 550 1190 581 Virilia
1208 551 1373 582 mutilandi
1387 550 1665 590 consuetudinem,
1686 551 1725 582 de
1736 560 1796 591 qua

936 589 1065 635 faeitus
1082 589 1123 622 L.
1148 591 1188 622 V.
1212 591 1326 632 Hister.
1352 593 1382 623 C.
1405 601 1437 633 5.
1462 594 1492 624 &
1513 591 1698 625 Bardesanes
1711 590 1795 632 apud

929 629 1098 663 Eusebium
1110 631 1238 673 Praepar.
1251 633 1398 676 Euangel.
1423 636 1451 667 d.
1475 634 1515 666 L.
1527 633 1581 666 VI.
1592 635 1623 666 C.
1636 638 1666 668 8.
1687 642 1794 675 quam-

929 681 991 713 que
1014 671 1092 703 adeo
1113 673 1246 706 Romani
1262 675 1520 720 detestabantur,
1540 675 1654 716 Judaeis
1672 682 1796 706 tantum

929 722 993 759 non
1017 712 1134 755 semper
1150 717 1358 761 permilcrint.
1405 716 1495 749 Hanc
1515 717 1610 749 etiam
1630 715 1796 748 consuetu-

928 754 1032 786 dinem
1060 754 1157 801 Judaei
1181 758 1268 802 omni
1297 768 1368 790 aevo
1383 758 1437 791 fibi
1461 757 1582 790 servare
1602 758 1708 789 conati
1724 755 1795 788 sunt

930 803 1016 827 tanta
1023 805 1232 868 ίΡειζῑιῃεκῑιει,
1274 807 1308 829 ut
1333 799 1394 831 s1nc
1431 798 1546 831 Gentis
1578 798 1796 831 internecione

928 836 1009 882 haud
1040 837 1120 869 acile
1139 839 1211 884 tolli
1236 841 1399 880 potuerit:
1425 850 1494 872 nam
1515 850 1608 879 ecce,
1630 839 1796 881 postquam

926 878 1080 923 Adrianus
1099 880 1248 919 genitalia
1268 883 1407 913 mutilari
1426 880 1794 923 vetuerat‚ingeiis001i-

927 927 1018 967 tinuo
1036 918 1177 958 bellum,
1210 930 1244 952 ut
1271 922 1451 963 Spartianus
1473 924 1584 955 retulit
1602 923 1633 955 in
1659 922 1795 954 Adriano

930 959 962 1005 C.
986 959 1077 992 XlV.
1104 962 1189 1002 quod
1207 964 1330 995 tandem
1347 974 1419 996 cum
1439 965 1600 997 eversione
1623 963 1737 995 Gentis
1759 962 1795 994 fi—

928 1009 1030 1032 nitum
1046 1001 1100 1033 est.
1147 1003 1391 1044 Repuiiuiarunt
1412 1013 1514 1037 tamen
1531 1015 1627 1043 mox,
1649 1006 1678 1037 δε
1694 1004 1795 1037 rebel-

927 1042 1031 1089 larunt
1044 1043 1149 1075 denuo
1170 1053 1312 1085 tempore
1332 1046 1486 1078 Antonini
1510 1046 1573 1086 Pii,
1596 1047 1646 1078 sed
1663 1047 1693 1078 &
1718 1054 1796 1077 tunc

927 1083 1021 1123 vi6h‚
1053 1093 1087 1116 ut
1102 1084 1156 1130 ‘est
1179 1087 1260 1127 apud
1278 1087 1497 1128 Capitolinum
1513 1087 1545 1119 in
1561 1087 1713 1119 Antonino
1737 1087 1793 1118 Pio

929 1125 961 1171 C.
985 1124 1023 1157 V.
1054 1135 1108 1172 qui
1135 1134 1257 1167 tamen,
1291 1135 1324 1160 ut:
1352 1134 1419 1160 erat
1435 1128 1604 1160 lenissimus
1620 1128 1768 1169 Princeps
1784 1140 1797 1165 ‚⁷

927 1168 1197 1212 circumcisionem
1215 1169 1260 1200 eis
1276 1169 1418 1201 indulsit:
1443 1171 1666 1209 circumcidere,
1690 1169 1795 1209 inquit

926 1206 1124 1255 Modestinus
1143 1209 1178 1254 in.
1191 1209 1273 1242 l.11.
1286 1217 1334 1251 pr.
1351 1210 1391 1252 ff.
1406 1212 1443 1242 ad
1454 1211 1495 1243 L.
1520 1211 1632 1243 Cornel.
1654 1213 1687 1243 de
1702 1209 1793 1250 ficar„

928 1248 1041 1296 Jnclcets
1057 1250 1137 1289 fflws
1149 1251 1218 1291 snos
1242 1257 1355 1284 tantuin
1375 1252 1422 1283 Re
1435 1252 1528 1293 ''cripto
1550 1252 1630 1286 Divi
1654 1252 1706 1284 Pii
1728 1258 1794 1291 per-

927 1296 1074 1337 mittitur,
1094 1291 1128 1322 in
1143 1301 1200 1324 non
1218 1293 1342 1334 ejusdem
1363 1293 1409 1326 Re
1424 1295 1550 1336 igionis,
1574 1296 1624 1336 qui
1647 1295 1696 1326 hoc
1711 1294 1796 1335 fece·

926 1337 985 1371 rit,
1017 1329 1175 1372 castrantis
1198 1339 1285 1374 prena
1317 1337 1477 1378 irrogatur.
1520 1336 1664 1378 Septimii
1684 1334 1794 1368 Severi

927 1373 1196 1423 tempore-rursus
1219 1375 1354 1416 bellum,
1375 1377 1515 1419 vitiique
1541 1376 1646 1409 rursus
1668 1376 1765 1418 Judaei
1782 1394 1795 1416 5

926 1423 962 1463 ut
985 1417 1165 1460 Spartianus
1187 1425 1291 1449 narrat
1310 1418 1342 1450 in
1366 1418 1470 1451 Severo
1493 1419 1526 1452 C.
1548 1417 1640 1451 XVI.
1663 1418 1749 1459 quod
1761 1418 1795 1451 in

925 1455 1102 1488 ausemano
1125 1455 1288 1493 Chronico
1311 1459 1349 1491 ad
1371 1469 1484 1499 annum
1512 1459 1621 1493 Severi
1646 1461 1802 1501 quintum

925 1496 1071 1530 refertur.
1101 1498 1250 1546 ’Severus
1273 1509 1377 1533 autern
1399 1500 1517 1542 Judaeos
1536 1501 1605 1542 fieri
1618 1501 1676 1543 sub
1702 1501 1794 1543 gravi

920 1544 1008 1580 poena
1024 1545 1201 1586 vetuztkut
1228 1550 1305 1574 mox
1329 1542 1415 1574 addit
1431 1544 1611 1584 Spartianus
1634 1544 1666 1575 C.
1684 1541 1793 1575 XVIL

926 1579 1036 1613 Postea
1054 1581 1086 1612 id
1108 1585 1172 1622 ipie
1191 1583 1324 1615 Severus
1340 1583 1468 1616 videtur
1485 1584 1658 1618 molliviffe
1676 1608 1686 1624 ,
1721 1593 1794 1616 narn

924 1621 963 1653 de
979 1631 1019 1653 eo
1032 1622 1072 1669 ,ὃς
1088 1621 1253 1655 Antonino
1275 1625 1429 1666 Ulpianus
1447 1626 1477 1658 in
1499 1626 1518 1658 l.
1542 1636 1572 1668 3.
1594 1626 1623 1666 ᾗ.
1646 1636 1675 1668 3.
1695 1625 1734 1667 ff.
1759 1626 1794 1656 cle

926 1662 1084 1711 Decurron.
1116 1664 1161 1695 ita
1186 1664 1314 1699 scribit:
1345 1668 1401 1697 Lis
1418 1689 1429 1706 ‚
1453 1670 1502 1709 qui
1522 1668 1794 1709 Judasscarrijuper-

917 1704 1259 1748 stitioizentfiqnunmr‚
1295 1707 1336 1739 D.
1358 1707 1480 1741 Severus
1506 1710 1541 1744 ὅ)
1557 1708 1729 1740 Antoninus
1747 1709 1794 1739 bo-

924 1757 1005 1794 nores
1019 1748 1141 1794 adipisci
1153 1748 1355 1790 permiserant.
1385 1749 1482 1796 Quod
1504 1751 1638 1783 Severus
1658 1749 1709 1781 hic
1725 1759 1794 1790 per-

923 1790 1004 1834 iriiiit
1021 1811 1031 1827 ,
1060 1789 1338 1836 Vides-permitiss'e
1355 1814 1366 1831 ,
1395 1801 1467 1824 cum
1492 1792 1554 1832 Jam
1573 1790 1744 1824 Eaffianum
1759 1791 1795 1824 fi..

923 1831 1021 1869 lium,
1049 1829 1176 1876 Imperii
1209 1829 1329 1865 socium
1351 1856 1361 1872 ,
1392 1833 1570 1865 adsciviffet
1588 1857 1597 1872 ‚
1633 1841 1728 1873 atque
1749 1832 1795 1864 ita

923 1870 1087 1918 postremis
1106 1872 1230 1914 Imperii
1244 1872 1288 1905 sui
1322 1875 1527 1916 temporibus.
1571 1874 1699 1906 Alciato
1718 1875 1748 1906 &
1763 1884 1793 1905 a-

924 1915 975 1946 liis
997 1923 1061 1945 non
1088 1912 1162 1945 satis
1186 1914 1287 1946 causae
1309 1914 1374 1947 fuit
1390 1939 1400 1955 ,
1425 1926 1481 1948 cur
1501 1917 1531 1948 in
1556 1917 1583 1947 d.
1609 1916 1628 1946 l.
1654 1925 1684 1957 3.
1708 1914 1734 1956 §.
1759 1926 1790 1957 3;

927 1956 1065 1987 Severum
1091 1956 1242 1987 mutarint
1270 1956 1303 1988 in
1329 1957 1462 1996 Verum,
1481 1957 1513 1990 &
1529 1967 1585 1989 cur
1603 1957 1689 1989 iilam
1708 1956 1793 1989 Con-

925 1995 1123 2029 stitutionem
1140 1996 1178 2043 ad
1198 1996 1391 2030 Christianos
1410 1999 1596 2037 retulerint,
1619 2007 1682 2030 non
1697 1997 1794 2039 adJu-

924 2038 1031 2077 daeos,
1053 2037 1094 2083 de
1112 2039 1226 2083 quibus
1241 2039 1323 2080 agit:
1347 2040 1471 2081 utrique
1493 2040 1577 2071 enim
1604 2039 1681 2079 &jn
1698 2038 1791 2080 Legi-

925 2080 992 2126 bus„
1006 2079 1035 2111 δε
1051 2089 1083 2110 in
1102 2079 1274 2111 Annalibus
1290 2081 1504 2113 Romanorum
1533 2081 1701 2123 diligenter
1723 2079 1793 2113 fere'

922 2120 1180 2167 distinguuntur,
1213 2121 1308 2153 etiarn
1333 2132 1350 2153 a
1378 2123 1543 2163 spartiano
1570 2123 1599 2154 d.
1626 2122 1657 2154 C.
1683 2120 1790 2153 XVIL

923 2162 1172 2202 Heliogabalus,
1192 2171 1233 2193 ex
1251 2172 1339 2194 inore
1359 2164 1511 2206 Syrorum
1523 2187 1534 2203 ,
1559 2164 1610 2204 qui
1640 2161 1726 2195 solos
1741 2161 1792 2194 ha-

923 2204 989 2235 beri
1008 2202 1097 2249 Deos
1111 2203 1226 2235 volunt
1238 2227 1247 2243 ‚
1270 2214 1350 2245 quos
1365 2204 1420 2246 ipii
1440 2205 1553 2237 colunt
1566 2228 1576 2244 ‚
1600 2203 1632 2236 id
1651 2203 1715 2245 egit
1729 2227 1738 2243 ,
1754 2211 1792 2235 ut

921 2244 1020 2285 Judaei
1031 2267 1041 2283 ,
1054 2244 1222 2285 caete1·ique
1237 2254 1364 2285 omnes,
1376 2255 1471 2278 unum
1489 2246 1580 2278 illum
1588 2245 1694 2278 Deum
1702 2243 1791 2276 suum

923 2285 1151 2332 Heliogabalum
1170 2286 1312 2319 colerent
1321 2310 1332 2327 ,
1356 2295 1392 2318 ut
1406 2287 1514 2319 auster
1528 2287 1573 2318 est
1590 2285 1790 2326 Lampridius

922 2337 956 2373 in
969 2326 1164 2372 Heliogabalo
1193 2328 1225 2359 Ci
1247 2327 1302 2359 111.
1351 2328 1529 2360 Alexander
1551 2328 1709 2365 Severus,
1730 2326 1788 2357 mi-

925 2368 1056 2400 tissimus
1072 2368 1242 2410 Princeps,
1277 2368 1391 2410 Judaeis
1409 2370 1575 2412 privilegia
1595 2368 1759 2410 reservavit
1780 2383 1791 2408 ⁵

923 2417 959 2441 ut
979 2409 1062 2441 idem
1079 2408 1277 2455 Lampridius
1295 2410 1389 2442 tradit
1405 2412 1437 2442 in
1446 2410 1618 2442 Alexandro
1632 2410 1665 2442 C.
1674 2408 1787 2441 XXII.

923 2450 1093 2490 Crederes,
1116 2450 1316 2491 Rescriptum
1340 2451 1495 2484 Antonini
1511 2451 1560 2484 Pii
1577 2450 1732 2491 intelligi,
1749 2450 1789 2482 de

922 2501 986 2533 quo
1003 2492 1048 2524 est
1071 2495 1098 2522 d.
1124 2491 1145 2524 l.
1173 2501 1222 2524 11.
1240 2498 1288 2532 pr.
1320 2493 1374 2525 vel
1390 2492 1661 2525 Constitutionem
1676 2492 1786 2523 severi

921 2535 952 2565 <St
968 2533 1123 2580 Antonini
1137 2533 1171 2565 in
1193 2535 1221 2564 d.
1246 2533 1267 2565 l.
1290 2544 1320 2576 3.
1343 2533 1372 2575 §.
1394 2545 1425 2577 3.
1450 2534 1503 2566 vel
1520 2540 1705 2574 utrumque,
1729 2532 1786 2564 nisi

922 2575 952 2607 ἀ
968 2576 1029 2607 alia
1044 2574 1082 2606 de
1095 2573 1228 2614 Judaeis,
1253 2584 1425 2617 eorumque
1442 2575 1695 2613 eircumcifione,
1713 2582 1789 2605 con-

920 2615 1058 2653 stituerit
1087 2615 1151 2656 ipse
1175 2616 1353 2650 Alexander
1369 2640 1381 2656 ,
1419 2618 1502 2649 inter
1526 2626 1597 2659 quae
1618 2615 1706 2648 forte
1731 2623 1785 2654 ea,v

921 2667 1013 2734 quae&
1009 2657 1122 2697 Paulus
1137 2659 1248 2690 retulit
1272 2659 1405 2691 Sentent.
1427 2658 1469 2690 L.
1493 2657 1533 2690 V.
1561 2658 1594 2690 T.
1619 2653 1730 2690 XXII.
1754 2655 1784 2696 §.3

920 2709 940 2742 3
963 2709 1212 2774 Chri‘iiianorum
1237 2751 1285 2774 res
1310 2750 1374 2782 quo
1404 2741 1480 2773 loco
1514 2739 1594 2780 apud
1625 2738 1787 2779 Principes

922 2782 1081 2815 Romanos
1100 2782 1219 2820 fuerint
1234 2784 1272 2814 ad
1291 2791 1387 2823 usque
1405 2780 1665 2817 Constantinum,
1688 2779 1710 2812 fi
1728 2785 1788 2819 pro

920 2824 1073 2865 dignitate
1093 2824 1268 2865 argumenti
1293 2830 1474 2855 excuterem
1489 2845 1500 2861 ,
1530 2822 1641 2852 horum
1665 2828 1785 2860 tempo-

920 2875 990 2897 ruin
1004 2864 1147 2897 Historia
1166 2863 1381 2897 Ecclefiastica
1396 2864 1474 2894 mihi
1490 2862 1566 2894 effet
1585 2859 1783 2893 conscriben-

919 2906 976 2944 da;
1000 2905 1184 2947 poss‘umque
1199 2915 1267 2937 eam
1292 2913 1418 2944 operam
1447 2903 1510 2935 hoc
1535 2902 1633 2942 magis
1647 2901 1758 2943 fugere
1772 2916 1785 2942 ‚—

944 2948 1006 2979 uod
1022 2946 1146 2979 solicite
1161 2947 1192 2978 id
1209 2944 1391 2988 praeiiiterit
1406 2944 1478 2983 ille,
1499 2952 1591 2984 quem
1607 2942 1703 2975 modo
1720 2943 1784 2975 lau·

919 2957 1028 3020 {labam
1037 3010 1049 3026 ,
1068 2986 1251 3020 Franciscus
1265 2986 1434 3018 Balduinus
1443 2984 1569 3017 Libello
1580 3007 1590 3022 ,
1614 2993 1705 3024 quem
1721 2983 1784 3015 cdi-

919 3030 967 3061 dit
987 3030 1026 3060 ad
1050 3027 1158 3060 Eaitta
1185 3033 1315 3059 veterum
1339 3025 1512 3065 Principum
1530 3024 1725 3056 Romanorum
1747 3026 1782 3057 de

927 3068 1117 3111 Christianis,
1142 3068 1194 3099 ubi
1211 3068 1316 3099 omnia
1333 3076 1369 3097 ea
1385 3066 1495 3098 Edicta
1512 3064 1667 3098 recensuit
1683 3066 1713 3098 ὅ(
1733 3076 1784 3098 an-

924 3111 1070 3148 notavit,
1095 3117 1130 3141 ut
1146 3109 1177 3140 ὅτ.
1193 3108 1286 3140 Plinii
1311 3108 1349 3139 de
1373 3106 1556 3139 Christianis
1570 3106 1784 3141 Consultatio-

923 3161 1017 3191 nem,
1038 3150 1115 3183 &ad
1134 3159 1202 3181 eam
1215 3149 1343 3189 Traiani
1353 3147 1561 3190 Rescriptum.
1589 3147 1686 3195 Quod
1701 3148 1787 3190 Opu-

923 3191 1045 3231 sculum
1067 3194 1091 3226 si
1115 3189 1241 3231 vidiffet
1270 3193 1302 3223 ot
1328 3189 1451 3235 legiffet
1475 3188 1632 3226 Gerar-ius
1655 3190 1789 3261 joannes

1741 3241 1787 3262 OS-
