2008 3436
176 109 248 146 444
411 102 811 139 CORNELII

173 197 208 219 re
223 189 319 221 verba
340 189 570 223 assecurationis
595 190 776 232 accipienda
794 188 883 228 sunt,
907 197 999 229 atque
1014 188 1035 220 fi

176 229 221 261 ita
244 240 402 273 concepta
428 230 575 263 fuiss'ent:
602 232 674 263 Van
700 232 823 273 Bremen
838 231 871 270 of
885 232 918 262 de
938 229 1036 271 Wser

174 282 215 303 mr
231 273 293 312 defle
318 274 464 311 Laudem,
487 273 520 313 of
547 284 608 305 van
630 275 666 304 cle
684 272 782 312 lifeser
797 282 873 302 naar
886 273 919 303 de
935 271 1036 310 Eine,

173 323 210 344 en
230 324 277 345 που
298 325 374 346 naar
397 314 457 355 dese
475 315 602 346 Lanam
613 339 622 354 ,
648 324 683 345 en
699 319 796 344 voorts
816 320 874 344 mer
893 313 1034 344 verande-

173 356 244 397 ring
260 365 321 387 van
338 357 454 398 Convoy
470 366 544 387 naar
560 356 700 391 Laudem
724 354 819 385 etiam
838 355 927 391 ideo,
951 352 1035 394 quod

171 398 270 428 nullae
284 407 380 430 naves
396 398 556 435 tutelares,
582 397 644 427 sive
660 396 802 436 Anglicae
820 395 882 427 five
902 395 1033 427 Hellan-

171 437 252 469 dicae
279 439 361 470 reela
387 449 425 471 ex
446 438 518 470 Albi
550 437 728 468 Londinum
757 437 929 467 tenderent.
975 435 1036 466 Sed

173 479 248 519 quid
272 480 293 512 fi
315 488 466 512 mutatum
491 478 598 510 fuiffct
620 478 706 509 iter?
731 477 782 508 hic
808 476 1034 518 repetendum,

170 521 259 561 ‚quod
286 521 473 562 aliquotiens
498 518 584 560 supra
609 518 768 550 inculcavi
790 543 800 559 ,
821 528 862 550 ex
886 517 913 559 §.
939 528 969 557 7.
990 517 1033 548 A.

173 564 384 593 mutationem
403 561 521 592 itineris
538 559 735 592 assccuratori
752 569 816 592 non
833 559 990 601 prodesse,
1013 558 1036 591 fi

173 613 214 634 ex
240 603 419 635 necessitate
444 602 523 640 fiat·‚
548 601 615 632 baec
646 610 749 633 autem
774 602 885 640 navis,
911 599 1037 641 Visurgi

172 643 256 676 stans
273 647 304 676 in
322 643 485 680 anchoris,
507 652 523 673 a
542 643 614 674 navi
632 642 757 684 tutelari
775 641 964 673 Hollandica
972 651 1036 673 non

173 686 234 716 alia
269 686 390 717 itineris
421 683 535 716 indicia
558 683 824 723 (Sein-brieven)
847 691 1011 723 acceperat
1025 705 1036 721 ,

175 736 267 767 quam
285 736 303 757 a
320 725 443 766 Visurgi
469 726 499 756 in
525 724 747 762 Hollandiam,
772 725 801 756 ἃ
828 732 932 756 tamen
951 724 1037 755 navis

173 767 339 805 tutelaris,
359 766 413 798 sub
435 766 521 806 cujus
546 766 687 806 praefidio
714 766 860 806 navigare
882 765 1036 802 debebat,

175 808 330 848 Visurgim
349 808 543 846 relinquens,
569 807 675 839 Albim
694 806 797 838 versus
815 808 960 847 navigare
975 806 1033 846 jus-

174 848 256 880 serat
268 872 277 887 ,
304 850 333 880 ἂ
349 858 385 880 ea
400 848 475 888 juffa
489 848 644 889 capeffere
659 847 706 879 fas
727 856 803 879 erat.
848 847 900 879 Ne
916 848 1034 886 dicam,

172 890 255 931 quod
274 890 368 921 etiam
380 889 567 931 aliquotiens
584 889 758 927 inculcavi,
783 888 1033 926 affecuratorem,

173 939 299 962 mutato
324 931 436 962 itinere
452 955 461 968 ,
497 940 561 962 non
586 930 710 962 liberari
726 952 737 968 ,
769 930 824 961 nifi
849 929 1036 961 assecuratus

174 972 235 1003 iter
257 979 378 1003 mutare
395 972 531 1012 juffcrit,
554 972 637 1013 quod
657 971 709 1002 hic
728 980 793 1003 non
808 971 953 1011 juss'erat,
975 979 1034 1001 nec

176 1013 284 1052 jubere
307 1021 450 1053 poterat,
474 1015 546 1054 quia
569 1022 630 1044 non
656 1021 722 1043 erat
746 1014 903 1045 exer-citor
928 1011 1035 1048 navis,

174 1053 261 1093 cujus
281 1055 325 1086 est
340 1055 492 1096 Magistro
509 1055 678 1094 imperare,
703 1053 753 1085 sed
772 1054 923 1085 mercium
938 1052 1035 1083 domi-

175 1103 232 1127 nus
254 1095 425 1136 duntaxat,
450 1096 502 1137 qui
524 1096 612 1128 nullo
635 1095 724 1136 plane
742 1094 837 1126 modo
856 1102 980 1125 tenetur
995 1102 1036 1124 ex

883 112 992 138 VAN

1069 97 1668 136 BYNKERSHOEK

1077 186 1163 218 facto
1180 185 1336 228 Magistri.
1381 185 1496 217 Multis
1512 185 1606 225 igitur
1621 184 1796 217 nominibus
1811 186 1932 227 praesta-

1076 228 1130 259 bat
1151 228 1253 260 Curiae
1270 227 1441 265 sententia,
1465 236 1481 257 a
1506 226 1621 258 Senatu
1645 227 1740 260 etiam
1754 229 1886 268 probata
1900 232 1930 262 6.

1076 268 1155 302 Dec.
1183 279 1272 310 1719.
1294 268 1367 310 (2)

1119 310 1178 342 Sed
1195 311 1267 351 quia
1290 310 1384 342 Curia
1411 308 1516 340 usuras
1536 308 1639 340 damni
1655 309 1718 341 dati
1740 310 1897 343 addixerat
1913 321 1932 344 a

1078 351 1135 383 lite
1148 359 1255 388 mota,
1278 351 1357 390 apud
1380 351 1503 391 Judices
1521 348 1643 381 scilicet
1656 350 1934 391 affecurationurn,

1078 393 1108 424 ἃ.
1133 393 1203 432 quia
1226 390 1321 423 usurae
1345 393 1493 423 duntaxat
1521 399 1607 422 erant
1627 392 1737 431 petitae
1766 393 1933 433 injudicio

1078 433 1292 474 appellationis
1309 433 1387 474 apud
1410 433 1578 470 Scabinos,
1603 433 1765 473 nequidem
1786 434 1931 474 impetra-

1079 481 1110 504 ta
1136 474 1167 505 in
1204 474 1282 504 hanc
1314 484 1378 505 rem
1410 475 1501 505 venia
1523 473 1650 513 (sunder
1674 472 1800 514 Request
1826 476 1932 517 civil)

1079 523 1155 547 unus
1172 515 1358 546 Senatorum
1383 514 1591 552 existimabat,
1617 515 1669 547 has
1685 514 1850 554 adjudicari
1870 526 1934 550 non

1079 555 1215 596 potuisse
1271 556 1329 588 Sed
1347 557 1417 597 quia
1440 556 1521 596 apud
1540 556 1663 595 judices
1679 554 1938 590 assecurationum

1079 597 1164 628 nulla
1189 597 1225 629 fit
1249 597 1311 629 litis
1337 596 1525 628 contestatio
1553 599 1584 628 in
1608 597 1732 637 scriptis
1749 619 1759 635 ,
1784 597 1827 628 ita
1853 597 1932 631 solet

1079 637 1209 677 servari,
1235 647 1270 669 ut
1297 639 1505 674 affectu-atus,
1528 638 1565 669 ad
1586 638 1737 669 scabinos
1758 638 1932 679 adpellans,

1078 679 1121 711 ibi
1145 688 1231 719 petat
1257 680 1359 713 usuras
1381 705 1390 719 ,
1420 679 1511 710 etiam
1535 689 1598 709 non
1621 679 1786 719 implorata
1811 680 1841 711 in
1864 690 1932 715 earn

1077 729 1142 753 rem
1171 721 1271 753 venia.
1319 721 1388 753 Nec
1416 720 1510 750 etiam
1528 719 1716 751 affecurator
1734 720 1810 762 apud
1827 722 1932 754 Scabi-

1077 771 1133 794 nos
1159 760 1474 795 Amsterdammenses
1495 769 1660 803 exceperat
1677 784 1687 798 ,
1724 760 1753 792 se
1776 764 1844 804 cogi
1870 773 1934 795 non

1076 803 1161 843 poffe
1186 804 1224 835 ad
1252 805 1329 836 hanc
1358 803 1457 835 libelli
1484 811 1600 842 partem
1619 801 1811 843 respondere.
1855 804 1934 836 Sim-

1078 845 1203 885 pliciter
1224 845 1339 887 igitur,
1361 853 1394 877 ut
1413 844 1497 881 dixi,
1520 844 1650 884 probata
1667 843 1730 875 fuit
1749 843 1851 876 Curiae
1870 845 1933 878 sen-

1080 886 1195 925 tentia,
1222 888 1251 918 dt
1277 887 1378 926 reete,
1399 886 1419 918 fi
1438 893 1509 916 ante
1534 885 1622 916 litem
1640 892 1755 916 motam
1777 892 1836 917 tres
1850 895 1933 918 men-

1080 926 1144 965 ses,
1168 937 1205 959 ex
1222 928 1334 969 quibus
1352 935 1470 960 merces
1484 935 1540 965 pro
1559 926 1711 958 derelictis
1731 926 1877 958 habuerat
1892 936 1936 959 as-

1078 968 1253 1007 secuintus,
1278 979 1352 1000 tunc
1369 968 1490 1000 fuerint
1513 967 1604 1012 elapsi
1626 967 1759 1007 (potuit
1778 968 1861 999 enim
1880 968 1936 1000 mi-

1079 1020 1136 1041 nus
1157 1011 1292 1050 petere)
1315 1010 1356 1042 sin
1378 1018 1503 1048 autem,
1525 1008 1671 1040 lei-vanua
1685 1010 1737 1041 lex
1756 1017 1843 1049 erat,
1866 1019 1936 1052 quae

1079 1060 1198 1083 moram
1214 1051 1366 1083 definivit.

810 1189 1161 1227 CAPUT
1257 1190 1301 1225 X.

173 1280 343 1315 Mercibus
375 1280 562 1326 cfflczeratis
595 1291 633 1314 ex
670 1277 800 1325 Hafm‘a
833 1280 867 1312 in
902 1277 1066 1317 Galliam,
1106 1287 1169 1319 an,
1208 1287 1273 1321 quae
1300 1277 1332 1309 in
1349 1274 1444 1321 freto
1476 1275 1609 1310 Sundico
1632 1285 1727 1321 prope
1753 1277 1937 1324 Elfi‘noram

222 1331 302 1364 navi
329 1328 409 1375 fiant
443 1327 622 1374 impofitae,
650 1326 723 1370 fine
757 1329 915 1362 mentione
946 1328 1016 1372 ejus
1031 1325 1144 1372 freti,
1177 1325 1421 1371 afficuratorzzm
1443 1326 1582 1369 periculo
1606 1326 1788 1371 navigent?
1812 1326 1940 1372 Rursus

219 1379 259 1412 de
284 1379 458 1418 mercibus,
484 1378 564 1411 alibi
589 1379 622 1411 in
649 1388 767 1415 navem
788 1377 912 1419 illatis,
939 1387 1030 1421 quam
1058 1386 1091 1409 eo
1117 1375 1197 1415 loco,
1234 1386 1274 1408 ex
1307 1385 1363 1419 quo
1389 1376 1484 1408 navis
1504 1373 1647 1418 prcsecJa
1671 1381 1760 1417 erat,
1788 1372 1830 1414 δέ)
1852 1378 1938 1421 peri-

221 1426 325 1462 culum
357 1426 399 1460 ad
428 1424 668 1472 aſjecztratorem
700 1428 896 1471 pertinebat.

953 1428 989 1459 &i
1025 1425 1120 1458 navis
1152 1435 1246 1468 usque
1279 1425 1320 1457 aci
1344 1423 1521 1457 Londinum
1546 1421 1746 1468 affirmata,
1770 1432 1939 1470 anrequam

223 1475 267 1510 ad
301 1472 426 1520 Ostium
462 1474 603 1519 Tamesis
632 1474 823 1521 pervcrzfflet
841 1501 849 1515 ‚
882 1480 977 1519 capta
1008 1471 1048 1512 ἐξ
1074 1475 1114 1507 ab
1147 1472 1284 1518 hostibus
1310 1473 1471 1517 redempta
1487 1470 1617 1514 fuerit,
1644 1472 1872 1518 aſjeturatores
1898 1474 1940 1508 ad

219 1526 361 1570 pretium
388 1523 612 1571 redemptionis
637 1525 740 1560 teneri
749 1548 762 1569 ,
792 1521 917 1568 etiamst
952 1524 1048 1558 navis
1073 1522 1253 1557 Londznztm
1278 1532 1337 1556 non
1362 1522 1591 1568 navigaverit,
1609 1520 1671 1566 fid
1693 1521 1826 1556 ulterius
1847 1520 1939 1569 desti.-

221 1581 302 1608 nata
316 1571 442 1619 fuerit.

276 1670 480 1704 ffecuratores
499 1670 643 1711 periculo
662 1669 716 1703 s'uo
741 1670 897 1712 recipiunt
918 1680 1040 1703 merces

293 1718 319 1744 te
338 1713 424 1744 lacten
449 1713 482 1752 of
505 1722 562 1753 rzog
589 1718 614 1743 te
643 1712 748 1749 lacten,
771 1723 834 1744 van
854 1713 1040 1755 Coppenhage

178 1766 214 1786 etz
242 1757 275 1786 de
309 1754 567 1796 circumjacenti-‘en
595 1763 657 1785 van
685 1755 752 1785 dien
777 1759 817 1784 tot
855 1753 980 1785 Rouaan
1006 1756 1040 1785 in

177 1796 350 1836 Vrmmryk.
375 1794 501 1827 Hafniae
523 1794 677 1826 mercibus
691 1794 872 1835 quibusdam
894 1795 966 1826 navi
984 1795 1038 1826 im—

174 1837 282 1877 politis
299 1858 310 1875 ,
346 1837 434 1869 navis
460 1845 553 1877 porro
577 1836 703 1877 navigat
725 1836 763 1868 ad
790 1835 906 1867 fretum
935 1836 1038 1868 Maris

175 1879 286 1911 Baltici
298 1902 308 1915 ‚
329 1879 362 1909 de
379 1878 474 1917 Sonti,
499 1877 605 1918 ibique
622 1877 939 1918 prope-Elsenoram‚
962 1877 1038 1909 alias

178 1919 324 1960 quasdam
338 1928 456 1952 merces
473 1919 602 1958 recepit.
629 1918 736 1964 Quum
754 1919 857 1956 navis,
879 1919 940 1949 iter
951 1918 1039 1950 suum

176 1961 214 1992 ad
232 1960 367 1992 Ga¹1=am
384 1960 593 2002 prosequens,
616 1959 772 2000 pei-iisset,
798 1959 986 1991 assecuratus
1000 1959 1037 1990 ab

177 2001 454 2040 affectantur-ibus,
472 2002 525 2041 qui
541 2000 764 2040 Amsterdami,
787 2001 839 2032 ubi
856 2000 1038 2032 assecuratio

177 2051 246 2074 erat
261 2044 417 2075 celebrata
428 2067 436 2076 .
461 2041 658 2081 habitabant,
681 2042 826 2074 damnum
843 2041 928 2074 suum
944 2041 1036 2073 resar-

178 2084 235 2115 ciri
260 2085 361 2125 petit,
384 2092 500 2124 negant
525 2083 744 2115 ass'ecuratores
766 2083 797 2115 se
813 2083 932 2122 teneri,
956 2083 1038 2124 quod

177 2125 215 2156 ad
235 2133 354 2156 merces
371 2134 500 2165 nempe,
525 2125 557 2156 in
572 2125 658 2156 freto
676 2124 814 2157 Sundico
830 2124 900 2155 navi
918 2124 1039 2164 impoli-

177 2173 227 2197 tas
239 2189 248 2204 ,
273 2165 303 2197 ἃ
327 2165 495 2197 seeundum
519 2175 572 2196 eos
586 2166 763 2204 judicarunt
782 2164 928 2205 Delegati
942 2166 978 2196 ad
992 2175 1040 2196 res

177 2206 318 2239 nauticas
345 2216 391 2237 10.
417 2206 503 2246 Sept.
532 2215 621 2246 1709.
644 2207 675 2238 ὅ(
699 2205 811 2237 deinde
829 2206 950 2246 Judices
965 2207 1039 2238 Am-

178 2245 433 2279 sterdammenses
454 2256 500 2288 17.
525 2246 604 2278 Dec.
632 2256 722 2287 1710.
744 2246 795 2279 sed
807 2255 967 2288 utramque
977 2247 1042 2279 sen-

177 2288 313 2320 tentiam
343 2287 469 2319 rescidit
498 2287 593 2320 Curia
625 2297 672 2328 17.
707 2288 772 2328 Jan.
812 2298 902 2329 1714.
935 2289 964 2320 ὃς
991 2288 1044 2320 has

179 2330 275 2361 etiam
290 2338 408 2360 merces
426 2328 667 2360 assecuratorum
690 2322 833 2370 periculo
849 2329 910 2360 ess'e
928 2330 1020 2369 juffit.

223 2370 392 2411 Appellant
409 2369 628 2401 assecuratores
643 2370 680 2401 ad
692 2370 836 2402 Senatum
846 2370 1043 2409 Sum-ernusti,

182 2412 214 2443 &
239 2418 375 2451 negant,
398 2410 451 2443 has
475 2419 594 2442 merces
620 2409 676 2441 suo
697 2411 839 2450 periculo
853 2411 914 2442 ess'e
934 2411 1020 2452 poss‘e
1032 2433 1043 2450 ‚

181 2453 254 2494 quia
275 2461 313 2484 ex
332 2451 361 2493 §.
385 2462 414 2493 3.
440 2452 484 2483 A.
505 2451 589 2483 nulla
609 2449 654 2482 est
672 2452 857 2483 ass'ecuratio
870 2475 881 2490 ,
904 2462 966 2484 non
988 2462 1041 2484 ex-

184 2492 288 2534 prelso
314 2493 410 2530 loco,
434 2492 488 2524 ubi
511 2493 600 2525 navis
616 2501 735 2525 merces
756 2493 875 2534 recepit
883 2516 895 2532 ,
917 2503 975 2525 nec
992 2494 1043 2525 hic

182 2533 358 2574 expreffum
375 2533 434 2565 effe
447 2533 567 2566 fretum
580 2534 749 2566 Sundicum
766 2534 830 2567 five
839 2535 945 2567 urbem
961 2534 1043 2567 Else-

183 2584 303 2607 noram.
336 2574 379 2607 At
396 2584 473 2606 vero
483 2575 570 2606 ‘omni
589 2582 684 2613 opere
701 2575 830 2616 urgebat
844 2575 1042 2616 assecuratus,

182 2615 264 2648 illud
277 2614 394 2647 fretum
412 2615 670 2655 comprehensum
688 2616 751 2647 effe
769 2618 856 2648 onder
873 2618 906 2647 (Ze
922 2619 1042 2648 circmn-

181 2657 335 2700 vjacemz‘en
351 2666 413 2687 van
432 2656 619 2697 Coppenhage
630 2678 639 2693 ,
657 2656 718 2688 effe
734 2657 815 2689 enirn
833 2657 970 2697 ejusdem
987 2658 1044 2689 Re-

185 2698 239 2739 gni
266 2696 379 2729 Danici
399 2720 409 2736 ,
434 2696 571 2736 ejusdem
594 2695 705 2728 lnsulae
728 2698 885 2730 Zelandiae
903 2723 912 2738 ‚
952 2700 981 2731 δε
1006 2699 1043 2730 ad

185 2739 269 2771 idem
287 2737 399 2769 Insulae
417 2738 510 2770 latus.
553 2737 633 2777 Sed,
655 2737 676 2769 fi
694 2748 802 2770 verum
820 2748 972 2778 amamus,
996 2740 1041 2772 in-

185 2787 235 2811 ter
250 2778 402 2811 Hafniam
418 2779 448 2811 δε
462 2778 643 2810 Elsenoram
660 2779 755 2810 nimia
772 2779 976 2821 intercapedo
985 2781 1042 2820 est,

185 2828 279 2862 quam
306 2828 340 2852 ut
364 2820 462 2852 altera
489 2819 568 2852 Urbs
589 2819 651 2852 dici
679 2820 770 2860 poffit
789 2820 852 2852 ess'e
869 2822 901 2852 in
918 2822 1045 2854 alterius

182 2860 325 2893 confinio
341 2884 351 2900 ,
381 2862 503 2902 aliquot
526 2860 610 2893 enim
633 2861 776 2893 milliaria
798 2861 953 2894 intersunt
973 2886 982 2902 ,
1016 2864 1047 2896 ὅ(

184 2912 250 2935 non
266 2902 376 2943 exigua
387 2912 455 2944 pars
472 2903 564 2935 maris
584 2902 697 2934 Baltici
713 2903 794 2934 inter
810 2911 974 2944 utramque
989 2903 1045 2935 Ur-

181 2944 259 2975 bem
286 2943 459 2983 interjzicet.
507 2943 772 2983 circumjacentien
795 2943 865 2976 sunt
884 2945 954 2976 loca
972 2954 1043 2985 pro-

186 2985 289 3023 xima,
313 2983 442 3017 flumina
459 3007 471 3023 ,
493 2992 620 3026 portus,
644 2984 809 3025 stationes,
835 2985 888 3018 sed
913 2995 976 3018 non
999 2986 1045 3018 lo-

188 3034 226 3055 ca
238 3047 249 3062 ‚
273 3033 393 3058 tantum
407 3026 445 3057 ab
461 3025 492 3058 se
509 3026 646 3058 invicem
665 3026 772 3059 diffita.
817 3026 958 3059 Addebat
971 3026 1045 3059 asse-

188 3074 316 3097 curatus
333 3088 344 3105 ,
374 3076 413 3099 ex
431 3067 460 3108 §.
490 3067 543 3099 ult.
570 3067 683 3098 Statutz'
701 3066 849 3108 Amsterd.
883 3078 933 3109 23·
966 3067 1043 3110 Jan.

192 3108 282 3142 1699.
305 3107 465 3147 constare,
488 3109 539 3139 dat
561 3109 647 3139 onder
661 3110 694 3140 de
710 3110 968 3151 circumjacemien
983 3119 1045 3148 van

225 3187 288 3227 (2)
308 3188 418 3227 Olzsm‘.
437 3189 554 3233 Tumult.
574 3190 607 3222 T.
626 3192 692 3223 V11.
712 3201 739 3223 n.
763 3199 846 3230 1579.

1081 1679 1133 1702 een
1146 1669 1232 1710 plaat
1245 1678 1259 1699 e
1276 1669 1309 1700 de
1329 1668 1477 1711 Zeegaten
1495 1667 1529 1707 of
1542 1667 1668 1700 Havens
1689 1668 1835 1710 begrepen
1854 1677 1912 1709 zyn
1927 1689 1940 1708 ,

1083 1712 1112 1744 δι
1133 1712 1175 1744 fic
1198 1720 1214 1740 e
1252 1733 1261 1747 ‚
1286 1710 1336 1741 sed
1358 1710 1426 1751 quis
1451 1710 1525 1741 ausit
1550 1710 1671 1747 dicere,
1694 1708 1812 1741 fretum
1829 1709 1938 1742 Sundi-

1082 1762 1154 1785 cum
1184 1751 1246 1784 five
1270 1751 1376 1783 urbem
1401 1749 1581 1783 Elsenoram
1605 1750 1664 1782 effi:
1691 1760 1742 1782 een
1768 1749 1880 1792 Zeegat
1906 1750 1942 1792 of

1083 1794 1195 1826 Haven
1210 1803 1271 1824 van
1293 1791 1507 1834 Coppenhage‘?
1529 1790 1642 1831 Neque
1664 1800 1704 1823 ex
1725 1800 1765 1823 eo
1781 1791 1812 1823 id
1827 1791 1937 1833 proba-

1081 1835 1181 1873 veris,
1206 1833 1288 1874 quod
1304 1843 1412 1865 omnes
1429 1842 1523 1864 naves
1534 1856 1543 1871 ,
1567 1832 1685 1864 Hafnia
1699 1834 1861 1865 venientes
1873 1856 1883 1872 ‚
1905 1833 1936 1865 &

1081 1877 1112 1908 in
1138 1874 1273 1907 Gallia-m
1297 1875 1476 1911 tendentes,
1501 1873 1618 1905 fretum
1643 1874 1811 1906 Sundicum
1837 1881 1936 1906 trans-

1081 1925 1174 1956 eant,
1198 1917 1228 1949 &
1252 1916 1294 1947 ibi
1319 1916 1452 1957 vee'tigal
1473 1914 1598 1956 aliquod
1622 1914 1745 1947 solvant
1768 1915 1847 1956 Regi
1873 1914 1936 1946 Da-

1080 1959 1158 1996 niae,
1182 1967 1252 1989 nam
1268 1957 1298 1989 id
1315 1956 1412 1998 ipsum
1429 1957 1553 1988 obtinet
1575 1956 1606 1988 in
1629 1956 1772 1988 omnibus
1787 1956 1937 1995 navibus,

1079 2000 1111 2032 in
1137 1999 1271 2031 Galliam
1300 1997 1458 2029 destinatis
1477 2021 1486 2037 ,
1525 2007 1594 2037 quae
1623 1997 1861 2038 proficiscuntur
1876 1997 1937 2029 Re·

1095 2040 1259 2072 *iomontio
1270 2061 1280 2078 ,
1302 2039 1380 2080 Riga
1394 2062 1403 2075 ‚
1427 2039 1576 2077 Revalia‚
1615 2040 1645 2070 dc
1659 2038 1728 2071 aliis
1744 2038 1880 2071 Urbibus
1899 2037 1940 2074 ad

1125 2091 1176 2113 aie
1192 2081 1359 2113 Balticum.
1393 2080 1434 2112 Et
1451 2087 1553 2112 tamen
1568 2089 1677 2120 magna
1695 2080 1782 2112 turba
1801 2078 1936 2118 testium,

1082 2131 1146 2154 tam
1174 2121 1393 2154 Hafnienfium
1420 2143 1432 2159 ,
1473 2130 1564 2162 quam
1599 2119 1938 2158 Amsterdammenlium

1082 2164 1302 2196 Mercatorum
1319 2173 1382 2195 uno
1400 2171 1454 2193 ore
1469 2161 1639 2193 affirmabat
1650 2184 1659 2197 .
1683 2162 1714 2193 in
1732 2170 1938 2203 argumento,

1082 2205 1166 2246 quod
1196 2205 1235 2236 de
1261 2203 1531 2235 affecurationibus
1553 2201 1617 2241 est,
1640 2202 1754 2235 fretum
1771 2203 1942 2235 Sundicum

1084 2247 1148 2278 five
1168 2246 1347 2278 Elscnoram
1365 2245 1419 2277 sub
1445 2243 1560 2276 Hafnia
1577 2244 1816 2284 comprehendi,
1842 2243 1891 2276 sed
1907 2253 1938 2275 a·

1085 2287 1144 2326 lia,
1176 2297 1234 2319 nec
1263 2287 1365 2318 minor
1389 2285 1477 2318 turba
1503 2285 1719 2317 Mei-catorum
1736 2284 1939 2317 Amsterdam-

1085 2328 1234 2360 menfium
1259 2328 1289 2359 id
1316 2327 1414 2368 ipsum
1440 2335 1502 2357 uno
1524 2335 1579 2357 ore
1607 2325 1756 2366 negabat,
1785 2327 1814 2358 ὅ(
1831 2335 1910 2367 rogo
1926 2347 1939 2364 ,

1085 2370 1138 2401 cui
1161 2370 1259 2400 turbae
1288 2369 1414 2400 credere
1440 2367 1558 2409 aequius
1585 2368 1696 2399 melius
1716 2367 1753 2399 sit
1771 2367 1788 2399 ἵ)
1816 2367 1939 2410 plurimi

1085 2411 1249 2443 Senatores
1263 2409 1428 2442 tranfibant
1445 2409 1474 2440 in
1492 2407 1673 2441 sententiam
1693 2408 1804 2449 prioris
1823 2407 1939 2447 turbae,

1087 2452 1118 2483 ὅς
1137 2451 1280 2484 nonnihil
1313 2451 1406 2482 etiam
1444 2450 1621 2481 tribuebant
1649 2449 1713 2480 illis
1744 2448 1911 2481 rationibus
1928 2469 1940 2486 ,

1086 2502 1161 2533 quas
1176 2493 1271 2524 modo
1290 2491 1438 2530 refutavi,
1463 2499 1554 2530 atquc
1573 2491 1614 2521 ita
1631 2489 1753 2530 plurimi
1776 2488 1938 2529 responde-

1086 2533 1162 2566 bant
1188 2543 1246 2574 pro
1270 2534 1449 2565 affecurato.
1494 2531 1570 2563 Duo
1593 2531 1644 2562 alii
1660 2530 1823 2561 Senatores
1842 2538 1877 2561 ea
1895 2539 1940 2561 ra—

1088 2575 1174 2606 tione
1196 2584 1258 2606 non
1287 2574 1492 2606 movebantur
1512 2596 1521 2611 ,
1562 2571 1611 2603 sed
1633 2570 1818 2602 inhaerentes
1838 2569 1940 2604 verbis

1086 2617 1115 2647 d.
1139 2615 1167 2657 §.
1192 2627 1224 2658 3.
1245 2615 1286 2647 A.
1318 2624 1428 2646 contra
1458 2613 1658 2644 aflet-uratum
1684 2610 1909 2652 respondebant
1927 2635 1938 2652 ‚

1086 2658 1158 2697 quia
1176 2667 1238 2689 non
1253 2656 1437 2697 exprell'erat
1468 2655 1568 2685 locum
1592 2652 1715 2687 oneris.
1741 2661 1839 2693 prope
1859 2651 1942 2685 Else-

1086 2707 1195 2729 noram
1214 2697 1366 2739 impoliti,
1392 2697 1422 2727 δε
1439 2695 1469 2727 id
1486 2693 1665 2734 {impliciter
1680 2693 1785 2733 jubere
1806 2695 1836 2726 cl.
1859 2693 1888 2736 §.
1907 2704 1944 2736 3.

1085 2748 1120 2771 ut
1148 2738 1308 2770 fraudibus
1342 2738 1557 2770 Mercatoruin
1588 2743 1675 2766 eatur
1702 2734 1839 2767 obviam.
1882 2735 1942 2767 Sed

1086 2779 1188 2812 rursus
1203 2780 1274 2818 alii,
1297 2779 1349 2819 qui
1367 2787 1424 2809 nec
1441 2776 1490 2817 ipli
1516 2775 1722 2807 movebantur
1739 2784 1775 2807 ea
1791 2776 1911 2808 ratione
1927 2798 1938 2816 ,

1110 2832 1154 2853 uae
1180 2820 1329 2861 plurimos
1351 2818 1497 2850 movebat
1517 2841 1526 2855 ‚
1559 2826 1616 2857 pro
1637 2816 1808 2849 ass'ecurato
1838 2824 1939 2850 tamen

1087 2831 1272 2896 Pententiam
1288 2860 1434 2892 dicebant
1453 2868 1489 2890 ex
1515 2858 1540 2899 ᾖ.
1560 2868 1584 2889 1.
1608 2859 1636 2889 d,
1661 2857 1772 2889 Statuu'
1789 2856 1936 2898 Amstera.

1088 2914 1139 2945 23.
1163 2901 1241 2943 Jcm.
1266 2906 1355 2938 1699.
1378 2900 1430 2941 qui
1461 2900 1504 2930 ait
1523 2921 1533 2937 ,
1566 2900 1671 2930 locum
1686 2897 1819 2939 impoliti
1837 2899 1941 2930 oneris

1088 2952 1165 2976 tunc
1186 2943 1309 2974 demum
1337 2941 1397 2972 ess'e
1424 2941 1682 2982 exprimendum,
1707 2940 1728 2972 fi
1743 2947 1859 2971 merces
1876 2939 1940 2972 alio

1088 2986 1162 3018 loco
1178 2984 1393 3025 imponantur,
1417 2992 1506 3023 quam
1523 2990 1584 3019 e0,
1614 2982 1695 3014 unde
1706 2981 1876 3022 periculum
1894 2981 1939 3014 in-

1088 3026 1185 3067 cipit,
1210 3024 1272 3056 hoc
1289 3022 1352 3062 cst,
1376 3031 1409 3055 ut
1424 3023 1467 3055 illi
1487 3021 1784 3063 interpretabantur,
1805 3021 1825 3053 fi
1842 3021 1941 3062 majus

1088 3066 1260 3109 periculum
1291 3072 1413 3096 maneat
1434 3063 1671 3102 affectu-atores,
1701 3071 1756 3104 per
1772 3062 1940 3103 impositio-

1087 3117 1160 3145 nem
1175 3106 1325 3143 mercium
1338 3128 1350 3147 ‚
1371 3105 1443 3139 alibi
1457 3105 1591 3146 factam,
1614 3112 1649 3138 ut
1665 3103 1707 3146 fi,
1728 3103 1815 3137 verbi
1830 3103 1938 3177 gIatia,

1864 3152 1940 3176 ocus
