<?xml version="1.0" encoding="UTF-8"?>
<!DOCTYPE html PUBLIC "-//W3C//DTD XHTML 1.0 Transitional//EN"
    "http://www.w3.org/TR/xhtml1/DTD/xhtml1-transitional.dtd">
<html xmlns="http://www.w3.org/1999/xhtml" xml:lang="en" lang="en">
 <head>
  <title>
</title>
<meta http-equiv="Content-Type" content="text/html;charset=utf-8" />
  <meta name='ocr-system' content='tesseract 3.04.00' />
  <meta name='ocr-capabilities' content='ocr_page ocr_carea ocr_par ocr_line ocrx_word'/>
</head>
<body>
  <div class='ocr_page' id='page_1' title='image "./corneliivanbynke00bijn_0933.png"; bbox 0 0 2008 3436; ppageno 0'>
   <div class='ocr_carea' id='block_1_1' title="bbox 231 86 1675 142">
    <p class='ocr_par' dir='ltr' id='par_1_1' title="bbox 231 86 1675 142">
     <span class='ocr_line' id='line_1_1' title="bbox 231 86 1675 142; baseline 0.003 -14"><span class='ocrx_word' id='word_1_1' title='bbox 231 91 518 142; x_wconf 79' lang='lat' dir='ltr'>QUAEST.</span> <span class='ocrx_word' id='word_1_2' title='bbox 570 86 796 137; x_wconf 79' lang='lat' dir='ltr'>JURIS</span> <span class='ocrx_word' id='word_1_3' title='bbox 845 87 1206 131; x_wconf 75' lang='lat' dir='ltr'>PnivATl,</span> <span class='ocrx_word' id='word_1_4' title='bbox 1256 89 1675 137; x_wconf 72' lang='lat' dir='ltr'>L13.1V.c.XX1v.</span> 
     </span>
    </p>
   </div>
   <div class='ocr_carea' id='block_1_2' title="bbox 17 175 915 511">
    <p class='ocr_par' dir='ltr' id='par_1_2' title="bbox 17 175 915 337">
     <span class='ocr_line' id='line_1_2' title="bbox 42 175 915 221; baseline -0.003 -9"><span class='ocrx_word' id='word_1_5' title='bbox 42 180 108 219; x_wconf 75' lang='lat' dir='ltr'>vit,</span> <span class='ocrx_word' id='word_1_6' title='bbox 132 180 208 211; x_wconf 82' lang='lat' dir='ltr'>milii</span> <span class='ocrx_word' id='word_1_7' title='bbox 234 180 399 221; x_wconf 79' lang='lat' dir='ltr'>plusquam</span> <span class='ocrx_word' id='word_1_8' title='bbox 421 178 591 210; x_wconf 77' lang='lat' dir='ltr'>verisimile</span> <span class='ocrx_word' id='word_1_9' title='bbox 615 176 680 214; x_wconf 91' lang='lat' dir='ltr'>est,</span> <span class='ocrx_word' id='word_1_10' title='bbox 706 175 779 207; x_wconf 89' lang='lat' dir='ltr'>inde</span> <span class='ocrx_word' id='word_1_11' title='bbox 808 183 915 209; x_wconf 90' lang='lat' dir='ltr'>natum</span> 
     </span>
     <span class='ocr_line' id='line_1_3' title="bbox 43 217 914 263; baseline -0.009 -8"><span class='ocrx_word' id='word_1_12' title='bbox 43 224 74 255; x_wconf 62' lang='grc' dir='ltr'><strong>ἂ</strong></span> <span class='ocrx_word' id='word_1_13' title='bbox 99 221 296 254; x_wconf 62' lang='lat' dir='ltr'>conci-aetum</span> <span class='ocrx_word' id='word_1_14' title='bbox 323 221 385 252; x_wconf 83' lang='lat' dir='ltr'>effe</span> <span class='ocrx_word' id='word_1_15' title='bbox 416 220 606 252; x_wconf 86' lang='lat' dir='ltr'>vocabulum</span> <span class='ocrx_word' id='word_1_16' title='bbox 624 218 732 250; x_wconf 73' lang='lat' dir='ltr'>averioe</span> <span class='ocrx_word' id='word_1_17' title='bbox 748 217 810 263; x_wconf 27' lang='lat' dir='ltr'>*vel</span> <span class='ocrx_word' id='word_1_18' title='bbox 840 228 914 248; x_wconf 68' lang='lat' dir='ltr'>ava-</span> 
     </span>
     <span class='ocr_line' id='line_1_4' title="bbox 41 260 915 305; baseline -0.005 -11"><span class='ocrx_word' id='word_1_19' title='bbox 41 266 113 301; x_wconf 64' lang='lat' dir='ltr'>rioe,</span> <span class='ocrx_word' id='word_1_20' title='bbox 137 264 167 295; x_wconf 55' lang='grc' dir='ltr'>ἃ</span> <span class='ocrx_word' id='word_1_21' title='bbox 191 264 222 294; x_wconf 88' lang='lat' dir='ltr'>in</span> <span class='ocrx_word' id='word_1_22' title='bbox 247 272 287 293; x_wconf 86' lang='lat' dir='ltr'>eo</span> <span class='ocrx_word' id='word_1_23' title='bbox 315 260 562 305; x_wconf 80' lang='lat' dir='ltr'>acquiescimus,</span> <span class='ocrx_word' id='word_1_24' title='bbox 582 260 686 291; x_wconf 83' lang='lat' dir='ltr'>donce</span> <span class='ocrx_word' id='word_1_25' title='bbox 702 268 770 299; x_wconf 84' lang='lat' dir='ltr'>quis</span> <span class='ocrx_word' id='word_1_26' title='bbox 785 260 915 291; x_wconf 81' lang='lat' dir='ltr'>meliora</span> 
     </span>
     <span class='ocr_line' id='line_1_5' title="bbox 17 305 179 337; baseline 0.006 -3"><span class='ocrx_word' id='word_1_27' title='bbox 17 329 23 334; x_wconf 90' lang='lat'>.</span> <span class='ocrx_word' id='word_1_28' title='bbox 45 305 179 337; x_wconf 79' lang='lat' dir='ltr'>adferat.</span> 
     </span>
    </p>

    <p class='ocr_par' dir='ltr' id='par_1_3' title="bbox 40 342 914 511">
     <span class='ocr_line' id='line_1_6' title="bbox 86 342 914 387; baseline -0.002 -9"><span class='ocrx_word' id='word_1_29' title='bbox 86 346 133 378; x_wconf 88' lang='lat' dir='ltr'>Ad</span> <span class='ocrx_word' id='word_1_30' title='bbox 153 355 200 378; x_wconf 88' lang='lat' dir='ltr'>res</span> <span class='ocrx_word' id='word_1_31' title='bbox 217 345 294 387; x_wconf 82' lang='lat' dir='ltr'>ipsas</span> <span class='ocrx_word' id='word_1_32' title='bbox 315 344 513 378; x_wconf 87' lang='lat' dir='ltr'>transeamus.</span> <span class='ocrx_word' id='word_1_33' title='bbox 536 342 696 374; x_wconf 84' lang='lat' dir='ltr'>Potiffima</span> <span class='ocrx_word' id='word_1_34' title='bbox 713 350 817 375; x_wconf 81' lang='lat' dir='ltr'>autem</span> <span class='ocrx_word' id='word_1_35' title='bbox 833 343 914 376; x_wconf 81' lang='lat' dir='ltr'>Ava-</span> 
     </span>
     <span class='ocr_line' id='line_1_7' title="bbox 40 385 911 428; baseline -0.003 -9"><span class='ocrx_word' id='word_1_36' title='bbox 40 388 97 420; x_wconf 78' lang='lat' dir='ltr'>rice</span> <span class='ocrx_word' id='word_1_37' title='bbox 122 385 240 428; x_wconf 87' lang='lat' dir='ltr'>species</span> <span class='ocrx_word' id='word_1_38' title='bbox 265 386 310 419; x_wconf 87' lang='lat' dir='ltr'>est</span> <span class='ocrx_word' id='word_1_39' title='bbox 335 388 450 427; x_wconf 63' lang='lat' dir='ltr'>JaClus,</span> <span class='ocrx_word' id='word_1_40' title='bbox 473 386 547 426; x_wconf 88' lang='lat' dir='ltr'>qui,</span> <span class='ocrx_word' id='word_1_41' title='bbox 572 393 606 416; x_wconf 89' lang='lat' dir='ltr'>ut</span> <span class='ocrx_word' id='word_1_42' title='bbox 631 385 714 416; x_wconf 71' lang='lat' dir='ltr'>recle</span> <span class='ocrx_word' id='word_1_43' title='bbox 737 385 814 424; x_wconf 79' lang='lat' dir='ltr'>fiat,</span> <span class='ocrx_word' id='word_1_44' title='bbox 836 385 911 417; x_wconf 78' lang='lat' dir='ltr'>desi-</span> 
     </span>
     <span class='ocr_line' id='line_1_8' title="bbox 40 426 910 471; baseline -0.003 -10"><span class='ocrx_word' id='word_1_45' title='bbox 40 429 165 461; x_wconf 84' lang='lat' dir='ltr'>deratur</span> <span class='ocrx_word' id='word_1_46' title='bbox 181 439 291 461; x_wconf 89' lang='lat' dir='ltr'>eorum</span> <span class='ocrx_word' id='word_1_47' title='bbox 303 453 312 468; x_wconf 88' lang='lat'><strong>‚</strong></span> <span class='ocrx_word' id='word_1_48' title='bbox 332 438 466 471; x_wconf 86' lang='lat' dir='ltr'>quorum</span> <span class='ocrx_word' id='word_1_49' title='bbox 483 427 565 458; x_wconf 88' lang='lat' dir='ltr'>bona</span> <span class='ocrx_word' id='word_1_50' title='bbox 583 426 614 458; x_wconf 88' lang='lat' dir='ltr'>in</span> <span class='ocrx_word' id='word_1_51' title='bbox 631 428 703 457; x_wconf 79' lang='lat' dir='ltr'>navi</span> <span class='ocrx_word' id='word_1_52' title='bbox 724 426 812 465; x_wconf 86' lang='lat' dir='ltr'>sunt,</span> <span class='ocrx_word' id='word_1_53' title='bbox 835 437 910 458; x_wconf 90' lang='lat' dir='ltr'>con-</span> 
     </span>
     <span class='ocr_line' id='line_1_9' title="bbox 40 468 899 511; baseline -0.003 -9"><span class='ocrx_word' id='word_1_54' title='bbox 40 469 145 503; x_wconf 82' lang='lat' dir='ltr'><strong>sensus</strong></span> <span class='ocrx_word' id='word_1_55' title='bbox 166 470 194 511; x_wconf 47' lang='grc' dir='ltr'><strong>ἦ.</strong></span> <span class='ocrx_word' id='word_1_56' title='bbox 230 481 280 503; x_wconf 84' lang='lat'>20.</span> <span class='ocrx_word' id='word_1_57' title='bbox 304 476 356 511; x_wconf 57' lang='lat'>³38.</span> <span class='ocrx_word' id='word_1_58' title='bbox 386 468 422 504; x_wconf 63' lang='lat'>&amp;9</span> <span class='ocrx_word' id='word_1_59' title='bbox 443 478 494 510; x_wconf 84' lang='lat'>39.</span> <span class='ocrx_word' id='word_1_60' title='bbox 528 468 600 500; x_wconf 85' lang='lat' dir='ltr'>LL.</span> <span class='ocrx_word' id='word_1_61' title='bbox 636 468 785 506; x_wconf 58' lang='lat' dir='ltr'>Ilelmvc.</span> <span class='ocrx_word' id='word_1_62' title='bbox 841 494 847 500; x_wconf 93' lang='lat'>.</span> <span class='ocrx_word' id='word_1_63' title='bbox 879 479 899 510; x_wconf 73' lang='lat'>4</span> 
     </span>
    </p>
   </div>
   <div class='ocr_carea' id='block_1_3' title="bbox 4 505 912 2967">
    <p class='ocr_par' dir='ltr' id='par_1_4' title="bbox 29 505 912 1468">
     <span class='ocr_line' id='line_1_10' title="bbox 43 505 910 552; baseline -0.003 -7"><span class='ocrx_word' id='word_1_64' title='bbox 43 513 105 545; x_wconf 75' lang='grc' dir='ltr'><strong>Τῑι.</strong></span> <span class='ocrx_word' id='word_1_65' title='bbox 130 505 184 545; x_wconf 83' lang='lat' dir='ltr'>iv&#39;.</span> <span class='ocrx_word' id='word_1_66' title='bbox 209 512 280 544; x_wconf 74' lang='lat' dir='ltr'>LL.</span> <span class='ocrx_word' id='word_1_67' title='bbox 304 506 441 551; x_wconf 69' lang='lat' dir='ltr'>Philippi</span> <span class='ocrx_word' id='word_1_68' title='bbox 462 509 502 542; x_wconf 83' lang='lat'>11.</span> <span class='ocrx_word' id='word_1_69' title='bbox 519 510 547 552; x_wconf 85' lang='lat'>§.</span> <span class='ocrx_word' id='word_1_70' title='bbox 566 520 596 550; x_wconf 71' lang='lat'>4.</span> <span class='ocrx_word' id='word_1_71' title='bbox 616 509 656 541; x_wconf 84' lang='lat' dir='ltr'>L.</span> <span class='ocrx_word' id='word_1_72' title='bbox 676 510 698 541; x_wconf 89' lang='lat'>1.</span> <span class='ocrx_word' id='word_1_73' title='bbox 729 505 762 542; x_wconf 79' lang='grc' dir='ltr'><strong>Τ.</strong></span> <span class='ocrx_word' id='word_1_74' title='bbox 781 510 813 542; x_wconf 75' lang='lat' dir='ltr'>X</span> <span class='ocrx_word' id='word_1_75' title='bbox 836 509 910 542; x_wconf 76' lang='grc' dir='ltr'><strong>Ἰν.</strong></span> 
     </span>
     <span class='ocr_line' id='line_1_11' title="bbox 38 551 911 598; baseline -0.005 -12"><span class='ocrx_word' id='word_1_76' title='bbox 38 554 115 586; x_wconf 84' lang='lat' dir='ltr'>LL.</span> <span class='ocrx_word' id='word_1_77' title='bbox 140 553 215 596; x_wconf 59' lang='lat' dir='ltr'>Fris.</span> <span class='ocrx_word' id='word_1_78' title='bbox 248 553 345 598; x_wconf 78' lang='lat' dir='ltr'>Quod</span> <span class='ocrx_word' id='word_1_79' title='bbox 371 552 392 584; x_wconf 85' lang='lat' dir='ltr'>si</span> <span class='ocrx_word' id='word_1_80' title='bbox 420 551 463 583; x_wconf 85' lang='lat' dir='ltr'>illi</span> <span class='ocrx_word' id='word_1_81' title='bbox 488 562 551 583; x_wconf 87' lang='lat' dir='ltr'>non</span> <span class='ocrx_word' id='word_1_82' title='bbox 579 551 701 590; x_wconf 79' lang='lat' dir='ltr'>adfixit,</span> <span class='ocrx_word' id='word_1_83' title='bbox 723 552 774 584; x_wconf 89' lang='lat' dir='ltr'>vel</span> <span class='ocrx_word' id='word_1_84' title='bbox 801 551 911 583; x_wconf 81' lang='lat' dir='ltr'>diffen-</span> 
     </span>
     <span class='ocr_line' id='line_1_12' title="bbox 39 593 910 635; baseline -0.005 -7"><span class='ocrx_word' id='word_1_85' title='bbox 39 596 140 634; x_wconf 84' lang='lat' dir='ltr'>tiant,</span> <span class='ocrx_word' id='word_1_86' title='bbox 162 596 259 635; x_wconf 71' lang='lat' dir='ltr'>Jathis</span> <span class='ocrx_word' id='word_1_87' title='bbox 286 594 490 626; x_wconf 80' lang='lat' dir='ltr'>nihilominus</span> <span class='ocrx_word' id='word_1_88' title='bbox 513 593 579 625; x_wconf 87' lang='lat' dir='ltr'>ficri</span> <span class='ocrx_word' id='word_1_89' title='bbox 609 593 712 633; x_wconf 86' lang='lat' dir='ltr'>potest</span> <span class='ocrx_word' id='word_1_90' title='bbox 731 617 740 630; x_wconf 78' lang='grc'><strong>.</strong></span> <span class='ocrx_word' id='word_1_91' title='bbox 766 593 788 626; x_wconf 81' lang='lat' dir='ltr'>fi</span> <span class='ocrx_word' id='word_1_92' title='bbox 815 594 910 624; x_wconf 85' lang='lat' dir='ltr'>tertia</span> 
     </span>
     <span class='ocr_line' id='line_1_13' title="bbox 37 635 908 679; baseline -0.003 -10"><span class='ocrx_word' id='word_1_93' title='bbox 37 646 109 679; x_wconf 83' lang='lat' dir='ltr'>pars</span> <span class='ocrx_word' id='word_1_94' title='bbox 124 638 319 678; x_wconf 84' lang='lat' dir='ltr'>epibatarum</span> <span class='ocrx_word' id='word_1_95' title='bbox 348 635 365 676; x_wconf 83' lang='lat'>(</span> <span class='ocrx_word' id='word_1_96' title='bbox 377 646 439 666; x_wconf 80' lang='lat' dir='ltr'>van</span> <span class='ocrx_word' id='word_1_97' title='bbox 455 645 527 676; x_wconf 67' lang='lat' dir='ltr'>ayne</span> <span class='ocrx_word' id='word_1_98' title='bbox 556 635 709 678; x_wconf 68' lang='lat' dir='ltr'>gesellen)</span> <span class='ocrx_word' id='word_1_99' title='bbox 728 635 830 675; x_wconf 65' lang='lat' dir='ltr'>J&#39;uret,</span> <span class='ocrx_word' id='word_1_100' title='bbox 855 644 908 666; x_wconf 83' lang='lat' dir='ltr'>ne-</span> 
     </span>
     <span class='ocr_line' id='line_1_14' title="bbox 38 676 912 718; baseline -0.002 -8"><span class='ocrx_word' id='word_1_101' title='bbox 38 678 121 711; x_wconf 83' lang='lat' dir='ltr'>ceffe</span> <span class='ocrx_word' id='word_1_102' title='bbox 144 677 238 711; x_wconf 88' lang='lat' dir='ltr'>fuisse</span> <span class='ocrx_word' id='word_1_103' title='bbox 262 679 290 709; x_wconf 84' lang='lat' dir='ltr'>d.</span> <span class='ocrx_word' id='word_1_104' title='bbox 313 676 341 718; x_wconf 84' lang='lat'>§.</span> <span class='ocrx_word' id='word_1_105' title='bbox 368 688 417 709; x_wconf 79' lang='lat'>20.</span> <span class='ocrx_word' id='word_1_106' title='bbox 442 677 526 718; x_wconf 86' lang='lat' dir='ltr'>quod</span> <span class='ocrx_word' id='word_1_107' title='bbox 551 680 645 708; x_wconf 81' lang='lat' dir='ltr'>etiam</span> <span class='ocrx_word' id='word_1_108' title='bbox 675 677 758 709; x_wconf 88' lang='lat' dir='ltr'>vcllc</span> <span class='ocrx_word' id='word_1_109' title='bbox 788 677 912 708; x_wconf 89' lang='lat' dir='ltr'>videtur</span> 
     </span>
     <span class='ocr_line' id='line_1_15' title="bbox 37 717 911 763; baseline -0.005 -11"><span class='ocrx_word' id='word_1_110' title='bbox 37 720 66 763; x_wconf 84' lang='lat'>§.</span> <span class='ocrx_word' id='word_1_111' title='bbox 100 730 150 762; x_wconf 78' lang='lat'>39.</span> <span class='ocrx_word' id='word_1_112' title='bbox 187 719 262 752; x_wconf 93' lang='lat' dir='ltr'>LL.</span> <span class='ocrx_word' id='word_1_113' title='bbox 297 719 445 760; x_wconf 57' lang='lat' dir='ltr'>Wzshzqc.</span> <span class='ocrx_word' id='word_1_114' title='bbox 472 719 522 750; x_wconf 89' lang='lat' dir='ltr'>ubi</span> <span class='ocrx_word' id='word_1_115' title='bbox 549 719 680 759; x_wconf 89' lang='lat' dir='ltr'>periculi</span> <span class='ocrx_word' id='word_1_116' title='bbox 706 717 796 750; x_wconf 85' lang='lat' dir='ltr'>causa</span> <span class='ocrx_word' id='word_1_117' title='bbox 821 718 911 750; x_wconf 84' lang='lat' dir='ltr'>navis</span> 
     </span>
     <span class='ocr_line' id='line_1_16' title="bbox 36 759 910 802; baseline -0.003 -8"><span class='ocrx_word' id='word_1_118' title='bbox 36 770 199 794; x_wconf 85' lang='lat' dir='ltr'>exarmata</span> <span class='ocrx_word' id='word_1_119' title='bbox 228 760 292 799; x_wconf 78' lang='lat' dir='ltr'>est,</span> <span class='ocrx_word' id='word_1_120' title='bbox 314 762 366 802; x_wconf 90' lang='lat' dir='ltr'>qui</span> <span class='ocrx_word' id='word_1_121' title='bbox 393 761 458 799; x_wconf 89' lang='lat' dir='ltr'>ait,</span> <span class='ocrx_word' id='word_1_122' title='bbox 478 759 732 793; x_wconf 77' lang='lat' dir='ltr'>dissentientibus</span> <span class='ocrx_word' id='word_1_123' title='bbox 757 762 910 792; x_wconf 88' lang='lat' dir='ltr'>mercium</span> 
     </span>
     <span class='ocr_line' id='line_1_17' title="bbox 36 801 909 845; baseline -0.002 -10"><span class='ocrx_word' id='word_1_124' title='bbox 36 803 195 843; x_wconf 87' lang='lat' dir='ltr'>dominis,</span> <span class='ocrx_word' id='word_1_125' title='bbox 217 803 254 835; x_wconf 88' lang='lat' dir='ltr'>ad</span> <span class='ocrx_word' id='word_1_126' title='bbox 271 804 385 844; x_wconf 66' lang='lat' dir='ltr'>jactum</span> <span class='ocrx_word' id='word_1_127' title='bbox 404 803 597 845; x_wconf 87' lang='lat' dir='ltr'>probandum</span> <span class='ocrx_word' id='word_1_128' title='bbox 613 801 775 841; x_wconf 84' lang='lat' dir='ltr'>sufficere,</span> <span class='ocrx_word' id='word_1_129' title='bbox 797 802 818 834; x_wconf 81' lang='lat' dir='ltr'>si</span> <span class='ocrx_word' id='word_1_130' title='bbox 838 802 909 834; x_wconf 79' lang='lat' dir='ltr'>Ma-</span> 
     </span>
     <span class='ocr_line' id='line_1_18' title="bbox 36 843 910 887; baseline -0.003 -10"><span class='ocrx_word' id='word_1_131' title='bbox 36 844 134 887; x_wconf 85' lang='lat' dir='ltr'>gister</span> <span class='ocrx_word' id='word_1_132' title='bbox 162 845 251 878; x_wconf 78' lang='lat' dir='ltr'>navis</span> <span class='ocrx_word' id='word_1_133' title='bbox 275 845 359 886; x_wconf 86' lang='lat' dir='ltr'>juret</span> <span class='ocrx_word' id='word_1_134' title='bbox 387 851 444 876; x_wconf 75' lang='lat' dir='ltr'>met</span> <span class='ocrx_word' id='word_1_135' title='bbox 459 844 521 886; x_wconf 51' lang='lat' dir='ltr'>syn</span> <span class='ocrx_word' id='word_1_136' title='bbox 547 844 631 875; x_wconf 71' lang='lat' dir='ltr'>dev-de</span> <span class='ocrx_word' id='word_1_137' title='bbox 662 843 712 875; x_wconf 88' lang='lat' dir='ltr'>sed</span> <span class='ocrx_word' id='word_1_138' title='bbox 732 843 760 885; x_wconf 87' lang='lat'>§.</span> <span class='ocrx_word' id='word_1_139' title='bbox 786 848 838 886; x_wconf 82' lang='lat'>38.</span> <span class='ocrx_word' id='word_1_140' title='bbox 861 853 910 875; x_wconf 89' lang='lat' dir='ltr'>ea-</span> 
     </span>
     <span class='ocr_line' id='line_1_19' title="bbox 35 885 911 926; baseline -0.003 -7"><span class='ocrx_word' id='word_1_141' title='bbox 35 887 168 921; x_wconf 82' lang='lat' dir='ltr'>rundem</span> <span class='ocrx_word' id='word_1_142' title='bbox 191 886 282 925; x_wconf 87' lang='lat' dir='ltr'>LL.,</span> <span class='ocrx_word' id='word_1_143' title='bbox 295 887 388 918; x_wconf 87' lang='lat' dir='ltr'>bonis</span> <span class='ocrx_word' id='word_1_144' title='bbox 402 886 488 926; x_wconf 72' lang='lat' dir='ltr'>jactis</span> <span class='ocrx_word' id='word_1_145' title='bbox 504 895 616 917; x_wconf 81' lang='lat' dir='ltr'>contra</span> <span class='ocrx_word' id='word_1_146' title='bbox 631 885 833 917; x_wconf 88' lang='lat' dir='ltr'>dominorum</span> <span class='ocrx_word' id='word_1_147' title='bbox 847 886 911 918; x_wconf 88' lang='lat' dir='ltr'>sen-</span> 
     </span>
     <span class='ocr_line' id='line_1_20' title="bbox 38 927 909 968; baseline -0.005 -7"><span class='ocrx_word' id='word_1_148' title='bbox 38 929 192 968; x_wconf 89' lang='lat' dir='ltr'>tentiam,</span> <span class='ocrx_word' id='word_1_149' title='bbox 214 930 258 960; x_wconf 83' lang='lat' dir='ltr'>ait</span> <span class='ocrx_word' id='word_1_150' title='bbox 287 927 425 960; x_wconf 86' lang='lat' dir='ltr'>sufficere</span> <span class='ocrx_word' id='word_1_151' title='bbox 444 951 454 967; x_wconf 92' lang='lat'>‚</span> <span class='ocrx_word' id='word_1_152' title='bbox 486 927 506 960; x_wconf 85' lang='lat' dir='ltr'>si</span> <span class='ocrx_word' id='word_1_153' title='bbox 532 927 572 958; x_wconf 89' lang='lat' dir='ltr'>de</span> <span class='ocrx_word' id='word_1_154' title='bbox 599 927 779 959; x_wconf 77' lang='lat' dir='ltr'>necessitate</span> <span class='ocrx_word' id='word_1_155' title='bbox 804 927 909 968; x_wconf 86' lang='lat' dir='ltr'>jurent</span> 
     </span>
     <span class='ocr_line' id='line_1_21' title="bbox 35 968 909 1013; baseline -0.003 -11"><span class='ocrx_word' id='word_1_156' title='bbox 35 977 113 1002; x_wconf 79' lang='lat' dir='ltr'>zwee</span> <span class='ocrx_word' id='word_1_157' title='bbox 135 970 168 1011; x_wconf 87' lang='lat' dir='ltr'>os</span> <span class='ocrx_word' id='word_1_158' title='bbox 185 972 246 1002; x_wconf 58' lang='lat' dir='ltr'>sirie</span> <span class='ocrx_word' id='word_1_159' title='bbox 269 971 357 1013; x_wconf 77' lang='lat' dir='ltr'>goede</span> <span class='ocrx_word' id='word_1_160' title='bbox 380 971 495 1011; x_wconf 71' lang='lat' dir='ltr'>kimpen</span> <span class='ocrx_word' id='word_1_161' title='bbox 514 992 523 1007; x_wconf 90' lang='lat'>‚</span> <span class='ocrx_word' id='word_1_162' title='bbox 563 969 614 1009; x_wconf 90' lang='lat' dir='ltr'>qui</span> <span class='ocrx_word' id='word_1_163' title='bbox 644 968 821 1000; x_wconf 83' lang='lat' dir='ltr'>adfuerunt.</span> <span class='ocrx_word' id='word_1_164' title='bbox 865 968 909 1000; x_wconf 94' lang='lat' dir='ltr'>O·</span> 
     </span>
     <span class='ocr_line' id='line_1_22' title="bbox 35 1010 906 1051; baseline -0.003 -6"><span class='ocrx_word' id='word_1_165' title='bbox 35 1013 146 1045; x_wconf 89' lang='lat' dir='ltr'>mnino</span> <span class='ocrx_word' id='word_1_166' title='bbox 163 1021 267 1044; x_wconf 86' lang='lat' dir='ltr'>autem</span> <span class='ocrx_word' id='word_1_167' title='bbox 282 1012 450 1044; x_wconf 77' lang='lat' dir='ltr'>servandus</span> <span class='ocrx_word' id='word_1_168' title='bbox 468 1010 513 1043; x_wconf 87' lang='lat' dir='ltr'>est</span> <span class='ocrx_word' id='word_1_169' title='bbox 527 1012 557 1042; x_wconf 74' lang='lat' dir='ltr'>cl.</span> <span class='ocrx_word' id='word_1_170' title='bbox 582 1010 610 1050; x_wconf 83' lang='lat'>§.</span> <span class='ocrx_word' id='word_1_171' title='bbox 634 1020 667 1051; x_wconf 85' lang='lat'>4.</span> <span class='ocrx_word' id='word_1_172' title='bbox 695 1010 730 1042; x_wconf 89' lang='lat' dir='ltr'>T.</span> <span class='ocrx_word' id='word_1_173' title='bbox 754 1010 810 1042; x_wconf 78' lang='lat' dir='ltr'>[V.</span> <span class='ocrx_word' id='word_1_174' title='bbox 836 1010 906 1042; x_wconf 89' lang='lat' dir='ltr'>LL.</span> 
     </span>
     <span class='ocr_line' id='line_1_23' title="bbox 36 1052 909 1101; baseline -0.002 -16"><span class='ocrx_word' id='word_1_175' title='bbox 36 1054 172 1101; x_wconf 70' lang='lat' dir='ltr'>Philippi</span> <span class='ocrx_word' id='word_1_176' title='bbox 206 1053 246 1086; x_wconf 82' lang='grc' dir='ltr'><strong>Π.</strong></span> <span class='ocrx_word' id='word_1_177' title='bbox 279 1054 328 1095; x_wconf 89' lang='lat' dir='ltr'>qui</span> <span class='ocrx_word' id='word_1_178' title='bbox 366 1054 466 1094; x_wconf 81' lang='lat' dir='ltr'>palam</span> <span class='ocrx_word' id='word_1_179' title='bbox 498 1052 636 1090; x_wconf 85' lang='lat' dir='ltr'>definit,</span> <span class='ocrx_word' id='word_1_180' title='bbox 669 1052 784 1092; x_wconf 70' lang='lat' dir='ltr'>jatrum</span> <span class='ocrx_word' id='word_1_181' title='bbox 813 1052 909 1083; x_wconf 88' lang='lat' dir='ltr'>modo</span> 
     </span>
     <span class='ocr_line' id='line_1_24' title="bbox 33 1091 908 1136; baseline -0.001 -10"><span class='ocrx_word' id='word_1_182' title='bbox 33 1096 119 1128; x_wconf 66' lang='lat' dir='ltr'>reste</span> <span class='ocrx_word' id='word_1_183' title='bbox 135 1095 201 1128; x_wconf 81' lang='lat' dir='ltr'>neri</span> <span class='ocrx_word' id='word_1_184' title='bbox 221 1105 262 1127; x_wconf 83' lang='lat' dir='ltr'>ex</span> <span class='ocrx_word' id='word_1_185' title='bbox 281 1096 415 1136; x_wconf 81' lang='lat' dir='ltr'>plurium</span> <span class='ocrx_word' id='word_1_186' title='bbox 438 1094 634 1135; x_wconf 82' lang='lat' dir='ltr'>epibatarum</span> <span class='ocrx_word' id='word_1_187' title='bbox 651 1091 813 1125; x_wconf 87' lang='lat' dir='ltr'>consensu.</span> <span class='ocrx_word' id='word_1_188' title='bbox 839 1092 908 1125; x_wconf 85' lang='lat' dir='ltr'>Cae-</span> 
     </span>
     <span class='ocr_line' id='line_1_25' title="bbox 34 1133 911 1177; baseline -0.001 -8"><span class='ocrx_word' id='word_1_189' title='bbox 34 1145 139 1170; x_wconf 87' lang='lat' dir='ltr'>terum</span> <span class='ocrx_word' id='word_1_190' title='bbox 157 1137 196 1175; x_wconf 84' lang='lat' dir='ltr'>fi,</span> <span class='ocrx_word' id='word_1_191' title='bbox 220 1137 272 1177; x_wconf 91' lang='lat' dir='ltr'>qui</span> <span class='ocrx_word' id='word_1_192' title='bbox 292 1135 483 1177; x_wconf 60' lang='lat' dir='ltr'>jactumfieri</span> <span class='ocrx_word' id='word_1_193' title='bbox 502 1134 608 1167; x_wconf 89' lang='lat' dir='ltr'>noluit</span> <span class='ocrx_word' id='word_1_194' title='bbox 621 1135 777 1175; x_wconf 81' lang='lat' dir='ltr'>‚p1-obet,</span> <span class='ocrx_word' id='word_1_195' title='bbox 795 1133 911 1175; x_wconf 88' lang='lat' dir='ltr'>justum</span> 
     </span>
     <span class='ocr_line' id='line_1_26' title="bbox 34 1176 910 1218; baseline -0.002 -7"><span class='ocrx_word' id='word_1_196' title='bbox 34 1188 156 1211; x_wconf 89' lang='lat' dir='ltr'>metum</span> <span class='ocrx_word' id='word_1_197' title='bbox 180 1188 242 1210; x_wconf 92' lang='lat' dir='ltr'>non</span> <span class='ocrx_word' id='word_1_198' title='bbox 268 1177 380 1216; x_wconf 78' lang='lat' dir='ltr'>fuiss‘e,</span> <span class='ocrx_word' id='word_1_199' title='bbox 403 1177 588 1218; x_wconf 88' lang='lat' dir='ltr'>jacientium</span> <span class='ocrx_word' id='word_1_200' title='bbox 611 1176 729 1208; x_wconf 87' lang='lat' dir='ltr'>damno</span> <span class='ocrx_word' id='word_1_201' title='bbox 755 1178 910 1209; x_wconf 80' lang='lat' dir='ltr'>duntaxat</span> 
     </span>
     <span class='ocr_line' id='line_1_27' title="bbox 32 1217 909 1260; baseline -0.002 -9"><span class='ocrx_word' id='word_1_202' title='bbox 32 1220 145 1260; x_wconf 70' lang='lat' dir='ltr'>§astum</span> <span class='ocrx_word' id='word_1_203' title='bbox 169 1220 250 1258; x_wconf 78' lang='lat' dir='ltr'>elle,</span> <span class='ocrx_word' id='word_1_204' title='bbox 272 1229 336 1251; x_wconf 86' lang='lat' dir='ltr'>non</span> <span class='ocrx_word' id='word_1_205' title='bbox 361 1218 407 1250; x_wconf 89' lang='lat' dir='ltr'>est</span> <span class='ocrx_word' id='word_1_206' title='bbox 427 1241 438 1257; x_wconf 91' lang='lat'>,</span> <span class='ocrx_word' id='word_1_207' title='bbox 463 1227 497 1250; x_wconf 88' lang='lat' dir='ltr'>ut</span> <span class='ocrx_word' id='word_1_208' title='bbox 524 1217 715 1250; x_wconf 84' lang='lat' dir='ltr'>dubitemus.</span> <span class='ocrx_word' id='word_1_209' title='bbox 762 1218 823 1250; x_wconf 91' lang='lat' dir='ltr'>Ubi</span> <span class='ocrx_word' id='word_1_210' title='bbox 856 1228 909 1250; x_wconf 89' lang='lat' dir='ltr'>au-</span> 
     </span>
     <span class='ocr_line' id='line_1_28' title="bbox 36 1257 909 1302; baseline -0.001 -9"><span class='ocrx_word' id='word_1_211' title='bbox 36 1271 99 1293; x_wconf 90' lang='lat' dir='ltr'>tem</span> <span class='ocrx_word' id='word_1_212' title='bbox 124 1262 239 1302; x_wconf 66' lang='lat' dir='ltr'>jactum</span> <span class='ocrx_word' id='word_1_213' title='bbox 264 1260 323 1299; x_wconf 85' lang='lat' dir='ltr'>fit,</span> <span class='ocrx_word' id='word_1_214' title='bbox 347 1261 378 1294; x_wconf 90' lang='lat' dir='ltr'>in</span> <span class='ocrx_word' id='word_1_215' title='bbox 408 1260 483 1292; x_wconf 88' lang='lat' dir='ltr'>mari</span> <span class='ocrx_word' id='word_1_216' title='bbox 508 1260 560 1291; x_wconf 89' lang='lat' dir='ltr'>vel</span> <span class='ocrx_word' id='word_1_217' title='bbox 587 1257 685 1290; x_wconf 86' lang='lat' dir='ltr'>fluvio</span> <span class='ocrx_word' id='word_1_218' title='bbox 702 1283 712 1298; x_wconf 92' lang='lat'>,</span> <span class='ocrx_word' id='word_1_219' title='bbox 738 1259 767 1291; x_wconf 85' lang='lat'>&amp;</span> <span class='ocrx_word' id='word_1_220' title='bbox 785 1270 824 1292; x_wconf 84' lang='lat' dir='ltr'>ex</span> <span class='ocrx_word' id='word_1_221' title='bbox 850 1269 909 1301; x_wconf 90' lang='lat' dir='ltr'>qua</span> 
     </span>
     <span class='ocr_line' id='line_1_29' title="bbox 35 1300 906 1344; baseline -0.002 -9"><span class='ocrx_word' id='word_1_222' title='bbox 35 1304 128 1342; x_wconf 83' lang='lat' dir='ltr'>navi,</span> <span class='ocrx_word' id='word_1_223' title='bbox 153 1303 270 1335; x_wconf 83' lang='lat' dir='ltr'>marina</span> <span class='ocrx_word' id='word_1_224' title='bbox 286 1303 336 1334; x_wconf 84' lang='lat' dir='ltr'>vel</span> <span class='ocrx_word' id='word_1_225' title='bbox 355 1301 522 1339; x_wconf 81' lang='lat' dir='ltr'>fluviatili,</span> <span class='ocrx_word' id='word_1_226' title='bbox 547 1310 611 1333; x_wconf 92' lang='lat' dir='ltr'>non</span> <span class='ocrx_word' id='word_1_227' title='bbox 632 1302 727 1342; x_wconf 83' lang='lat' dir='ltr'>magis</span> <span class='ocrx_word' id='word_1_228' title='bbox 743 1300 906 1344; x_wconf 85' lang='lat' dir='ltr'>distingui-</span> 
     </span>
     <span class='ocr_line' id='line_1_30' title="bbox 29 1341 906 1386; baseline -0.002 -9"><span class='ocrx_word' id='word_1_229' title='bbox 29 1354 120 1383; x_wconf 83' lang='lat' dir='ltr'>mus,</span> <span class='ocrx_word' id='word_1_230' title='bbox 143 1354 237 1385; x_wconf 85' lang='lat' dir='ltr'>quam</span> <span class='ocrx_word' id='word_1_231' title='bbox 252 1344 290 1375; x_wconf 92' lang='lat' dir='ltr'>de</span> <span class='ocrx_word' id='word_1_232' title='bbox 312 1344 434 1386; x_wconf 69' lang='lat' dir='ltr'>relzquo</span> <span class='ocrx_word' id='word_1_233' title='bbox 461 1343 575 1374; x_wconf 86' lang='lat' dir='ltr'>damno</span> <span class='ocrx_word' id='word_1_234' title='bbox 603 1341 765 1381; x_wconf 72' lang='lat' dir='ltr'>Naucioe,</span> <span class='ocrx_word' id='word_1_235' title='bbox 787 1343 825 1374; x_wconf 87' lang='lat' dir='ltr'>de</span> <span class='ocrx_word' id='word_1_236' title='bbox 844 1353 906 1384; x_wconf 93' lang='lat' dir='ltr'>quo</span> 
     </span>
     <span class='ocr_line' id='line_1_31' title="bbox 31 1384 904 1427; baseline 0 -10"><span class='ocrx_word' id='word_1_237' title='bbox 31 1386 169 1419; x_wconf 77' lang='lat' dir='ltr'>diximus</span> <span class='ocrx_word' id='word_1_238' title='bbox 191 1385 279 1427; x_wconf 88' lang='lat' dir='ltr'>supra</span> <span class='ocrx_word' id='word_1_239' title='bbox 304 1386 376 1426; x_wconf 65' lang='lat' dir='ltr'>Cap.</span> <span class='ocrx_word' id='word_1_240' title='bbox 406 1396 452 1423; x_wconf 89' lang='lat'>19.</span> <span class='ocrx_word' id='word_1_241' title='bbox 478 1385 507 1416; x_wconf 69' lang='grc' dir='ltr'>δε</span> <span class='ocrx_word' id='word_1_242' title='bbox 532 1385 664 1416; x_wconf 83' lang='lat' dir='ltr'>relatum</span> <span class='ocrx_word' id='word_1_243' title='bbox 685 1384 751 1424; x_wconf 90' lang='lat' dir='ltr'>est,</span> <span class='ocrx_word' id='word_1_244' title='bbox 773 1385 848 1426; x_wconf 84' lang='lat'>(5)</span> <span class='ocrx_word' id='word_1_245' title='bbox 873 1387 904 1418; x_wconf 91' lang='lat' dir='ltr'>in</span> 
     </span>
     <span class='ocr_line' id='line_1_32' title="bbox 31 1426 557 1468; baseline -0.006 -9"><span class='ocrx_word' id='word_1_246' title='bbox 31 1427 159 1468; x_wconf 80' lang='lat' dir='ltr'>judiciis</span> <span class='ocrx_word' id='word_1_247' title='bbox 174 1437 298 1468; x_wconf 85' lang='lat' dir='ltr'>quoque</span> <span class='ocrx_word' id='word_1_248' title='bbox 315 1438 378 1459; x_wconf 88' lang='lat' dir='ltr'>non</span> <span class='ocrx_word' id='word_1_249' title='bbox 398 1426 557 1466; x_wconf 80' lang='lat' dir='ltr'>distingui.</span> 
     </span>
    </p>

    <p class='ocr_par' dir='ltr' id='par_1_5' title="bbox 15 1467 902 2386">
     <span class='ocr_line' id='line_1_33' title="bbox 76 1467 900 1507; baseline 0.001 -6"><span class='ocrx_word' id='word_1_250' title='bbox 76 1469 300 1501; x_wconf 86' lang='lat' dir='ltr'>Contribuitur</span> <span class='ocrx_word' id='word_1_251' title='bbox 323 1469 418 1500; x_wconf 81' lang='lat' dir='ltr'>etiam</span> <span class='ocrx_word' id='word_1_252' title='bbox 436 1492 445 1507; x_wconf 88' lang='lat'>‚</span> <span class='ocrx_word' id='word_1_253' title='bbox 470 1468 582 1499; x_wconf 80' lang='lat' dir='ltr'>arbore</span> <span class='ocrx_word' id='word_1_254' title='bbox 604 1467 715 1500; x_wconf 86' lang='lat' dir='ltr'>aliisve</span> <span class='ocrx_word' id='word_1_255' title='bbox 739 1469 827 1502; x_wconf 89' lang='lat' dir='ltr'>navis</span> <span class='ocrx_word' id='word_1_256' title='bbox 855 1470 900 1502; x_wconf 89' lang='lat' dir='ltr'>in-</span> 
     </span>
     <span class='ocr_line' id='line_1_34' title="bbox 31 1509 902 1552; baseline -0.001 -8"><span class='ocrx_word' id='word_1_257' title='bbox 31 1510 216 1544; x_wconf 87' lang='lat' dir='ltr'>strumentis</span> <span class='ocrx_word' id='word_1_258' title='bbox 234 1535 241 1545; x_wconf 86' lang='lat'>.</span> <span class='ocrx_word' id='word_1_259' title='bbox 269 1511 399 1552; x_wconf 86' lang='lat' dir='ltr'>periculi</span> <span class='ocrx_word' id='word_1_260' title='bbox 429 1510 613 1542; x_wconf 84' lang='lat' dir='ltr'>removendi</span> <span class='ocrx_word' id='word_1_261' title='bbox 635 1509 726 1541; x_wconf 85' lang='lat' dir='ltr'>causa</span> <span class='ocrx_word' id='word_1_262' title='bbox 740 1535 748 1548; x_wconf 86' lang='lat'><strong>‚</strong></span> <span class='ocrx_word' id='word_1_263' title='bbox 772 1511 902 1552; x_wconf 67' lang='lat' dir='ltr'>deiectis</span> 
     </span>
     <span class='ocr_line' id='line_1_35' title="bbox 30 1551 901 1596; baseline -0.001 -10"><span class='ocrx_word' id='word_1_264' title='bbox 30 1554 50 1586; x_wconf 91' lang='lat' dir='ltr'>l.</span> <span class='ocrx_word' id='word_1_265' title='bbox 75 1564 104 1596; x_wconf 81' lang='lat'>3.</span> <span class='ocrx_word' id='word_1_266' title='bbox 135 1553 157 1585; x_wconf 86' lang='lat' dir='ltr'>l.</span> <span class='ocrx_word' id='word_1_267' title='bbox 178 1562 210 1593; x_wconf 89' lang='lat'>5.</span> <span class='ocrx_word' id='word_1_268' title='bbox 232 1552 261 1593; x_wconf 86' lang='lat'>§.</span> <span class='ocrx_word' id='word_1_269' title='bbox 292 1563 318 1584; x_wconf 92' lang='lat'>1.</span> <span class='ocrx_word' id='word_1_270' title='bbox 342 1552 380 1594; x_wconf 86' lang='lat' dir='ltr'>ff.</span> <span class='ocrx_word' id='word_1_271' title='bbox 405 1554 438 1584; x_wconf 82' lang='lat' dir='ltr'>de</span> <span class='ocrx_word' id='word_1_272' title='bbox 463 1552 502 1584; x_wconf 89' lang='lat' dir='ltr'>L.</span> <span class='ocrx_word' id='word_1_273' title='bbox 524 1551 620 1582; x_wconf 83' lang='lat' dir='ltr'>Rhod.</span> <span class='ocrx_word' id='word_1_274' title='bbox 644 1553 677 1582; x_wconf 84' lang='lat' dir='ltr'>de</span> <span class='ocrx_word' id='word_1_275' title='bbox 693 1552 770 1594; x_wconf 67' lang='lat' dir='ltr'>just.</span> <span class='ocrx_word' id='word_1_276' title='bbox 791 1562 855 1584; x_wconf 92' lang='lat' dir='ltr'>non</span> <span class='ocrx_word' id='word_1_277' title='bbox 879 1553 901 1586; x_wconf 83' lang='lat' dir='ltr'>si</span> 
     </span>
     <span class='ocr_line' id='line_1_36' title="bbox 26 1593 900 1635; baseline -0.001 -7"><span class='ocrx_word' id='word_1_278' title='bbox 26 1602 144 1628; x_wconf 65' lang='lat' dir='ltr'>‘exorta</span> <span class='ocrx_word' id='word_1_279' title='bbox 167 1593 332 1635; x_wconf 87' lang='lat' dir='ltr'>tempestas</span> <span class='ocrx_word' id='word_1_280' title='bbox 351 1604 386 1625; x_wconf 84' lang='lat' dir='ltr'>ea</span> <span class='ocrx_word' id='word_1_281' title='bbox 403 1594 530 1633; x_wconf 86' lang='lat' dir='ltr'>dejiciat</span> <span class='ocrx_word' id='word_1_282' title='bbox 549 1618 555 1626; x_wconf 91' lang='lat'>.</span> <span class='ocrx_word' id='word_1_283' title='bbox 590 1593 641 1625; x_wconf 86' lang='lat' dir='ltr'>vel</span> <span class='ocrx_word' id='word_1_284' title='bbox 661 1593 758 1634; x_wconf 86' lang='lat' dir='ltr'>ipsam</span> <span class='ocrx_word' id='word_1_285' title='bbox 786 1604 900 1627; x_wconf 89' lang='lat' dir='ltr'>navem</span> 
     </span>
     <span class='ocr_line' id='line_1_37' title="bbox 25 1635 900 1680; baseline -0.001 -11"><span class='ocrx_word' id='word_1_286' title='bbox 25 1637 140 1680; x_wconf 84' lang='lat' dir='ltr'>perdat</span> <span class='ocrx_word' id='word_1_287' title='bbox 155 1637 176 1668; x_wconf 85' lang='lat' dir='ltr'>l.</span> <span class='ocrx_word' id='word_1_288' title='bbox 202 1647 231 1668; x_wconf 85' lang='lat'>2.</span> <span class='ocrx_word' id='word_1_289' title='bbox 258 1635 286 1678; x_wconf 86' lang='lat'>§.</span> <span class='ocrx_word' id='word_1_290' title='bbox 314 1646 338 1668; x_wconf 91' lang='lat'>1.</span> <span class='ocrx_word' id='word_1_291' title='bbox 372 1636 392 1667; x_wconf 84' lang='lat' dir='ltr'>l.</span> <span class='ocrx_word' id='word_1_292' title='bbox 413 1645 444 1677; x_wconf 92' lang='lat'>5.</span> <span class='ocrx_word' id='word_1_293' title='bbox 470 1642 518 1677; x_wconf 85' lang='lat' dir='ltr'>pr.</span> <span class='ocrx_word' id='word_1_294' title='bbox 541 1635 577 1670; x_wconf 56' lang='grc' dir='ltr'>ὃ)</span> <span class='ocrx_word' id='word_1_295' title='bbox 596 1635 615 1666; x_wconf 84' lang='lat' dir='ltr'>l.</span> <span class='ocrx_word' id='word_1_296' title='bbox 638 1638 667 1666; x_wconf 91' lang='lat'>6.</span> <span class='ocrx_word' id='word_1_297' title='bbox 687 1635 728 1678; x_wconf 86' lang='lat' dir='ltr'>ff.</span> <span class='ocrx_word' id='word_1_298' title='bbox 756 1636 830 1668; x_wconf 82' lang='lat' dir='ltr'>Eod.</span> <span class='ocrx_word' id='word_1_299' title='bbox 854 1646 900 1668; x_wconf 87' lang='lat' dir='ltr'>ra·</span> 
     </span>
     <span class='ocr_line' id='line_1_38' title="bbox 21 1676 897 1712; baseline -0.002 0"><span class='ocrx_word' id='word_1_300' title='bbox 21 1680 153 1712; x_wconf 78' lang='lat' dir='ltr'>&#39;tionem</span> <span class='ocrx_word' id='word_1_301' title='bbox 178 1676 369 1710; x_wconf 81' lang='lat' dir='ltr'>differentiae</span> <span class='ocrx_word' id='word_1_302' title='bbox 398 1678 492 1709; x_wconf 86' lang='lat' dir='ltr'>habes</span> <span class='ocrx_word' id='word_1_303' title='bbox 521 1677 552 1709; x_wconf 91' lang='lat' dir='ltr'>in</span> <span class='ocrx_word' id='word_1_304' title='bbox 574 1678 604 1709; x_wconf 80' lang='lat' dir='ltr'>d.</span> <span class='ocrx_word' id='word_1_305' title='bbox 630 1677 700 1710; x_wconf 89' lang='lat' dir='ltr'>LL.</span> <span class='ocrx_word' id='word_1_306' title='bbox 726 1678 808 1709; x_wconf 90' lang='lat' dir='ltr'>idem</span> <span class='ocrx_word' id='word_1_307' title='bbox 827 1688 897 1710; x_wconf 87' lang='lat' dir='ltr'>cau-</span> 
     </span>
     <span class='ocr_line' id='line_1_39' title="bbox 30 1718 896 1762; baseline -0.001 -9"><span class='ocrx_word' id='word_1_308' title='bbox 30 1728 98 1754; x_wconf 90' lang='lat' dir='ltr'>tum</span> <span class='ocrx_word' id='word_1_309' title='bbox 126 1718 172 1752; x_wconf 89' lang='lat' dir='ltr'>est</span> <span class='ocrx_word' id='word_1_310' title='bbox 201 1719 230 1759; x_wconf 54' lang='grc' dir='ltr'><strong>ᾗ.</strong></span> <span class='ocrx_word' id='word_1_311' title='bbox 260 1728 309 1751; x_wconf 81' lang='lat'>12.</span> <span class='ocrx_word' id='word_1_312' title='bbox 331 1729 381 1751; x_wconf 84' lang='lat'>21.</span> <span class='ocrx_word' id='word_1_313' title='bbox 408 1719 510 1762; x_wconf 66' lang='lat'>&amp;³39</span> <span class='ocrx_word' id='word_1_314' title='bbox 540 1719 612 1751; x_wconf 88' lang='lat' dir='ltr'>LL.</span> <span class='ocrx_word' id='word_1_315' title='bbox 642 1719 794 1761; x_wconf 76' lang='lat' dir='ltr'>Wlshuyc.</span> <span class='ocrx_word' id='word_1_316' title='bbox 818 1721 847 1752; x_wconf 72' lang='grc' dir='ltr'>δι</span> <span class='ocrx_word' id='word_1_317' title='bbox 889 1745 896 1752; x_wconf 96' lang='grc'><strong>.</strong></span> 
     </span>
     <span class='ocr_line' id='line_1_40' title="bbox 29 1759 895 1805; baseline 0 -11"><span class='ocrx_word' id='word_1_318' title='bbox 29 1774 60 1805; x_wconf 84' lang='lat'>4.</span> <span class='ocrx_word' id='word_1_319' title='bbox 86 1761 147 1794; x_wconf 78' lang='lat' dir='ltr'>Tit.</span> <span class='ocrx_word' id='word_1_320' title='bbox 170 1761 226 1794; x_wconf 89' lang='lat' dir='ltr'>IV.</span> <span class='ocrx_word' id='word_1_321' title='bbox 253 1761 323 1794; x_wconf 80' lang='lat' dir='ltr'>LL.</span> <span class='ocrx_word' id='word_1_322' title='bbox 345 1762 479 1802; x_wconf 74' lang='lat' dir='ltr'>Pvz&#39;lz&#39;ppi</span> <span class='ocrx_word' id='word_1_323' title='bbox 506 1760 545 1793; x_wconf 88' lang='grc' dir='ltr'><strong>ΙΙ.</strong></span> <span class='ocrx_word' id='word_1_324' title='bbox 577 1762 608 1793; x_wconf 86' lang='lat'>&amp;</span> <span class='ocrx_word' id='word_1_325' title='bbox 631 1759 658 1802; x_wconf 88' lang='lat'>§.</span> <span class='ocrx_word' id='word_1_326' title='bbox 684 1772 715 1803; x_wconf 87' lang='lat'>4.</span> <span class='ocrx_word' id='word_1_327' title='bbox 748 1762 786 1794; x_wconf 83' lang='lat' dir='ltr'>L.</span> <span class='ocrx_word' id='word_1_328' title='bbox 812 1762 835 1794; x_wconf 82' lang='lat' dir='ltr'>l.</span> <span class='ocrx_word' id='word_1_329' title='bbox 888 1787 895 1794; x_wconf 94' lang='lat'>.</span> 
     </span>
     <span class='ocr_line' id='line_1_41' title="bbox 27 1803 897 1844; baseline 0 -8"><span class='ocrx_word' id='word_1_330' title='bbox 27 1803 159 1838; x_wconf 85' lang='lat' dir='ltr'>XXIV.</span> <span class='ocrx_word' id='word_1_331' title='bbox 195 1804 263 1836; x_wconf 85' lang='lat' dir='ltr'>LL.·</span> <span class='ocrx_word' id='word_1_332' title='bbox 300 1803 375 1844; x_wconf 65' lang='lat' dir='ltr'>Fris}</span> <span class='ocrx_word' id='word_1_333' title='bbox 411 1803 447 1839; x_wconf 60' lang='grc' dir='ltr'>ὅ)</span> <span class='ocrx_word' id='word_1_334' title='bbox 475 1804 506 1835; x_wconf 89' lang='lat' dir='ltr'>in</span> <span class='ocrx_word' id='word_1_335' title='bbox 537 1803 585 1835; x_wconf 86' lang='lat' dir='ltr'>his</span> <span class='ocrx_word' id='word_1_336' title='bbox 617 1805 762 1836; x_wconf 87' lang='lat' dir='ltr'>omnibus</span> <span class='ocrx_word' id='word_1_337' title='bbox 789 1804 897 1836; x_wconf 79' lang='lat' dir='ltr'>eadem</span> 
     </span>
     <span class='ocr_line' id='line_1_42' title="bbox 24 1845 898 1885; baseline 0 -7"><span class='ocrx_word' id='word_1_338' title='bbox 24 1845 258 1883; x_wconf 74' lang='lat' dir='ltr'>desiderantur,</span> <span class='ocrx_word' id='word_1_339' title='bbox 284 1855 355 1885; x_wconf 86' lang='lat' dir='ltr'>quae</span> <span class='ocrx_word' id='word_1_340' title='bbox 380 1845 419 1876; x_wconf 90' lang='lat' dir='ltr'>de</span> <span class='ocrx_word' id='word_1_341' title='bbox 443 1845 536 1877; x_wconf 90' lang='lat' dir='ltr'>bonis</span> <span class='ocrx_word' id='word_1_342' title='bbox 560 1854 637 1877; x_wconf 84' lang='lat' dir='ltr'>mox</span> <span class='ocrx_word' id='word_1_343' title='bbox 651 1846 805 1878; x_wconf 86' lang='lat' dir='ltr'>dicebam.</span> <span class='ocrx_word' id='word_1_344' title='bbox 838 1847 898 1878; x_wconf 84' lang='lat' dir='ltr'>An-</span> 
     </span>
     <span class='ocr_line' id='line_1_43' title="bbox 27 1886 898 1926; baseline 0.001 -8"><span class='ocrx_word' id='word_1_345' title='bbox 27 1888 148 1925; x_wconf 82' lang='lat' dir='ltr'>chora,</span> <span class='ocrx_word' id='word_1_346' title='bbox 170 1887 301 1919; x_wconf 78' lang='lat' dir='ltr'>funibus</span> <span class='ocrx_word' id='word_1_347' title='bbox 327 1886 468 1926; x_wconf 70' lang='lat' dir='ltr'>reseffis,</span> <span class='ocrx_word' id='word_1_348' title='bbox 491 1886 616 1925; x_wconf 83' lang='lat' dir='ltr'>amissa,</span> <span class='ocrx_word' id='word_1_349' title='bbox 642 1894 699 1926; x_wconf 85' lang='lat' dir='ltr'>ut,</span> <span class='ocrx_word' id='word_1_350' title='bbox 723 1897 797 1920; x_wconf 91' lang='lat' dir='ltr'>cum</span> <span class='ocrx_word' id='word_1_351' title='bbox 821 1896 898 1919; x_wconf 89' lang='lat' dir='ltr'>tem-</span> 
     </span>
     <span class='ocr_line' id='line_1_44' title="bbox 26 1928 898 1970; baseline -0.001 -9"><span class='ocrx_word' id='word_1_352' title='bbox 26 1928 127 1970; x_wconf 88' lang='lat' dir='ltr'>pestas</span> <span class='ocrx_word' id='word_1_353' title='bbox 141 1928 220 1959; x_wconf 82' lang='lat' dir='ltr'>effet</span> <span class='ocrx_word' id='word_1_354' title='bbox 231 1954 240 1965; x_wconf 87' lang='lat'>,</span> <span class='ocrx_word' id='word_1_355' title='bbox 261 1928 438 1960; x_wconf 84' lang='lat' dir='ltr'>servaretur</span> <span class='ocrx_word' id='word_1_356' title='bbox 453 1930 561 1966; x_wconf 84' lang='lat' dir='ltr'>navis,</span> <span class='ocrx_word' id='word_1_357' title='bbox 585 1928 668 1960; x_wconf 90' lang='lat' dir='ltr'>bona</span> <span class='ocrx_word' id='word_1_358' title='bbox 683 1929 762 1960; x_wconf 84' lang='lat' dir='ltr'>nibil</span> <span class='ocrx_word' id='word_1_359' title='bbox 779 1929 898 1960; x_wconf 88' lang='lat' dir='ltr'>contri-</span> 
     </span>
     <span class='ocr_line' id='line_1_45' title="bbox 23 1969 898 2011; baseline -0.001 -8"><span class='ocrx_word' id='word_1_360' title='bbox 23 1972 142 2009; x_wconf 87' lang='lat' dir='ltr'>buere,</span> <span class='ocrx_word' id='word_1_361' title='bbox 168 1969 341 2011; x_wconf 85' lang='lat' dir='ltr'>Delegatos</span> <span class='ocrx_word' id='word_1_362' title='bbox 369 1979 471 2001; x_wconf 87' lang='lat' dir='ltr'>rerum</span> <span class='ocrx_word' id='word_1_363' title='bbox 497 1970 721 2002; x_wconf 87' lang='lat' dir='ltr'>maritimarum</span> <span class='ocrx_word' id='word_1_364' title='bbox 749 1971 898 2010; x_wconf 80' lang='lat' dir='ltr'>judices,</span> 
     </span>
     <span class='ocr_line' id='line_1_46' title="bbox 27 2010 895 2044; baseline -0.001 0"><span class='ocrx_word' id='word_1_365' title='bbox 27 2013 59 2044; x_wconf 87' lang='lat'>&amp;</span> <span class='ocrx_word' id='word_1_366' title='bbox 83 2012 235 2044; x_wconf 74' lang='lat' dir='ltr'>Scabinos</span> <span class='ocrx_word' id='word_1_367' title='bbox 264 2010 577 2043; x_wconf 83' lang='lat' dir='ltr'>Amsterdammenses</span> <span class='ocrx_word' id='word_1_368' title='bbox 602 2015 649 2044; x_wconf 90' lang='lat'>16.</span> <span class='ocrx_word' id='word_1_369' title='bbox 681 2010 770 2043; x_wconf 88' lang='lat' dir='ltr'>Nov.</span> <span class='ocrx_word' id='word_1_370' title='bbox 806 2016 895 2043; x_wconf 85' lang='lat'>1661.</span> 
     </span>
     <span class='ocr_line' id='line_1_47' title="bbox 26 2052 897 2094; baseline -0.001 -8"><span class='ocrx_word' id='word_1_371' title='bbox 26 2053 176 2086; x_wconf 77' lang='lat' dir='ltr'>censuiffe</span> <span class='ocrx_word' id='word_1_372' title='bbox 205 2054 339 2085; x_wconf 86' lang='lat' dir='ltr'>relatum</span> <span class='ocrx_word' id='word_1_373' title='bbox 362 2054 432 2091; x_wconf 77' lang='lat' dir='ltr'>est,</span> <span class='ocrx_word' id='word_1_374' title='bbox 454 2052 532 2094; x_wconf 83' lang='lat'>(6)</span> <span class='ocrx_word' id='word_1_375' title='bbox 557 2054 630 2093; x_wconf 87' lang='lat' dir='ltr'>quia</span> <span class='ocrx_word' id='word_1_376' title='bbox 651 2076 662 2091; x_wconf 91' lang='lat'>,</span> <span class='ocrx_word' id='word_1_377' title='bbox 689 2054 777 2093; x_wconf 81' lang='lat' dir='ltr'>ajunt</span> <span class='ocrx_word' id='word_1_378' title='bbox 794 2077 805 2092; x_wconf 93' lang='lat'>‚</span> <span class='ocrx_word' id='word_1_379' title='bbox 833 2063 897 2086; x_wconf 91' lang='lat' dir='ltr'>non</span> 
     </span>
     <span class='ocr_line' id='line_1_48' title="bbox 25 2094 895 2134; baseline 0.001 -8"><span class='ocrx_word' id='word_1_380' title='bbox 25 2095 208 2127; x_wconf 85' lang='lat' dir='ltr'>voluntarie</span> <span class='ocrx_word' id='word_1_381' title='bbox 225 2095 340 2134; x_wconf 67' lang='lat' dir='ltr'>jatrum</span> <span class='ocrx_word' id='word_1_382' title='bbox 362 2094 418 2126; x_wconf 89' lang='lat' dir='ltr'>est.</span> <span class='ocrx_word' id='word_1_383' title='bbox 462 2095 591 2126; x_wconf 86' lang='lat' dir='ltr'>Addunt</span> <span class='ocrx_word' id='word_1_384' title='bbox 614 2095 643 2126; x_wconf 85' lang='lat'>&amp;</span> <span class='ocrx_word' id='word_1_385' title='bbox 663 2095 706 2126; x_wconf 90' lang='lat' dir='ltr'>ob</span> <span class='ocrx_word' id='word_1_386' title='bbox 724 2095 803 2128; x_wconf 83' lang='lat' dir='ltr'>hanc</span> <span class='ocrx_word' id='word_1_387' title='bbox 824 2105 895 2127; x_wconf 86' lang='lat' dir='ltr'>cau-</span> 
     </span>
     <span class='ocr_line' id='line_1_49' title="bbox 24 2136 895 2176; baseline 0.001 -8"><span class='ocrx_word' id='word_1_388' title='bbox 24 2136 112 2175; x_wconf 83' lang='lat' dir='ltr'>sam,</span> <span class='ocrx_word' id='word_1_389' title='bbox 131 2137 203 2169; x_wconf 83' lang='lat' dir='ltr'>navi</span> <span class='ocrx_word' id='word_1_390' title='bbox 220 2136 322 2168; x_wconf 83' lang='lat' dir='ltr'>studio</span> <span class='ocrx_word' id='word_1_391' title='bbox 342 2136 374 2168; x_wconf 90' lang='lat' dir='ltr'>in</span> <span class='ocrx_word' id='word_1_392' title='bbox 395 2137 487 2169; x_wconf 87' lang='lat' dir='ltr'>littus</span> <span class='ocrx_word' id='word_1_393' title='bbox 505 2136 640 2175; x_wconf 62' lang='lat' dir='ltr'>directa,</span> <span class='ocrx_word' id='word_1_394' title='bbox 661 2137 742 2169; x_wconf 77' lang='lat' dir='ltr'>nibil</span> <span class='ocrx_word' id='word_1_395' title='bbox 764 2147 895 2176; x_wconf 87' lang='lat' dir='ltr'>merces,</span> 
     </span>
     <span class='ocr_line' id='line_1_50' title="bbox 26 2177 894 2216; baseline 0.001 -7"><span class='ocrx_word' id='word_1_396' title='bbox 26 2187 68 2209; x_wconf 84' lang='lat' dir='ltr'>ex</span> <span class='ocrx_word' id='word_1_397' title='bbox 85 2178 159 2210; x_wconf 90' lang='lat' dir='ltr'>navi</span> <span class='ocrx_word' id='word_1_398' title='bbox 182 2178 224 2209; x_wconf 89' lang='lat' dir='ltr'>ita</span> <span class='ocrx_word' id='word_1_399' title='bbox 242 2177 344 2210; x_wconf 91' lang='lat' dir='ltr'>littori</span> <span class='ocrx_word' id='word_1_400' title='bbox 371 2178 524 2211; x_wconf 76' lang='lat' dir='ltr'>insidente</span> <span class='ocrx_word' id='word_1_401' title='bbox 543 2187 749 2216; x_wconf 81' lang='lat' dir='ltr'>exoneratas,</span> <span class='ocrx_word' id='word_1_402' title='bbox 773 2179 894 2211; x_wconf 89' lang='lat' dir='ltr'>contri—</span> 
     </span>
     <span class='ocr_line' id='line_1_51' title="bbox 15 2219 894 2261; baseline 0 -9"><span class='ocrx_word' id='word_1_403' title='bbox 15 2219 141 2258; x_wconf 77' lang='lat' dir='ltr'>¹buere,</span> <span class='ocrx_word' id='word_1_404' title='bbox 166 2219 262 2250; x_wconf 87' lang='lat' dir='ltr'>etiam</span> <span class='ocrx_word' id='word_1_405' title='bbox 284 2219 372 2257; x_wconf 89' lang='lat' dir='ltr'>ide0‚</span> <span class='ocrx_word' id='word_1_406' title='bbox 396 2221 469 2261; x_wconf 87' lang='lat' dir='ltr'>quia</span> <span class='ocrx_word' id='word_1_407' title='bbox 485 2219 563 2252; x_wconf 89' lang='lat' dir='ltr'>nihil</span> <span class='ocrx_word' id='word_1_408' title='bbox 581 2221 816 2260; x_wconf 79' lang='lat' dir='ltr'>contribuitur3</span> <span class='ocrx_word' id='word_1_409' title='bbox 838 2220 894 2252; x_wconf 83' lang='lat' dir='ltr'>nisi</span> 
     </span>
     <span class='ocr_line' id='line_1_52' title="bbox 23 2260 894 2302; baseline 0.001 -9"><span class='ocrx_word' id='word_1_410' title='bbox 23 2261 112 2301; x_wconf 85' lang='lat' dir='ltr'>salva</span> <span class='ocrx_word' id='word_1_411' title='bbox 140 2270 220 2292; x_wconf 86' lang='lat' dir='ltr'>nave</span> <span class='ocrx_word' id='word_1_412' title='bbox 245 2261 264 2291; x_wconf 81' lang='lat' dir='ltr'>l.</span> <span class='ocrx_word' id='word_1_413' title='bbox 297 2270 326 2300; x_wconf 86' lang='lat'>4.</span> <span class='ocrx_word' id='word_1_414' title='bbox 350 2261 383 2291; x_wconf 83' lang='lat' dir='ltr'>in</span> <span class='ocrx_word' id='word_1_415' title='bbox 405 2260 467 2300; x_wconf 85' lang='lat' dir='ltr'>fine</span> <span class='ocrx_word' id='word_1_416' title='bbox 487 2269 532 2301; x_wconf 83' lang='lat' dir='ltr'>pr.</span> <span class='ocrx_word' id='word_1_417' title='bbox 548 2261 589 2302; x_wconf 93' lang='lat' dir='ltr'>ff.</span> <span class='ocrx_word' id='word_1_418' title='bbox 614 2263 647 2293; x_wconf 77' lang='lat' dir='ltr'>de</span> <span class='ocrx_word' id='word_1_419' title='bbox 680 2262 718 2294; x_wconf 88' lang='lat' dir='ltr'>L.</span> <span class='ocrx_word' id='word_1_420' title='bbox 741 2262 836 2294; x_wconf 68' lang='lat' dir='ltr'>Rhod.</span> <span class='ocrx_word' id='word_1_421' title='bbox 860 2263 894 2293; x_wconf 79' lang='lat' dir='ltr'>de</span> 
     </span>
     <span class='ocr_line' id='line_1_53' title="bbox 15 2301 894 2386; baseline 0.003 -11"><span class='ocrx_word' id='word_1_422' title='bbox 15 2301 231 2384; x_wconf 50' lang='lat' dir='ltr'>{ffiffisszffiff</span> <span class='ocrx_word' id='word_1_423' title='bbox 247 2302 676 2384; x_wconf 51' lang='lat' dir='ltr'>Zceffiissigassass‘ilnffiiffis</span> <span class='ocrx_word' id='word_1_424' title='bbox 691 2304 894 2386; x_wconf 47' lang='lat' dir='ltr'>affiguffissiia</span> 
     </span>
    </p>

    <p class='ocr_par' dir='ltr' id='par_1_6' title="bbox 4 2363 898 2967">
     <span class='ocr_line' id='line_1_54' title="bbox 219 2363 892 2381; baseline 0 -12"><span class='ocrx_word' id='word_1_425' title='bbox 219 2367 228 2381; x_wconf 72' lang='lat'><strong>‚</strong></span> <span class='ocrx_word' id='word_1_426' title='bbox 881 2363 892 2369; x_wconf 94' lang='lat'><strong>-</strong></span> 
     </span>
     <span class='ocr_line' id='line_1_55' title="bbox 23 2368 892 2426; baseline 0 -8"><span class='ocrx_word' id='word_1_427' title='bbox 23 2393 72 2418; x_wconf 90' lang='lat' dir='ltr'>ter</span> <span class='ocrx_word' id='word_1_428' title='bbox 98 2386 186 2417; x_wconf 83' lang='lat' dir='ltr'>navis</span> <span class='ocrx_word' id='word_1_429' title='bbox 213 2384 297 2416; x_wconf 85' lang='lat' dir='ltr'>salva</span> <span class='ocrx_word' id='word_1_430' title='bbox 341 2384 528 2417; x_wconf 76' lang='lat' dir='ltr'>desideratur</span> <span class='ocrx_word' id='word_1_431' title='bbox 545 2410 554 2425; x_wconf 93' lang='lat'><em>‚</em></span> <span class='ocrx_word' id='word_1_432' title='bbox 589 2368 861 2426; x_wconf 70' lang='lat' dir='ltr'>jaetis&#39;mercibus</span> <span class='ocrx_word' id='word_1_433' title='bbox 881 2410 892 2425; x_wconf 85' lang='lat'>‚</span> 
     </span>
     <span class='ocr_line' id='line_1_56' title="bbox 26 2425 893 2467; baseline 0.001 -9"><span class='ocrx_word' id='word_1_434' title='bbox 26 2434 120 2467; x_wconf 85' lang='lat' dir='ltr'>quam</span> <span class='ocrx_word' id='word_1_435' title='bbox 148 2434 183 2458; x_wconf 88' lang='lat' dir='ltr'>ut</span> <span class='ocrx_word' id='word_1_436' title='bbox 207 2426 251 2457; x_wconf 86' lang='lat' dir='ltr'>ita</span> <span class='ocrx_word' id='word_1_437' title='bbox 275 2425 395 2457; x_wconf 83' lang='lat' dir='ltr'>servata</span> <span class='ocrx_word' id='word_1_438' title='bbox 426 2436 507 2458; x_wconf 86' lang='lat' dir='ltr'>nave</span> <span class='ocrx_word' id='word_1_439' title='bbox 534 2428 630 2459; x_wconf 88' lang='lat' dir='ltr'>etiam</span> <span class='ocrx_word' id='word_1_440' title='bbox 654 2437 774 2460; x_wconf 85' lang='lat' dir='ltr'><strong>merces</strong></span> <span class='ocrx_word' id='word_1_441' title='bbox 800 2429 832 2460; x_wconf 91' lang='lat' dir='ltr'>in</span> <span class='ocrx_word' id='word_1_442' title='bbox 857 2438 893 2459; x_wconf 86' lang='lat' dir='ltr'>ea</span> 
     </span>
     <span class='ocr_line' id='line_1_57' title="bbox 23 2467 893 2511; baseline 0 -11"><span class='ocrx_word' id='word_1_443' title='bbox 23 2468 119 2500; x_wconf 79' lang='lat' dir='ltr'>salva:</span> <span class='ocrx_word' id='word_1_444' title='bbox 149 2467 210 2499; x_wconf 89' lang='lat' dir='ltr'>fint</span> <span class='ocrx_word' id='word_1_445' title='bbox 229 2490 240 2505; x_wconf 94' lang='lat'>,</span> <span class='ocrx_word' id='word_1_446' title='bbox 272 2476 393 2498; x_wconf 83' lang='lat' dir='ltr'>merces</span> <span class='ocrx_word' id='word_1_447' title='bbox 415 2469 511 2500; x_wconf 88' lang='lat' dir='ltr'>etiam</span> <span class='ocrx_word' id='word_1_448' title='bbox 535 2467 630 2500; x_wconf 78' lang='lat' dir='ltr'>salvae</span> <span class='ocrx_word' id='word_1_449' title='bbox 647 2492 656 2507; x_wconf 94' lang='lat'>,</span> <span class='ocrx_word' id='word_1_450' title='bbox 685 2468 893 2511; x_wconf 78' lang='lat' dir='ltr'>damnumque</span> 
     </span>
     <span class='ocr_line' id='line_1_58' title="bbox 24 2508 892 2547; baseline 0.001 -6"><span class='ocrx_word' id='word_1_451' title='bbox 24 2509 67 2541; x_wconf 90' lang='lat' dir='ltr'>ob</span> <span class='ocrx_word' id='word_1_452' title='bbox 88 2519 155 2540; x_wconf 89' lang='lat' dir='ltr'>eam</span> <span class='ocrx_word' id='word_1_453' title='bbox 175 2518 240 2540; x_wconf 88' lang='lat' dir='ltr'>rem</span> <span class='ocrx_word' id='word_1_454' title='bbox 269 2508 386 2540; x_wconf 66' lang='lat' dir='ltr'>faetum</span> <span class='ocrx_word' id='word_1_455' title='bbox 400 2533 409 2547; x_wconf 92' lang='lat'>,</span> <span class='ocrx_word' id='word_1_456' title='bbox 433 2510 706 2541; x_wconf 89' lang='lat' dir='ltr'>contributionem</span> <span class='ocrx_word' id='word_1_457' title='bbox 730 2511 892 2544; x_wconf 88' lang='lat' dir='ltr'>inducunt.</span> 
     </span>
     <span class='ocr_line' id='line_1_59' title="bbox 24 2548 893 2591; baseline 0.002 -9"><span class='ocrx_word' id='word_1_458' title='bbox 24 2550 123 2583; x_wconf 85' lang='lat' dir='ltr'>Aliud</span> <span class='ocrx_word' id='word_1_459' title='bbox 144 2549 212 2587; x_wconf 87' lang='lat' dir='ltr'>est,</span> <span class='ocrx_word' id='word_1_460' title='bbox 238 2549 258 2582; x_wconf 84' lang='lat' dir='ltr'><strong>fi</strong></span> <span class='ocrx_word' id='word_1_461' title='bbox 289 2548 354 2581; x_wconf 88' lang='lat' dir='ltr'>sola</span> <span class='ocrx_word' id='word_1_462' title='bbox 382 2550 550 2591; x_wconf 82' lang='lat' dir='ltr'>tempestas</span> <span class='ocrx_word' id='word_1_463' title='bbox 576 2560 688 2583; x_wconf 82' lang='lat' dir='ltr'>navem</span> <span class='ocrx_word' id='word_1_464' title='bbox 711 2552 815 2584; x_wconf 90' lang='lat' dir='ltr'>littori</span> <span class='ocrx_word' id='word_1_465' title='bbox 835 2553 893 2584; x_wconf 90' lang='lat' dir='ltr'>im-</span> 
     </span>
     <span class='ocr_line' id='line_1_60' title="bbox 10 2591 892 2633; baseline 0.003 -10"><span class='ocrx_word' id='word_1_466' title='bbox 10 2592 142 2632; x_wconf 67' lang='lat' dir='ltr'>pellat,</span> <span class='ocrx_word' id='word_1_467' title='bbox 167 2591 197 2623; x_wconf 71' lang='grc' dir='ltr'>δε</span> <span class='ocrx_word' id='word_1_468' title='bbox 213 2591 255 2622; x_wconf 86' lang='lat' dir='ltr'>ibi</span> <span class='ocrx_word' id='word_1_469' title='bbox 271 2591 416 2633; x_wconf 78' lang='lat' dir='ltr'>frangat,</span> <span class='ocrx_word' id='word_1_470' title='bbox 439 2592 490 2624; x_wconf 91' lang='lat' dir='ltr'>vel</span> <span class='ocrx_word' id='word_1_471' title='bbox 504 2601 696 2625; x_wconf 82' lang='lat' dir='ltr'>armamenta</span> <span class='ocrx_word' id='word_1_472' title='bbox 719 2594 825 2632; x_wconf 88' lang='lat' dir='ltr'>navis,</span> <span class='ocrx_word' id='word_1_473' title='bbox 848 2604 892 2626; x_wconf 93' lang='lat' dir='ltr'>ar-</span> 
     </span>
     <span class='ocr_line' id='line_1_61' title="bbox 23 2631 894 2674; baseline 0.002 -9"><span class='ocrx_word' id='word_1_474' title='bbox 23 2634 156 2670; x_wconf 87' lang='lat' dir='ltr'>borem,</span> <span class='ocrx_word' id='word_1_475' title='bbox 178 2631 290 2671; x_wconf 84' lang='lat' dir='ltr'>funes,</span> <span class='ocrx_word' id='word_1_476' title='bbox 315 2634 467 2665; x_wconf 75' lang='lat' dir='ltr'>anchoras</span> <span class='ocrx_word' id='word_1_477' title='bbox 483 2633 630 2674; x_wconf 87' lang='lat' dir='ltr'>dejiciat,</span> <span class='ocrx_word' id='word_1_478' title='bbox 650 2642 727 2666; x_wconf 92' lang='lat' dir='ltr'>tunc</span> <span class='ocrx_word' id='word_1_479' title='bbox 741 2636 825 2667; x_wconf 91' lang='lat' dir='ltr'>enim</span> <span class='ocrx_word' id='word_1_480' title='bbox 844 2645 894 2667; x_wconf 84' lang='lat' dir='ltr'>na-</span> 
     </span>
     <span class='ocr_line' id='line_1_62' title="bbox 17 2673 896 2717; baseline 0.001 -10"><span class='ocrx_word' id='word_1_481' title='bbox 17 2675 90 2707; x_wconf 77' lang='lat' dir='ltr'>vita</span> <span class='ocrx_word' id='word_1_482' title='bbox 113 2673 220 2706; x_wconf 80' lang='lat' dir='ltr'>fimilis</span> <span class='ocrx_word' id='word_1_483' title='bbox 241 2673 340 2705; x_wconf 89' lang='lat' dir='ltr'>videri</span> <span class='ocrx_word' id='word_1_484' title='bbox 365 2674 467 2715; x_wconf 87' lang='lat' dir='ltr'>potest</span> <span class='ocrx_word' id='word_1_485' title='bbox 491 2674 516 2706; x_wconf 87' lang='lat' dir='ltr'>F</span> <span class='ocrx_word' id='word_1_486' title='bbox 518 2676 611 2715; x_wconf 88' lang='lat' dir='ltr'>abro,</span> <span class='ocrx_word' id='word_1_487' title='bbox 635 2677 709 2717; x_wconf 90' lang='lat' dir='ltr'>qui,</span> <span class='ocrx_word' id='word_1_488' title='bbox 731 2677 804 2708; x_wconf 90' lang='lat' dir='ltr'>dum</span> <span class='ocrx_word' id='word_1_489' title='bbox 829 2677 896 2708; x_wconf 88' lang='lat' dir='ltr'>offi-</span> 
     </span>
     <span class='ocr_line' id='line_1_63' title="bbox 6 2714 898 2760; baseline 0.002 -12"><span class='ocrx_word' id='word_1_490' title='bbox 6 2716 78 2748; x_wconf 46' lang='lat' dir='ltr'>*cio</span> <span class='ocrx_word' id='word_1_491' title='bbox 101 2714 156 2747; x_wconf 86' lang='lat' dir='ltr'>suo</span> <span class='ocrx_word' id='word_1_492' title='bbox 181 2714 344 2756; x_wconf 83' lang='lat' dir='ltr'>fungitur.</span> <span class='ocrx_word' id='word_1_493' title='bbox 369 2716 515 2748; x_wconf 87' lang='lat' dir='ltr'>incudem</span> <span class='ocrx_word' id='word_1_494' title='bbox 546 2718 598 2749; x_wconf 92' lang='lat' dir='ltr'>vel</span> <span class='ocrx_word' id='word_1_495' title='bbox 625 2718 773 2751; x_wconf 89' lang='lat' dir='ltr'>malleum</span> <span class='ocrx_word' id='word_1_496' title='bbox 799 2717 898 2760; x_wconf 86' lang='lat' dir='ltr'>fregit</span> 
     </span>
     <span class='ocr_line' id='line_1_64' title="bbox 23 2756 893 2802; baseline 0.002 -12"><span class='ocrx_word' id='word_1_497' title='bbox 23 2759 54 2790; x_wconf 81' lang='lat' dir='ltr'>d.</span> <span class='ocrx_word' id='word_1_498' title='bbox 79 2758 100 2789; x_wconf 84' lang='lat' dir='ltr'>l.</span> <span class='ocrx_word' id='word_1_499' title='bbox 133 2767 162 2788; x_wconf 77' lang='lat'>2.</span> <span class='ocrx_word' id='word_1_500' title='bbox 196 2756 224 2796; x_wconf 86' lang='lat'>§.</span> <span class='ocrx_word' id='word_1_501' title='bbox 262 2765 288 2788; x_wconf 92' lang='lat'>1.</span> <span class='ocrx_word' id='word_1_502' title='bbox 316 2756 357 2797; x_wconf 91' lang='lat' dir='ltr'>ff.</span> <span class='ocrx_word' id='word_1_503' title='bbox 387 2758 420 2788; x_wconf 77' lang='lat' dir='ltr'>(Ie</span> <span class='ocrx_word' id='word_1_504' title='bbox 448 2758 488 2789; x_wconf 90' lang='lat' dir='ltr'>L.</span> <span class='ocrx_word' id='word_1_505' title='bbox 514 2759 612 2791; x_wconf 86' lang='lat' dir='ltr'>Rhod.</span> <span class='ocrx_word' id='word_1_506' title='bbox 641 2761 675 2790; x_wconf 76' lang='lat' dir='ltr'>cle</span> <span class='ocrx_word' id='word_1_507' title='bbox 694 2759 770 2802; x_wconf 59' lang='lat' dir='ltr'>just.</span> <span class='ocrx_word' id='word_1_508' title='bbox 795 2761 825 2792; x_wconf 72' lang='grc' dir='ltr'>ὅ(</span> <span class='ocrx_word' id='word_1_509' title='bbox 851 2760 893 2792; x_wconf 86' lang='lat' dir='ltr'>fic</span> 
     </span>
     <span class='ocr_line' id='line_1_65' title="bbox 22 2797 892 2841; baseline 0.002 -11"><span class='ocrx_word' id='word_1_510' title='bbox 22 2799 127 2841; x_wconf 88' lang='lat' dir='ltr'>palam</span> <span class='ocrx_word' id='word_1_511' title='bbox 151 2798 262 2830; x_wconf 86' lang='lat' dir='ltr'>definit</span> <span class='ocrx_word' id='word_1_512' title='bbox 287 2797 316 2839; x_wconf 84' lang='lat'>§.</span> <span class='ocrx_word' id='word_1_513' title='bbox 339 2802 369 2832; x_wconf 94' lang='lat'>8.</span> <span class='ocrx_word' id='word_1_514' title='bbox 391 2799 426 2829; x_wconf 84' lang='lat' dir='ltr'>in</span> <span class='ocrx_word' id='word_1_515' title='bbox 446 2798 504 2839; x_wconf 82' lang='lat' dir='ltr'>fin.</span> <span class='ocrx_word' id='word_1_516' title='bbox 539 2800 599 2832; x_wconf 78' lang='lat' dir='ltr'>Tit.</span> <span class='ocrx_word' id='word_1_517' title='bbox 628 2800 685 2833; x_wconf 91' lang='lat' dir='ltr'>IV.</span> <span class='ocrx_word' id='word_1_518' title='bbox 721 2802 786 2834; x_wconf 88' lang='lat' dir='ltr'>l.L.</span> <span class='ocrx_word' id='word_1_519' title='bbox 819 2801 892 2833; x_wconf 84' lang='lat' dir='ltr'><em>Phi-</em></span> 
     </span>
     <span class='ocr_line' id='line_1_66' title="bbox 24 2838 892 2881; baseline 0.005 -9"><span class='ocrx_word' id='word_1_520' title='bbox 24 2841 99 2881; x_wconf 82' lang='lat' dir='ltr'>lippi</span> <span class='ocrx_word' id='word_1_521' title='bbox 118 2839 160 2871; x_wconf 89' lang='lat' dir='ltr'>II.</span> <span class='ocrx_word' id='word_1_522' title='bbox 183 2839 219 2875; x_wconf 68' lang='lat'>&amp;⁹</span> <span class='ocrx_word' id='word_1_523' title='bbox 249 2840 276 2879; x_wconf 57' lang='grc' dir='ltr'><strong>ᾖ.</strong></span> <span class='ocrx_word' id='word_1_524' title='bbox 303 2844 332 2873; x_wconf 89' lang='lat'>8.</span> <span class='ocrx_word' id='word_1_525' title='bbox 353 2840 388 2870; x_wconf 86' lang='lat' dir='ltr'>in</span> <span class='ocrx_word' id='word_1_526' title='bbox 412 2838 463 2878; x_wconf 79' lang='lat' dir='ltr'>fin.</span> <span class='ocrx_word' id='word_1_527' title='bbox 492 2841 534 2873; x_wconf 92' lang='lat' dir='ltr'>L.</span> <span class='ocrx_word' id='word_1_528' title='bbox 563 2842 587 2874; x_wconf 95' lang='lat' dir='ltr'>I.</span> <span class='ocrx_word' id='word_1_529' title='bbox 616 2842 651 2875; x_wconf 92' lang='lat' dir='ltr'>T.</span> <span class='ocrx_word' id='word_1_530' title='bbox 683 2842 796 2876; x_wconf 89' lang='lat' dir='ltr'>XXV.</span> <span class='ocrx_word' id='word_1_531' title='bbox 821 2844 892 2876; x_wconf 90' lang='lat' dir='ltr'>LL.</span> 
     </span>
     <span class='ocr_line' id='line_1_67' title="bbox 6 2879 893 2925; baseline 0.003 -11"><span class='ocrx_word' id='word_1_532' title='bbox 6 2881 129 2921; x_wconf 72' lang='lat' dir='ltr'>&#39;Fr-ific.</span> <span class='ocrx_word' id='word_1_533' title='bbox 151 2881 236 2913; x_wconf 89' lang='lat' dir='ltr'>aliud</span> <span class='ocrx_word' id='word_1_534' title='bbox 252 2879 318 2919; x_wconf 87' lang='lat' dir='ltr'>est,</span> <span class='ocrx_word' id='word_1_535' title='bbox 340 2879 362 2912; x_wconf 89' lang='lat' dir='ltr'><strong>fi</strong></span> <span class='ocrx_word' id='word_1_536' title='bbox 387 2889 427 2912; x_wconf 84' lang='lat' dir='ltr'>ex</span> <span class='ocrx_word' id='word_1_537' title='bbox 442 2881 579 2922; x_wconf 89' lang='lat' dir='ltr'>plurium</span> <span class='ocrx_word' id='word_1_538' title='bbox 602 2885 797 2925; x_wconf 84' lang='lat' dir='ltr'>epibatarum</span> <span class='ocrx_word' id='word_1_539' title='bbox 817 2895 893 2917; x_wconf 88' lang='lat' dir='ltr'>con-</span> 
     </span>
     <span class='ocr_line' id='line_1_68' title="bbox 4 2922 894 2967; baseline 0.004 -11"><span class='ocrx_word' id='word_1_540' title='bbox 4 2922 116 2962; x_wconf 62' lang='lat' dir='ltr'>ffilio,</span> <span class='ocrx_word' id='word_1_541' title='bbox 137 2931 173 2954; x_wconf 86' lang='lat' dir='ltr'>ut</span> <span class='ocrx_word' id='word_1_542' title='bbox 198 2922 286 2961; x_wconf 87' lang='lat' dir='ltr'>vita,</span> <span class='ocrx_word' id='word_1_543' title='bbox 307 2930 342 2954; x_wconf 86' lang='lat' dir='ltr'>ut</span> <span class='ocrx_word' id='word_1_544' title='bbox 366 2930 486 2954; x_wconf 86' lang='lat' dir='ltr'>merces</span> <span class='ocrx_word' id='word_1_545' title='bbox 513 2923 609 2957; x_wconf 82' lang='lat' dir='ltr'>salvae</span> <span class='ocrx_word' id='word_1_546' title='bbox 636 2926 696 2959; x_wconf 88' lang='lat' dir='ltr'>fint</span> <span class='ocrx_word' id='word_1_547' title='bbox 711 2950 722 2967; x_wconf 90' lang='lat'>,</span> <span class='ocrx_word' id='word_1_548' title='bbox 749 2928 838 2961; x_wconf 87' lang='lat' dir='ltr'>navis</span> <span class='ocrx_word' id='word_1_549' title='bbox 860 2928 894 2960; x_wconf 87' lang='lat' dir='ltr'>in</span> 
     </span>
    </p>
   </div>
   <div class='ocr_carea' id='block_1_4' title="bbox 60 3043 766 3243">
    <p class='ocr_par' dir='ltr' id='par_1_7' title="bbox 61 3043 675 3083">
     <span class='ocr_line' id='line_1_69' title="bbox 61 3043 675 3083; baseline 0.008 -11"><span class='ocrx_word' id='word_1_550' title='bbox 61 3043 124 3081; x_wconf 83' lang='lat'>(5)</span> <span class='ocrx_word' id='word_1_551' title='bbox 145 3044 240 3083; x_wconf 76' lang='lat' dir='ltr'>Cvnstl.</span> <span class='ocrx_word' id='word_1_552' title='bbox 261 3045 302 3074; x_wconf 84' lang='lat' dir='ltr'>H.</span> <span class='ocrx_word' id='word_1_553' title='bbox 321 3043 359 3075; x_wconf 87' lang='grc' dir='ltr'><strong>Τ.</strong></span> <span class='ocrx_word' id='word_1_554' title='bbox 379 3044 452 3083; x_wconf 74' lang='lat' dir='ltr'>Confi</span> <span class='ocrx_word' id='word_1_555' title='bbox 472 3049 520 3081; x_wconf 79' lang='lat'>65.</span> <span class='ocrx_word' id='word_1_556' title='bbox 673 3052 675 3054; x_wconf 85' lang='lat'>&#39;</span> 
     </span>
    </p>

    <p class='ocr_par' dir='ltr' id='par_1_8' title="bbox 61 3083 717 3161">
     <span class='ocr_line' id='line_1_70' title="bbox 61 3083 717 3123; baseline 0.006 -10"><span class='ocrx_word' id='word_1_557' title='bbox 61 3084 123 3120; x_wconf 88' lang='grc'>(6)</span> <span class='ocrx_word' id='word_1_558' title='bbox 144 3083 236 3121; x_wconf 84' lang='lat' dir='ltr'>Confil.</span> <span class='ocrx_word' id='word_1_559' title='bbox 256 3084 293 3112; x_wconf 91' lang='grc' dir='ltr'>Β.</span> <span class='ocrx_word' id='word_1_560' title='bbox 317 3083 349 3112; x_wconf 88' lang='grc' dir='ltr'>Τ.</span> <span class='ocrx_word' id='word_1_561' title='bbox 372 3085 395 3113; x_wconf 94' lang='lat' dir='ltr'>l.</span> <span class='ocrx_word' id='word_1_562' title='bbox 418 3084 490 3122; x_wconf 85' lang='lat' dir='ltr'>Cons.</span> <span class='ocrx_word' id='word_1_563' title='bbox 511 3087 578 3115; x_wconf 84' lang='lat'>286.</span> <span class='ocrx_word' id='word_1_564' title='bbox 597 3094 627 3123; x_wconf 87' lang='lat' dir='ltr'>p.</span> <span class='ocrx_word' id='word_1_565' title='bbox 648 3089 717 3117; x_wconf 82' lang='lat'>662.</span> 
     </span>
     <span class='ocr_line' id='line_1_71' title="bbox 62 3121 608 3161; baseline 0.009 -14"><span class='ocrx_word' id='word_1_566' title='bbox 62 3122 124 3158; x_wconf 76' lang='lat'>(7)</span> <span class='ocrx_word' id='word_1_567' title='bbox 144 3121 237 3159; x_wconf 76' lang='lat' dir='ltr'>Confil.</span> <span class='ocrx_word' id='word_1_568' title='bbox 258 3122 293 3151; x_wconf 76' lang='lat' dir='ltr'>B.</span> <span class='ocrx_word' id='word_1_569' title='bbox 317 3121 349 3151; x_wconf 89' lang='lat' dir='ltr'>T.</span> <span class='ocrx_word' id='word_1_570' title='bbox 371 3124 420 3151; x_wconf 85' lang='lat'>111.</span> <span class='ocrx_word' id='word_1_571' title='bbox 441 3122 532 3161; x_wconf 82' lang='lat' dir='ltr'>Confil.</span> <span class='ocrx_word' id='word_1_572' title='bbox 545 3131 608 3159; x_wconf 80' lang='lat'>155.</span> 
     </span>
    </p>

    <p class='ocr_par' dir='ltr' id='par_1_9' title="bbox 60 3159 766 3243">
     <span class='ocr_line' id='line_1_72' title="bbox 60 3159 729 3205; baseline 0.003 -16"><span class='ocrx_word' id='word_1_573' title='bbox 60 3159 125 3196; x_wconf 70' lang='lat'>(8)</span> <span class='ocrx_word' id='word_1_574' title='bbox 145 3159 239 3198; x_wconf 84' lang='lat' dir='ltr'>Confil.</span> <span class='ocrx_word' id='word_1_575' title='bbox 258 3161 301 3190; x_wconf 89' lang='lat' dir='ltr'>H.</span> <span class='ocrx_word' id='word_1_576' title='bbox 327 3160 360 3188; x_wconf 91' lang='lat' dir='ltr'>T.</span> <span class='ocrx_word' id='word_1_577' title='bbox 381 3162 418 3190; x_wconf 85' lang='lat'>11.</span> <span class='ocrx_word' id='word_1_578' title='bbox 441 3161 532 3198; x_wconf 82' lang='lat' dir='ltr'>Confil.</span> <span class='ocrx_word' id='word_1_579' title='bbox 557 3170 620 3198; x_wconf 85' lang='lat'>153.</span> <span class='ocrx_word' id='word_1_580' title='bbox 640 3162 679 3205; x_wconf 57' lang='lat' dir='ltr'>Q:</span> <span class='ocrx_word' id='word_1_581' title='bbox 703 3171 729 3192; x_wconf 93' lang='lat'>1.</span> 
     </span>
     <span class='ocr_line' id='line_1_73' title="bbox 60 3197 766 3243; baseline 0.011 -18"><span class='ocrx_word' id='word_1_582' title='bbox 60 3197 120 3235; x_wconf 85' lang='lat'>(9)</span> <span class='ocrx_word' id='word_1_583' title='bbox 141 3198 233 3241; x_wconf 65' lang='lat' dir='ltr'>Cmfil.</span> <span class='ocrx_word' id='word_1_584' title='bbox 251 3199 295 3230; x_wconf 84' lang='grc' dir='ltr'><strong>Η.</strong></span> <span class='ocrx_word' id='word_1_585' title='bbox 318 3199 390 3230; x_wconf 77' lang='lat' dir='ltr'>Tum.</span> <span class='ocrx_word' id='word_1_586' title='bbox 412 3200 452 3230; x_wconf 81' lang='lat'>1·1.</span> <span class='ocrx_word' id='word_1_587' title='bbox 473 3199 566 3240; x_wconf 68' lang='lat' dir='ltr'>Consti.</span> <span class='ocrx_word' id='word_1_588' title='bbox 587 3209 652 3238; x_wconf 79' lang='lat'>153.</span> <span class='ocrx_word' id='word_1_589' title='bbox 673 3200 712 3243; x_wconf 61' lang='lat' dir='ltr'>Q,-</span> <span class='ocrx_word' id='word_1_590' title='bbox 734 3208 766 3233; x_wconf 81' lang='lat'>2.</span> 
     </span>
    </p>
   </div>
   <div class='ocr_carea' id='block_1_5' title="bbox 933 112 1831 2884">
    <p class='ocr_par' dir='ltr' id='par_1_10' title="bbox 954 112 1830 675">
     <span class='ocr_line' id='line_1_74' title="bbox 1758 112 1827 148; baseline 0.029 -2"><span class='ocrx_word' id='word_1_591' title='bbox 1758 112 1827 148; x_wconf 84' lang='lat'>471</span> 
     </span>
     <span class='ocr_line' id='line_1_75' title="bbox 959 174 1829 220; baseline 0.018 -14"><span class='ocrx_word' id='word_1_592' title='bbox 959 176 1049 207; x_wconf 85' lang='lat' dir='ltr'>littus</span> <span class='ocrx_word' id='word_1_593' title='bbox 1063 174 1232 216; x_wconf 82' lang='lat' dir='ltr'>dirigatur,</span> <span class='ocrx_word' id='word_1_594' title='bbox 1256 176 1308 207; x_wconf 84' lang='lat' dir='ltr'>vel</span> <span class='ocrx_word' id='word_1_595' title='bbox 1324 186 1365 208; x_wconf 80' lang='lat' dir='ltr'>ex</span> <span class='ocrx_word' id='word_1_596' title='bbox 1382 188 1492 214; x_wconf 90' lang='lat' dir='ltr'>eorum</span> <span class='ocrx_word' id='word_1_597' title='bbox 1514 186 1647 218; x_wconf 79' lang='lat' dir='ltr'>consilio</span> <span class='ocrx_word' id='word_1_598' title='bbox 1663 188 1755 220; x_wconf 85' lang='lat' dir='ltr'>arbor</span> <span class='ocrx_word' id='word_1_599' title='bbox 1776 189 1829 220; x_wconf 87' lang='lat' dir='ltr'>de-</span> 
     </span>
     <span class='ocr_line' id='line_1_76' title="bbox 956 217 1830 269; baseline 0.015 -22"><span class='ocrx_word' id='word_1_600' title='bbox 956 217 1106 263; x_wconf 68' lang='lat' dir='ltr'>jiciatur,</span> <span class='ocrx_word' id='word_1_601' title='bbox 1130 217 1280 249; x_wconf 82' lang='lat' dir='ltr'>anchorae</span> <span class='ocrx_word' id='word_1_602' title='bbox 1298 218 1327 250; x_wconf 68' lang='grc' dir='ltr'>δε</span> <span class='ocrx_word' id='word_1_603' title='bbox 1343 218 1434 252; x_wconf 86' lang='lat' dir='ltr'>funes</span> <span class='ocrx_word' id='word_1_604' title='bbox 1453 222 1632 259; x_wconf 71' lang='lat' dir='ltr'>resecentur</span> <span class='ocrx_word' id='word_1_605' title='bbox 1673 239 1735 269; x_wconf 85' lang='lat' dir='ltr'>quo</span> <span class='ocrx_word' id='word_1_606' title='bbox 1753 231 1830 263; x_wconf 81' lang='lat' dir='ltr'>vitae</span> 
     </span>
     <span class='ocr_line' id='line_1_77' title="bbox 958 252 1828 313; baseline 0.015 -25"><span class='ocrx_word' id='word_1_607' title='bbox 958 260 988 291; x_wconf 84' lang='lat'>&amp;</span> <span class='ocrx_word' id='word_1_608' title='bbox 1009 258 1164 304; x_wconf 76' lang='lat' dir='ltr'>mercibus</span> <span class='ocrx_word' id='word_1_609' title='bbox 1181 258 1370 292; x_wconf 81' lang='lat' dir='ltr'>consulatur.</span> <span class='ocrx_word' id='word_1_610' title='bbox 1419 261 1510 294; x_wconf 84' lang='lat' dir='ltr'>Unde</span> <span class='ocrx_word' id='word_1_611' title='bbox 1527 252 1651 299; x_wconf 63' lang='lat' dir='ltr'>rectius&#39;</span> <span class='ocrx_word' id='word_1_612' title='bbox 1664 271 1715 302; x_wconf 85' lang='lat' dir='ltr'>alii</span> <span class='ocrx_word' id='word_1_613' title='bbox 1761 271 1828 313; x_wconf 83' lang='grc'>(7)</span> 
     </span>
     <span class='ocr_line' id='line_1_78' title="bbox 958 294 1829 351; baseline 0.014 -19"><span class='ocrx_word' id='word_1_614' title='bbox 958 300 1042 332; x_wconf 90' lang='lat' dir='ltr'>malo</span> <span class='ocrx_word' id='word_1_615' title='bbox 1060 299 1183 339; x_wconf 75' lang='lat' dir='ltr'>exciso,</span> <span class='ocrx_word' id='word_1_616' title='bbox 1208 300 1356 347; x_wconf 75' lang='lat' dir='ltr'>anchoris</span> <span class='ocrx_word' id='word_1_617' title='bbox 1378 302 1570 345; x_wconf 86' lang='lat' dir='ltr'>funibusque</span> <span class='ocrx_word' id='word_1_618' title='bbox 1595 294 1739 351; x_wconf 67' lang='lat' dir='ltr'>rest—etis}</span> <span class='ocrx_word' id='word_1_619' title='bbox 1760 321 1793 344; x_wconf 87' lang='lat' dir='ltr'>ut</span> <span class='ocrx_word' id='word_1_620' title='bbox 1811 323 1829 348; x_wconf 83' lang='lat' dir='ltr'>a</span> 
     </span>
     <span class='ocr_line' id='line_1_79' title="bbox 958 341 1827 389; baseline 0.009 -16"><span class='ocrx_word' id='word_1_621' title='bbox 958 341 1145 382; x_wconf 82' lang='lat' dir='ltr'>tempestate</span> <span class='ocrx_word' id='word_1_622' title='bbox 1156 352 1246 374; x_wconf 83' lang='lat' dir='ltr'>nav1s</span> <span class='ocrx_word' id='word_1_623' title='bbox 1264 343 1445 384; x_wconf 80' lang='lat' dir='ltr'>mercesque</span> <span class='ocrx_word' id='word_1_624' title='bbox 1462 344 1556 378; x_wconf 82' lang='lat' dir='ltr'>salvae</span> <span class='ocrx_word' id='word_1_625' title='bbox 1573 349 1687 389; x_wconf 72' lang='lat' dir='ltr'>effenr,</span> <span class='ocrx_word' id='word_1_626' title='bbox 1708 355 1827 385; x_wconf 76' lang='lat' dir='ltr'>contri-</span> 
     </span>
     <span class='ocr_line' id='line_1_80' title="bbox 957 383 1829 427; baseline 0.016 -14"><span class='ocrx_word' id='word_1_627' title='bbox 957 383 1083 415; x_wconf 84' lang='lat' dir='ltr'>butioni</span> <span class='ocrx_word' id='word_1_628' title='bbox 1114 383 1221 415; x_wconf 88' lang='lat' dir='ltr'>locum</span> <span class='ocrx_word' id='word_1_629' title='bbox 1252 383 1315 416; x_wconf 68' lang='lat' dir='ltr'>ess‘e</span> <span class='ocrx_word' id='word_1_630' title='bbox 1350 386 1551 427; x_wconf 86' lang='lat' dir='ltr'>respondent.</span> <span class='ocrx_word' id='word_1_631' title='bbox 1606 390 1647 423; x_wconf 90' lang='lat' dir='ltr'>Et</span> <span class='ocrx_word' id='word_1_632' title='bbox 1668 392 1736 425; x_wconf 85' lang='lat' dir='ltr'>sane</span> <span class='ocrx_word' id='word_1_633' title='bbox 1765 404 1829 426; x_wconf 86' lang='lat' dir='ltr'>tam</span> 
     </span>
     <span class='ocr_line' id='line_1_81' title="bbox 956 424 1829 475; baseline 0.017 -21"><span class='ocrx_word' id='word_1_634' title='bbox 956 425 995 471; x_wconf 85' lang='lat' dir='ltr'>de</span> <span class='ocrx_word' id='word_1_635' title='bbox 1021 424 1112 464; x_wconf 84' lang='lat' dir='ltr'>navi,</span> <span class='ocrx_word' id='word_1_636' title='bbox 1133 425 1204 471; x_wconf 77' lang='lat' dir='ltr'>data</span> <span class='ocrx_word' id='word_1_637' title='bbox 1227 435 1321 466; x_wconf 86' lang='lat' dir='ltr'>opera</span> <span class='ocrx_word' id='word_1_638' title='bbox 1343 429 1373 459; x_wconf 93' lang='lat' dir='ltr'>in</span> <span class='ocrx_word' id='word_1_639' title='bbox 1399 429 1489 460; x_wconf 86' lang='lat' dir='ltr'>littus</span> <span class='ocrx_word' id='word_1_640' title='bbox 1516 429 1651 471; x_wconf 59' lang='lat' dir='ltr'>dii-effi,</span> <span class='ocrx_word' id='word_1_641' title='bbox 1675 444 1765 475; x_wconf 86' lang='lat' dir='ltr'>quam</span> <span class='ocrx_word' id='word_1_642' title='bbox 1789 436 1829 468; x_wconf 86' lang='lat' dir='ltr'>de</span> 
     </span>
     <span class='ocr_line' id='line_1_82' title="bbox 956 466 1830 516; baseline 0.014 -20"><span class='ocrx_word' id='word_1_643' title='bbox 956 466 1191 505; x_wconf 86' lang='lat' dir='ltr'>instrumentis,</span> <span class='ocrx_word' id='word_1_644' title='bbox 1213 469 1342 508; x_wconf 86' lang='lat' dir='ltr'>periculi</span> <span class='ocrx_word' id='word_1_645' title='bbox 1369 469 1458 502; x_wconf 86' lang='lat' dir='ltr'>causa</span> <span class='ocrx_word' id='word_1_646' title='bbox 1484 470 1632 511; x_wconf 63' lang='lat' dir='ltr'>dejectis,</span> <span class='ocrx_word' id='word_1_647' title='bbox 1655 484 1759 516; x_wconf 83' lang='lat' dir='ltr'>aperte</span> <span class='ocrx_word' id='word_1_648' title='bbox 1784 477 1830 509; x_wconf 78' lang='lat' dir='ltr'>ita</span> 
     </span>
     <span class='ocr_line' id='line_1_83' title="bbox 956 507 1829 556; baseline 0.014 -17"><span class='ocrx_word' id='word_1_649' title='bbox 956 507 1200 540; x_wconf 83' lang='lat' dir='ltr'>sancitumcstd.</span> <span class='ocrx_word' id='word_1_650' title='bbox 1228 509 1298 550; x_wconf 60' lang='lat'>§.4</span> <span class='ocrx_word' id='word_1_651' title='bbox 1326 511 1387 543; x_wconf 79' lang='lat' dir='ltr'>Tit.</span> <span class='ocrx_word' id='word_1_652' title='bbox 1407 510 1462 544; x_wconf 92' lang='lat' dir='ltr'>IV.</span> <span class='ocrx_word' id='word_1_653' title='bbox 1487 513 1559 545; x_wconf 88' lang='lat' dir='ltr'>LL.</span> <span class='ocrx_word' id='word_1_654' title='bbox 1584 514 1719 556; x_wconf 77' lang='lat' dir='ltr'>Philippi</span> <span class='ocrx_word' id='word_1_655' title='bbox 1735 517 1773 549; x_wconf 82' lang='lat' dir='ltr'>ll.</span> <span class='ocrx_word' id='word_1_656' title='bbox 1797 520 1829 551; x_wconf 71' lang='grc' dir='ltr'>δε</span> 
     </span>
     <span class='ocr_line' id='line_1_84' title="bbox 954 550 1828 594; baseline 0.011 -14"><span class='ocrx_word' id='word_1_657' title='bbox 954 552 982 581; x_wconf 77' lang='lat' dir='ltr'>d.</span> <span class='ocrx_word' id='word_1_658' title='bbox 1010 553 1038 588; x_wconf 59' lang='grc' dir='ltr'><strong>ς.</strong></span> <span class='ocrx_word' id='word_1_659' title='bbox 1061 559 1092 590; x_wconf 91' lang='lat'>4.</span> <span class='ocrx_word' id='word_1_660' title='bbox 1118 550 1159 582; x_wconf 88' lang='lat' dir='ltr'>L.</span> <span class='ocrx_word' id='word_1_661' title='bbox 1182 550 1206 582; x_wconf 93' lang='grc' dir='ltr'>Ι.</span> <span class='ocrx_word' id='word_1_662' title='bbox 1233 551 1265 582; x_wconf 85' lang='grc' dir='ltr'><strong>Τ.</strong></span> <span class='ocrx_word' id='word_1_663' title='bbox 1296 552 1405 585; x_wconf 71' lang='lat' dir='ltr'>XXV.</span> <span class='ocrx_word' id='word_1_664' title='bbox 1430 554 1500 586; x_wconf 90' lang='lat' dir='ltr'>LL.</span> <span class='ocrx_word' id='word_1_665' title='bbox 1537 555 1639 594; x_wconf 59' lang='lat' dir='ltr'>Frtficz</span> <span class='ocrx_word' id='word_1_666' title='bbox 1666 560 1695 589; x_wconf 67' lang='lat' dir='ltr'>ot</span> <span class='ocrx_word' id='word_1_667' title='bbox 1722 559 1761 590; x_wconf 90' lang='lat' dir='ltr'>de</span> <span class='ocrx_word' id='word_1_668' title='bbox 1781 559 1828 590; x_wconf 87' lang='lat' dir='ltr'>in-</span> 
     </span>
     <span class='ocr_line' id='line_1_85' title="bbox 956 591 1830 639; baseline 0.015 -18"><span class='ocrx_word' id='word_1_669' title='bbox 956 591 1136 623; x_wconf 86' lang='lat' dir='ltr'>strumentis</span> <span class='ocrx_word' id='word_1_670' title='bbox 1150 593 1261 625; x_wconf 86' lang='lat' dir='ltr'>eadem</span> <span class='ocrx_word' id='word_1_671' title='bbox 1278 592 1431 627; x_wconf 87' lang='lat' dir='ltr'>sententia</span> <span class='ocrx_word' id='word_1_672' title='bbox 1447 595 1493 628; x_wconf 90' lang='lat' dir='ltr'>est</span> <span class='ocrx_word' id='word_1_673' title='bbox 1509 599 1538 629; x_wconf 82' lang='lat' dir='ltr'>d.</span> <span class='ocrx_word' id='word_1_674' title='bbox 1564 597 1613 639; x_wconf 53' lang='grc' dir='ltr'>ἓξ.</span> <span class='ocrx_word' id='word_1_675' title='bbox 1644 608 1690 630; x_wconf 85' lang='lat'>12.</span> <span class='ocrx_word' id='word_1_676' title='bbox 1718 610 1769 632; x_wconf 84' lang='lat'>21.</span> <span class='ocrx_word' id='word_1_677' title='bbox 1793 600 1830 635; x_wconf 52' lang='grc' dir='ltr'>ἐξ</span> 
     </span>
     <span class='ocr_line' id='line_1_86' title="bbox 954 633 1332 675; baseline 0.011 -12"><span class='ocrx_word' id='word_1_678' title='bbox 954 643 1004 675; x_wconf 78' lang='lat'>39.</span> <span class='ocrx_word' id='word_1_679' title='bbox 1029 633 1098 664; x_wconf 88' lang='lat' dir='ltr'>LL.</span> <span class='ocrx_word' id='word_1_680' title='bbox 1123 633 1276 675; x_wconf 69' lang='lat' dir='ltr'>Wisbuyc.</span> <span class='ocrx_word' id='word_1_681' title='bbox 1327 644 1332 650; x_wconf 93' lang='grc'><em>·</em></span> 
     </span>
    </p>

    <p class='ocr_par' dir='ltr' id='par_1_11' title="bbox 941 674 1831 1971">
     <span class='ocr_line' id='line_1_87' title="bbox 979 674 1830 723; baseline 0.012 -18"><span class='ocrx_word' id='word_1_682' title='bbox 979 674 1089 721; x_wconf 27' lang='lat' dir='ltr'>‘Unde</span> <span class='ocrx_word' id='word_1_683' title='bbox 1113 676 1278 723; x_wconf 79' lang='lat' dir='ltr'>quaesitum</span> <span class='ocrx_word' id='word_1_684' title='bbox 1308 678 1372 717; x_wconf 86' lang='lat' dir='ltr'>est,</span> <span class='ocrx_word' id='word_1_685' title='bbox 1395 679 1470 720; x_wconf 89' lang='lat' dir='ltr'>quid</span> <span class='ocrx_word' id='word_1_686' title='bbox 1493 681 1589 721; x_wconf 80' lang='lat' dir='ltr'>juris,</span> <span class='ocrx_word' id='word_1_687' title='bbox 1612 681 1654 721; x_wconf 86' lang='lat' dir='ltr'>fi,</span> <span class='ocrx_word' id='word_1_688' title='bbox 1677 692 1748 714; x_wconf 90' lang='lat' dir='ltr'>cum</span> <span class='ocrx_word' id='word_1_689' title='bbox 1778 693 1830 715; x_wconf 86' lang='lat' dir='ltr'>na-</span> 
     </span>
     <span class='ocr_line' id='line_1_88' title="bbox 953 715 1831 763; baseline 0.011 -16"><span class='ocrx_word' id='word_1_690' title='bbox 953 726 1023 763; x_wconf 71' lang='lat' dir='ltr'>vis,</span> <span class='ocrx_word' id='word_1_691' title='bbox 1045 715 1230 758; x_wconf 88' lang='lat' dir='ltr'>tempestate</span> <span class='ocrx_word' id='word_1_692' title='bbox 1252 719 1384 759; x_wconf 61' lang='lat' dir='ltr'>jafirata,</span> <span class='ocrx_word' id='word_1_693' title='bbox 1410 721 1543 755; x_wconf 85' lang='lat' dir='ltr'>haererct</span> <span class='ocrx_word' id='word_1_694' title='bbox 1573 725 1604 757; x_wconf 92' lang='lat' dir='ltr'>in</span> <span class='ocrx_word' id='word_1_695' title='bbox 1632 724 1733 763; x_wconf 82' lang='lat' dir='ltr'>vado,</span> <span class='ocrx_word' id='word_1_696' title='bbox 1759 724 1831 757; x_wconf 77' lang='lat' dir='ltr'>Ma-</span> 
     </span>
     <span class='ocr_line' id='line_1_89' title="bbox 953 758 1830 807; baseline 0.011 -19"><span class='ocrx_word' id='word_1_697' title='bbox 953 758 1047 806; x_wconf 70' lang='lat' dir='ltr'>gister</span> <span class='ocrx_word' id='word_1_698' title='bbox 1075 768 1193 791; x_wconf 84' lang='lat' dir='ltr'>merces</span> <span class='ocrx_word' id='word_1_699' title='bbox 1215 763 1438 794; x_wconf 86' lang='lat' dir='ltr'>exoneraverit</span> <span class='ocrx_word' id='word_1_700' title='bbox 1473 764 1589 805; x_wconf 84' lang='lat' dir='ltr'>salvas,</span> <span class='ocrx_word' id='word_1_701' title='bbox 1612 767 1641 798; x_wconf 66' lang='grc' dir='ltr'>ὃς</span> <span class='ocrx_word' id='word_1_702' title='bbox 1670 767 1758 798; x_wconf 86' lang='lat' dir='ltr'>navis</span> <span class='ocrx_word' id='word_1_703' title='bbox 1775 775 1830 807; x_wconf 89' lang='lat' dir='ltr'>pe-</span> 
     </span>
     <span class='ocr_line' id='line_1_90' title="bbox 954 800 1830 848; baseline 0.009 -17"><span class='ocrx_word' id='word_1_704' title='bbox 954 800 1063 832; x_wconf 83' lang='lat' dir='ltr'>riissct.</span> <span class='ocrx_word' id='word_1_705' title='bbox 1109 800 1190 846; x_wconf 78' lang='lat' dir='ltr'>Sunt</span> <span class='ocrx_word' id='word_1_706' title='bbox 1218 803 1272 844; x_wconf 90' lang='lat' dir='ltr'>qui</span> <span class='ocrx_word' id='word_1_707' title='bbox 1302 805 1433 844; x_wconf 89' lang='lat' dir='ltr'>volunt,</span> <span class='ocrx_word' id='word_1_708' title='bbox 1458 806 1534 848; x_wconf 87' lang='grc'>(8)</span> <span class='ocrx_word' id='word_1_709' title='bbox 1557 807 1708 840; x_wconf 88' lang='lat' dir='ltr'>mercium</span> <span class='ocrx_word' id='word_1_710' title='bbox 1728 808 1830 839; x_wconf 89' lang='lat' dir='ltr'>domi-</span> 
     </span>
     <span class='ocr_line' id='line_1_91' title="bbox 955 842 1828 888; baseline 0.009 -15"><span class='ocrx_word' id='word_1_711' title='bbox 955 842 1306 888; x_wconf 36' lang='lat' dir='ltr'>nos-contributuros,</span> <span class='ocrx_word' id='word_1_712' title='bbox 1340 845 1423 886; x_wconf 86' lang='lat' dir='ltr'>quafi</span> <span class='ocrx_word' id='word_1_713' title='bbox 1459 849 1501 879; x_wconf 88' lang='lat' dir='ltr'>ob</span> <span class='ocrx_word' id='word_1_714' title='bbox 1533 859 1654 881; x_wconf 83' lang='lat' dir='ltr'>merces</span> <span class='ocrx_word' id='word_1_715' title='bbox 1689 848 1828 881; x_wconf 83' lang='lat' dir='ltr'>servatas</span> 
     </span>
     <span class='ocr_line' id='line_1_92' title="bbox 955 882 1829 930; baseline 0.009 -15"><span class='ocrx_word' id='word_1_716' title='bbox 955 882 1207 930; x_wconf 34' lang='lat' dir='ltr'>navas-pernffet.</span> <span class='ocrx_word' id='word_1_717' title='bbox 1253 885 1334 918; x_wconf 86' lang='lat' dir='ltr'>Puto</span> <span class='ocrx_word' id='word_1_718' title='bbox 1356 897 1538 930; x_wconf 85' lang='lat' dir='ltr'>perperam,</span> <span class='ocrx_word' id='word_1_719' title='bbox 1563 891 1643 923; x_wconf 81' lang='lat' dir='ltr'>nihil</span> <span class='ocrx_word' id='word_1_720' title='bbox 1670 891 1753 923; x_wconf 90' lang='lat' dir='ltr'>enim</span> <span class='ocrx_word' id='word_1_721' title='bbox 1775 891 1829 923; x_wconf 86' lang='lat' dir='ltr'>bic</span> 
     </span>
     <span class='ocr_line' id='line_1_93' title="bbox 954 925 1824 974; baseline 0.009 -18"><span class='ocrx_word' id='word_1_722' title='bbox 954 926 1057 957; x_wconf 87' lang='lat' dir='ltr'>damni</span> <span class='ocrx_word' id='word_1_723' title='bbox 1075 925 1214 966; x_wconf 77' lang='lat' dir='ltr'>factum,</span> <span class='ocrx_word' id='word_1_724' title='bbox 1241 935 1276 958; x_wconf 90' lang='lat' dir='ltr'>ut</span> <span class='ocrx_word' id='word_1_725' title='bbox 1297 938 1418 961; x_wconf 86' lang='lat' dir='ltr'>merces</span> <span class='ocrx_word' id='word_1_726' title='bbox 1442 930 1664 972; x_wconf 81' lang='lat' dir='ltr'>servarentur,</span> <span class='ocrx_word' id='word_1_727' title='bbox 1689 942 1760 974; x_wconf 82' lang='lat' dir='ltr'>quae</span> <span class='ocrx_word' id='word_1_728' title='bbox 1778 933 1824 966; x_wconf 93' lang='lat' dir='ltr'>so-</span> 
     </span>
     <span class='ocr_line' id='line_1_94' title="bbox 952 967 1828 1014; baseline 0.01 -16"><span class='ocrx_word' id='word_1_729' title='bbox 952 967 981 999; x_wconf 83' lang='lat' dir='ltr'>la</span> <span class='ocrx_word' id='word_1_730' title='bbox 1002 968 1085 1014; x_wconf 77' lang='lat' dir='ltr'>ratio</span> <span class='ocrx_word' id='word_1_731' title='bbox 1113 969 1362 1002; x_wconf 90' lang='lat' dir='ltr'>contributionis</span> <span class='ocrx_word' id='word_1_732' title='bbox 1387 970 1432 1004; x_wconf 91' lang='lat' dir='ltr'>est</span> <span class='ocrx_word' id='word_1_733' title='bbox 1447 995 1458 1012; x_wconf 90' lang='lat'>,</span> <span class='ocrx_word' id='word_1_734' title='bbox 1490 973 1540 1005; x_wconf 80' lang='lat' dir='ltr'>scd</span> <span class='ocrx_word' id='word_1_735' title='bbox 1564 975 1595 1007; x_wconf 89' lang='lat' dir='ltr'>in</span> <span class='ocrx_word' id='word_1_736' title='bbox 1623 974 1728 1013; x_wconf 86' lang='lat' dir='ltr'>vado,</span> <span class='ocrx_word' id='word_1_737' title='bbox 1752 974 1828 1007; x_wconf 87' lang='lat' dir='ltr'>dum</span> 
     </span>
     <span class='ocr_line' id='line_1_95' title="bbox 953 1012 1825 1058; baseline 0.009 -18"><span class='ocrx_word' id='word_1_738' title='bbox 953 1017 1042 1041; x_wconf 79' lang='lat' dir='ltr'>naVis</span> <span class='ocrx_word' id='word_1_739' title='bbox 1075 1018 1298 1050; x_wconf 79' lang='lat' dir='ltr'>exoneratur,</span> <span class='ocrx_word' id='word_1_740' title='bbox 1329 1012 1449 1053; x_wconf 85' lang='lat' dir='ltr'>periit,</span> <span class='ocrx_word' id='word_1_741' title='bbox 1480 1016 1559 1048; x_wconf 85' lang='lat' dir='ltr'>nibil</span> <span class='ocrx_word' id='word_1_742' title='bbox 1590 1026 1665 1058; x_wconf 78' lang='lat' dir='ltr'>ergo</span> <span class='ocrx_word' id='word_1_743' title='bbox 1704 1016 1825 1048; x_wconf 86' lang='lat' dir='ltr'>contri-</span> 
     </span>
     <span class='ocr_line' id='line_1_96' title="bbox 953 1051 1825 1099; baseline 0.01 -18"><span class='ocrx_word' id='word_1_744' title='bbox 953 1051 1069 1082; x_wconf 83' lang='lat' dir='ltr'>buetur</span> <span class='ocrx_word' id='word_1_745' title='bbox 1096 1051 1115 1081; x_wconf 85' lang='lat' dir='ltr'>l.</span> <span class='ocrx_word' id='word_1_746' title='bbox 1142 1061 1171 1082; x_wconf 82' lang='lat'>2.</span> <span class='ocrx_word' id='word_1_747' title='bbox 1206 1056 1236 1091; x_wconf 80' lang='lat'>§.</span> <span class='ocrx_word' id='word_1_748' title='bbox 1266 1062 1292 1084; x_wconf 88' lang='lat'>1.</span> <span class='ocrx_word' id='word_1_749' title='bbox 1321 1054 1341 1085; x_wconf 81' lang='lat' dir='ltr'>l.</span> <span class='ocrx_word' id='word_1_750' title='bbox 1375 1065 1406 1095; x_wconf 87' lang='lat'>4.</span> <span class='ocrx_word' id='word_1_751' title='bbox 1439 1057 1458 1088; x_wconf 87' lang='lat' dir='ltr'>l.</span> <span class='ocrx_word' id='word_1_752' title='bbox 1481 1067 1511 1098; x_wconf 83' lang='lat'>5.</span> <span class='ocrx_word' id='word_1_753' title='bbox 1536 1058 1555 1089; x_wconf 78' lang='lat' dir='ltr'>l.</span> <span class='ocrx_word' id='word_1_754' title='bbox 1580 1062 1610 1090; x_wconf 89' lang='lat'>6.</span> <span class='ocrx_word' id='word_1_755' title='bbox 1636 1057 1708 1093; x_wconf 69' lang='lat' dir='ltr'>&amp;L</span> <span class='ocrx_word' id='word_1_756' title='bbox 1736 1068 1765 1099; x_wconf 93' lang='grc'><strong>7.</strong></span> <span class='ocrx_word' id='word_1_757' title='bbox 1783 1057 1825 1099; x_wconf 88' lang='lat' dir='ltr'>ff.</span> 
     </span>
     <span class='ocr_line' id='line_1_97' title="bbox 955 1091 1824 1141; baseline 0.01 -18"><span class='ocrx_word' id='word_1_758' title='bbox 955 1093 988 1138; x_wconf 66' lang='lat' dir='ltr'>de</span> <span class='ocrx_word' id='word_1_759' title='bbox 1016 1092 1055 1125; x_wconf 89' lang='lat' dir='ltr'>L.</span> <span class='ocrx_word' id='word_1_760' title='bbox 1086 1091 1183 1140; x_wconf 65' lang='lat' dir='ltr'>thd.</span> <span class='ocrx_word' id='word_1_761' title='bbox 1216 1095 1250 1125; x_wconf 85' lang='lat' dir='ltr'>de</span> <span class='ocrx_word' id='word_1_762' title='bbox 1269 1095 1346 1140; x_wconf 56' lang='lat' dir='ltr'>jabi.</span> <span class='ocrx_word' id='word_1_763' title='bbox 1378 1096 1535 1131; x_wconf 76' lang='lat' dir='ltr'>Caeterum</span> <span class='ocrx_word' id='word_1_764' title='bbox 1557 1124 1566 1139; x_wconf 91' lang='lat'><em>‚</em></span> <span class='ocrx_word' id='word_1_765' title='bbox 1599 1100 1744 1141; x_wconf 83' lang='lat' dir='ltr'>quamvis</span> <span class='ocrx_word' id='word_1_766' title='bbox 1772 1109 1824 1132; x_wconf 83' lang='lat' dir='ltr'>na-</span> 
     </span>
     <span class='ocr_line' id='line_1_98' title="bbox 954 1135 1827 1181; baseline 0.01 -17"><span class='ocrx_word' id='word_1_767' title='bbox 954 1143 1003 1166; x_wconf 73' lang='lat' dir='ltr'>vrs</span> <span class='ocrx_word' id='word_1_768' title='bbox 1032 1142 1163 1180; x_wconf 71' lang='lat' dir='ltr'>perierit</span> <span class='ocrx_word' id='word_1_769' title='bbox 1179 1157 1189 1174; x_wconf 94' lang='lat'>,</span> <span class='ocrx_word' id='word_1_770' title='bbox 1212 1135 1375 1181; x_wconf 78' lang='lat' dir='ltr'>Magistro</span> <span class='ocrx_word' id='word_1_771' title='bbox 1392 1146 1497 1172; x_wconf 83' lang='lat' dir='ltr'>tamen</span> <span class='ocrx_word' id='word_1_772' title='bbox 1524 1141 1686 1172; x_wconf 87' lang='lat' dir='ltr'>mercedes</span> <span class='ocrx_word' id='word_1_773' title='bbox 1710 1142 1827 1173; x_wconf 88' lang='lat' dir='ltr'>deben—</span> 
     </span>
     <span class='ocr_line' id='line_1_99' title="bbox 955 1175 1827 1215; baseline 0.008 -8"><span class='ocrx_word' id='word_1_774' title='bbox 955 1183 1034 1215; x_wconf 89' lang='lat' dir='ltr'>tur,</span> <span class='ocrx_word' id='word_1_775' title='bbox 1063 1175 1085 1208; x_wconf 82' lang='lat' dir='ltr'>si</span> <span class='ocrx_word' id='word_1_776' title='bbox 1111 1175 1180 1207; x_wconf 86' lang='lat' dir='ltr'>aliis</span> <span class='ocrx_word' id='word_1_777' title='bbox 1202 1178 1336 1210; x_wconf 85' lang='lat' dir='ltr'>navibus</span> <span class='ocrx_word' id='word_1_778' title='bbox 1364 1180 1416 1212; x_wconf 89' lang='lat' dir='ltr'>vel</span> <span class='ocrx_word' id='word_1_779' title='bbox 1445 1182 1602 1214; x_wconf 88' lang='lat' dir='ltr'>naviculis</span> <span class='ocrx_word' id='word_1_780' title='bbox 1626 1192 1746 1215; x_wconf 86' lang='lat' dir='ltr'>merces</span> <span class='ocrx_word' id='word_1_781' title='bbox 1770 1183 1827 1214; x_wconf 89' lang='lat' dir='ltr'>suo</span> 
     </span>
     <span class='ocr_line' id='line_1_100' title="bbox 954 1216 1826 1265; baseline 0.008 -16"><span class='ocrx_word' id='word_1_782' title='bbox 954 1216 1079 1260; x_wconf 87' lang='lat' dir='ltr'>sumptu</span> <span class='ocrx_word' id='word_1_783' title='bbox 1115 1217 1152 1248; x_wconf 86' lang='lat' dir='ltr'>ad</span> <span class='ocrx_word' id='word_1_784' title='bbox 1183 1218 1330 1252; x_wconf 87' lang='lat' dir='ltr'>dominos</span> <span class='ocrx_word' id='word_1_785' title='bbox 1362 1223 1529 1262; x_wconf 83' lang='lat' dir='ltr'>pertulerit</span> <span class='ocrx_word' id='word_1_786' title='bbox 1564 1223 1594 1265; x_wconf 84' lang='lat'>§.</span> <span class='ocrx_word' id='word_1_787' title='bbox 1627 1234 1656 1265; x_wconf 67' lang='lat' dir='ltr'>q.</span> <span class='ocrx_word' id='word_1_788' title='bbox 1697 1223 1730 1255; x_wconf 90' lang='lat' dir='ltr'>T.</span> <span class='ocrx_word' id='word_1_789' title='bbox 1769 1224 1826 1256; x_wconf 91' lang='lat' dir='ltr'>IV.</span> 
     </span>
     <span class='ocr_line' id='line_1_101' title="bbox 953 1259 1828 1310; baseline 0.009 -20"><span class='ocrx_word' id='word_1_790' title='bbox 953 1259 1024 1291; x_wconf 89' lang='lat' dir='ltr'>LL.</span> <span class='ocrx_word' id='word_1_791' title='bbox 1051 1259 1202 1310; x_wconf 52' lang='lat' dir='ltr'>Puilippl3</span> <span class='ocrx_word' id='word_1_792' title='bbox 1222 1259 1260 1292; x_wconf 86' lang='grc' dir='ltr'><strong>ΙΙ.</strong></span> <span class='ocrx_word' id='word_1_793' title='bbox 1288 1262 1317 1293; x_wconf 67' lang='grc' dir='ltr'>ἃ</span> <span class='ocrx_word' id='word_1_794' title='bbox 1336 1262 1377 1294; x_wconf 84' lang='lat' dir='ltr'>fic</span> <span class='ocrx_word' id='word_1_795' title='bbox 1395 1263 1479 1295; x_wconf 67' lang='lat' dir='ltr'>reste</span> <span class='ocrx_word' id='word_1_796' title='bbox 1495 1259 1678 1306; x_wconf 84' lang='lat' dir='ltr'>responsum</span> <span class='ocrx_word' id='word_1_797' title='bbox 1694 1264 1755 1305; x_wconf 88' lang='lat' dir='ltr'>est,</span> <span class='ocrx_word' id='word_1_798' title='bbox 1768 1265 1828 1307; x_wconf 84' lang='grc'>(9)</span> 
     </span>
     <span class='ocr_line' id='line_1_102' title="bbox 951 1302 1827 1348; baseline 0.006 -14"><span class='ocrx_word' id='word_1_799' title='bbox 951 1302 982 1334; x_wconf 87' lang='lat'>&amp;</span> <span class='ocrx_word' id='word_1_800' title='bbox 1003 1311 1020 1333; x_wconf 88' lang='lat' dir='ltr'>a</span> <span class='ocrx_word' id='word_1_801' title='bbox 1040 1302 1156 1334; x_wconf 88' lang='lat' dir='ltr'>Senatu</span> <span class='ocrx_word' id='word_1_802' title='bbox 1183 1304 1358 1342; x_wconf 70' lang='lat' dir='ltr'>bupremo,</span> <span class='ocrx_word' id='word_1_803' title='bbox 1382 1314 1431 1336; x_wconf 85' lang='lat' dir='ltr'>me</span> <span class='ocrx_word' id='word_1_804' title='bbox 1456 1305 1628 1346; x_wconf 82' lang='lat' dir='ltr'>praesente,</span> <span class='ocrx_word' id='word_1_805' title='bbox 1649 1307 1827 1348; x_wconf 74' lang='lat' dir='ltr'>judicatum</span> 
     </span>
     <span class='ocr_line' id='line_1_103' title="bbox 953 1342 1827 1387; baseline 0.007 -13"><span class='ocrx_word' id='word_1_806' title='bbox 953 1346 1001 1376; x_wconf 86' lang='lat'>16.</span> <span class='ocrx_word' id='word_1_807' title='bbox 1040 1342 1130 1376; x_wconf 87' lang='lat' dir='ltr'>Febr.</span> <span class='ocrx_word' id='word_1_808' title='bbox 1174 1352 1208 1383; x_wconf 80' lang='lat'>17</span> <span class='ocrx_word' id='word_1_809' title='bbox 1235 1353 1264 1384; x_wconf 91' lang='grc'><strong>7.</strong></span> <span class='ocrx_word' id='word_1_810' title='bbox 1303 1344 1320 1385; x_wconf 94' lang='grc'>(</span> <span class='ocrx_word' id='word_1_811' title='bbox 1346 1355 1384 1377; x_wconf 91' lang='lat'>10</span> <span class='ocrx_word' id='word_1_812' title='bbox 1403 1346 1419 1387; x_wconf 92' lang='lat'>)</span> <span class='ocrx_word' id='word_1_813' title='bbox 1463 1357 1577 1380; x_wconf 83' lang='lat' dir='ltr'>contra</span> <span class='ocrx_word' id='word_1_814' title='bbox 1625 1349 1827 1381; x_wconf 77' lang='lat' dir='ltr'>Mei-catores</span> 
     </span>
     <span class='ocr_line' id='line_1_104' title="bbox 947 1384 1825 1431; baseline 0.007 -15"><span class='ocrx_word' id='word_1_815' title='bbox 947 1385 1098 1426; x_wconf 85' lang='lat' dir='ltr'>quosdam</span> <span class='ocrx_word' id='word_1_816' title='bbox 1129 1384 1473 1428; x_wconf 83' lang='lat' dir='ltr'>Amsterdammenses,</span> <span class='ocrx_word' id='word_1_817' title='bbox 1509 1391 1561 1431; x_wconf 90' lang='lat' dir='ltr'>qui</span> <span class='ocrx_word' id='word_1_818' title='bbox 1596 1390 1756 1422; x_wconf 88' lang='lat' dir='ltr'>mercedes</span> <span class='ocrx_word' id='word_1_819' title='bbox 1792 1389 1825 1422; x_wconf 91' lang='lat' dir='ltr'>se</span> 
     </span>
     <span class='ocr_line' id='line_1_105' title="bbox 945 1426 1827 1474; baseline 0.008 -17"><span class='ocrx_word' id='word_1_820' title='bbox 945 1428 1061 1473; x_wconf 83' lang='lat' dir='ltr'>debere</span> <span class='ocrx_word' id='word_1_821' title='bbox 1082 1426 1266 1474; x_wconf 68' lang='lat' dir='ltr'>negabant,¹</span> <span class='ocrx_word' id='word_1_822' title='bbox 1289 1428 1396 1469; x_wconf 85' lang='lat' dir='ltr'>utique</span> <span class='ocrx_word' id='word_1_823' title='bbox 1415 1431 1453 1462; x_wconf 88' lang='lat' dir='ltr'>ab</span> <span class='ocrx_word' id='word_1_824' title='bbox 1479 1431 1527 1463; x_wconf 88' lang='lat' dir='ltr'>his</span> <span class='ocrx_word' id='word_1_825' title='bbox 1548 1431 1737 1464; x_wconf 83' lang='lat' dir='ltr'>detrahenda</span> <span class='ocrx_word' id='word_1_826' title='bbox 1763 1431 1827 1464; x_wconf 85' lang='lat' dir='ltr'>esse</span> 
     </span>
     <span class='ocr_line' id='line_1_106' title="bbox 946 1468 1828 1514; baseline 0.006 -14"><span class='ocrx_word' id='word_1_827' title='bbox 946 1468 1111 1501; x_wconf 76' lang='lat' dir='ltr'>servaticm</span> <span class='ocrx_word' id='word_1_828' title='bbox 1124 1491 1136 1507; x_wconf 87' lang='lat'>,</span> <span class='ocrx_word' id='word_1_829' title='bbox 1157 1478 1226 1514; x_wconf 81' lang='lat' dir='ltr'>quae</span> <span class='ocrx_word' id='word_1_830' title='bbox 1258 1471 1476 1510; x_wconf 80' lang='lat' dir='ltr'>impenderant</span> <span class='ocrx_word' id='word_1_831' title='bbox 1497 1473 1535 1504; x_wconf 84' lang='lat' dir='ltr'>ad</span> <span class='ocrx_word' id='word_1_832' title='bbox 1563 1482 1682 1506; x_wconf 88' lang='lat' dir='ltr'>merces</span> <span class='ocrx_word' id='word_1_833' title='bbox 1701 1473 1828 1505; x_wconf 90' lang='lat' dir='ltr'>conser-</span> 
     </span>
     <span class='ocr_line' id='line_1_107' title="bbox 946 1511 1828 1551; baseline 0.006 -9"><span class='ocrx_word' id='word_1_834' title='bbox 946 1511 1082 1549; x_wconf 84' lang='lat' dir='ltr'>vandas,</span> <span class='ocrx_word' id='word_1_835' title='bbox 1106 1519 1192 1542; x_wconf 84' lang='lat' dir='ltr'>omni</span> <span class='ocrx_word' id='word_1_836' title='bbox 1213 1520 1275 1551; x_wconf 88' lang='lat' dir='ltr'>ope</span> <span class='ocrx_word' id='word_1_837' title='bbox 1290 1513 1526 1546; x_wconf 84' lang='lat' dir='ltr'>contendebant</span> <span class='ocrx_word' id='word_1_838' title='bbox 1543 1539 1550 1551; x_wconf 91' lang='lat'>‚</span> <span class='ocrx_word' id='word_1_839' title='bbox 1575 1514 1627 1547; x_wconf 92' lang='lat' dir='ltr'>sed</span> <span class='ocrx_word' id='word_1_840' title='bbox 1650 1525 1724 1547; x_wconf 89' lang='lat' dir='ltr'>cum</span> <span class='ocrx_word' id='word_1_841' title='bbox 1739 1515 1828 1548; x_wconf 87' lang='lat' dir='ltr'>nulla</span> 
     </span>
     <span class='ocr_line' id='line_1_108' title="bbox 944 1551 1828 1599; baseline 0.007 -16"><span class='ocrx_word' id='word_1_842' title='bbox 944 1560 1126 1599; x_wconf 75' lang='lat' dir='ltr'>argueretur</span> <span class='ocrx_word' id='word_1_843' title='bbox 1153 1551 1298 1593; x_wconf 77' lang='lat' dir='ltr'>Magistri</span> <span class='ocrx_word' id='word_1_844' title='bbox 1327 1555 1440 1596; x_wconf 86' lang='lat' dir='ltr'>culpa,</span> <span class='ocrx_word' id='word_1_845' title='bbox 1469 1555 1594 1597; x_wconf 86' lang='lat' dir='ltr'>Judices</span> <span class='ocrx_word' id='word_1_846' title='bbox 1624 1556 1760 1599; x_wconf 82' lang='lat' dir='ltr'>delegati</span> <span class='ocrx_word' id='word_1_847' title='bbox 1788 1557 1828 1589; x_wconf 86' lang='lat' dir='ltr'>ad</span> 
     </span>
     <span class='ocr_line' id='line_1_109' title="bbox 945 1594 1828 1636; baseline 0.006 -10"><span class='ocrx_word' id='word_1_848' title='bbox 945 1604 992 1626; x_wconf 86' lang='lat' dir='ltr'>res</span> <span class='ocrx_word' id='word_1_849' title='bbox 1009 1603 1204 1632; x_wconf 83' lang='lat' dir='ltr'>maritimas,</span> <span class='ocrx_word' id='word_1_850' title='bbox 1228 1604 1277 1626; x_wconf 74' lang='lat'>21.</span> <span class='ocrx_word' id='word_1_851' title='bbox 1300 1594 1390 1628; x_wconf 84' lang='lat' dir='ltr'>Febr.</span> <span class='ocrx_word' id='word_1_852' title='bbox 1418 1601 1507 1633; x_wconf 88' lang='lat'>1686.</span> <span class='ocrx_word' id='word_1_853' title='bbox 1532 1597 1713 1636; x_wconf 81' lang='lat' dir='ltr'>iervaticia,</span> <span class='ocrx_word' id='word_1_854' title='bbox 1738 1599 1828 1631; x_wconf 86' lang='lat' dir='ltr'>ado-</span> 
     </span>
     <span class='ocr_line' id='line_1_110' title="bbox 944 1637 1828 1680; baseline 0.005 -12"><span class='ocrx_word' id='word_1_855' title='bbox 944 1637 1036 1669; x_wconf 90' lang='lat' dir='ltr'>minis</span> <span class='ocrx_word' id='word_1_856' title='bbox 1060 1645 1186 1678; x_wconf 86' lang='lat' dir='ltr'>erogata</span> <span class='ocrx_word' id='word_1_857' title='bbox 1201 1659 1213 1675; x_wconf 83' lang='lat'>,</span> <span class='ocrx_word' id='word_1_858' title='bbox 1234 1646 1299 1668; x_wconf 90' lang='lat' dir='ltr'>non</span> <span class='ocrx_word' id='word_1_859' title='bbox 1325 1637 1388 1669; x_wconf 82' lang='lat' dir='ltr'>effe</span> <span class='ocrx_word' id='word_1_860' title='bbox 1408 1639 1597 1671; x_wconf 86' lang='lat' dir='ltr'>detrahenda</span> <span class='ocrx_word' id='word_1_861' title='bbox 1618 1640 1799 1680; x_wconf 78' lang='lat' dir='ltr'>Judicarunt</span> <span class='ocrx_word' id='word_1_862' title='bbox 1814 1663 1828 1679; x_wconf 88' lang='lat'>,</span> 
     </span>
     <span class='ocr_line' id='line_1_111' title="bbox 943 1678 1826 1722; baseline 0.006 -13"><span class='ocrx_word' id='word_1_863' title='bbox 943 1687 1055 1710; x_wconf 91' lang='lat' dir='ltr'>contra</span> <span class='ocrx_word' id='word_1_864' title='bbox 1070 1688 1150 1709; x_wconf 86' lang='lat' dir='ltr'>vero</span> <span class='ocrx_word' id='word_1_865' title='bbox 1166 1678 1291 1710; x_wconf 85' lang='lat' dir='ltr'>Scabini</span> <span class='ocrx_word' id='word_1_866' title='bbox 1314 1679 1631 1714; x_wconf 85' lang='lat' dir='ltr'>Amsterdammenses</span> <span class='ocrx_word' id='word_1_867' title='bbox 1658 1692 1709 1722; x_wconf 83' lang='lat'>27.</span> <span class='ocrx_word' id='word_1_868' title='bbox 1732 1681 1826 1716; x_wconf 74' lang='lat' dir='ltr'>Nov.</span> 
     </span>
     <span class='ocr_line' id='line_1_112' title="bbox 946 1719 1826 1764; baseline 0.003 -12"><span class='ocrx_word' id='word_1_869' title='bbox 946 1723 1041 1761; x_wconf 83' lang='lat'>1687.</span> <span class='ocrx_word' id='word_1_870' title='bbox 1061 1719 1158 1752; x_wconf 90' lang='lat' dir='ltr'>Curia</span> <span class='ocrx_word' id='word_1_871' title='bbox 1182 1729 1221 1752; x_wconf 83' lang='lat' dir='ltr'>ex</span> <span class='ocrx_word' id='word_1_872' title='bbox 1239 1721 1452 1762; x_wconf 82' lang='lat' dir='ltr'>appellatione</span> <span class='ocrx_word' id='word_1_873' title='bbox 1476 1733 1525 1761; x_wconf 80' lang='lat'>29.</span> <span class='ocrx_word' id='word_1_874' title='bbox 1552 1723 1627 1764; x_wconf 90' lang='lat' dir='ltr'>Apr.</span> <span class='ocrx_word' id='word_1_875' title='bbox 1657 1727 1746 1760; x_wconf 89' lang='lat'>1698.</span> <span class='ocrx_word' id='word_1_876' title='bbox 1771 1724 1826 1756; x_wconf 89' lang='lat' dir='ltr'>Se-</span> 
     </span>
     <span class='ocr_line' id='line_1_113' title="bbox 942 1761 1823 1806; baseline 0.006 -13"><span class='ocrx_word' id='word_1_877' title='bbox 942 1771 1051 1802; x_wconf 81' lang='lat' dir='ltr'>natus,</span> <span class='ocrx_word' id='word_1_878' title='bbox 1072 1771 1131 1800; x_wconf 87' lang='lat' dir='ltr'>e0,</span> <span class='ocrx_word' id='word_1_879' title='bbox 1148 1771 1231 1804; x_wconf 89' lang='lat' dir='ltr'>qu0‚</span> <span class='ocrx_word' id='word_1_880' title='bbox 1255 1761 1344 1802; x_wconf 79' lang='lat' dir='ltr'>dixi,</span> <span class='ocrx_word' id='word_1_881' title='bbox 1359 1764 1411 1796; x_wconf 90' lang='lat' dir='ltr'>die</span> <span class='ocrx_word' id='word_1_882' title='bbox 1423 1787 1434 1803; x_wconf 88' lang='lat'>‚</span> <span class='ocrx_word' id='word_1_883' title='bbox 1456 1764 1682 1806; x_wconf 84' lang='lat' dir='ltr'>Delegatorum</span> <span class='ocrx_word' id='word_1_884' title='bbox 1699 1764 1823 1798; x_wconf 72' lang='lat' dir='ltr'>lenten-</span> 
     </span>
     <span class='ocr_line' id='line_1_114' title="bbox 943 1804 1826 1850; baseline 0.006 -15"><span class='ocrx_word' id='word_1_885' title='bbox 943 1804 1018 1850; x_wconf 76' lang='lat' dir='ltr'>tiam</span> <span class='ocrx_word' id='word_1_886' title='bbox 1037 1804 1209 1845; x_wconf 79' lang='lat' dir='ltr'>probarunt</span> <span class='ocrx_word' id='word_1_887' title='bbox 1221 1826 1232 1842; x_wconf 86' lang='lat'>‚</span> <span class='ocrx_word' id='word_1_888' title='bbox 1253 1805 1326 1846; x_wconf 89' lang='lat' dir='ltr'>quia</span> <span class='ocrx_word' id='word_1_889' title='bbox 1346 1804 1510 1838; x_wconf 82' lang='lat' dir='ltr'>servaticia</span> <span class='ocrx_word' id='word_1_890' title='bbox 1527 1806 1666 1847; x_wconf 79' lang='lat' dir='ltr'>impensa</span> <span class='ocrx_word' id='word_1_891' title='bbox 1682 1815 1771 1839; x_wconf 83' lang='lat' dir='ltr'>erant</span> <span class='ocrx_word' id='word_1_892' title='bbox 1787 1806 1826 1840; x_wconf 84' lang='lat' dir='ltr'>ad</span> 
     </span>
     <span class='ocr_line' id='line_1_115' title="bbox 942 1845 1826 1889; baseline 0.003 -12"><span class='ocrx_word' id='word_1_893' title='bbox 942 1846 1022 1887; x_wconf 81' lang='lat' dir='ltr'>iplas</span> <span class='ocrx_word' id='word_1_894' title='bbox 1044 1855 1162 1879; x_wconf 87' lang='lat' dir='ltr'>merces</span> <span class='ocrx_word' id='word_1_895' title='bbox 1177 1845 1407 1881; x_wconf 84' lang='lat' dir='ltr'>conservandas</span> <span class='ocrx_word' id='word_1_896' title='bbox 1419 1872 1429 1887; x_wconf 88' lang='lat'>,</span> <span class='ocrx_word' id='word_1_897' title='bbox 1453 1858 1512 1880; x_wconf 91' lang='lat' dir='ltr'>nec</span> <span class='ocrx_word' id='word_1_898' title='bbox 1529 1849 1566 1880; x_wconf 88' lang='lat' dir='ltr'>ad</span> <span class='ocrx_word' id='word_1_899' title='bbox 1585 1857 1710 1880; x_wconf 87' lang='lat' dir='ltr'>nautam</span> <span class='ocrx_word' id='word_1_900' title='bbox 1727 1851 1826 1889; x_wconf 89' lang='lat' dir='ltr'>perti-</span> 
     </span>
     <span class='ocr_line' id='line_1_116' title="bbox 941 1889 1825 1933; baseline 0.005 -15"><span class='ocrx_word' id='word_1_901' title='bbox 941 1897 1039 1924; x_wconf 81' lang='lat' dir='ltr'>nent,</span> <span class='ocrx_word' id='word_1_902' title='bbox 1061 1896 1125 1919; x_wconf 90' lang='lat' dir='ltr'>non</span> <span class='ocrx_word' id='word_1_903' title='bbox 1142 1889 1239 1929; x_wconf 83' lang='lat' dir='ltr'>magis</span> <span class='ocrx_word' id='word_1_904' title='bbox 1250 1912 1259 1926; x_wconf 89' lang='lat'><strong>‚</strong></span> <span class='ocrx_word' id='word_1_905' title='bbox 1277 1897 1371 1928; x_wconf 79' lang='lat' dir='ltr'>quain</span> <span class='ocrx_word' id='word_1_906' title='bbox 1387 1890 1551 1933; x_wconf 81' lang='lat' dir='ltr'>corruptio</span> <span class='ocrx_word' id='word_1_907' title='bbox 1566 1890 1742 1930; x_wconf 84' lang='lat' dir='ltr'>mercium,</span> <span class='ocrx_word' id='word_1_908' title='bbox 1753 1900 1825 1932; x_wconf 75' lang='lat' dir='ltr'>quae</span> 
     </span>
     <span class='ocr_line' id='line_1_117' title="bbox 943 1929 1379 1971; baseline 0.002 -10"><span class='ocrx_word' id='word_1_909' title='bbox 943 1929 1006 1961; x_wconf 90' lang='lat' dir='ltr'>fine</span> <span class='ocrx_word' id='word_1_910' title='bbox 1024 1929 1114 1971; x_wconf 86' lang='lat' dir='ltr'>culpa</span> <span class='ocrx_word' id='word_1_911' title='bbox 1131 1939 1235 1961; x_wconf 83' lang='lat' dir='ltr'>nautae</span> <span class='ocrx_word' id='word_1_912' title='bbox 1253 1930 1379 1963; x_wconf 80' lang='lat' dir='ltr'>accidit.</span> 
     </span>
    </p>

    <p class='ocr_par' dir='ltr' id='par_1_12' title="bbox 933 1971 1825 2884">
     <span class='ocr_line' id='line_1_118' title="bbox 985 1971 1824 2018; baseline 0.005 -15"><span class='ocrx_word' id='word_1_913' title='bbox 985 1971 1016 2003; x_wconf 90' lang='lat' dir='ltr'>Si</span> <span class='ocrx_word' id='word_1_914' title='bbox 1041 1980 1089 2002; x_wconf 91' lang='lat' dir='ltr'>res</span> <span class='ocrx_word' id='word_1_915' title='bbox 1120 1971 1153 2003; x_wconf 90' lang='lat' dir='ltr'>in</span> <span class='ocrx_word' id='word_1_916' title='bbox 1185 1971 1329 2018; x_wconf 78' lang='lat' dir='ltr'>scapham</span> <span class='ocrx_word' id='word_1_917' title='bbox 1356 1982 1395 2006; x_wconf 78' lang='lat' dir='ltr'>ex</span> <span class='ocrx_word' id='word_1_918' title='bbox 1423 1974 1604 2007; x_wconf 80' lang='lat' dir='ltr'>necessitate</span> <span class='ocrx_word' id='word_1_919' title='bbox 1642 1975 1824 2014; x_wconf 75' lang='lat' dir='ltr'>translatae,</span> 
     </span>
     <span class='ocr_line' id='line_1_119' title="bbox 939 2013 1824 2058; baseline 0.006 -14"><span class='ocrx_word' id='word_1_920' title='bbox 939 2022 1016 2044; x_wconf 85' lang='lat' dir='ltr'>cum</span> <span class='ocrx_word' id='word_1_921' title='bbox 1037 2021 1150 2058; x_wconf 85' lang='lat' dir='ltr'>nempe</span> <span class='ocrx_word' id='word_1_922' title='bbox 1167 2013 1258 2045; x_wconf 82' lang='lat' dir='ltr'>aliter</span> <span class='ocrx_word' id='word_1_923' title='bbox 1279 2015 1368 2046; x_wconf 88' lang='lat' dir='ltr'>navis</span> <span class='ocrx_word' id='word_1_924' title='bbox 1383 2025 1511 2056; x_wconf 88' lang='lat' dir='ltr'>portum</span> <span class='ocrx_word' id='word_1_925' title='bbox 1536 2018 1651 2049; x_wconf 88' lang='lat' dir='ltr'>intrare</span> <span class='ocrx_word' id='word_1_926' title='bbox 1672 2026 1736 2048; x_wconf 90' lang='lat' dir='ltr'>non</span> <span class='ocrx_word' id='word_1_927' title='bbox 1752 2026 1824 2057; x_wconf 84' lang='lat' dir='ltr'>pos-</span> 
     </span>
     <span class='ocr_line' id='line_1_120' title="bbox 940 2054 1825 2101; baseline 0.003 -15"><span class='ocrx_word' id='word_1_928' title='bbox 940 2054 1007 2093; x_wconf 87' lang='lat' dir='ltr'>set,</span> <span class='ocrx_word' id='word_1_929' title='bbox 1030 2055 1199 2101; x_wconf 77' lang='lat' dir='ltr'>perierint,</span> <span class='ocrx_word' id='word_1_930' title='bbox 1223 2063 1316 2097; x_wconf 85' lang='lat' dir='ltr'>negat</span> <span class='ocrx_word' id='word_1_931' title='bbox 1335 2055 1363 2097; x_wconf 81' lang='lat'>§.</span> <span class='ocrx_word' id='word_1_932' title='bbox 1386 2067 1439 2097; x_wconf 90' lang='lat'>50.</span> <span class='ocrx_word' id='word_1_933' title='bbox 1465 2057 1537 2090; x_wconf 84' lang='lat' dir='ltr'>LL.</span> <span class='ocrx_word' id='word_1_934' title='bbox 1563 2059 1661 2090; x_wconf 71' lang='lat' dir='ltr'>Caroli</span> <span class='ocrx_word' id='word_1_935' title='bbox 1680 2058 1720 2089; x_wconf 92' lang='lat' dir='ltr'>V.</span> <span class='ocrx_word' id='word_1_936' title='bbox 1737 2059 1825 2090; x_wconf 85' lang='lat' dir='ltr'>navi-</span> 
     </span>
     <span class='ocr_line' id='line_1_121' title="bbox 942 2097 1822 2138; baseline 0.003 -11"><span class='ocrx_word' id='word_1_937' title='bbox 942 2104 1006 2128; x_wconf 87' lang='lat' dir='ltr'>tam</span> <span class='ocrx_word' id='word_1_938' title='bbox 1023 2118 1033 2134; x_wconf 89' lang='lat'>,</span> <span class='ocrx_word' id='word_1_939' title='bbox 1051 2097 1077 2127; x_wconf 67' lang='lat'>41</span> <span class='ocrx_word' id='word_1_940' title='bbox 1099 2104 1188 2128; x_wconf 84' lang='lat' dir='ltr'>extra</span> <span class='ocrx_word' id='word_1_941' title='bbox 1208 2098 1333 2138; x_wconf 87' lang='lat' dir='ltr'>culpam</span> <span class='ocrx_word' id='word_1_942' title='bbox 1352 2098 1388 2130; x_wconf 81' lang='lat' dir='ltr'>{it</span> <span class='ocrx_word' id='word_1_943' title='bbox 1407 2121 1418 2137; x_wconf 83' lang='lat'>,</span> <span class='ocrx_word' id='word_1_944' title='bbox 1441 2101 1554 2132; x_wconf 88' lang='lat' dir='ltr'>teneri.</span> <span class='ocrx_word' id='word_1_945' title='bbox 1599 2100 1660 2132; x_wconf 82' lang='lat' dir='ltr'>Sed</span> <span class='ocrx_word' id='word_1_946' title='bbox 1681 2109 1719 2130; x_wconf 87' lang='lat' dir='ltr'>an</span> <span class='ocrx_word' id='word_1_947' title='bbox 1743 2108 1822 2130; x_wconf 89' lang='lat' dir='ltr'>con-</span> 
     </span>
     <span class='ocr_line' id='line_1_122' title="bbox 942 2138 1822 2182; baseline 0.003 -14"><span class='ocrx_word' id='word_1_948' title='bbox 942 2138 1124 2169; x_wconf 73' lang='lat' dir='ltr'>tribuetur?</span> <span class='ocrx_word' id='word_1_949' title='bbox 1147 2139 1177 2170; x_wconf 87' lang='lat'>&amp;</span> <span class='ocrx_word' id='word_1_950' title='bbox 1202 2140 1468 2172; x_wconf 86' lang='lat' dir='ltr'>contribuendum</span> <span class='ocrx_word' id='word_1_951' title='bbox 1487 2142 1531 2172; x_wconf 89' lang='lat' dir='ltr'>ait</span> <span class='ocrx_word' id='word_1_952' title='bbox 1554 2141 1575 2172; x_wconf 84' lang='lat' dir='ltr'>l.</span> <span class='ocrx_word' id='word_1_953' title='bbox 1604 2152 1634 2182; x_wconf 88' lang='lat'>4.</span> <span class='ocrx_word' id='word_1_954' title='bbox 1657 2147 1704 2181; x_wconf 88' lang='lat' dir='ltr'>pr.</span> <span class='ocrx_word' id='word_1_955' title='bbox 1722 2140 1762 2181; x_wconf 89' lang='lat' dir='ltr'>ff.</span> <span class='ocrx_word' id='word_1_956' title='bbox 1787 2141 1822 2171; x_wconf 80' lang='lat' dir='ltr'>cie</span> 
     </span>
     <span class='ocr_line' id='line_1_123' title="bbox 940 2179 1821 2223; baseline 0.002 -12"><span class='ocrx_word' id='word_1_957' title='bbox 940 2179 982 2212; x_wconf 95' lang='lat' dir='ltr'>L.</span> <span class='ocrx_word' id='word_1_958' title='bbox 1006 2179 1102 2211; x_wconf 70' lang='lat' dir='ltr'>Rood.</span> <span class='ocrx_word' id='word_1_959' title='bbox 1123 2181 1157 2210; x_wconf 82' lang='lat' dir='ltr'>de</span> <span class='ocrx_word' id='word_1_960' title='bbox 1170 2180 1246 2222; x_wconf 63' lang='lat' dir='ltr'>jaer.</span> <span class='ocrx_word' id='word_1_961' title='bbox 1271 2182 1357 2222; x_wconf 87' lang='lat' dir='ltr'>quod</span> <span class='ocrx_word' id='word_1_962' title='bbox 1381 2180 1547 2223; x_wconf 88' lang='lat' dir='ltr'>sequimur.</span> <span class='ocrx_word' id='word_1_963' title='bbox 1593 2183 1652 2215; x_wconf 89' lang='lat' dir='ltr'>Sed</span> <span class='ocrx_word' id='word_1_964' title='bbox 1671 2191 1710 2213; x_wconf 86' lang='lat' dir='ltr'>an</span> <span class='ocrx_word' id='word_1_965' title='bbox 1731 2181 1821 2213; x_wconf 88' lang='lat' dir='ltr'>navis</span> 
     </span>
     <span class='ocr_line' id='line_1_124' title="bbox 933 2222 1820 2265; baseline 0.002 -13"><span class='ocrx_word' id='word_1_966' title='bbox 933 2231 1066 2263; x_wconf 86' lang='lat' dir='ltr'>quoque</span> <span class='ocrx_word' id='word_1_967' title='bbox 1088 2222 1272 2254; x_wconf 87' lang='lat' dir='ltr'>contribuet</span> <span class='ocrx_word' id='word_1_968' title='bbox 1290 2222 1307 2253; x_wconf 75' lang='lat'>⁸?</span> <span class='ocrx_word' id='word_1_969' title='bbox 1338 2222 1440 2254; x_wconf 87' lang='lat' dir='ltr'>Video</span> <span class='ocrx_word' id='word_1_970' title='bbox 1464 2223 1526 2255; x_wconf 83' lang='lat' dir='ltr'>ess&#39;e</span> <span class='ocrx_word' id='word_1_971' title='bbox 1540 2247 1550 2262; x_wconf 90' lang='lat'>,</span> <span class='ocrx_word' id='word_1_972' title='bbox 1573 2224 1626 2265; x_wconf 91' lang='lat' dir='ltr'>qui</span> <span class='ocrx_word' id='word_1_973' title='bbox 1652 2232 1715 2254; x_wconf 91' lang='lat' dir='ltr'>non</span> <span class='ocrx_word' id='word_1_974' title='bbox 1732 2222 1820 2254; x_wconf 86' lang='lat' dir='ltr'>dubi-</span> 
     </span>
     <span class='ocr_line' id='line_1_125' title="bbox 939 2262 1820 2304; baseline 0.001 -10"><span class='ocrx_word' id='word_1_975' title='bbox 939 2270 1020 2294; x_wconf 88' lang='lat' dir='ltr'>tant.</span> <span class='ocrx_word' id='word_1_976' title='bbox 1062 2262 1160 2304; x_wconf 83' lang='lat'>(11)</span> <span class='ocrx_word' id='word_1_977' title='bbox 1188 2262 1305 2304; x_wconf 88' lang='lat' dir='ltr'>Neque</span> <span class='ocrx_word' id='word_1_978' title='bbox 1330 2273 1390 2303; x_wconf 82' lang='lat' dir='ltr'>ego</span> <span class='ocrx_word' id='word_1_979' title='bbox 1409 2265 1610 2303; x_wconf 86' lang='lat' dir='ltr'>dubitarem,</span> <span class='ocrx_word' id='word_1_980' title='bbox 1633 2263 1654 2296; x_wconf 87' lang='lat' dir='ltr'>fi</span> <span class='ocrx_word' id='word_1_981' title='bbox 1673 2264 1736 2295; x_wconf 87' lang='lat' dir='ltr'>hoc</span> <span class='ocrx_word' id='word_1_982' title='bbox 1759 2273 1820 2303; x_wconf 89' lang='lat' dir='ltr'>pro</span> 
     </span>
     <span class='ocr_line' id='line_1_126' title="bbox 938 2303 1820 2338; baseline 0 -2"><span class='ocrx_word' id='word_1_983' title='bbox 938 2304 1038 2336; x_wconf 88' lang='lat' dir='ltr'>salute</span> <span class='ocrx_word' id='word_1_984' title='bbox 1063 2305 1152 2337; x_wconf 90' lang='lat' dir='ltr'>navis</span> <span class='ocrx_word' id='word_1_985' title='bbox 1175 2303 1295 2336; x_wconf 70' lang='lat' dir='ltr'>factum</span> <span class='ocrx_word' id='word_1_986' title='bbox 1318 2305 1380 2336; x_wconf 84' lang='lat' dir='ltr'>ess&#39;e</span> <span class='ocrx_word' id='word_1_987' title='bbox 1399 2305 1548 2338; x_wconf 79' lang='lat' dir='ltr'>dicamus.</span> <span class='ocrx_word' id='word_1_988' title='bbox 1591 2305 1683 2338; x_wconf 85' lang='lat' dir='ltr'>Nihil</span> <span class='ocrx_word' id='word_1_989' title='bbox 1706 2305 1820 2337; x_wconf 89' lang='lat' dir='ltr'>definit</span> 
     </span>
     <span class='ocr_line' id='line_1_127' title="bbox 936 2346 1814 2386; baseline 0.001 -9"><span class='ocrx_word' id='word_1_990' title='bbox 936 2347 964 2378; x_wconf 85' lang='lat' dir='ltr'>d.</span> <span class='ocrx_word' id='word_1_991' title='bbox 989 2347 1010 2378; x_wconf 84' lang='lat' dir='ltr'>l.</span> <span class='ocrx_word' id='word_1_992' title='bbox 1031 2355 1061 2386; x_wconf 84' lang='lat'>4.</span> <span class='ocrx_word' id='word_1_993' title='bbox 1081 2352 1130 2386; x_wconf 82' lang='lat' dir='ltr'>pr.</span> <span class='ocrx_word' id='word_1_994' title='bbox 1157 2346 1220 2378; x_wconf 87' lang='lat' dir='ltr'>Ubi</span> <span class='ocrx_word' id='word_1_995' title='bbox 1239 2347 1276 2376; x_wconf 87' lang='lat' dir='ltr'>ad</span> <span class='ocrx_word' id='word_1_996' title='bbox 1293 2347 1377 2378; x_wconf 83' lang='lat' dir='ltr'>hunc</span> <span class='ocrx_word' id='word_1_997' title='bbox 1397 2346 1500 2380; x_wconf 88' lang='lat' dir='ltr'>casum</span> <span class='ocrx_word' id='word_1_998' title='bbox 1517 2348 1692 2380; x_wconf 85' lang='lat' dir='ltr'>deveniunt</span> <span class='ocrx_word' id='word_1_999' title='bbox 1711 2346 1814 2379; x_wconf 88' lang='lat' dir='ltr'>Inter-</span> 
     </span>
     <span class='ocr_line' id='line_1_128' title="bbox 936 2386 1817 2429; baseline 0 -10"><span class='ocrx_word' id='word_1_1000' title='bbox 936 2396 1058 2429; x_wconf 90' lang='lat' dir='ltr'>pretes‚</span> <span class='ocrx_word' id='word_1_1001' title='bbox 1084 2387 1165 2429; x_wconf 84' lang='lat'>(12)</span> <span class='ocrx_word' id='word_1_1002' title='bbox 1184 2387 1351 2427; x_wconf 85' lang='lat' dir='ltr'>diligentes</span> <span class='ocrx_word' id='word_1_1003' title='bbox 1368 2386 1458 2427; x_wconf 89' lang='lat' dir='ltr'>sunt,</span> <span class='ocrx_word' id='word_1_1004' title='bbox 1477 2397 1512 2420; x_wconf 92' lang='lat' dir='ltr'>ut</span> <span class='ocrx_word' id='word_1_1005' title='bbox 1531 2397 1563 2420; x_wconf 91' lang='lat' dir='ltr'>te</span> <span class='ocrx_word' id='word_1_1006' title='bbox 1571 2389 1726 2426; x_wconf 85' lang='lat' dir='ltr'>doceant,</span> <span class='ocrx_word' id='word_1_1007' title='bbox 1743 2387 1817 2429; x_wconf 91' lang='lat' dir='ltr'>quid</span> 
     </span>
     <span class='ocr_line' id='line_1_129' title="bbox 936 2428 1818 2471; baseline 0.001 -11"><span class='ocrx_word' id='word_1_1008' title='bbox 936 2429 979 2460; x_wconf 88' lang='lat' dir='ltr'>rei</span> <span class='ocrx_word' id='word_1_1009' title='bbox 1002 2429 1041 2460; x_wconf 86' lang='lat' dir='ltr'>sit</span> <span class='ocrx_word' id='word_1_1010' title='bbox 1059 2428 1195 2469; x_wconf 80' lang='lat' dir='ltr'>scapha,</span> <span class='ocrx_word' id='word_1_1011' title='bbox 1222 2429 1363 2461; x_wconf 65' lang='lat' dir='ltr'>annuetis</span> <span class='ocrx_word' id='word_1_1012' title='bbox 1383 2430 1479 2461; x_wconf 88' lang='lat' dir='ltr'>etiam</span> <span class='ocrx_word' id='word_1_1013' title='bbox 1504 2430 1563 2468; x_wconf 88' lang='lat' dir='ltr'>iis,</span> <span class='ocrx_word' id='word_1_1014' title='bbox 1588 2440 1657 2471; x_wconf 82' lang='lat' dir='ltr'>quae</span> <span class='ocrx_word' id='word_1_1015' title='bbox 1672 2437 1746 2462; x_wconf 86' lang='lat' dir='ltr'>ante</span> <span class='ocrx_word' id='word_1_1016' title='bbox 1765 2429 1818 2461; x_wconf 82' lang='lat' dir='ltr'>sae-</span> 
     </span>
     <span class='ocr_line' id='line_1_130' title="bbox 936 2469 1816 2512; baseline 0.001 -11"><span class='ocrx_word' id='word_1_1017' title='bbox 936 2470 1044 2502; x_wconf 84' lang='lat' dir='ltr'>culum</span> <span class='ocrx_word' id='word_1_1018' title='bbox 1056 2494 1064 2508; x_wconf 90' lang='lat'>‚</span> <span class='ocrx_word' id='word_1_1019' title='bbox 1090 2470 1119 2501; x_wconf 85' lang='lat'>&amp;</span> <span class='ocrx_word' id='word_1_1020' title='bbox 1135 2469 1220 2510; x_wconf 88' lang='lat' dir='ltr'>quod</span> <span class='ocrx_word' id='word_1_1021' title='bbox 1237 2471 1397 2508; x_wconf 87' lang='lat' dir='ltr'>excurrit,</span> <span class='ocrx_word' id='word_1_1022' title='bbox 1423 2470 1598 2512; x_wconf 81' lang='lat' dir='ltr'>perscripta</span> <span class='ocrx_word' id='word_1_1023' title='bbox 1615 2479 1714 2502; x_wconf 77' lang='lat' dir='ltr'>erant.</span> <span class='ocrx_word' id='word_1_1024' title='bbox 1737 2469 1816 2502; x_wconf 82' lang='lat' dir='ltr'>Pro-</span> 
     </span>
     <span class='ocr_line' id='line_1_131' title="bbox 935 2510 1814 2553; baseline 0.003 -12"><span class='ocrx_word' id='word_1_1025' title='bbox 935 2510 1361 2550; x_wconf 82' lang='lat' dir='ltr'>fe1·unt&amp;Harmenopulum</span> <span class='ocrx_word' id='word_1_1026' title='bbox 1372 2515 1500 2550; x_wconf 60' lang='lat' dir='ltr'>npoxea‘ps</span> <span class='ocrx_word' id='word_1_1027' title='bbox 1516 2511 1557 2545; x_wconf 88' lang='lat' dir='ltr'>L.</span> <span class='ocrx_word' id='word_1_1028' title='bbox 1575 2512 1614 2544; x_wconf 85' lang='lat' dir='ltr'>II.</span> <span class='ocrx_word' id='word_1_1029' title='bbox 1633 2512 1666 2543; x_wconf 89' lang='lat' dir='ltr'>T.</span> <span class='ocrx_word' id='word_1_1030' title='bbox 1678 2510 1720 2543; x_wconf 87' lang='lat' dir='ltr'>X.</span> <span class='ocrx_word' id='word_1_1031' title='bbox 1738 2510 1768 2553; x_wconf 85' lang='lat'>§.</span> <span class='ocrx_word' id='word_1_1032' title='bbox 1780 2522 1814 2549; x_wconf 90' lang='lat'>9.</span> 
     </span>
     <span class='ocr_line' id='line_1_132' title="bbox 937 2552 1815 2599; baseline 0.002 -16"><span class='ocrx_word' id='word_1_1033' title='bbox 937 2553 988 2583; x_wconf 90' lang='lat' dir='ltr'>cui</span> <span class='ocrx_word' id='word_1_1034' title='bbox 1008 2552 1117 2593; x_wconf 88' lang='lat' dir='ltr'>scapha</span> <span class='ocrx_word' id='word_1_1035' title='bbox 1131 2553 1247 2584; x_wconf 84' lang='lat' dir='ltr'>dicitur</span> <span class='ocrx_word' id='word_1_1036' title='bbox 1259 2558 1351 2586; x_wconf 62' lang='lat' dir='ltr'>lineam</span> <span class='ocrx_word' id='word_1_1037' title='bbox 1370 2553 1401 2585; x_wconf 68' lang='grc' dir='ltr'>ὅτ.</span> <span class='ocrx_word' id='word_1_1038' title='bbox 1421 2555 1555 2586; x_wconf 53' lang='lat' dir='ltr'>ammas.</span> <span class='ocrx_word' id='word_1_1039' title='bbox 1585 2553 1742 2599; x_wconf 83' lang='lat' dir='ltr'>Quamvis</span> <span class='ocrx_word' id='word_1_1040' title='bbox 1761 2562 1815 2585; x_wconf 78' lang='lat' dir='ltr'>au-</span> 
     </span>
     <span class='ocr_line' id='line_1_133' title="bbox 939 2593 1814 2634; baseline 0.003 -9"><span class='ocrx_word' id='word_1_1041' title='bbox 939 2603 1004 2626; x_wconf 92' lang='lat' dir='ltr'>tem</span> <span class='ocrx_word' id='word_1_1042' title='bbox 1026 2601 1116 2624; x_wconf 56' lang='lat' dir='ltr'>eamn</span> <span class='ocrx_word' id='word_1_1043' title='bbox 1139 2593 1321 2625; x_wconf 89' lang='lat' dir='ltr'>constanter</span> <span class='ocrx_word' id='word_1_1044' title='bbox 1345 2594 1497 2627; x_wconf 86' lang='lat' dir='ltr'>scribatur</span> <span class='ocrx_word' id='word_1_1045' title='bbox 1513 2619 1523 2634; x_wconf 94' lang='lat'>‚</span> <span class='ocrx_word' id='word_1_1046' title='bbox 1547 2597 1578 2628; x_wconf 84' lang='lat'>&amp;</span> <span class='ocrx_word' id='word_1_1047' title='bbox 1597 2596 1677 2627; x_wconf 89' lang='lat' dir='ltr'>hanc</span> <span class='ocrx_word' id='word_1_1048' title='bbox 1697 2603 1814 2628; x_wconf 78' lang='lat' dir='ltr'>vocem</span> 
     </span>
     <span class='ocr_line' id='line_1_134' title="bbox 938 2634 1812 2676; baseline 0 -9"><span class='ocrx_word' id='word_1_1049' title='bbox 938 2636 1033 2668; x_wconf 88' lang='lat' dir='ltr'>etiam</span> <span class='ocrx_word' id='word_1_1050' title='bbox 1057 2635 1233 2674; x_wconf 84' lang='lat' dir='ltr'>retineant,</span> <span class='ocrx_word' id='word_1_1051' title='bbox 1258 2636 1311 2676; x_wconf 91' lang='lat' dir='ltr'>qui</span> <span class='ocrx_word' id='word_1_1052' title='bbox 1338 2634 1460 2668; x_wconf 83' lang='lat' dir='ltr'>Gloffas</span> <span class='ocrx_word' id='word_1_1053' title='bbox 1489 2639 1518 2670; x_wconf 72' lang='grc' dir='ltr'>ὅ(</span> <span class='ocrx_word' id='word_1_1054' title='bbox 1543 2636 1812 2669; x_wconf 85' lang='lat' dir='ltr'>Nomenclaturas</span> 
     </span>
     <span class='ocr_line' id='line_1_135' title="bbox 938 2676 1814 2719; baseline -0.001 -11"><span class='ocrx_word' id='word_1_1055' title='bbox 938 2677 1105 2709; x_wconf 89' lang='lat' dir='ltr'>ediderunt</span> <span class='ocrx_word' id='word_1_1056' title='bbox 1122 2701 1132 2716; x_wconf 92' lang='lat'>‚</span> <span class='ocrx_word' id='word_1_1057' title='bbox 1162 2679 1280 2718; x_wconf 89' lang='lat' dir='ltr'>quique</span> <span class='ocrx_word' id='word_1_1058' title='bbox 1306 2676 1550 2719; x_wconf 90' lang='lat' dir='ltr'>Harmenopulo</span> <span class='ocrx_word' id='word_1_1059' title='bbox 1576 2676 1814 2717; x_wconf 88' lang='lat' dir='ltr'>interpretando</span> 
     </span>
     <span class='ocr_line' id='line_1_136' title="bbox 940 2717 1813 2760; baseline 0 -10"><span class='ocrx_word' id='word_1_1060' title='bbox 940 2728 1069 2760; x_wconf 87' lang='lat' dir='ltr'>operam</span> <span class='ocrx_word' id='word_1_1061' title='bbox 1085 2719 1260 2758; x_wconf 88' lang='lat' dir='ltr'>dederunt,</span> <span class='ocrx_word' id='word_1_1062' title='bbox 1281 2720 1379 2760; x_wconf 87' lang='lat' dir='ltr'>magis</span> <span class='ocrx_word' id='word_1_1063' title='bbox 1396 2727 1500 2751; x_wconf 90' lang='lat' dir='ltr'>tamen</span> <span class='ocrx_word' id='word_1_1064' title='bbox 1516 2719 1592 2751; x_wconf 91' lang='lat' dir='ltr'>mihi</span> <span class='ocrx_word' id='word_1_1065' title='bbox 1610 2718 1767 2760; x_wconf 88' lang='lat' dir='ltr'>placeret,</span> <span class='ocrx_word' id='word_1_1066' title='bbox 1789 2717 1813 2750; x_wconf 84' lang='lat' dir='ltr'><strong>fi</strong></span> 
     </span>
     <span class='ocr_line' id='line_1_137' title="bbox 936 2760 1812 2803; baseline -0.001 -11"><span class='ocrx_word' id='word_1_1067' title='bbox 936 2770 994 2803; x_wconf 88' lang='lat' dir='ltr'>pro</span> <span class='ocrx_word' id='word_1_1068' title='bbox 1008 2762 1099 2794; x_wconf 57' lang='lat' dir='ltr'>{sama</span> <span class='ocrx_word' id='word_1_1069' title='bbox 1114 2760 1357 2792; x_wconf 88' lang='lat' dir='ltr'>rescriberemus</span> <span class='ocrx_word' id='word_1_1070' title='bbox 1374 2762 1461 2799; x_wconf 64' lang='lat' dir='ltr'>edem</span> <span class='ocrx_word' id='word_1_1071' title='bbox 1470 2782 1482 2798; x_wconf 89' lang='lat'>‚</span> <span class='ocrx_word' id='word_1_1072' title='bbox 1493 2770 1566 2792; x_wconf 84' lang='lat' dir='ltr'>nam</span> <span class='ocrx_word' id='word_1_1073' title='bbox 1584 2760 1669 2791; x_wconf 78' lang='lat' dir='ltr'>circa</span> <span class='ocrx_word' id='word_1_1074' title='bbox 1685 2768 1722 2790; x_wconf 88' lang='lat' dir='ltr'>ea</span> <span class='ocrx_word' id='word_1_1075' title='bbox 1732 2767 1812 2791; x_wconf 83' lang='lat' dir='ltr'>tem·</span> 
     </span>
     <span class='ocr_line' id='line_1_138' title="bbox 936 2800 1810 2844; baseline -0.003 -10"><span class='ocrx_word' id='word_1_1076' title='bbox 936 2812 1014 2844; x_wconf 85' lang='lat' dir='ltr'>pora</span> <span class='ocrx_word' id='word_1_1077' title='bbox 1032 2804 1124 2834; x_wconf 84' lang='lat' dir='ltr'>barcae</span> <span class='ocrx_word' id='word_1_1078' title='bbox 1146 2811 1210 2834; x_wconf 87' lang='lat' dir='ltr'>vox</span> <span class='ocrx_word' id='word_1_1079' title='bbox 1229 2803 1260 2832; x_wconf 90' lang='lat' dir='ltr'>in</span> <span class='ocrx_word' id='word_1_1080' title='bbox 1288 2800 1342 2832; x_wconf 90' lang='lat' dir='ltr'>usu</span> <span class='ocrx_word' id='word_1_1081' title='bbox 1366 2801 1448 2839; x_wconf 87' lang='lat' dir='ltr'>fuit,</span> <span class='ocrx_word' id='word_1_1082' title='bbox 1474 2802 1504 2833; x_wconf 91' lang='lat'>&amp;</span> <span class='ocrx_word' id='word_1_1083' title='bbox 1520 2801 1689 2834; x_wconf 89' lang='lat' dir='ltr'>secundum</span> <span class='ocrx_word' id='word_1_1084' title='bbox 1715 2800 1810 2832; x_wconf 85' lang='lat' dir='ltr'>Isido-</span> 
     </span>
     <span class='ocr_line' id='line_1_139' title="bbox 936 2841 1809 2884; baseline -0.003 -8"><span class='ocrx_word' id='word_1_1085' title='bbox 936 2853 1004 2876; x_wconf 89' lang='lat' dir='ltr'>rum</span> <span class='ocrx_word' id='word_1_1086' title='bbox 1024 2844 1061 2876; x_wconf 90' lang='lat' dir='ltr'>L.</span> <span class='ocrx_word' id='word_1_1087' title='bbox 1085 2843 1182 2876; x_wconf 87' lang='lat' dir='ltr'>XIX.</span> <span class='ocrx_word' id='word_1_1088' title='bbox 1211 2843 1333 2884; x_wconf 79' lang='lat' dir='ltr'>Origin.</span> <span class='ocrx_word' id='word_1_1089' title='bbox 1359 2843 1390 2874; x_wconf 93' lang='lat' dir='ltr'>C.</span> <span class='ocrx_word' id='word_1_1090' title='bbox 1421 2851 1448 2874; x_wconf 93' lang='lat'>1.</span> <span class='ocrx_word' id='word_1_1091' title='bbox 1470 2844 1558 2874; x_wconf 82' lang='lat' dir='ltr'>barca</span> <span class='ocrx_word' id='word_1_1092' title='bbox 1571 2841 1633 2883; x_wconf 74' lang='lat' dir='ltr'>eft,</span> <span class='ocrx_word' id='word_1_1093' title='bbox 1657 2851 1716 2883; x_wconf 77' lang='lat' dir='ltr'>quw</span> <span class='ocrx_word' id='word_1_1094' title='bbox 1737 2851 1809 2873; x_wconf 80' lang='lat' dir='ltr'>cun-</span> 
     </span>
    </p>
   </div>
   <div class='ocr_carea' id='block_1_6' title="bbox 926 2885 1812 2924">
    <p class='ocr_par' dir='ltr' id='par_1_13' title="bbox 926 2885 1812 2924">
     <span class='ocr_line' id='line_1_140' title="bbox 926 2885 1812 2924; baseline 0 -8"><span class='ocrx_word' id='word_1_1095' title='bbox 926 2885 984 2917; x_wconf 70' lang='lat' dir='ltr'>sta</span> <span class='ocrx_word' id='word_1_1096' title='bbox 999 2887 1090 2917; x_wconf 83' lang='lat' dir='ltr'>navis</span> <span class='ocrx_word' id='word_1_1097' title='bbox 1106 2885 1277 2916; x_wconf 78' lang='lat' dir='ltr'>commercia</span> <span class='ocrx_word' id='word_1_1098' title='bbox 1293 2885 1330 2915; x_wconf 83' lang='lat' dir='ltr'>ad</span> <span class='ocrx_word' id='word_1_1099' title='bbox 1345 2885 1419 2915; x_wconf 75' lang='lat' dir='ltr'>litus</span> <span class='ocrx_word' id='word_1_1100' title='bbox 1430 2889 1541 2924; x_wconf 71' lang='lat' dir='ltr'>portat.</span> <span class='ocrx_word' id='word_1_1101' title='bbox 1585 2885 1723 2924; x_wconf 82' lang='lat' dir='ltr'>Sequens</span> <span class='ocrx_word' id='word_1_1102' title='bbox 1745 2892 1812 2916; x_wconf 74' lang='lat' dir='ltr'>vox</span> 
     </span>
    </p>
   </div>
   <div class='ocr_carea' id='block_1_7' title="bbox 935 2924 1811 3003">
    <p class='ocr_par' dir='ltr' id='par_1_14' title="bbox 935 2924 1811 3003">
     <span class='ocr_line' id='line_1_141' title="bbox 935 2924 1810 2967; baseline -0.005 -9"><span class='ocrx_word' id='word_1_1103' title='bbox 935 2929 1068 2960; x_wconf 60' lang='lat' dir='ltr'>rte-maces</span> <span class='ocrx_word' id='word_1_1104' title='bbox 1083 2926 1238 2967; x_wconf 85' lang='lat' dir='ltr'>originem</span> <span class='ocrx_word' id='word_1_1105' title='bbox 1253 2925 1340 2957; x_wconf 88' lang='lat' dir='ltr'>dedit</span> <span class='ocrx_word' id='word_1_1106' title='bbox 1358 2925 1557 2960; x_wconf 88' lang='lat' dir='ltr'>Venetorum</span> <span class='ocrx_word' id='word_1_1107' title='bbox 1586 2925 1748 2963; x_wconf 60' lang='lat' dir='ltr'>Gondosts,</span> <span class='ocrx_word' id='word_1_1108' title='bbox 1771 2924 1810 2955; x_wconf 88' lang='lat' dir='ltr'>ad</span> 
     </span>
     <span class='ocr_line' id='line_1_142' title="bbox 982 2974 1811 3003; baseline -0.004 -3"><span class='ocrx_word' id='word_1_1109' title='bbox 982 2982 985 2986; x_wconf 83' lang='grc'><em>·</em></span> <span class='ocrx_word' id='word_1_1110' title='bbox 1758 2974 1811 3003; x_wconf 77' lang='lat' dir='ltr'>eas</span> 
     </span>
    </p>
   </div>
   <div class='ocr_carea' id='block_1_8' title="bbox 936 3047 1866 3203">
    <p class='ocr_par' dir='ltr' id='par_1_15' title="bbox 936 3047 1866 3203">
     <span class='ocr_line' id='line_1_143' title="bbox 971 3047 1561 3086; baseline -0.003 -7"><span class='ocrx_word' id='word_1_1111' title='bbox 971 3049 1046 3086; x_wconf 73' lang='grc' dir='ltr'>(ιο)</span> <span class='ocrx_word' id='word_1_1112' title='bbox 1072 3047 1181 3086; x_wconf 78' lang='lat' dir='ltr'>Observ.</span> <span class='ocrx_word' id='word_1_1113' title='bbox 1203 3047 1321 3077; x_wconf 81' lang='lat' dir='ltr'>Tumult.</span> <span class='ocrx_word' id='word_1_1114' title='bbox 1345 3047 1378 3077; x_wconf 91' lang='grc' dir='ltr'><strong>Τ.</strong></span> <span class='ocrx_word' id='word_1_1115' title='bbox 1400 3049 1423 3078; x_wconf 87' lang='lat'>1.</span> <span class='ocrx_word' id='word_1_1116' title='bbox 1446 3058 1474 3078; x_wconf 83' lang='lat' dir='ltr'>n.</span> <span class='ocrx_word' id='word_1_1117' title='bbox 1496 3055 1561 3084; x_wconf 79' lang='lat'>255.</span> 
     </span>
     <span class='ocr_line' id='line_1_144' title="bbox 948 3086 1814 3127; baseline -0.001 -10"><span class='ocrx_word' id='word_1_1118' title='bbox 948 3108 951 3111; x_wconf 83' lang='lat'>·</span> <span class='ocrx_word' id='word_1_1119' title='bbox 969 3089 1006 3125; x_wconf 89' lang='lat'>(1</span> <span class='ocrx_word' id='word_1_1120' title='bbox 1015 3089 1046 3121; x_wconf 80' lang='grc' dir='ltr'>ι)</span> <span class='ocrx_word' id='word_1_1121' title='bbox 1070 3087 1205 3125; x_wconf 78' lang='lat' dir='ltr'>chtsen</span> <span class='ocrx_word' id='word_1_1122' title='bbox 1220 3087 1251 3115; x_wconf 76' lang='lat' dir='ltr'>de</span> <span class='ocrx_word' id='word_1_1123' title='bbox 1266 3087 1381 3122; x_wconf 72' lang='lat' dir='ltr'>Avariis</span> <span class='ocrx_word' id='word_1_1124' title='bbox 1393 3087 1418 3124; x_wconf 66' lang='lat'>§-</span> <span class='ocrx_word' id='word_1_1125' title='bbox 1429 3088 1522 3116; x_wconf 67' lang='lat' dir='ltr'>roam</span> <span class='ocrx_word' id='word_1_1126' title='bbox 1534 3095 1579 3116; x_wconf 72' lang='lat' dir='ltr'>zoe</span> <span class='ocrx_word' id='word_1_1127' title='bbox 1591 3087 1615 3115; x_wconf 72' lang='lat' dir='ltr'>is</span> <span class='ocrx_word' id='word_1_1128' title='bbox 1625 3086 1657 3116; x_wconf 83' lang='lat' dir='ltr'>de</span> <span class='ocrx_word' id='word_1_1129' title='bbox 1669 3095 1753 3125; x_wconf 78' lang='lat' dir='ltr'>vrage</span> <span class='ocrx_word' id='word_1_1130' title='bbox 1762 3094 1814 3127; x_wconf 73' lang='lat'>30.¹</span> 
     </span>
     <span class='ocr_line' id='line_1_145' title="bbox 956 3124 1811 3165; baseline 0.002 -12"><span class='ocrx_word' id='word_1_1131' title='bbox 956 3127 988 3163; x_wconf 54' lang='grc'>7(</span> <span class='ocrx_word' id='word_1_1132' title='bbox 995 3126 1056 3163; x_wconf 72' lang='lat'>12)</span> <span class='ocrx_word' id='word_1_1133' title='bbox 1076 3127 1195 3154; x_wconf 86' lang='lat' dir='ltr'>Peckius</span> <span class='ocrx_word' id='word_1_1134' title='bbox 1215 3125 1250 3153; x_wconf 86' lang='lat' dir='ltr'>ad</span> <span class='ocrx_word' id='word_1_1135' title='bbox 1267 3125 1341 3155; x_wconf 78' lang='lat' dir='ltr'>Rem.</span> <span class='ocrx_word' id='word_1_1136' title='bbox 1361 3125 1513 3157; x_wconf 81' lang='lat' dir='ltr'>Nauticam</span> <span class='ocrx_word' id='word_1_1137' title='bbox 1532 3127 1563 3164; x_wconf 70' lang='lat' dir='ltr'>in</span> <span class='ocrx_word' id='word_1_1138' title='bbox 1577 3125 1608 3160; x_wconf 66' lang='lat' dir='ltr'>d.</span> <span class='ocrx_word' id='word_1_1139' title='bbox 1626 3127 1648 3156; x_wconf 82' lang='lat'>1.</span> <span class='ocrx_word' id='word_1_1140' title='bbox 1668 3125 1700 3165; x_wconf 78' lang='lat'>4&#39;.</span> <span class='ocrx_word' id='word_1_1141' title='bbox 1719 3133 1764 3164; x_wconf 74' lang='lat' dir='ltr'>pr.</span> <span class='ocrx_word' id='word_1_1142' title='bbox 1782 3124 1811 3155; x_wconf 67' lang='grc' dir='ltr'>δι’,</span> 
     </span>
     <span class='ocr_line' id='line_1_146' title="bbox 936 3164 1866 3203; baseline 0 -6"><span class='ocrx_word' id='word_1_1143' title='bbox 936 3165 1061 3203; x_wconf 74' lang='lat' dir='ltr'>vinnius</span> <span class='ocrx_word' id='word_1_1144' title='bbox 1075 3164 1111 3196; x_wconf 85' lang='lat' dir='ltr'>ad</span> <span class='ocrx_word' id='word_1_1145' title='bbox 1125 3165 1263 3201; x_wconf 55' lang='lat' dir='ltr'>{eckium</span> <span class='ocrx_word' id='word_1_1146' title='bbox 1272 3164 1304 3197; x_wconf 71' lang='lat' dir='ltr'>d.</span> <span class='ocrx_word' id='word_1_1147' title='bbox 1316 3165 1366 3196; x_wconf 78' lang='lat' dir='ltr'>loc.</span> <span class='ocrx_word' id='word_1_1148' title='bbox 1380 3165 1426 3197; x_wconf 70' lang='lat'>11⁴5.</span> <span class='ocrx_word' id='word_1_1149' title='bbox 1441 3164 1479 3200; x_wconf 77' lang='lat' dir='ltr'>R.</span> <span class='ocrx_word' id='word_1_1150' title='bbox 1861 3181 1866 3184; x_wconf 91' lang='lat'>-</span> 
     </span>
    </p>
   </div>
  </div>
 </body>
</html>
