2008 3436
294 100 378 135 AD
415 100 455 134 L.
484 97 552 132 IX.
593 96 639 131 D.
678 91 759 129 DE
792 88 963 127 LEGE
1002 85 1299 130 RHOD1A‚
1332 86 1371 121 C.
1400 85 1465 120 VI.
1495 86 1578 122 Vll.

42 189 173 221 dominus
195 188 336 225 dicatur,
362 186 392 218 &
410 183 483 226 quid
507 183 544 216 fit
566 181 644 214 illud
662 183 741 218 κόριον
759 187 839 210 unus
856 178 907 224 Se-

39 236 121 262 'neca
138 230 303 267 docuerit,
324 226 444 268 vulgari
463 225 555 263 loco,
566 221 717 255 Lib.VII.
732 221 766 252 de
778 220 905 265 Benefic:

42 272 118 314 Cap.
140 271 197 304 1V.
215 270 251 306 ἐξ
267 270 306 302 V.
352 266 462 300 Otiose
485 265 768 310 rursusquaerunt‚
791 271 829 293 an
851 270 906 333 ἕω

43 313 75 346 se
93 313 172 349 κόρω
194 313 216 344 ff
234 312 321 349 κόσμια
339 310 438 347 dicit,
463 317 502 339 eo
520 305 586 348 ipso
604 315 698 337 maris
713 312 840 349 quoque
873 311 907 351 o-

43 352 177 388 minium
202 354 257 387 fibi
286 350 406 384 adserat
424 351 440 382 ,9
470 348 556 381 stulti
570 352 584 385 “,
617 347 671 388 qui
692 345 858 383 dubitent,
879 345 910 375 ot

42 394 132 437 stulti
150 395 268 437 magis,
291 393 344 435 qui
363 393 431 424 haec
448 389 628 422 existiment
647 385 834 419 adversarier
854 385 911 423 iis,

41 445 110 478 quae
140 435 352 469 incontinenti
378 433 547 474 sequuntur
563 430 685 465 de‘vo'ssqu
706 433 746 460 τῆς
767 427 908 461 ἳιιλοίσσης.

64 487 135 510 uam
158 475 314 520 profunde
329 475 481 512 delirent,
504 472 629 503 dicetur
649 470 751 512 Capite
764 470 907 514 proxima.

42 531 45 534 ⁴
81 520 195 560 eoique
211 519 241 551 &
262 518 347 555 haec,
373 524 432 556 qua
450 515 489 546 de
505 514 645 554 agimus,
669 511 774 544 oratio
793 518 909 541 veteri-

43 559 102 592 bus
117 561 194 601 juris
217 558 378 598 utriusque
403 553 564 596 Magistris
581 554 684 596 primo
707 551 810 584 ansam
833 560 909 593 pra:-

41 602 112 634 buit
130 601 210 634 serio
225 597 400 639 disputandi
415 620 425 635 ,
447 596 587 629 fueritne
604 604 740 636 unquam
754 594 911 625 Romano-

40 647 110 675 'rum
126 664 139 681 ,
169 641 221 672 vel
247 639 324 672 fitne
350 639 444 671 hodie
475 637 706 670 Germanorum
737 635 911 676 Imperator

39 688 149 717 revera
168 681 267 714 totius
285 681 372 713 orbis
393 680 566 711 dominus?
590 688 666 710 mox
684 679 721 709 ab
739 677 785 709 Im
809 683 910 707 crato-

42 726 76 758 i’e
100 731 262 756 transeunt
285 723 323 754 ad
344 722 512 763 Imperium
537 720 704 752 Pontificis
728 727 786 750 ecc
800 715 910 750 eflasti-

41 767 136 804 curn,
156 766 194 798 ab
211 772 348 806 utroque
371 764 409 795 ad
434 764 597 803 utriusque
615 760 777 799 Vasallos,
801 759 839 790 ab
863 757 910 789 his

41 807 79 841 ad
99 807 197 846 alios,
222 806 253 838 δι
271 806 335 844 ita,
357 814 397 837 ne
414 804 493 836 nihil
518 811 629 843 agant,
652 809 749 834 arrunt
771 799 909 832 &wesdis-

40 853 115 882 ὐυσιι.
172 847 241 881 Has
263 855 407 878 veterum
437 845 636 886 digressiones
662 827 815 876 solemnes
842 850 907 872 non

42 891 124 925 libet
148 889 274 927 mirari,
297 887 347 920 sed
376 890 435 919 noc
458 887 584 928 potius,
613 886 769 918 Didacum
788 883 908 914 Covar-

41 933 167 965 ruviam
189 931 228 963 ad
257 930 327 971 Cap.
348 929 505 961 Peccatum
532 927 569 959 ΙΙ.
596 926 624 968 §.
640 938 669 964 9.
696 936 724 956 η.
735 934 765 965 5.
784 923 906 964 &semp

41 973 196 1006 Grotium
213 972 252 1004 de
268 971 305 1012 J.
324 971 361 1002 B.
379 971 415 1005 ὅ)
430 970 468 1001 P.
489 968 608 1000 L25v.11.
632 970 662 999 C.
682 965 793 999 XXII.
811 975 839 996 η.
859 974 905 1005 13.

40 1015 185 1056 aliosque
206 1013 365 1055 principes
389 1011 482 1042 Viros
505 1009 653 1041 refutasse
669 1007 818 1050 quicquid
841 1013 908 1037 erat

41 1056 272 1097 interpretum,
296 1054 349 1094 qui
380 1051 585 1092 Imperatori,
608 1050 701 1081 etiam
724 1047 907 1084 Germano,

41 1105 149 1130 totum
170 1103 321 1128 terrarum
346 1093 465 1126 Orbem
488 1091 661 1123 vindicant.
708 1089 843 1122 Romani
866 1097 907 1119 ex

42 1138 155 1177 uncia,
179 1136 211 1169 &
226 1134 313 1177 quod
335 1134 480 1172 excedit,
504 1133 570 1174 ejus
588 1141 675 1164 erant
694 1130 837 1169 domini,
862 1138 907 1160 er-

38 1188 83 1223 go
99 1179 308 1220 Imperatores
324 1174 555 1208 Germanorum
573 1185 614 1206 ex
631 1173 717 1206 asse?
742 1173 772 1205 δι
797 1172 843 1203 illi
866 1180 907 1202 ex

39 1220 124 1260 affe,
146 1219 260 1262 quibus
277 1216 386 1250 nescio
401 1227 470 1258 quae
488 1215 689 1257 portiuncula
705 1213 849 1256 Imperii,
873 1222 905 1245 o-

39 1262 98 1296 lim
120 1260 281 1299 Romani,
311 1258 357 1291 est
380 1259 500 1298 reliqua
516 1257 532 1289 ‚9
564 1258 610 1289 illi
637 1256 782 1295 tandem,
813 1263 909 1296 penes

83 1313 120 1335 os
135 1312 201 1335 non
217 1301 274 1334 nifi
291 1310 347 1342 per
363 1299 559 1332 mendacium
576 1298 638 1330 ess‘e
652 1298 769 1330 dicitur
781 1295 908 1338 Imperii

38 1312 180 1379 {emani
212 1342 355 1384 majestas
375 1341 392 1374 ‘2
431 1350 501 1373 nam
519 1362 530 1379 ‚
560 1339 582 1372 fi
607 1349 716 1371 verum
743 1347 880 1370 amamus
895 1359 907 1376 ,

39 1396 131 1426 ωσι,
155 1392 271 1427 utpote
287 1382 469 1416 exstinctam
480 1406 490 1421 ,
502 1381 618 1414 frustra
633 1380 800 1422 quaerimus
817 1378 906 1411 ullibi

41 1426 209 1460 Gentium.
253 1425 330 1458 Hoc
355 1423 487 1457 sufficiat
504 1422 616 1455 dixiss'e
631 1424 670 1455 de
685 1432 719 1454 re
741 1421 906 1463 plusquam

40 1469 197 1508 ridicula,
219 1467 250 1500 &
269 1474 392 1500 tanturn
414 1475 479 1498 non
502 1465 594 1497 unice
616 1465 717 1506 petita
740 1472 781 1495 ex
802 1460 906 1504 prodi-

39 1510 173 1554 galitate
198 1509 386 1547 titulorum,
410 1506 463 1539 seu
490 1507 599 1548 potius
623 1516 663 1538 ex
680 1506 739 1538 illo
757 1503 910 1550 Antonini

41 1552 126 1586 male
141 1551 324 1590 intellecto,
343 1550 404 1587 Ἑνὶ
421 1547 464 1587 5811*
481 1551 514 1577 τέ
530 1548 614 1582 κόσμει
627 1548 727 1585 κύριος,
752 1545 821 1578 aliis
834 1554 910 1577 con-

41 1601 91 1626 tra
107 1593 188 1626 hanc
206 1592 389 1625 sententiam
408 1590 430 1623 fi
447 1590 629 1628 delecteris,
647 1589 715 1629 adi,
734 1597 815 1630 quos
830 1585 910 1619 dixi·

41 1643 134 1674 mus,
157 1634 188 1667 &
211 1643 292 1676 quos
317 1633 363 1666 illi
386 1633 498 1664 dicunt
515 1641 634 1674 pori-03
658 1629 754 1664 vastae
772 1628 836 1668 ibi;
859 1626 910 1660 sed

42 1673 75 1710 ἃ
88 1675 227 1718 indignae
244 1674 481 1717 disputationes.

45 1721 48 1724 ⁴
83 1716 248 1750 Caeterum
265 1725 368 1748 tamen
386 1726 458 1748 cum
476 1714 570 1747 semel
591 1714 745 1756 placuerit
757 1714 909 1754 Interpre-

40 1757 126 1801 tibus
142 1768 185 1790 ex
199 1757 263 1790 sola
278 1758 446 1790 titulorum
463 1755 604 1798 superbia
620 1757 786 1798 imperium
798 1763 910 1786 conce·

40 1799 115 1833 dete
131 1799 164 1834 in
182 1798 362 1833 universum
379 1800 509 1838 orbem,
531 1808 596 1831 non
614 1799 745 1831 deerunt
759 1795 890 1831 fortass'e
900 1818 912 1835 ‚

649 1904 1003 1943 CAPUT

1708 79 1712 84 ’
1754 90 1827 126 1t9

951 174 1003 216 qui
1024 173 1054 204 id
1082 171 1182 213 ipsum
1208 171 1266 204 fint
1291 172 1394 203 daturi
1418 170 1599 204 Turcorum
1617 170 1825 214 Imperatori,

952 215 1082 256 aliisque
1105 213 1246 245 Orientis
1263 212 1419 254 Regibus,
1446 212 1538 254 longe
1563 214 1646 245 enim
1665 214 1712 246 illi
1732 213 1764 245 in
1782 212 1821 244 ti-

953 257 1028 289 tulis
1046 254 1106 287 suis
1130 254 1225 285 ctiam
1243 254 1393 286 Romanis
1419 252 1627 286 Germanisve
1652 254 1826 296 Imperato-

951 297 1037 331 ribus
1074 296 1266 328 liberaliores
1295 295 1376 328 sunt.
1421 294 1454 327 T
1458 304 1605 326 urcorum
1625 295 1826 337 Imperatoris

952 339 1039 371 tituli
1059 337 1241 378 exemplum
1266 336 1359 368 habes
1375 337 1406 369 in
1426 336 1616 378 privilegio,
1640 338 1724 377 qnod
1743 337 1828 368 Ach-

954 388 1019 413 mct
1037 379 1139 411 Ture.
1165 378 1280 420 Imper.
1304 388 1387 410 anno
1404 387 1553 409 iuioexn.
1599 378 1705 418 Belpis
1722 377 1823 410 foede-

953 422 1029 454 ratis
1051 420 1159 459 dedit,
1185 420 1215 452 δι
1245 419 1275 451 in
1303 420 1398 451 variis
1424 402 1766 458 indictionibuslmlli,
1792 419 1823 451 δε

953 463 1113 505 praecipue
1132 462 1164 494 in
1182 460 1315 502 epistola
1339 461 1524 503 Solymanni
1543 461 1580 492 ad
1600 460 1827 501 Imperatorem

954 505 1104 537 German.
1143 503 1223 543 apud
1246 504 1459 544 Busbequium
1481 508 1513 543 p.
1554 512 1626 544 453.
1660 503 1705 533 ait
1732 502 1762 533 in
1791 511 1827 532 ea

954 545 1107 588 epistola,
1140 543 1171 576 se
1205 544 1368 576 dominum
1399 546 1542 577 omnium
1568 552 1716 575 terrarum
1744 542 1826 580 effe,

954 588 1043 619 nullis
1058 587 1200 627 exceptis,
1229 595 1268 617 ne
1288 586 1375 617 sorte
1399 595 1490 628 quem
1515 586 1663 627 angulum
1683 583 1826 616 suffurari

954 637 1057 663 tentes
1074 652 1082 667 ‚
1116 630 1198 660 inter
1223 627 1362 660 ditiones
1389 627 1455 660 suas
1478 637 1537 668 pro
1562 627 1690 658 minima
1717 625 1824 658 haberi

954 671 1124 711 Imperium
1140 669 1314 701 Alexandri
1334 669 1446 711 Magni
1459 693 1467 708 ‚
1493 669 1523 700 ὃς
1548 678 1617 710 quze
1631 667 1739 700 similis
1757 667 1830 698 sunt

953 712 1090 744 insaniae.
1135 711 1196 742 Sed
1212 710 1233 742 s1
1251 719 1331 742 terra
1347 710 1376 742 sc
1392 711 1570 743 contineret
1588 710 1711 741 vanitas
1723 709 1824 740 homi-

951 763 1046 792 num,
1071 753 1166 784 ctiam
1195 751 1345 784 modestia
1370 752 1469 790 essct,
1494 751 1621 784 Coelum
1647 750 1748 792 ipsum
1775 759 1827 792 pe·

952 803 1023 826 tunt
1043 793 1191 831 stultitia3
1220 803 1321 834 neque
1346 794 1479 834 majores
1499 793 1654 825 duntaxat
1672 794 1759 827 »elem
1779 792 1826 819 κί-

950 851 997 874 pm
1009 859 1019 873 ,
1043 835 1094 867 sed
1113 836 1142 867 δι
1158 835 1211 876 qui
1229 835 1299 866 aliis
1317 835 1437 867 trIbuta
1456 833 1616 876 praestant.
1642 833 1690 866 Ita
1707 834 1828 875 Regem

951 877 982 909 in
1006 878 1089 909 Siam
1115 876 1188 908 coeli
1216 885 1369 917 terraeque
1396 877 1560 916 imperium
1582 876 1636 908 fibi
1654 875 1829 907 adscribere

952 920 1047 950 tradit
1071 919 1206 959 joannes
1246 917 1383 959 Baptista
1415 918 1631 950 'I‘abernarius
1657 917 1826 949 Indicorum

952 961 1025 992 Lily.
1050 959 1103 991 lll.
1132 964 1179 994 18.
1200 965 1232 999 p.
1265 970 1303 990 m.
1328 963 1399 1001 360.
1448 960 1477 990 &
1502 960 1626 991 soldani
1652 959 1824 1001 Babyloni-

952 1001 1039 1033 enl‘es
1056 1002 1085 1032 ὅ(
1098 1000 1244 1042 AEgyptii
1262 999 1334 1032 Diis
1353 999 1383 1032 se
1399 1001 1552 1041 imperare
1564 1025 1572 1039 ,
1597 1011 1634 1032 ae
1651 1000 1823 1041 Imperato-

951 1052 1017 1075 rem
1039 1041 1271 1073 Germanorum
1297 1052 1359 1073 una
1384 1051 1457 1072 cum
1481 1041 1611 1083 Regulis
1629 1042 1825 1075 Francorum

951 1084 1189 1125 Anglorumque
1216 1081 1352 1115 vasallos
1376 1082 1438 1114 esse
1463 1081 1534 1114 suos
1551 1084 1652 1123 palam
1674 1083 1825 1124 profiten-

952 1134 1021 1157 tur:
1047 1125 1122 1157 hinc
1146 1134 1201 1156 eos
1225 1124 1262 1156 ad
1278 1124 1407 1156 Curiam
1426 1123 1511 1157 suam
1530 1131 1688 1162 evocant,
1711 1125 1825 1166 capitis

952 1165 998 1199 sui
1018 1166 1153 1208 vectigal
1175 1164 1337 1198 soluturos
1353 1190 1364 1206 ,
1397 1165 1441 1198 fin
1460 1165 1575 1198 minus.
1599 1191 1605 1198 .
1631 1191 1638 1198 .
1665 1190 1672 1198 .
1698 1166 1729 1199 &
1753 1175 1825 1206 quae

951 1208 995 1240 ibi
1020 1218 1117 1250 porro
1139 1208 1271 1249 prodige
1298 1208 1329 1240 &
1359 1207 1464 1240 insane
1486 1205 1584 1240 effusa
1607 1206 1689 1240 sunt.
1736 1207 1828 1250 Quin

951 1260 1053 1291 neque
1071 1249 1194 1282 inferna
1212 1248 1421 1282 Daemonibus
1437 1248 1619 1291 relinquunt
1648 1249 1767 1287 invidi,
1793 1249 1826 1281 &

952 1291 1067 1323 horum
1086 1292 1203 1333 quippe
1230 1290 1448 1333 praefefturam
1475 1289 1530 1323 fibi
1549 1291 1704 1324 tribuunt.
1749 1290 1827 1323 Vidi

952 1333 1096 1374 quaedam
1112 1342 1223 1365 eorum
1238 1332 1358 1373 edicta,
1384 1332 1476 1374 plena
1490 1332 1643 1373 ejusmodi
1665 1332 1826 1371 stultitiae,

949 1375 1092 1415 interque
1111 1384 1148 1407 ea
1167 1384 1282 1414 unum,
1297 1374 1385 1416 quod
1400 1374 1542 1406 servatur
1557 1375 1590 1407 in
1598 1374 1749 1407 Archivis
1760 1373 1826 1406 Cu-

950 1416 1006 1449 riae
1027 1416 1051 1448 F
1053 1416 1173 1449 eudalis
1190 1415 1372 1448 Hollandiae
1382 1440 1392 1456 ,
1417 1417 1449 1450 ίη
1465 1416 1519 1456 Det
1535 1420 1597 1451 nun
1612 1417 1740 1458 temnet
1758 1420 1828 1451 han

953 1460 1134 1499 nllctnannt
1156 1458 1371 1497 §antennam
1398 1457 1570 1496 {burinm'en
1593 1466 1630 1492 tn
1655 1459 1830 1499 §abnues

953 1501 1014 1540 sien
1037 1499 1201 1548 sUfaCtum
1218 1523 1229 1540 ,
1259 1507 1294 1531 ut
1318 1500 1451 1532 habebat
1481 1498 1671 1543 subscriptio
1687 1524 1698 1541 ,
1742 1509 1825 1533 anno

953 1542 1070 1577 Mundi
1097 1546 1192 1582 6015.
1217 1542 1320 1574 aetatis
1339 1542 1400 1574 suae
1425 1551 1477 1581 91.
1521 1540 1681 1576 Nazareni
1698 1551 1827 1581 autem,

952 1585 1011 1632 filii
1026 1584 1163 1626 Joseph,
1185 1593 1226 1616 ex
1242 1582 1349 1626 Gente
1367 1582 1495 1623 David,
1521 1586 1671 1626 cognati,
1695 1592 1732 1616 ut
1756 1584 1824 1624 ait,

953 1625 1000 1659 sui
1027 1635 1120 1667 1415.
1153 1635 1199 1667 14.
1222 1625 1291 1667 Jul.
1316 1625 1348 1658 in
1369 1634 1410 1657 eo
1434 1626 1517 1658 inter
1534 1626 1649 1660 titulos
1663 1626 1710 1659 bis
1727 1626 1825 1658 etiam

953 1667 1071 1701 inferni
1095 1667 1262 1709 imperium
1286 1674 1497 1699 enumeratur.
1543 1668 1603 1700 Sed
1632 1677 1728 1710 apage
1753 1677 1824 1699 ver-

952 1710 1067 1784 {fiotum
1085 1716 1253 1751 portenta,
1284 1718 1380 1752 apage
1406 1708 1573 1743 hominum
1592 1710 1768 1752 protervias
1792 1708 1824 1741 δε

971 1760 1089 1784 urores.

1101 1902 1213 1940 VII.

201 1997 248 2040 ‘O
277 1993 320 2043 &¹
345 1998 459 2047 aa&
487 1995 513 2037 ’ἓ
542 1995 762 2045 θαλάσσης,
802 1992 868 2049 τςιΓ
887 1995 973 2046 νόμῳ
1005 1997 1030 2035 ff
1058 1990 1198 2035 Ῥωὲίων
1225 1990 1392 2037 κωνέαθω
1421 1989 1482 2046 τςιΓ
1501 1990 1660 2044 ναυτικῷ.

111 2091 180 2129 Lex
204 2099 311 2128 autem
335 2093 459 2135 maris,
491 2091 576 2138 Lege
602 2091 636 2125 id
662 2090 807 2133 Rhodia,
833 2101 900 2135 quae
924 2089 961 2124 de
985 2090 1078 2124 rebus
1105 2088 1247 2123 nauticis
1268 2084 1460 2133 praescripta
1486 2084 1531 2132 cst
1548 2113 1556 2129 ‚
1574 2085 1753 2131 judicetur.

153 2229 245 2261 nibus
272 2229 385 2261 horum
405 2230 573 2261 verborum
590 2229 754 2270 scriptura.
803 2228 909 2268 thue

47 2274 94 2312 ita
110 2272 172 2304 fine
188 2270 375 2303 auetoritate
392 2270 545 2302 librorum
566 2271 597 2303 in
614 2270 750 2302 secundo
771 2268 909 2308 verficulo

47 2314 193 2345 videatur
213 2312 317 2353 legere
340 2311 562 2344 Gothofredus
592 2317 628 2348 7ᾧ
653 2314 718 2346 Vsu...
741 2318 787 2340 -mv
812 2311 911 2341 ‘rodim

44 2358 154 2394 ραυπιῷ
171 2354 304 2388 maffia.
330 2352 381 2385 sed
400 2353 462 2384 hoc
481 2353 552 2384 leve
571 2352 626 2386 est.
670 2353 746 2385 Non
762 2362 850 2394 aeque
864 2351 910 2383 est

46 2395 196 2439 'constans
222 2395 307 2426 illius
332 2393 466 2433 vcrficzrli
494 2394 592 2426 versio
614 2395 719 2427 latina.
774 2395 910 2435 Vulgata

44 2437 95 2470 est
110 2461 120 2477 ,
151 2445 244 2478 quam
268 2436 479 2468 exhibuimus.
524 2435 607 2467 Duae
630 2436 791 2477 antiquae:
825 2436 908 2477 Lege

48 2479 229 2520 ‚Rhodiorum
241 2477 390 2517 judicetur
409 2479 539 2508 manca.
587 2477 768 2509 Haloander
787 2477 817 2508 ἃ
837 2477 907 2508 alii:

46 2521 136 2563 Lege
153 2521 184 2551 id
203 2519 342 2558 Rhodia,
365 2529 424 2560 que
442 2520 475 2549 de
498 2521 579 2550 rebus
602 2520 731 2550 nauticis
746 2518 909 2559 perscripta

47 2560 114 2603 est,
134 2561 317 2602 disceptetur.
349 2560 492 2592 Alciatus
510 2560 579 2592 Lib.
598 2560 639 2592 II.
658 2554 814 2601 Diffiun'ci.
836 2560 907 2599 Cap.

47 2613 85 2644 5.
106 2612 163 2644 qua
180 2602 262 2644 Lege
279 2602 458 2633 Rhodiorum
475 2603 598 2633 nautica
619 2603 777 2644 judicetur.
824 2599 906 2632 Gro-

53 2644 117 2676 tius
131 2644 164 2674 in
180 2642 258 2674 Flor.
284 2643 381 2683 Spars.
405 2643 442 2674 ad
458 2643 487 2674 la.
511 2644 530 2675 l.
558 2644 640 2685 Lege
666 2645 761 2686 igitur
784 2642 910 2673 Rhodio-

51 2694 117 2716 rum
136 2684 241 2715 navali
256 2694 302 2715 res
318 2686 348 2715 di
357 2685 503 2717 'udicetun
549 2684 597 2716 Ita
614 2685 659 2716 illi
673 2709 683 2725 ‚
702 2685 756 2726 qui
774 2685 805 2716 in
821 2683 909 2715 Grae-

55 2726 103 2758 cis
121 2725 282 2766 vulgarem
306 2725 334 2756 le
352 2725 471 2757 tionem
494 2727 524 2758 &
548 2727 835 2767 interpunctionem
855 2724 913 2756 ser-

54 2774 153 2805 vant,
175 2768 206 2798 &
224 2775 334 2797 omnes
347 2776 410 2798 non
428 2766 523 2808 usque
540 2768 618 2800 adeo
634 2768 732 2807 male,
756 2767 853 2808 magis
869 2775 913 2797 ta-

53 2818 126 2841 men
143 2810 176 2845 is
198 2807 278 2837 πέδαις
300 2806 345 2838 est
369 2809 531 2840 translatio
548 2810 581 2841 in
609 2809 726 2841 duabus
749 2809 811 2841 illis
832 2807 911 2839 anti-

54 2850 136 2891 quis.
180 2847 290 2892 Quum
305 2856 408 2894 autern
426 2849 511 2880 varie
531 2859 549 2882 a
564 2851 658 2882 variis
678 2859 811 2892 uterque
826 2848 914 2888 ‘verst-

54 2891 135 2922 culus
154 2890 330 2931 affligatur,
349 2889 428 2928 alu,
458 2899 553 2930 prout
576 2892 667 2931 aliter
696 2892 792 2924 verba
821 2892 914 2923 ⁴nter-

56 2940 119 2972 pun
144 2939 211 2967 unt,
233 2931 285 2962 vel
307 2931 471 2962 emendant
487 2954 496 2970 ,
525 2941 655 2964 vertunt
681 2934 775 2965 etiarn
800 2934 913 2971 aliter,

57 2972 110 3009 sed
146 2981 164 3003 e
181 2971 229 3003 his
247 2981 323 3003 mox
338 2981 394 3012 per
409 2971 542 3013 satyram
563 2974 750 3007 videbimus.

61 3055 68 3061 ·
98 3011 170 3045 Nos
187 3013 306 3059 utimur
323 3021 449 3053 recepta
468 3013 622 3053 lectione,
643 3016 675 3047 ni
695 3026 805 3058 magna
823 3014 914 3048 causa

58 3065 92 3087 in
117 3061 312 3086 contrarium
344 3062 469 3092 vocet,
499 3055 578 3088 nihil
602 3056 655 3088 hic
679 3057 724 3089 est
749 3056 913 3098 ejusmodi.

57 3094 163 3141 Verba
184 3094 348 3142 equidem,
370 3096 402 3127 in
429 3094 540 3136 quibus
562 3096 719 3130 versamur
736 3122 746 3138 ,
768 3099 914 3130 nonnihil

58 3135 131 3170 sunt
148 3137 321 3182 implicita,
345 3144 376 3168 at
395 3137 434 3168 de
451 3135 602 3169 sententia
622 3139 760 3179 perfecte
778 3139 911 3172 constat.

52 3176 115 3216 „Est
137 3184 242 3210 autem
268 3177 356 3211 haee:
380 3177 457 3211 mihi
483 3178 632 3219 quidem,
654 3181 770 3222 quippe
793 3181 913 3214 Princi-

855 3253 870 3270 Α

50 2185 262 2271 Constans
277 2188 322 2220 est
342 2189 375 2220 in
398 2188 612 2226 editionibus,
636 2198 709 2230 quas
724 2187 816 2225 vidi,
839 2196 906 2217 om-

951 2186 1002 2227 pi,
1026 2186 1064 2217 de
1080 2184 1247 2223 omnibus,
1270 2194 1341 2225 quae
1367 2184 1400 2215 in
1436 2184 1524 2216 Orbe
1548 2183 1694 2214 Romano
1711 2182 1793 2214 fiunt
1810 2206 1821 2221 ,

952 2227 1165 2260 constituendi
1182 2227 1230 2266 jus
1247 2225 1276 2257 ἃ
1296 2226 1434 2267 potessas
1451 2225 1516 2264 est,
1541 2224 1592 2257 sed
1610 2224 1725 2256 habent
1741 2233 1822 2264 quae-

953 2269 1071 2302 stiones
1089 2268 1253 2299 maritimae
1270 2267 1371 2308 legem
1392 2266 1578 2307 specialem,
1603 2275 1716 2306 nempe
1735 2265 1822 2296 Rho-

952 2311 1052 2350 diam,
1076 2319 1167 2351 quam
1187 2309 1226 2340 de
1250 2309 1288 2340 iis
1314 2308 1419 2340 valere
1445 2309 1568 2349 placet,
1594 2315 1749 2349 quatenus
1770 2305 1821 2346 Ju-

953 2354 977 2385 ri
996 2353 1142 2385 Romano
1164 2360 1229 2383 non
1244 2349 1441 2388 adversatur,
1464 2359 1505 2381 ex
1525 2359 1560 2380 ea
1579 2349 1629 2388 Jus
1646 2357 1735 2379 tuum
1754 2356 1823 2388 per-

954 2393 1090 2435 sequere.
1124 2393 1215 2432 Saepe
1231 2391 1349 2423 accidit
1364 2391 1397 2422 in
1413 2400 1524 2422 eorum
1544 2391 1639 2421 etiarn
1656 2388 1821 2427 sermone,

974 2436 1002 2467 ui
1017 2433 1250 2475 diligentiffime
1266 2433 1460 2473 loquuntur,
1472 2440 1508 2463 ut
1524 2431 1710 2463 sententiam
1720 2429 1822 2471 perfe-

968 2478 999 2509 te
1008 2477 1220 2516 intelligamus
1228 2498 1237 2513 ,
1249 2474 1343 2505 verba
1352 2482 1416 2504 non
1427 2483 1515 2514 aeque
1526 2482 1533 2502 z
1543 2482 1607 2505 non
1618 2471 1738 2513 semper
1746 2480 1820 2503 con-

951 2518 1046 2559 tingit
1064 2516 1244 2548 horninibus
1264 2524 1352 2556 aeque
1372 2514 1433 2546 ess‘e
1448 2513 1646 2546 accuratis&
1665 2513 1820 2545 facundis.

952 2559 1033 2603 Quae
1048 2559 1119 2590 heic
1134 2556 1290 2599 implicita
1303 2555 1392 2595 sunt,
1403 2556 1620 2597 explicemus,
1636 2564 1675 2587 ne
1692 2564 1732 2586 eo
1743 2563 1822 2595 quo-

952 2610 1013 2642 que
1029 2600 1173 2638 nomine,
1198 2607 1234 2630 ut
1252 2598 1307 2637 fit,
1327 2597 1397 2630 Lex
1413 2597 1614 2629 obscuritatis
1629 2605 1787 2638 arguatur.

995 2642 1067 2681 Ait,
1088 2643 1117 2669 '0
1131 2641 1157 2669 δὲ
1173 2640 1246 2676 τῖμος
1261 2642 1307 2671 τνῖς
1327 2641 1476 2672 θαλάμης.
1524 2638 1571 2670 Ut
1588 2646 1693 2670 autem
1710 2638 1743 2669 in
1758 2637 1820 2678 pri-

954 2694 1004 2716 ma
1020 2682 1153 2725 periodo
1169 2682 1242 2714 Ἐγὼ
1259 2681 1308 2721 μὲν
1321 2684 1354 2712 τὲ
1379 2681 1466 2717 „ispa
1488 2683 1589 2715 aaa&
1613 2679 1767 2719 intelligis
1786 2680 1820 2706 εῖ-

953 2727 984 2763 μὶ
1003 2735 1067 2757 non
1092 2723 1289 2766 expressum,
1313 2723 1355 2756 fic
1378 2724 1411 2760 ,δε
1435 2732 1500 2755 non
1519 2720 1697 2762 express'um
1719 2720 1754 2750 ε’ςὶ
1776 2719 1821 2751 in-

956 2767 1099 2809 telligere
1118 2775 1211 2808 pores
1237 2765 1290 2797 hic
1313 2765 1345 2796 in
1370 2763 1531 2806 sequenti,
1557 2772 1597 2794 eo
1618 2760 1725 2793 sensu:
1752 2760 1819 2803 Ego

954 2810 1068 2851 quidem
1093 2809 1194 2839 mundi
1211 2805 1280 2847 sum
1307 2807 1459 2844 dominus,
1470 2805 1525 2846 sed
1551 2802 1592 2845 est
1616 2803 1686 2836 Lex
1708 2805 1820 2839 marim

956 2850 1039 2892 quasi
1061 2848 1167 2887 dicat,
1190 2847 1236 2880 est
1251 2848 1300 2888 jus
1322 2846 1530 2879 constitutum
1558 2852 1762 2885 receptumve
1783 2843 1823 2875 de

955 2891 1048 2924 rebus
1064 2891 1220 2928 nauticis,
1240 2899 1292 2921 me
1308 2889 1422 2929 igitur,
1446 2889 1590 2928 quamvis
1607 2894 1700 2917 terrae
1716 2885 1821 2917 maris-

956 2943 1016 2975 que
1038 2933 1200 2964 dominum
1218 2955 1227 2970 ,
1259 2931 1298 2962 de
1322 2931 1370 2961 his
1393 2929 1458 2961 noli
1484 2927 1694 2969 interpellare.
1714 2958 1716 2960 ,
1741 2925 1820 2958 Non

956 2975 1127 3016 repetimus
1156 2982 1272 3004 vocem
1304 2972 1388 3004 nuda
1404 2993 1414 3009 ,
1446 2968 1497 3001 sed
1523 2970 1565 3000 ita
1599 2967 1822 3000 constituimus

957 3015 1126 3057 separatam
1151 3013 1339 3046 sententiam
1357 3011 1448 3051 huius
1476 3011 1507 3042 &
1533 3010 1741 3052 praecedentis
1770 3018 1822 3051 pe-

957 3057 1039 3089 riodi
1057 3079 1067 3096 ,
1098 3055 1263 3087 locutione
1297 3062 1359 3085 Dec
1390 3052 1582 3084 inconcinna
1596 3075 1606 3091 ,
1638 3060 1697 3083 nec
1723 3057 1820 3084 torta'.

957 3097 1038 3131 Divi
1064 3105 1168 3128 tamen
1196 3095 1385 3136 Interpretes
1404 3117 1414 3133 ‚
1447 3100 1569 3125 tanturn
1595 3102 1660 3125 non
1689 3101 1822 3133 omnes,

956 3146 1068 3171 contra
1086 3136 1273 3179 scripserunt
1283 3135 1362 3175 ,rati
1381 3134 1505 3167 scilicet
1515 3158 1527 3174 ,
1537 3144 1578 3166 ex
1590 3134 1716 3168 his'nw'
1733 3133 1777 3171 μὲν
1789 3137 1822 3164 «ἕ

958 3182 1048 3220 uirga
1063 3183 1186 3254 κοπιῶ,
1204 3180 1216 3210 ὅ
1230 3179 1244 3218 5
1259 3181 1342 3215 nesae*
1358 3181 1402 3211 τῆς
1416 3178 1551 3211 θαλάσσης
1567 3175 1699 3210 Omnino
1716 3175 1824 3251 effilci,
1859 3195 1864 3198 -

1122 3231 1141 3263 3
1785 3226 1823 3249 *C*
