2008 3436
188 111 259 143 226
483 106 1036 147 CORNELIIVAN

185 185 308 216 vendat.
356 185 453 230 Quod
481 186 512 218 in
543 186 645 218 milite
669 187 889 220 manumissore
912 189 1046 229 primum

186 226 305 266 recepit
324 225 521 258 Constitutio
546 226 623 259 Divi
651 229 777 268 Severi,
802 229 913 261 deinde
931 231 960 261 in
978 231 1046 262 aliis

186 266 332 298 omnious
357 269 544 308 generaliter
567 278 728 310 receptum
751 269 795 301 est
815 280 855 302 ex
885 271 1045 302 Constitu-

187 307 275 338 tione
298 307 458 341 Divorum
485 310 592 342 Severi
617 311 647 342 <Sc
674 311 868 351 Alexandri,
902 313 1046 353 quemad-

184 348 313 381 modum
329 350 501 391 Ulpianus,
532 351 644 382 Paulus
656 375 665 390 ‚
690 352 865 384 Marcellus
883 353 950 384 lia-c
967 353 1045 384 rese-

184 397 277 429 rurit,
301 390 331 422 ὅ(
350 401 391 423 ex
409 392 455 423 his
483 392 670 433 justinianus
686 393 718 424 in
728 400 777 434 pr.
801 395 829 424 cl.
853 394 874 425 l.
903 403 929 425 1.
957 395 989 425 C:
1013 395 1046 424 cle

188 431 294 463 Comm.
311 431 393 472 serv.
417 444 546 465 manum.

226 472 333 513 Atque
352 474 420 506 haec
435 474 526 515 prisci
544 476 603 506 aevi
620 475 867 516 Jurisprudentia
884 476 1047 516 CuJ'acium

182 520 292 554 putem
318 515 451 547 movisse
471 539 480 554 ,
514 523 548 546 ut
574 516 775 548 Tritoniano
801 526 944 557 parceret
970 519 1048 548 Com-

183 561 274 586 meizt.
304 556 341 586 ad
374 557 414 588 L.
434 557 471 588 V.
505 556 629 597 Juliani
646 567 682 588 ex
701 557 830 589 Minnio
847 559 878 590 in
902 558 930 589 h.
954 559 974 590 l.
995 568 1047 600 30.

183 595 263 627 &ad
289 596 328 628 L.
348 597 409 629 XI.
434 597 570 637 Relpwff.
605 598 771 637 Papiniani
787 599 818 630 in
841 600 871 631 d.
894 600 915 630 l.
938 609 986 636 29.
1004 599 1044 640 ff.

181 637 214 667 de
243 637 368 678 Except.
394 640 436 669 rei
455 640 551 680 judic.
582 639 750 679 utrobique
767 638 874 671 censet:
891 640 1045 682 primum,

181 687 239 708 nec
256 678 308 709 abs
329 688 380 715 re,
405 680 485 710 inter
503 686 626 710 veteres
640 679 721 719 Juris
737 679 961 719 Austoresnon
974 690 1048 712 con-

182 718 301 750 venisse
319 720 356 750 de
369 729 427 757 eo,
453 719 506 760 qui
522 729 563 753 cx
581 728 669 760 parte
696 719 802 752 servus
820 745 829 760 ‚
851 731 890 753 ex
907 730 995 762 parte
1012 722 1047 753 li-

184 759 239 790 ber
271 759 355 790 esl'ct.
403 760 526 792 Deinde
555 762 641 792 addit
661 785 670 801 ,
701 761 884 794 Sabinianos
902 785 912 801 ‚
948 763 1047 803 ipsum

180 809 292 841 nempe
310 800 473 840 Sabinum,
505 801 656 842 Caffium,
692 803 883 842 Minicium,
909 804 937 835 δε
953 804 1048 835 etiam

180 841 336 881 Julianum
360 841 441 883 (qui
459 842 556 874 stabat
583 853 599 874 a
620 843 763 884 partibus
781 845 1045 886 Sabinianorum)

182 882 368 913 existimasse
385 906 394 921 ,
428 883 449 915 si
476 884 573 915 homo
601 894 664 916 uno
687 885 806 925 judicio
827 886 922 924 liber,
946 886 1048 917 altero

181 921 288 954 servus
305 923 460 963 judicatus
479 924 573 964 esset,
599 926 713 958 x'iCtori
731 926 861 958 domino
878 937 918 958 ex
936 926 996 958 asl‘e
1016 927 1047 958 in

181 963 368 996 servitutem
393 965 454 997 esse
479 966 702 1006 addicendum;
727 966 949 1008 Proculejanos
969 977 1047 999 vero

181 1004 386 1046 existimasse,
410 1006 570 1039 hominem
588 1008 678 1040 illum
697 1018 738 1039 ex
753 1009 850 1040 altera
865 1018 952 1050 parte
970 1009 1045 1040 libe-

180 1055 268 1086 rum,
299 1055 340 1079 ex
364 1048 462 1080 altera
479 1047 602 1080 servum
619 1049 700 1089 esse,
723 1050 808 1091 quod
826 1060 931 1082 autem
945 1049 1044 1092 sequi-

180 1095 232 1120 tur
257 1089 289 1120 in
310 1089 384 1130 verſs
416 1090 591 1121 Commodius
617 1090 649 1122 id
669 1091 730 1131 jam
748 1101 812 1123 non
827 1091 1014 1123 Triboniani
1035 1115 1044 1131 ,

180 1128 233 1162 sed
251 1130 402 1162 Marcelli
420 1131 458 1162 ad
473 1131 630 1171 Julianum
645 1141 755 1164 notam
770 1132 850 1171 effe3
874 1143 946 1164 cum
963 1134 1047 1174 quod

181 1171 214 1203 in
230 1169 404 1212 quaestione
419 1172 459 1203 de
476 1168 567 1204 servo
585 1173 766 1212 communi,
784 1174 822 1205 ab
840 1183 904 1206 uno
920 1184 960 1205 ex
968 1175 1045 1206 duo-

181 1214 241 1245 bus
263 1211 450 1244 manumisso
466 1236 476 1252 ‚
509 1213 540 1244 id
567 1213 668 1255 ipsum
684 1214 877 1247 Marcellum
896 1215 933 1246 ad
952 1216 1046 1255 Julia-

181 1262 258 1287 num
283 1253 443 1286 adnotasse
469 1254 568 1295 palam
599 1254 742 1286 adfirmet
775 1255 797 1287 l.
827 1265 853 1287 1.
885 1262 931 1296 pr.
959 1257 991 1288 C.
1012 1258 1046 1288 de

183 1295 292 1326 Comm.
313 1294 394 1335 serv.
424 1305 551 1326 mamam.
575 1302 642 1326 tum
658 1296 743 1336 quod
761 1296 935 1329 Marcellus
952 1298 1047 1329 etiam

183 1335 259 1367 alias
276 1345 335 1376 pro
351 1336 470 1377 integra
488 1336 633 1368 libertate
647 1335 863 1378 responderit,
888 1346 923 1370 ut
931 1339 1045 1378 docet,

183 1385 255 1418 quae
274 1378 422 1409 Marcelli
438 1375 504 1415 est,
528 1378 549 1408 l.
570 1382 617 1409 16.
632 1377 672 1418 ff.
694 1380 732 1409 ad
758 1379 814 1410 SC.
828 1380 925 1412 Silam.
948 1381 979 1412 dc
1002 1390 1046 1411 et-

182 1419 263 1457 iam,
288 1419 431 1459 quamvis
446 1418 572 1459 Ulpiani
590 1419 650 1456 fit,
674 1420 693 1450 l.
715 1424 761 1454 18.
783 1426 830 1460 pr.
843 1421 884 1463 ff.
898 1423 931 1452 de
950 1422 1045 1464 Vulg.

184 1458 463 1500 &pupilhfiabstit-
484 1469 554 1492 nam
574 1460 689 1499 verba,
714 1470 812 1501 QUOD
831 1472 859 1494 sr
881 1471 1001 1504 NEQUE
1025 1471 1048 1495 A

183 1508 317 1539 rA‘rRE,
339 1500 377 1531 ad
391 1500 486 1534 finem
498 1502 598 1542 princ.
618 1502 649 1534 in
669 1503 697 1533 d.
722 1503 744 1533 l.
770 1507 817 1536 18.
843 1503 908 1545 ipse
923 1505 978 1536 ilie
987 1504 1049 1537 Cu-

184 1541 282 1581 iacius
310 1540 468 1574 existimat
485 1567 495 1582 ,
524 1542 586 1574 esse
610 1552 735 1584 quoque
748 1553 788 1575 ex
804 1552 881 1577 nota
899 1546 1048 1578 Marcelli

183 1583 221 1614 ad
239 1582 418 1622 julianum,
442 1583 484 1615 ibi
503 1584 682 1624 laudatum,
706 1583 777 1624 sed,
801 1595 838 1618 ut
854 1587 886 1619 in
908 1587 938 1619 h.
958 1587 978 1619 l.
996 1597 1047 1629 30.

184 1623 345 1664 suppress'o
371 1625 520 1657 Marcelli
541 1626 687 1665 nomin03
721 1628 982 1667 quemadmodum
996 1639 1049 1660 va-

184 1665 239 1698 riis
261 1664 341 1697 locis
363 1666 511 1698 Marcelli
533 1675 626 1699 notas
649 1667 760 1699 tacitas
785 1667 898 1708 Juliani
924 1668 1050 1710 scriptis

184 1705 308 1739 misceri
330 1707 411 1739 idem
428 1707 577 1748 Cujacius
592 1709 701 1740 auu-or
715 1709 760 1741 est
777 1709 810 1742 in
826 1711 932 1742 Parcit.
941 1711 977 1742 ad
989 1711 1048 1743 Tit.

187 1748 221 1780 C.
246 1748 280 1780 de
302 1748 410 1779 Comm.
425 1748 508 1789 serv.
533 1759 661 1783 manum.

227 1787 325 1833 Quod
342 1790 457 1821 attinet
475 1791 512 1822 ad
529 1791 596 1822 haec
613 1791 752 1832 Cujacii,
785 1794 868 1826 reste
884 1795 938 1826 ille
952 1794 1051 1826 efficit

182 1840 226 1862 ex
245 1840 275 1862 m.
310 1831 329 1862 l.
351 1841 402 1872 30.
434 1830 620 1864 sententiam
648 1833 774 1873 Sabini,
799 1835 889 1867 Caffii
906 1837 936 1868 dc
952 1837 1051 1868 Mini-

183 1873 230 1903 cii
254 1871 319 1913 (de
334 1872 459 1912 Juliano
477 1873 580 1904 adhuc
599 1873 754 1917 subsisto)
777 1876 816 1908 de
841 1877 932 1908 servo
953 1877 984 1909 in
1003 1887 1050 1915 ea,

184 1923 257 1954 quae
283 1913 328 1944 ibi
351 1913 501 1945 traCtatur
514 1937 525 1953 ,
556 1913 660 1956 specie
681 1925 721 1947 ex
741 1916 803 1948 asse
820 1918 851 1950 in
867 1917 1051 1950 servitutem

184 1954 353 1993 ducendo,
375 1954 444 1986 aliis
462 1954 544 1994 Juris
559 1956 749 1990 Auctoribus
767 1957 979 2000 displicuisse,
1001 1958 1053 1991 sed

187 2005 226 2028 an
245 1995 442 2034 Proculejani
461 1995 674 2037 diss'enserint,
686 2007 822 2040 excepto
840 2001 976 2041 partium
992 2000 1052 2036 stu-

184 2036 261 2074 dio,
285 2036 364 2067 nihil
380 2037 443 2074 est,
467 2046 507 2068 ex
524 2047 587 2079 quo
607 2040 786 2079 conjectura
801 2042 870 2083 capi
885 2043 988 2082 poffit.
1013 2041 1053 2073 11-

189 2077 213 2109 li
231 2077 368 2117 partium
385 2076 487 2108 studio
504 2078 572 2110 fere
592 2080 725 2112 nimium
749 2081 829 2114 solet
846 2083 961 2123 tribui,
982 2092 1055 2115 cum

185 2117 379 2150 vei-iffimum
420 2117 458 2149 fit
479 2142 489 2158 ,
522 2121 605 2160 quod
635 2121 674 2152 de
698 2122 828 2155 diversae
855 2124 886 2156 δι
917 2124 1055 2164 ejusdem

183 2168 316 2200 quoque
333 2158 458 2190 Schoiae
476 2159 667 2193 Auum-ibus
683 2163 960 2205 dixit&pr0bavit
969 2166 1055 2197 Mer-

189 2201 294 2232 cerius
311 2199 342 2231 in
362 2200 552 2232 Conciliatore
570 2208 602 2242 p.
619 2213 659 2235 m-
687 2213 757 2245 125.
777 2205 813 2240 &³
824 2206 906 2248 seqq.
952 2206 1055 2248 Neque

192 2248 291 2273 tamen
300 2240 416 2282 semper
438 2251 458 2272 a
474 2242 509 2283 ste
526 2244 655 2276 invicem
671 2245 895 2286 discreparant,
917 2257 1057 2279 convene-

191 2293 222 2315 re
245 2284 278 2313 in
301 2281 445 2322 plurihw.
490 2284 600 2316 Contra
644 2287 676 2316 ui
702 2287 829 2329 ejusdem
864 2289 970 2320 Scholae
987 2289 1056 2329 fue-

189 2329 281 2362 runt,
305 2321 452 2364 diffensere
469 2325 503 2355 in
520 2327 678 2358 nonnulis.
725 2327 822 2370 Quod
840 2338 1057 2372 argumentum

189 2365 286 2396 etiam
304 2364 356 2395 alii
395 2365 529 2398 rolixius
546 2366 711 2408 exsequuti
739 2372 820 2403 sunt.
902 2371 1022 2402 uinimo
1036 2371 1059 2404 fi

193 2405 245 2436 ve]
264 2404 368 2436 Procu
382 2406 462 2450 ejani
484 2407 517 2440 in
540 2408 598 2440 hac
614 2407 717 2450 specie
732 2410 927 2444 diffensermt
943 2422 960 2443 a
974 2413 1059 2446 Sabi-

189 2446 290 2478 nianis
309 2468 318 2484 ,
357 2447 436 2478 nihil
462 2447 524 2486 est,
554 2450 636 2481 unde
658 2450 728 2482 sciri
801 2453 866 2492 siit,
891 2453 964 2485 illos
981 2455 1059 2485 adeo

192 2485 287 2519 fuisse
301 2485 454 2519 ridiculos
469 2512 480 2527 ,
511 2491 595 2529 quod
621 2500 725 2524 tamen
772 2494 889 2534 ujacius
909 2495 1057 2535 putabat,

192 2537 230 2559 ut
257 2526 371 2559 statum
397 2526 478 2573 servi
500 2530 672 2564 divisissent
697 2534 728 2565 in
745 2542 848 2574 partes
863 2535 917 2567 fibi
935 2544 1059 2568 contra-

192 2569 270 2608 rias,
301 2575 394 2609 atque
418 2578 462 2600 ita
478 2593 488 2609 ,
524 2579 636 2604 contra
656 2582 706 2605 tot
731 2575 789 2606 alia
806 2575 888 2615 Juris
904 2576 1029 2608 decreta
1048 2598 1060 2614 ,

195 2620 265 2651 quae
287 2609 377 2682 suffra
395 2612 586 2651 memoravi,
611 2613 769 2647 hominem
787 2625 846 2656 pro
862 2617 979 2649 sernisse
988 2627 1059 2659 pro-

196 2651 310 2683 nuncia
337 2656 392 2682 ent
419 2651 550 2684 liberum
567 2675 577 2692 ,
610 2663 668 2694 pro
693 2656 756 2687 alio
775 2657 892 2689 serniss'e
909 2658 1031 2690 servum
1048 2682 1058 2697 ‚

196 2701 267 2766 puae
295 2701 379 2723 mera
401 2692 478 2724 esset
499 2694 616 2727 ἁπιφοά.
659 2696 719 2728 Sed
745 2698 892 2738 quicquid
925 2699 991 2739 ejus
1014 2701 1059 2731 rei

211 2741 236 2765 it
252 2756 262 2772 ,
287 2731 391 2765 nostra
407 2734 487 2765 nihil
507 2733 661 2776 referret,
686 2739 782 2769 modo
805 2739 860 2770 illa
875 2739 976 2772 finalis
1005 2743 1059 2769 σπη’-

197 2787 284 2808 naon
301 2774 334 2806 in
349 2774 423 2815 vevss
443 2774 638 2814 Commodius,
659 2777 697 2810 fit
713 2779 881 2819 Marcelli,
906 2790 968 2812 non
984 2781 1058 2813 Tri-

197 2815 327 2847 boniani
353 2814 518 2848 scholium.
564 2816 616 2848 Ne
637 2826 669 2850 at
695 2828 772 2850 vero
796 2820 827 2851 id
843 2820 926 2852 reete
938 2821 1001 2853 dici
1018 2823 1057 2855 E-

199 2856 334 2887 mundus
358 2856 521 2889 Merillius
552 2858 593 2890 L.
634 2884 641 2891 .
668 2859 812 2892 Variam.
829 2871 866 2892 ex
884 2862 1001 2904 Cujacio
1026 2864 1058 2895 C.

200 2908 219 2936 4
244 2921 251 2928 .
277 2897 334 2928 hac
352 2905 412 2928 una
425 2899 564 2938 ratione,
588 2900 673 2940 quod
686 2901 859 2934 Marcellus
879 2911 969 2937 notas
987 2903 1058 2934 scri-

201 2907 296 2975 pserit
314 2937 351 2968 ad
368 2937 473 2969 Libros
489 2939 534 2971 Di
557 2939 677 2981 estorum
703 2941 826 2983 Juliani
837 2966 848 2982 ,
869 2953 932 2975 non
948 2944 985 2975 ad
1006 2945 1060 2975 Li-

202 2980 264 3008 bros
287 2977 409 3017 Juliani
432 2989 470 3010 ex
497 2980 523 3011 Ji
539 2983 626 3012 micio
645 3004 657 3020 ‚
685 2992 728 3015 ex
747 2984 859 3024 quibus
876 2983 1059 3026 transcripta

203 3017 247 3048 eil:
270 3019 341 3065 css..
362 3029 415 3065 30:
461 3020 549 3065 Unde
566 3023 620 3054 ille
634 3025 812 3066 proclivior
830 3025 875 3057 est
892 3026 922 3057 in
941 3027 1057 3058 emble-

203 3065 252 3088 ma
288 3058 467 3103 lribomani
486 3085 496 3100 ,
554 3073 622 3094 uam
646 3065 678 3097 in
696 3072 803 3097 notam
821 3066 980 3101 Marcelli.
1025 3068 1058 3099 Si

202 3097 268 3142 liaec
291 3106 371 3142 ratio
396 3110 459 3132 non
482 3072 638 3144 obstaret,
669 3115 710 3137 ex
724 3107 917 3139 variantibus
937 3107 1058 3148 CuJacii

205 3140 365 3182 iententus
382 3139 450 3185 haee
466 3142 505 3173 de
521 3151 597 3176 nota
607 3146 753 3178 Marcelli
767 3148 818 3179 vel
836 3149 907 3180 ideo
922 3159 984 3181 non
1002 3150 1060 3181 dis-

202 3177 335 3221 pliceret
351 3177 495 3215 Meullio
507 3205 516 3221 ‚
535 3186 620 3225 quod
637 3188 813 3222 Marcellus
829 3189 926 3225 fucrit
939 3190 1056 3226 Procu-

1083 105 1676 150 BYNKERSHOEK

1090 190 1225 229 ieiunus,
1257 198 1350 231 atque
1377 191 1454 223 adeo
1480 192 1505 223 is
1530 191 1625 224 facile
1645 194 1723 225 lianc
1740 202 1846 226 notam
1865 192 1946 230 Sabe

1089 233 1251 263 nianorum
1272 231 1432 264 sententia:
1450 232 1559 264 fuisset
1590 235 1793 276 appositurus.
1839 237 1921 269 Bene
1935 260 1947 278 ‚

1090 273 1185 304 modo
1207 273 1331 304 aliunde
1352 273 1508 305 constaret
1525 298 1533 312 ,
1555 274 1778 316 Proculcjanos
1796 287 1854 318 pro
1872 279 1948 311 inte-

1088 323 1142 355 gra
1168 313 1311 345 libertate
1340 315 1576 354 pronunciasse,
1608 316 1629 348 si
1648 315 1752 348 servus
1770 326 1886 359 partem
1903 319 1948 352 sui

1089 354 1264 386 redemisset
1281 356 1403 395 pretio,
1427 356 1510 396 quod
1526 366 1617 398 negat
1638 357 1800 398 Cujaciils‚
1826 360 1855 391 δε
1873 361 1948 392 mibi

1090 405 1154 427 non
1182 396 1299 435 liquere
1323 398 1475 436 profiteor
1496 407 1505 436 ;
1539 399 1568 430 &
1590 399 1689 437 bene,
1716 400 1811 431 modo
1834 410 1851 431 a
1872 401 1950 434 festa

1090 436 1367 476 Proculcjanorum
1393 436 1511 469 steterit
1536 439 1729 478 Marcellus,
1753 450 1822 472 nam
1839 441 1948 474 Caffia-

1090 478 1138 508 nis
1154 487 1224 508 eum
1244 478 1424 510 adnumerat
1440 479 1627 512 Ber-trandus
1655 481 1686 512 in
1706 482 1861 514 Marcello.
1906 483 1949 516 0-

1091 520 1150 550 1ius
1168 517 1219 549 seu
1238 519 1345 558 potius
1363 520 1458 551 Orius
1477 525 1514 552 αιί
1533 521 1701 554 liserillium
1719 523 1875 564 Dispunst.
1896 532 1949 564 45.

1091 560 1121 589 in
1142 566 1247 590 notam
1268 560 1414 592 Marcelli
1438 561 1513 593 essct
1530 564 1677 604 pronior,
1698 565 1841 604 quamvis
1856 566 1950 596 ratio-

1090 610 1129 631 ne
1148 600 1281 631 Merillii
1300 610 1363 633 non
1380 601 1533 643 refutata,
1558 614 1655 644 porro
1672 605 1805 646 addens,
1829 605 1896 637 rudi
1908 605 1949 637 sa*

1091 642 1131 672 tis
1156 640 1334 681 Themide,
1366 643 1445 675 nihil
1471 644 1634 684 interess‘e,
1658 655 1762 678 utrum
1781 645 1951 679 clausulam

1090 682 1213 714 finalem
1238 682 1270 713 in
1299 684 1328 714 ci.
1360 684 1379 714 l.
1412 694 1462 725 30.
1492 685 1631 718 dicamus
1661 687 1721 718 esse
1735 699 1775 720 ex
1799 688 1952 721 Marcelli

1090 730 1181 762 nota,
1205 733 1242 754 an
1262 733 1340 755 vero
1357 734 1396 756 ex
1412 726 1584 765 adjectione
1599 727 1799 762 Triboniani.

1132 765 1225 795 Salva
1252 773 1299 795 res
1320 765 1396 797 ess'et
1413 790 1421 804 ,
1455 766 1476 798 si
1500 767 1529 799 ὅς
1554 768 1644 800 nobis
1669 769 1779 802 liceret
1800 780 1858 811 pro
1875 779 1952 804 nota

1092 805 1241 837 Marcelli
1260 804 1313 836 res
1329 807 1462 845 ondere,
1488 808 1529 840 fic
1547 809 1628 840 enim
1651 810 1767 843 abesset
1780 811 1951 844 Tribonia-

1091 847 1122 877 ni
1142 856 1257 877 manus.
1304 848 1474 879 'nterccdit
1491 850 1669 891 Merillius,
1689 853 1762 893 quia
1778 852 1952 885 Marcellus
1974 856 1977 858 '

1091 896 1183 919 notas
1198 886 1317 928 scripsit
1337 891 1375 920 ad
1395 889 1518 930 Juliani
1535 890 1681 935 Digesta,
1707 903 1769 925 non
1788 893 1826 924 ad
1846 893 1952 925 Libros
1986 919 1987 925 ,

1090 939 1126 959 ex
1145 929 1283 960 illiizz'cio.
1330 930 1389 962 Sed
1407 931 1476 971 quis
1505 939 1578 963 tuto
1597 935 1735 974 dixerit,
1759 935 1951 968 Marcellum

1089 980 1153 1004 non
1172 970 1265 1002 etiam
1286 979 1378 1003 notas
1397 970 1543 1013 scripfiffe
1568 974 1605 1006 ad
1621 976 1769 1016 pleraque
1783 975 1897 1016 Juliani
1916 985 1951 1008 o-

1089 1020 1179 1052 pera,
1204 1020 1276 1042 cum
1293 1012 1325 1043 in
1341 1022 1380 1043 eo
1396 1014 1536 1045 notando
1548 1013 1645 1048 fuerit
1664 1017 1822 1049 assiduus?
1844 1017 1956 1059 utiquo

1090 1052 1171 1093 saepe
1195 1052 1326 1094 legimus
1341 1077 1351 1093 ,
1382 1053 1537 1094 julianum
1567 1066 1583 1087 a
1602 1058 1761 1089 Marcello
1778 1064 1922 1090 notatum
1939 1081 1953 1098 ,

1090 1092 1202 1125 omisso
1219 1103 1313 1136 opere
1325 1119 1334 1134 ,
1360 1104 1399 1126 ex
1419 1104 1482 1136 quo
1498 1103 1574 1128 nota
1588 1098 1750 1140 desumpta
1768 1099 1825 1131 est.
1855 1099 1952 1140 Scio,

1090 1144 1126 1166 ut
1141 1135 1202 1166 hoc
1221 1136 1315 1166 etiam
1331 1136 1436 1168 addam
1449 1160 1459 1176 ,
1484 1140 1627 1179 quamvis
1646 1150 1663 1171 a
1679 1141 1829 1173 Merillio
1843 1149 1954 1182 praete·

1090 1177 1209 1216 ritum,
1234 1177 1264 1208 in
1289 1177 1308 1207 l.
1337 1186 1362 1208 1.
1382 1184 1428 1218 pr.
1458 1179 1489 1210 C.
1514 1180 1547 1210 de
1572 1181 1808 1223 Commun.serv.
1823 1192 1952 1214 manum.

1091 1217 1257 1249 memorari
1273 1224 1380 1249 notam
1400 1219 1566 1260 Marcelli,
1592 1223 1622 1254 δι
1635 1223 1822 1255 nominatim
1839 1224 1877 1255 ad
1893 1223 1954 1255 Di-

1089 1256 1171 1301 gesta
1197 1258 1321 1298 Juliani
1338 1283 1348 1298 ,
1379 1258 1431 1291 sed
1456 1260 1518 1299 ibi,
1550 1269 1586 1293 ut
1604 1262 1694 1304 supra
1707 1264 1866 1303 dicebam,
1886 1273 1954 1297 non

1090 1300 1195 1331 eadem
1221 1299 1339 1340 species
1369 1301 1518 1333 trastatur
1532 1324 1543 1340 ,
1574 1313 1644 1345 quae
1669 1303 1714 1336 est
1734 1305 1766 1337 in
1796 1306 1824 1337 h.
1857 1306 1878 1337 l.
1899 1315 1953 1347 30.
1992 1327 1993 1330 =

1090 1341 1199 1382 thue
1215 1340 1259 1372 ita
1274 1341 1393 1382 duplex
1413 1343 1559 1376 Marcelli
1584 1352 1661 1376 nota
1679 1345 1740 1377 esse
1756 1347 1898 1388 potuerit
1916 1347 1954 1380 ad

1090 1381 1211 1414 diversa
1235 1381 1348 1422 Juliani
1369 1384 1475 1425 Opera
1490 1406 1501 1422 ,
1533 1385 1564 1417 in
1582 1386 1684 1428 specie
1701 1396 1802 1429 neque
1815 1388 1922 1419 eadem
1941 1412 1955 1430 ,
1999 1413 2003 1418 .

1090 1433 1191 1465 neque
1222 1422 1347 1464 prorsus
1376 1426 1484 1457 aliena.
1531 1426 1645 1469 Neque
1671 1428 1785 1468 vide0‚
1813 1438 1871 1460 cur
1885 1429 1956 1461 haec

1090 1474 1155 1496 non
1180 1465 1305 1496 valeant
1322 1488 1333 1505 ,
1360 1466 1416 1499 nifi
1441 1467 1498 1506 fit,
1525 1469 1577 1509 qui
1591 1469 1723 1510 probet,
1743 1470 1899 1510 Julianum
1920 1472 1955 1502 in

1091 1504 1226 1549 Digestis
1243 1506 1395 1539 duntaxat
1411 1517 1428 1539 a
1445 1508 1604 1543 Marcello
1619 1510 1859 1552 reprehensum,
1876 1511 1909 1544 in
1922 1522 1953 1544 a·

1091 1548 1142 1579 liis
1162 1547 1320 1589 Operibus
1337 1559 1401 1581 non
1418 1549 1524 1582 etiam.
1958 1582 1961 1584 .

1133 1588 1194 1620 Sed
1220 1589 1273 1621 vel
1299 1589 1340 1622 sic
1361 1591 1461 1622 nolim
1484 1592 1671 1635 respondere
1696 1603 1755 1635 pro
1774 1602 1851 1628 nota
1867 1596 1955 1628 Mar-

1093 1630 1168 1661 celli
1185 1630 1217 1661 in
1238 1631 1265 1662 h.
1291 1631 1312 1663 l.
1334 1642 1384 1674 30.
1429 1633 1523 1674 Scin,
1547 1635 1621 1676 quid
1639 1643 1688 1667 me
1704 1638 1957 1669 moveatincon-

1091 1672 1247 1704 trarium?
1270 1675 1355 1714 quod
1373 1683 1485 1715 nempe
1504 1676 1557 1708 illa
1571 1676 1721 1709 Marcelli
1741 1685 1819 1710 nota
1833 1681 1916 1714 κεῖται
1929 1679 1958 1708 0⁸·

1092 1715 1252 1748 ἀποκρύφοις
1266 1737 1276 1754 ,
1304 1725 1375 1747 nam
1405 1715 1482 1748 scire
1504 1718 1600 1749 velim
1612 1741 1622 1757 ,
1646 1719 1729 1750 unde
1745 1720 1812 1752 erui
1827 1719 1920 1761 poss'it
1937 1720 1958 1756 ’ζ

1094 1754 1252 1786 Observat
1277 1757 1400 1798 quidem
1431 1757 1598 1798 Cujacius,
1631 1767 1667 1791 ut
1685 1760 1775 1802 supra
1790 1761 1957 1803 dicebam,

1092 1796 1205 1836 Juliani
1223 1795 1346 1839 scriptis
1359 1797 1482 1831 misceri
1499 1800 1646 1832 Marcelli
1662 1809 1772 1842 notas,
1794 1803 1825 1835 &
1841 1802 1884 1834 sic
1892 1801 1956 1842 est,

1095 1837 1146 1869 sed
1175 1838 1337 1880 utriusque
1359 1840 1489 1872 nornine
1513 1840 1680 1883 adscripto.
1735 1843 1832 1889 Quod
1852 1851 1959 1876 autern

1094 1878 1179 1910 addit
1203 1879 1241 1910 de
1267 1881 1405 1913 occultis
1425 1882 1574 1915 Marcelli
1594 1884 1700 1922 notis,
1725 1885 1847 1925 qualem
1865 1891 1959 1925 putat

1095 1921 1192 1952 latere
1208 1920 1239 1951 in
1263 1922 1284 1954 i.
1310 1927 1357 1957 18.
1378 1928 1426 1963 pr.
1445 1922 1485 1964 ff.
1511 1925 1544 1955 de
1569 1924 1664 1967 Vulg.
1686 1924 1723 1960 &⁹
1741 1926 1849 1966 pupill.
1861 1923 1955 1968 subst.

1094 1962 1134 1992 de
1151 1970 1191 1992 eo
1207 1962 1283 1994 milii
1301 1964 1379 1995 nihil
1397 1965 1562 2006 quicquam
1576 1965 1708 1998 constat.
1754 1966 1865 1999 Davus
1879 1966 1957 2007 sum,

1096 2012 1160 2034 non
1187 2003 1339 2046 Oedipus.
1395 2005 1430 2037 In
1461 2007 1488 2038 d.
1513 2007 1533 2038 l.
1563 2012 1608 2042 18.
1630 2013 1678 2048 pr.
1702 2007 1821 2048 verba,
1843 2009 1914 2050 quod
1929 2006 1960 2048 fi

1095 2054 1186 2085 neque
1210 2045 1269 2077 &c.
1294 2046 1330 2077 ad
1343 2046 1512 2086 Ulpianum
1527 2048 1603 2080 mihi
1621 2048 1782 2081 referenda
1796 2050 1956 2090 videntur,

1098 2086 1164 2125 ejus
1181 2086 1297 2127 quippe
1314 2087 1366 2118 lex
1383 2087 1445 2126 est,
1470 2096 1505 2120 ut
1521 2088 1686 2130 inscriptio
1697 2090 1815 2123 indicat
1826 2092 1956 2132 ,ὄψι-ον

1098 2127 1169 2158 inde
1186 2128 1251 2167 ejus
1266 2137 1405 2169 quoque,
1419 2129 1440 2161 fi
1456 2139 1519 2161 non
1540 2131 1727 2164 mentiamur
1737 2155 1746 2171 ‚
1756 2131 1827 2164 sunt
1841 2132 1958 2172 omnia,

1099 2177 1170 2209 quae
1187 2170 1224 2198 ab
1241 2168 1307 2210 ips'o
1328 2170 1396 2202 aliis
1415 2170 1594 2203 trucioribus
1610 2173 1796 2205 nominatim
1814 2182 1878 2205 non
1890 2172 1961 2213 sunt

1099 2208 1262 2250 adscripta.
1294 2209 1390 2250 Quod
1409 2210 1430 2242 fi
1446 2212 1567 2252 placeat
1582 2213 1770 2253 defendere,
1792 2215 1823 2248 δι
1840 2214 1960 2247 senten-

1100 2250 1175 2281 tiam
1200 2252 1231 2282 in
1253 2252 1327 2293 vers}
1351 2252 1462 2293 quodsi
1480 2263 1586 2296 neque,
1613 2255 1643 2287 ὅ(
1665 2255 1718 2286 hic
1734 2256 1766 2288 in
1783 2256 1857 2298 veis.
1881 2256 1960 2288 Com-

1098 2292 1208 2322 modius
1217 2314 1229 2330 ,
1250 2293 1381 2324 omnino
1396 2293 1457 2325 esse
1473 2304 1512 2326 ex
1530 2296 1757 2337 aliqquuliani
1774 2296 1959 2338 Scholiaste,

1099 2336 1302 2374 quamobrem
1327 2334 1468 2368 dicemus
1485 2359 1495 2375 ‚
1526 2337 1593 2369 haec
1609 2337 1716 2378 potius
1735 2337 1894 2370 Marcello
1909 2337 1960 2369 de-

1099 2374 1188 2412 beri,
1218 2384 1310 2415 quam
1332 2375 1506 2416 Scaevolae,
1532 2388 1623 2419 quum
1646 2377 1763 2417 Paulo,
1787 2387 1859 2411 cum
1878 2386 1962 2410 uten-

1099 2424 1160 2456 que
1176 2416 1271 2447 etiam
1289 2416 1325 2447 ad
1342 2415 1498 2455 julianum
1518 2417 1693 2460 scripserit,
1704 2426 1739 2450 ut
1752 2419 1866 2460 probat
1876 2419 1896 2452 l.
1911 2429 1959 2452 10.

1098 2456 1129 2497 §.
1157 2465 1184 2489 1.
1200 2457 1241 2499 ff.
1270 2458 1302 2488 de
1333 2457 1429 2490 Peric.
1456 2459 1491 2494 ὅ)
1511 2469 1608 2490 comm.
1631 2461 1675 2490 rei
1696 2461 1783 2491 vend.
1808 2461 1838 2492 ὅ(
1853 2459 1960 2493 inscri-

1099 2497 1170 2538 ptio
1192 2499 1212 2529 l.
1239 2507 1286 2529 11.
1303 2498 1344 2539 ff.
1367 2497 1452 2546 Quod
1469 2506 1535 2532 met.
1557 2500 1633 2542 cans.
1663 2501 1717 2532 Sin
1732 2501 1862 2542 ajas,de
1873 2501 1960 2536 Mar—

1103 2538 1177 2570 celli
1192 2539 1342 2580 opinione
1360 2563 1369 2578 ,
1400 2541 1570 2572 Sabinianis
1598 2542 1777 2580 contraria,
1802 2541 1964 2582 constare,

1104 2579 1135 2610 id
1157 2580 1218 2621 ajes
1235 2602 1246 2618 ‚
1276 2581 1359 2620 quod
1387 2581 1416 2613 in
1440 2580 1542 2622 specie
1562 2583 1591 2614 d.
1615 2583 1636 2614 l.
1660 2593 1709 2625 30.
1736 2582 1781 2616 est
1800 2583 1959 2616 incertiffi-

1103 2629 1208 2659 mum,
1232 2622 1261 2652 (Sc
1276 2630 1383 2662 argues
1402 2621 1583 2654 sententiam
1602 2624 1751 2657 Marcelli
1766 2624 1960 2666 singularem,

1102 2661 1140 2692 de
1154 2661 1299 2693 libertate
1313 2672 1424 2704 nempe
1434 2673 1520 2704 ,qum
1537 2664 1720 2696 servitutem
1736 2665 1809 2699 sube
1833 2666 1874 2705 it,
1887 2672 1960 2698 cum

1102 2711 1137 2732 ea
1157 2703 1305 2734 Marcelli
1324 2702 1481 2736 sinfrularis
1498 2714 1560 2737 non
1577 2704 1692 2745 fucrit,
1718 2716 1788 2738 narn
1852 2706 1959 2749 Ulpia-

1101 2752 1159 2774 nus
1186 2753 1221 2774 ea
1245 2742 1315 2775 usus
1337 2727 1386 2776 esi'
1401 2768 1409 2782 ,
1438 2745 1459 2778 si
1481 2745 1546 2785 ejus
1564 2746 1600 2779 sit
1618 2747 1645 2778 d.
1665 2748 1739 2790 vers.
1762 2747 1848 2796 Quod
1863 2746 1892 2787 fi
1910 2755 1958 2780 ne-

1120 2793 1174 2822 ue,
1198 2785 1228 2816 <Sc
1244 2785 1352 2825 utique
1370 2785 1553 2827 Papinianus
1571 2788 1601 2820 in
1622 2789 1648 2820 d.
1659 2788 1680 2820 l.
1697 2799 1746 2826 29.
1758 2787 1958 2831 infimprine.

1096 2793 1135 2865 ΞΓ.
1160 2826 1194 2856 de
1218 2825 1343 2865 Except.
1363 2829 1406 2858 rei
1423 2829 1517 2870 judic,

1143 2865 1269 2904 Habes,
1300 2875 1356 2901 cur
1380 2868 1410 2899 in
1435 2869 1582 2901 Marcelli
1600 2871 1650 2903 vel
1667 2871 1795 2905 alterius
1811 2873 1959 2920 cujusque

1101 2913 1208 2938 notam
1226 2907 1257 2938 in
1280 2908 1309 2939 d.
1330 2909 1350 2939 l.
1372 2919 1423 2950 30.
1445 2920 1510 2942 non
1528 2911 1581 2943 sim
1598 2912 1752 2945 credulus.
1832 2915 1884 2947 uid
1914 2923 1958 2947 m·

1101 2947 1206 2988 quies,
1232 2955 1308 2978 tunc
1333 2948 1468 2992 superest
1483 2975 1491 2991 ,
1540 2962 1609 2984 uam
1625 2961 1659 2984 ut
1676 2963 1743 2985 eam
1760 2953 1820 2986 Tri
1844 2938 1959 2989 oniano

1100 2987 1252 3021 adscribas
1269 2990 1286 3020 ’.θ
1319 2999 1358 3021 ne
1383 2991 1444 3023 hoc
1466 2993 1517 3032 qui
1541 3002 1590 3025 em
1613 2992 1691 3027 secra
1710 2995 1815 3029 nostra
1830 2997 1955 3039 patitur.

1101 3027 1188 3072 Quid
1212 3029 1363 3062 tandem?
1398 3032 1507 3065 Paucis
1534 3035 1705 3076 expediam.
1751 3035 1806 3069 Est
1824 3039 1893 3071 haec
1909 3033 1958 3070 lex

1100 3079 1150 3115 30.
1175 3079 1215 3101 cx
1236 3070 1358 3110 Juliani
1374 3073 1465 3106 Libro
1485 3075 1524 3107 V.
1548 3086 1585 3106 ex
1609 3076 1759 3115 Minici03
1777 3078 1915 3119 Julianus
1924 3078 1955 3113 in

1101 3111 1164 3143 illis
1187 3111 1288 3145 Libris
1307 3135 1318 3152 ,
1350 3122 1384 3146 ut
1406 3124 1461 3156 par
1484 3123 1568 3156 erat,
1593 3115 1672 3160 saepe
1688 3119 1798 3151 retulit
1810 3119 1904 3153 verba
1925 3118 1955 3151 &t

1101 3152 1269 3184 sententias
1293 3153 1384 3195 ipsius
1404 3157 1556 3198 Minicii,
1588 3157 1689 3201 iisque
1703 3159 1815 3192 deinde
1833 3162 1956 3195 ‘’n-ium·

1101 3193 1184 3225 suam
1202 3195 1339 3234 addidit,
1370 3205 1404 3229 ut
1429 3196 1473 3230 est
1491 3198 1523 3232 in
1546 3198 1566 3232 l.
1587 3202 1638 3232 61.
1658 3199 1698 3242 ff.
1720 3201 1754 3233 de
1775 3201 1836 3234 Rei
1855 3201 1951 3234 vindi-

1891 3247 1952 3273 cat.
