2008 3436
260 106 832 165 QUAEST.JUR18
882 103 1249 149 parvam,

21 203 113 237 etiam
129 198 220 237 aliis,
242 198 295 240 qui
311 195 349 228 ab
365 194 484 227 exteris
503 190 681 226 Provinciis
704 190 887 232 delegantur

20 245 58 278 ad
77 239 277 275 Confiliarios
294 238 450 271 Ordinum
468 235 672 268 Generalium
687 256 696 271 ,
720 232 758 264 ad
777 242 887 265 eorun-

19 287 88 320 dem
118 283 269 315 Rationes
294 281 325 313 &
347 279 494 320 Collegia
512 277 650 315 marina,
678 275 722 307 lar
746 274 808 306 itur
837 274 886 314 jus

19 325 184 362 revocandi
202 323 331 355 domurn
341 343 353 360 ,
369 321 390 353 fi
406 321 503 352 niodo
516 320 547 352 in
562 317 670 350 officio
683 316 722 347 de
738 316 883 356 iquerint.

18 369 104 403 Scire
119 366 213 397 velim
226 387 236 402 ,
252 373 344 406 quam
361 364 403 396 ob
419 361 538 394 causam
549 383 560 399 ,
582 359 604 392 fi
618 367 683 390 non
698 366 765 388 eam
775 366 886 398 ,quam

17 409 82 453 ipse
96 406 245 450 praemisi:
273 405 392 446 Utique
406 405 490 436 enim
509 410 602 434 nemo
625 408 735 431 eorum
761 399 884 430 manda-

20 460 85 486 tum
102 448 218 488 accipit
231 447 284 479 vel
297 447 442 488 accipere
459 441 561 486 potest
578 452 595 474 a
615 440 884 486 Prouincia,quae

19 501 88 525 eum
106 489 197 522 misit.
223 489 359 521 Ordines
375 485 545 519 Generales
560 484 597 516 iis
615 481 790 514 Codicillos
806 492 883 523 prae-

17 535 110 572 hent,
134 540 170 563 ut
189 531 221 563 in
239 530 400 572 partibus,
421 527 475 559 fibi
493 523 707 562 demandatis,
729 532 778 554 res
793 531 885 564 agant

17 573 173 610 Foederati
190 572 290 613 Belgii
311 569 478 602 secundum
499 567 648 604 Formas,
671 565 709 596 ab
723 564 793 605 ipsis
808 575 884 606 quo-

17 624 75 659 que
98 613 270 647 Ordinibus
294 610 501 643 Generalibus
518 609 554 640 iis
574 606 789 649 praescriptas,
813 608 843 638 1&
864 605 885 638 si

19 656 91 701 quid
106 655 328 692 committant,
352 652 562 684 committunt
578 649 607 680 in
626 648 726 690 Leges
743 649 794 679 vel
811 648 833 679 F
836 657 884 678 or-

17 708 80 733 mas
100 697 156 729 fibi
173 696 279 733 datas,
301 704 360 726 nec
386 702 495 724 corum
519 691 686 732 quicquam
709 688 885 731 specialiter

17 740 53 773 ad
70 737 201 779 singulas
218 735 400 768 Provincias
419 735 568 776 pertinet.
617 731 706 763 Unde
732 732 761 763 ἃ
789 730 885 763 Curia

15 783 62 824 Jus
77 778 247 811 revocandi
261 778 408 813 domum,
432 775 516 817 quod
534 773 643 816 largita
658 771 702 804 est
721 771 885 813 Delegatis

17 822 53 856 ad
79 820 214 853 Ordines
239 818 432 856 Gener-ales,
467 826 528 848 non
557 813 627 846 ausa
651 813 695 846 cst
726 814 885 855 porrigere

16 864 54 897 ad
70 861 165 901 alios,
189 870 268 902 quos
287 860 383 892 modo
401 859 490 900 dixi,
506 857 683 898 Delegatos.
708 855 802 887 Curia
820 855 883 887 sua-

15 905 87 943 det,
110 911 145 935 ut
164 902 303 955 quaedam
325 903 355 933 in
374 902 451 933 hanc
471 909 535 931 rem
551 906 774 935 excutiantur,
798 896 848 929 sed
864 895 885 928 si

15 956 50 979 ea
79 944 269 982 excursetis,
307 942 387 975 nihil
412 941 575 978 invenies,
606 938 660 971 nili
686 939 748 970 hoc
770 948 885 976 unum,

39 987 101 1019 uod
118 995 203 1018 nunc
228 984 399 1027 proferam.
445 982 571 1022 Nempe
597 980 627 1012 in
655 979 683 1021 §.
703 989 756 1024 32.
777 980 885 1011 veteris

42 1039 145 1067 ornae,
191 1036 260 1059 uam
281 1026 416 1058 Ordines
436 1023 609 1055 Generalcs
630 1021 780 1052 dederunt
800 1020 883 1052 Con-

0 1070 134 1106 ,filiariis
182 1069 227 1101 uis
254 1076 301 1099 12.
321 1067 395 1106 Apr.
425 1070 514 1106 1588.
540 1062 598 1104 (4)
622 1070 748 1093 cautum
774 1060 838 1100 est,
863 1060 884 1092 si

37 1112 83 1143 uis
109 1120 148 1143 ex
172 1110 210 1141 iis
231 1107 424 1141 Consiliariis
450 1108 480 1137 in
509 1104 616 1136 officio
637 1102 825 1143 deliquerit,
856 1103 886 1134 ὅ(

14 1121 36 1187 a
57 1153 127 1195 quis
152 1160 193 1182 ex
222 1150 349 1190 primis,
373 1156 408 1179 ut
429 1153 606 1182 vocantur,
631 1142 810 1181 Ministris,
830 1145 885 1174 den

19 1194 194 1233 Tresizurier
212 1189 360 1223 Geizeraal
371 1212 382 1227 ,
394 1188 570 1229 Onrfnger
582 1185 731 1217 Generatzl
744 1209 752 1224 ‚
769 1184 884 1226 thcnal

14 1246 50 1269 en
67 1235 226 1267 Secretaris
237 1255 248 1271 ‚
270 1240 381 1263 eorum
406 1230 536 1268 delicta,
562 1237 616 1268 per
633 1226 886 1268 delegationem,

16 1277 265 1310 examinarentur
289 1274 318 1305 &
340 1272 553 1312 ‘judicarentur
576 1269 614 1300 ab
640 1268 709 1306 his,
741 1269 794 1308 qui
821 1267 883 1299 Ha-

80 1318 217 1350 Comitis
232 1315 280 1355 jus
294 1315 425 1351 dicunt,
452 1314 482 1344 in
501 1320 595 1342 unum
614 1309 795 1350 Collegium
815 1318 885 1340 coa-

50 1361 83 1393 is.
130 1358 227 1404 Quod
246 1357 290 1388 ita
305 1363 461 1388 mutatum
478 1352 524 1384 est
539 1353 569 1383 in
591 1350 619 1393 §.
637 1360 689 1392 40.
713 1360 805 1382 novae
823 1350 885 1382 Eo-

15 1401 145 1435 rundem
166 1399 273 1431 Furmae
297 1401 345 1431 18.
370 1396 430 1436 Jul.
453 1398 545 1435 1651.
566 1393 625 1434 (5)
645 1400 677 1423 ut
693 1401 803 1424 omnes
821 1391 886 1430 illi,

16 1442 40 1478 fi
64 1441 226 1474 accusandi
254 1439 313 1471 sint
348 1437 480 1478 alicujus
510 1434 675 1472 criminis,
717 1433 748 1465 in
778 1433 887 1465 officio

15 1483 188 1521 commiffi,
214 1479 432 1512 accusarentur
457 1476 537 1518 apud
556 1477 740 1516 Supremam
761 1473 888 1506 Curiam

16 1526 82 1567 ejus
105 1524 303 1559 Provinciae,
333 1521 365 1552 in
391 1530 450 1561 qua
471 1519 516 1550 illi
538 1516 737 1554 confilium,
767 1515 806 1547 de
829 1515 887 1547 Re-

16 1567 144 1610 publica
157 1565 274 1602 acturi,
297 1562 492 1594 conveniunt
510 1583 520 1598 ,
545 1567 643 1599 utque
666 1556 774 1589 eadem
793 1556 890 1589 Curia

17 1609 112 1642 etiam
126 1607 280 1648 judicaret
295 1605 334 1635 de
352 1603 460 1645 primis
480 1602 559 1638 illis,
584 1609 661 1640 quos
676 1599 763 1638 dixi,
789 1598 889 1631 Mini-

19 1650 108 1688 stris,
132 1648 176 1681 fin
199 1656 301 1679 autem
327 1643 486 1676 accusatio
509 1641 586 1673 ess'et
613 1639 756 1672 instituta
778 1649 891 1672 contra

18 1692 156 1732 aliquem
173 1699 214 1721 ex
232 1686 448 1724 Consiliariis,
471 1693 504 1716 ut
529 1681 707 1720 accusatio,
729 1682 759 1714 &
779 1680 888 1713 instru-

19 1737 144 1770 menta,
168 1740 207 1763 eo
223 1728 432 1771 pertinentia,
458 1725 744 1757 transmitterentur
765 1723 804 1754 ad
830 1722 889 1755 Or-

18 1774 105 1807 dines
129 1771 328 1808 Provinciae‚
362 1769 463 1806 unde,
493 1767 546 1808 qui
569 1764 731 1797 accusatur
746 1787 757 1803 ,
788 1763 891 1797 missus

20 1814 86 1854 est,
108 1815 139 1847 ὅτ.
155 1813 291 1846 Ordines
315 1818 479 1848 curarent,
503 1810 584 1840 intra
609 1805 660 1838 sex
684 1805 891 1838 hebdomadas

20 1857 64 1892 ibi
82 1854 266 1888 sententiam
282 1853 401 1884 dietum
419 1851 466 1882 iri.
515 1850 562 1881 An
589 1856 716 1886 autem,
739 1848 824 1888 quod
846 1846 889 1878 ibi

20 1898 156 1936 dicitur,
179 1895 336 1938 pertineat
361 1894 398 1924 ad
426 1892 530 1923 omnia
553 1890 704 1928 crimina,
729 1889 761 1922 in
780 1888 890 1920 officio

22 1938 205 2011 comrqilss‘a,
235 1946 274 1968 an
299 1935 336 1967 ad
352 1934 491 1976 quaedam
515 1933 666 1964 duntaxat
682 1953 694 1970 ,
725 1929 889 1972 disputabo

0 2053 2 2055 .
65 2020 121 2054 Est
141 2021 192 2060 id,
211 2020 298 2062 quod
316 2018 437 2051 Formis
455 2017 518 2049 illis
537 2015 686 2048 insertum
701 2013 766 2052 est,
789 2013 890 2046 omni-

21 2074 68 2098 no
83 2063 233 2104 speciale,
260 2063 290 2094 ἀ
307 2060 516 2102 sequendum,
541 2057 611 2098 quia
632 2056 805 2088 Foederatis
823 2055 891 2087 Bel-

25 2106 72 2149 gis
88 2106 132 2137 ita
147 2104 291 2146 placuit,
314 2102 346 2134 in
369 2102 436 2134 aliis
458 2099 622 2140 Delegatis
643 2097 721 2130 nihil
738 2096 892 2137 eiusmodi

23 2146 231 2180 constitutum
248 2144 304 2176 est.
351 2143 393 2177 Et
415 2142 502 2179 sane,
526 2148 663 2181 excepta
690 2139 779 2170 causa
806 2147 890 2169 man-

22 2189 110 2227 dati,
135 2197 205 2228 quae
224 2186 316 2218 unice
334 2185 472 2226 pertinet
488 2183 524 2214 ad
542 2182 677 2214 Ordines
702 2178 890 2218 Gener-ales,

24 2229 177 2273 quicquid
200 2228 232 2259 in
253 2228 362 2259 officio
386 2225 574 2266 delinquunt
600 2222 768 2263 Delegati‚
792 2221 891 2252 delin-

26 2278 128 2314 quunt
144 2277 256 2301 contra
277 2267 518 2308 Rempublicam
544 2264 699 2296 Foederati
716 2263 814 2304 Belgii
827 2285 837 2301 ,
862 2262 892 2294 δε

26 2322 121 2355 quum
137 2311 193 2352 ipii
209 2309 344 2342 Ordines
366 2307 537 2339 Gener-ales
556 2315 594 2338 ex
610 2304 742 2337 Foedere
758 2302 892 2336 Utrech-

17 2363 99 2392 ‚tano
114 2354 162 2394 jus
186 2361 251 2384 non
272 2350 398 2389 dicant,
418 2357 528 2381 eorum
550 2357 614 2379 non
633 2346 697 2385 est,
722 2345 752 2378 se
776 2346 824 2377 his
842 2355 891 2376 ac-

27 2394 242 2428 cusationibus
264 2391 461 2428 immiscere,
483 2389 534 2420 vel
562 2398 616 2420 eos
641 2388 711 2420 aliis
738 2386 891 2419 mandare.

28 2436 116 2482 Quid
136 2434 257 2477 igitur?
286 2443 322 2465 an
351 2442 401 2464 eas
427 2430 579 2472 judicabit
603 2429 788 2467 Provincia,
813 2427 893 2460 unde

27 2478 134 2515 niiffus
154 2476 218 2515 est,
242 2475 292 2515 qui
315 2475 459 2515 deliquit.
504 2472 536 2503 Si
562 2479 612 2502 me
631 2470 752 2508 audias,
777 2470 893 2508 iudica-

29 2520 77 2553 bit
90 2543 100 2557 ,
126 2518 178 2551 sed
201 2517 274 2558 quia
294 2516 326 2548 in
341 2515 485 2547 omnibus
504 2512 646 2549 delitus,
669 2511 721 2552 qui
739 2510 895 2551 deliquit,

28 2561 71 2594 ibi
86 2559 218 2593 retinuit
233 2557 359 2597 forum,
384 2555 469 2597 quod
485 2563 557 2586 ante
574 2552 715 2584 habebat.
761 2552 814 2584 Sin
834 2551 896 2582 hoc

29 2612 145 2645 neges,
166 2609 231 2641 quo
246 2599 314 2639 §ure
340 2608 400 2630 una
422 2596 591 2629 Provincia
614 2593 767 2635 judicabit
787 2593 826 2624 de
843 2592 895 2623 de-

29 2645 110 2679 lictis
127 2667 137 2682 ‚
165 2649 278 2673 eontra
308 2648 409 2672 totam
437 2637 675 2678 Rempublicam
701 2633 895 2666 commistis?

29 2686 101 2728 Ego
116 2692 203 2717 certe
222 2682 288 2722 ejus
302 2682 346 2713 rei
364 2681 520 2712 rationem
543 2688 607 2710 non
633 2676 705 2708 satis
732 2675 903 2718 adsequor..

31 2728 138 2773 Quare
149 2722 318 2756 dicendum
336 2722 523 2759 videbatur,
548 2720 569 2752 ii
592 2720 622 2751 in
644 2718 763 2750 delictis
782 2718 832 2758 jus
849 2726 895 2748 re-

31 2767 167 2801 vocandi
184 2765 313 2796 domum
333 2773 446 2804 neges,
471 2763 562 2795 etiam
590 2760 766 2801 negandum
784 2758 846 2790 ess'e
865 2759 897 2789 in

32 2809 177 2845 deliCtis,
200 2806 231 2837 in
258 2805 368 2836 officio
391 2803 574 2841 commissis,
599 2803 641 2839 fi,
665 2809 700 2833 ut
717 2801 898 2842 plerumque

34 2851 90 2887 fit.
114 2849 152 2881 ad
175 2846 334 2880 laefionem
360 2846 460 2877 totius
485 2845 680 2885 Reipublicae
709 2842 896 2884 pertineant.

36 2891 166 2933 Aequis
185 2897 260 2921 tunc
284 2896 319 2918 ea
342 2886 541 2919 vindicabit?
565 2886 665 2926 judex
693 2884 756 2915 loci
774 2883 902 2921 delicti,

35 2943 105 2966 nam
127 2933 171 2967 is,
205 2939 247 2961 ex
270 2928 424 2960 sententia
450 2928 580 2959 Senatus
611 2925 773 2967 Suprcmi,
809 2924 903 2956 etiam

34 2983 143 3007 eorum
160 2971 388 3012 Delegatorum
407 2969 499 3008 judex
509 2976 693 3008 competens
706 2966 752 2998 est
769 2967 799 2998 in
818 2975 903 2997 com-

38 3016 184 3048 munibus
199 3012 340 3050 dehetis,
364 3012 395 3043 &
415 3020 455 3041 eo
473 3018 559 3041 certe
583 3010 775 3047 delabimur,
801 3006 903 3040 finiui-

40 3067 76 3089 ac
95 3056 262 3098 probatum
286 3053 344 3091 fit,
366 3051 480 3083 aelicta
506 3051 538 3083 in
559 3052 667 3084 officio
690 3050 771 3085 nihil
791 3049 904 3081 habere

39 3097 199 3142 praecipui.

82 3219 144 3257 (4)
164 3218 241 3248 Plac.
259 3218 310 3248 IV.
334 3227 359 3248 1.
383 3225 408 3253 3.
428 3225 457 3255 p.
479 3223 542 3245 120.

91 3269 171 3302 Tom.
195 3268 235 3301 ΙΙ.

1302 105 1388 141 LID.
1406 107 1433 142 1.
1462 107 1499 143 C.
1519 108 1562 144 X.

972 189 1071 232 Igitur
1089 187 1174 229 quod
1196 188 1224 219 d.
1250 185 1276 228 §.
1293 196 1344 227 40.
1370 186 1494 218 Formae
1513 187 1675 220 Consiliar.
1693 186 1790 219 Ordd.

929 231 1046 264 Gener.
1070 229 1191 271 placuit
1205 229 1244 260 de
1260 227 1508 260 transmittendis
1525 230 1585 262 illis
1600 228 1793 262 Consiliariis

928 275 966 306 ad
982 271 1184 306 Provinciam
1210 269 1311 310 suam,
1335 278 1396 310 ego
1419 278 1482 300 non
1509 271 1599 303 ausim
1628 269 1798 304 extendere

929 316 966 348 ad
993 315 1072 347 alios
1097 313 1271 354 Delegatos
1287 334 1298 350 ,
1329 311 1368 342 de
1393 309 1507 352 quibus
1534 312 1612 344 nihil
1642 309 1794 352 ejusmodi

929 356 1138 389 constitutum
1163 355 1228 392 est,
1262 353 1318 385 nisi
1344 362 1385 384 ex
1415 351 1503 384 causa
1530 351 1592 383 fori
1620 351 1793 388 ordinarii,

928 398 1013 439 quod
1033 397 1075 429 ibi
1104 397 1309 428 retinuerunt
1357 393 1489 427 Ordines
1512 402 1637 434 quoquc
1661 392 1792 425 Hollan-

927 442 1004 476 diae,
1029 448 1125 480 quum
1144 438 1174 470 in
1192 437 1222 468 d.
1241 436 1383 468 Decrcto
1396 436 1426 467 ὅ(
1443 434 1556 466 Edicto
1574 445 1603 476 3.
1619 434 1689 465 Oti..
1704 435 1794 471 1656.

928 481 1109 513 Hollundos
1134 478 1225 516 suos,
1249 477 1368 510 etiamsi
1391 476 1580 516 deliquerint
1604 483 1712 506 contra
1732 474 1792 503 Or-

926 523 1014 555 dines
1031 520 1221 560 Generaloe,
1246 519 1320 552 foro
1338 518 1534 551 Hollandico
1557 515 1742 556 subjiciunt,
1758 513 1798 544 de

928 565 965 596 iis
982 562 1147 596 Hollandis
1168 562 1361 603 loquuntur,
1386 560 1439 602 qui
1456 560 1488 591 in
1508 557 1679 590 Hollandia
1703 555 1771 587 sunt
1784 577 1794 593 ‚

929 607 958 638 ἃ
976 605 1019 636 ibi
1037 604 1177 644 Judicem
1196 603 1388 635 ordinarium
1409 602 1530 633 habent.
1579 599 1684 640 Atque
1702 596 1796 628 iidem

928 646 1082 684 Ordines,
1105 654 1187 677 anno
1207 648 1295 686 1637.
1321 652 1356 675 ut
1371 643 1457 685 supra
1476 643 1507 674 C.
1526 639 1613 674 VIII.
1629 638 1794 674 dicebam,

927 698 965 719 ex
988 688 1063 719 loco
1080 686 1232 718 commissi
1248 685 1353 718 delifti
1373 693 1435 716 tres
1452 683 1625 724 Delegatos
1647 681 1685 713 ab
1709 687 1796 711 exte-

927 729 969 760 ris
995 728 1193 767 Provinciis,
1227 727 1344 759 etiamsi
1368 726 1399 758 in
1434 725 1542 757 officio
1566 720 1797 756 Admiralitatis

926 769 1089 810 deliquisse
1107 769 1305 808 dicerentur,
1327 767 1402 800 foro
1420 767 1564 808 Judicum
1587 763 1796 797 Amsterdam-

929 811 1078 844 menfium
1098 810 1324 842 adscribebant.
1376 809 1436 842 Sed
1458 807 1560 840 rursus
1585 806 1678 838 iidem
1702 803 1796 837 Ordi-

1722 117 1789 154 321

928 863 998 891 nes,
1031 862 1126 893 quum
1154 852 1365 884 Utrechtanns
1390 859 1472 882 anno
1500 851 1589 884 1686.
1625 848 1656 880 in
1688 845 1798 878 oti-icio

928 893 1152 926 Admiralitatis
1168 893 1247 935 apud
1271 890 1578 924 Rotterdammenses
1593 887 1772 930 deliquiss'et
1786 909 1798 922 ,

929 939 978 967 26.
1011 935 1075 976 Jan.
1109 936 1248 975 ejusdem
1275 934 1347 966 anni
1368 933 1578 964 decreverunt
1596 953 1606 970 ,
1637 928 1726 962 causa
1758 927 1797 959 ad

928 977 1062 1008 Ordines
1087 976 1302 1008 Uti-echtanos
1328 974 1613 1010 transmitteretur,
1641 979 1675 1004 ut
1700 969 1796 1004 retuli

926 1020 1020 1049 eodem
1045 1018 1076 1049 C.
1104 1017 1189 1049 VllI.
1236 1017 1293 1048 Tu
1313 1015 1400 1048 forte
1423 1015 1561 1056 putabis,
1587 1014 1659 1055 quia
1676 1013 1707 1045 in
1729 1010 1798 1043 offi-

926 1059 978 1090 cio
999 1059 1193 1099 deliquerat,
1218 1067 1279 1099 ego
1302 1065 1395 1098 puto,
1421 1057 1493 1098 quia
1519 1056 1567 1095 jus
1593 1054 1726 1087 habebat
1751 1062 1797 1085 re-

929 1100 1063 1131 vocandi
1085 1100 1214 1131 domum
1244 1100 1274 1131 in
1298 1098 1443 1130 omnibus
1467 1097 1607 1135 deliffis,
1639 1105 1710 1128 nam
1736 1094 1796 1127 cri-

927 1151 1022 1180 men,
1045 1140 1129 1181 quod
1149 1139 1367 1178 commiserat,
1398 1149 1462 1171 non
1481 1139 1549 1180 plus
1572 1138 1609 1169 ad
1632 1136 1797 1169 Utrechta-

928 1192 986 1215 nos
1008 1182 1182 1223 pertinebat
1201 1205 1210 1221 ‚
1244 1191 1335 1222 quam
1360 1180 1398 1212 ad
1429 1180 1564 1220 reliquas
1593 1178 1796 1215 Provincias,

928 1224 1061 1265 pecunia
1076 1225 1193 1264 quippe
1219 1230 1387 1262 corruptus
1414 1221 1553 1253 officium
1575 1219 1703 1262 aliquod
1721 1228 1797 1250 ven-

927 1265 1057 1297 diderat.
1080 1265 1128 1298 Ex
1145 1264 1287 1305 Epistula
1306 1263 1462 1296 Ordinum
1482 1262 1663 1295 Hollandiae
1682 1260 1719 1292 ad
1736 1260 1796 1292 Or-

927 1307 1016 1338 dines
1039 1305 1277 1338 Traniisulaniae
1304 1316 1354 1347 23.
1382 1305 1479 1338 Mart.
1508 1313 1596 1346 1729.
1622 1303 1653 1335 ἃ
1674 1311 1715 1334 ex
1732 1301 1797 1333 De-

929 1358 1020 1380 creto
1037 1348 1192 1379 Ordinuin
1210 1347 1390 1380 Hollandiae
1419 1355 1467 1386 15.
1485 1346 1525 1378 Se
1550 1353 1573 1377 t.
1601 1354 1691 1387 1730.
1716 1341 1798 1375 nihil

931 1390 1013 1422 effici
1031 1388 1135 1430 posse,
1161 1388 1233 1421 satis
1257 1388 1377 1421 ostendi
1392 1389 1421 1419 α’.
1438 1388 1470 1419 C.
1490 1387 1518 1419 V
1539 1386 1577 1418 11.

973 1431 1032 1464 Sed
1049 1430 1128 1462 nihil
1147 1439 1197 1462 me
1215 1439 1347 1462 movent
1364 1429 1569 1461 auctoritates
1587 1429 1616 1461 ἃ
1633 1427 1800 1469 exempla,

931 1483 1002 1505 nam
1025 1473 1056 1504 in
1081 1480 1244 1511 utramque
1271 1479 1391 1513 partem
1417 1469 1602 1502 adferuntur
1621 1493 1633 1509 ,
1665 1470 1695 1502 &
1719 1467 1801 1501 nihil

931 1515 1034 1547 minus
1050 1523 1090 1545 ex
1111 1514 1155 1546 iis>
1172 1513 1333 1551 effeceris,
1357 1521 1448 1553 quarn
1474 1511 1562 1544 usum
1586 1519 1801 1554 perpetuum,

953 1556 984 1588 ui
1001 1555 1194 1588 remittendis
1208 1555 1268 1587 reis
1280 1579 1290 1594 ,
1315 1555 1337 1587 fi
1353 1555 1384 1586 in
1402 1554 1510 1586 officio
1528 1553 1800 1595 deliquerint,au-

931 1601 949 1629 c
963 1597 1110 1643 oritatem
1127 1597 1267 1638 praebere
1284 1595 1385 1638 possit.
1425 1595 1517 1627 Unde
1533 1604 1591 1628 nec
1608 1594 1704 1627 Curia
1719 1592 1803 1625 Hol-

931 1639 1042 1671 landiae
1060 1639 1142 1671 inter
1157 1638 1287 1677 delicta,
1314 1637 1603 1677 quomodocunque
1619 1634 1803 1673 commissa,

932 1679 1115 1720 distinguit,
1139 1679 1193 1712 nifi
1208 1680 1293 1721 quod
1311 1678 1474 1719 Delegatis
1492 1678 1529 1709 ad
1553 1677 1693 1710 Comitia
1712 1676 1806 1709 Ordi-

934 1731 1008 1754 num
1029 1720 1252 1767 Generalium,
1273 1720 1295 1753 fi
1314 1721 1345 1752 in
1360 1720 1469 1752 officio
1492 1716 1804 1760 deliquerint,omni

935 1763 1031 1796 modo
1048 1764 1196 1804 largiatur
1209 1763 1257 1803 jus
1282 1762 1450 1793 revocandi
1470 1761 1618 1801 domum,
1642 1760 1706 1793 five
1726 1759 1804 1791 deli-

934 1805 1060 1846 querint
1093 1813 1206 1837 contra
1229 1803 1374 1836 mandata
1391 1827 1401 1842 ,
1435 1803 1498 1835 five
1519 1803 1582 1834 alio
1612 1808 1806 1843 quocunque

933 1846 1038 1878 modo.
1093 1846 1190 1891 Quod
1214 1846 1367 1877 rationem
1399 1854 1464 1877 non
1491 1844 1604 1876 har-cre
1626 1844 1716 1885 supra
1738 1842 1806 1874 ani-

934 1886 1133 1935 madversum
1156 1886 1209 1919 est.
1257 1886 1416 1919 Caeterum
1439 1887 1521 1918 inter
1547 1894 1712 1926 utramque
1739 1883 1805 1915 Cu-

933 1939 1011 1962 riam
1035 1930 1210 1966 convenit,
1243 1928 1328 2001 quod
1352 1928 1389 1960 ad
1415 1928 1595 1959 communia
1619 1925 1752 1964 delifita,
1773 1934 1809 1956 0-

933 1981 1022 2005 mnes
1039 1970 1211 2012 Delegatos
1226 1979 1243 2001 e
1270 1979 1287 2001 e
1304 1969 1461 2001 habendos
1476 1978 1534 2011 pro
1550 1967 1723 2010 peregrinis
1734 1991 1744 2006 ,
1769 1965 1806 1999 fi-

935 2023 974 2046 ne
991 2013 1058 2059 ullo
1075 2012 1166 2053 plane
1206 2011 1372 2053 rivilegio,
1384 2009 1544 2042 retinuisse
1562 2010 1688 2052 quidem
1698 2007 1808 2040 forum

934 2053 1100 2097 pristinum
1124 2054 1155 2085 in
1205 2053 1348 2084 rovincia
1375 2052 1447 2090 sua,
1469 2060 1564 2093 atque
1582 2052 1626 2083 ita
1643 2051 1674 2083 &
1699 2049 1742 2082 ibi
1757 2058 1807 2081 ac-

936 2096 1035 2128 cusari
1056 2096 1086 2127 &
1102 2095 1204 2136 puniri
1219 2093 1324 2135 posse,
1348 2094 1370 2126 fi
1386 2094 1487 2135 Judex
1515 2093 1580 2134 ejus
1603 2091 1669 2124 fori
1686 2099 1807 2133 praeve-

933 2138 1035 2176 nei-it,
1065 2136 1117 2168 sed
1139 2136 1201 2168 hoc
1224 2136 1263 2168 iis
1286 2145 1347 2168 non
1372 2135 1516 2177 prodesse
1532 2158 1542 2174 ‚
1573 2134 1594 2166 fi
1616 2132 1807 2175 praevenerit

934 2179 1035 2220 Judex
1054 2178 1140 2214 loci,
1166 2178 1198 2209 in
1218 2187 1282 2218 quo
1308 2177 1456 2209 delictum
1479 2175 1526 2208 est
1546 2174 1708 2208 admissum
1722 2197 1733 2213 ,
1755 2182 1809 2215 pe-

935 2221 1098 2262 regrinos,
1121 2221 1172 2261 qui
1199 2219 1229 2250 in
1248 2217 1420 2250 Hollandia
1443 2218 1527 2250 delin
1553 2226 1652 2255 uunt,
1675 2216 1717 2248 ibi
1736 2224 1808 2256 pec-

936 2272 1006 2294 care
1024 2269 1135 2294 contra
1152 2259 1352 2301 Majestatem
1372 2260 1527 2292 Ordinum
1580 2258 1744 2295 ollandiae,
1761 2263 1808 2287 at-

937 2313 997 2346 que
1028 2303 1107 2336 adeo
1143 2303 1186 2334 ibi
1220 2301 1410 2343 apprehendi
1440 2301 1470 2333 &
1496 2299 1600 2342 puniri
1628 2298 1725 2341 posse.
1770 2297 1806 2329 Si

937 2345 1010 2387 quid
1035 2354 1139 2377 tamen
1160 2343 1310 2384 Delegati
1340 2343 1529 2384 deliquerint
1557 2349 1648 2373 extra
1672 2339 1808 2372 Hollan-

937 2389 1040 2427 diam,
1064 2393 1196 2426 utraque
1212 2384 1307 2416 Curia
1332 2383 1512 2419 consentit,
1535 2383 1572 2414 ad
1596 2382 1701 2415 forum
1725 2379 1808 2412 Hol-

937 2428 1095 2460 landieum
1120 2427 1151 2458 id
1167 2436 1231 2458 non
1273 2426 1425 2464 ertinere,
1447 2425 1488 2457 sic
1506 2425 1591 2456 enim
1616 2421 1718 2455 laesam
1742 2430 1808 2453 non

938 2469 1000 2502 esse
1014 2467 1213 2509 Majestatem
1267 2467 1452 2499 ollandicam
1464 2488 1474 2504 ‚
1498 2466 1528 2496 &
1544 2464 1631 2506 posse
1647 2472 1723 2495 tunc
1740 2461 1807 2493 De-

938 2511 1058 2553 legatos
1084 2517 1235 2541 revocare
1260 2508 1397 2539 domum.
1444 2507 1544 2538 Aliter
1568 2505 1655 2537 forte
1681 2502 1808 2544 respon-

938 2553 1048 2584 derent
1067 2552 1098 2583 in
1118 2549 1327 2591 vagabundis,
1341 2548 1405 2589 qui
1421 2547 1532 2580 nullibi
1544 2545 1742 2578 domicilium
1754 2544 1808 2576 vel

937 2593 1043 2625 forum
1062 2592 1186 2624 habent.
1232 2589 1319 2634 Quin
1336 2589 1358 2622 ss
1372 2589 1425 2630 ipsi
1442 2589 1487 2621 illi
1505 2587 1654 2629 Delegati
1672 2587 1704 2618 in
1726 2585 1808 2618 Hol-

939 2635 1043 2667 landia
1059 2632 1122 2666 sese
1140 2631 1278 2664 invicem
1292 2655 1302 2671 ,
1326 2631 1379 2662 vel
1397 2630 1476 2662 alios
1495 2630 1695 2671 peregrinos,
1719 2628 1807 2659 occi-

937 2677 1012 2708 dant
1023 2699 1033 2716 ,
1057 2673 1201 2717 pulsent,
1226 2673 1332 2704 aliove
1346 2672 1443 2704 modo
1461 2671 1574 2703 laedant
1585 2669 1729 2710 ,dubitat
1744 2667 1809 2700 Cu-

938 2718 1002 2757 ria,
1026 2728 1065 2749 an
1090 2716 1164 2748 foro
1185 2714 1384 2746 Hollandico
1407 2713 1517 2753 subjici
1544 2711 1683 2754 poffint?
1714 2708 1808 2742 Nihil

940 2759 1065 2800 quidem
1086 2756 1148 2800 ipsa
1167 2755 1296 2794 definit,
1331 2754 1383 2787 sed
1402 2755 1439 2786 ad
1462 2754 1598 2786 Ordines
1627 2750 1809 2784 Hollandiae

939 2810 990 2832 eas
1008 2799 1112 2832 causas
1130 2805 1220 2839 putat
1236 2796 1298 2828 esse
1314 2796 1516 2828 remittendas
1527 2818 1538 2834 ,
1564 2801 1599 2825 ut
1624 2793 1657 2824 in
1679 2791 1808 2832 singulis

942 2851 1000 2915 Em
1017 2851 1052 2874 re
1071 2850 1143 2873 nata
1158 2839 1345 2878 decernant,
1372 2838 1401 2870 ὅτ,
1422 2838 1543 2869 interea
1564 2835 1631 2866 vim
1656 2830 1718 2864 ess’e
1739 2840 1811 2873 pro-

969 2883 1121 2915 ibendam.

987 2924 1100 2956 Poffim
1124 2923 1163 2955 de
1190 2921 1238 2954 his
1261 2921 1407 2953 omnibus
1432 2920 1462 2952 in
1488 2917 1651 2951 confilium
1680 2916 1747 2954 ire,
1781 2914 1815 2946 &

946 2966 1020 3007 quid
1045 2965 1121 2997 mihi
1149 2964 1315 3000 videatur,
1345 2970 1519 3003 exponere,
1551 2958 1601 2991 sed
1626 2957 1678 2989 cui
1705 2957 1813 2994 bono,

946 3017 1019 3039 cum
1046 3006 1109 3048 ipse
1132 3005 1192 3036 alia
1216 3003 1371 3036 sententia
1393 3011 1480 3041 utar,
1512 3001 1542 3032 ἀ
1571 3000 1620 3040 jus
1644 2996 1814 3030 revocandi

946 3049 1077 3080 domum
1094 3045 1256 3086 Delegatis
1272 3043 1385 3077 nostris
1409 3052 1467 3074 nec
1490 3042 1611 3080 minus,
1635 3048 1694 3071 nec
1718 3037 1816 3079 magis

948 3090 1103 3126 tribuam,
1127 3095 1221 3127 quam
1243 3086 1313 3127 ipsis
1338 3084 1479 3126 Legatis.
1522 3083 1620 3123 Scio,
1643 3079 1819 3122 Delegatos

1753 3129 1819 3153 non

993 3209 1052 3247 (5)
1073 3207 1172 3237 Iliii'em
1193 3216 1222 3246 p.
1245 3214 1312 3243 125.

1111 3258 1130 3290 S
1146 3268 1159 3290 s
