<?xml version="1.0" encoding="UTF-8"?>
<!DOCTYPE html PUBLIC "-//W3C//DTD XHTML 1.0 Transitional//EN"
    "http://www.w3.org/TR/xhtml1/DTD/xhtml1-transitional.dtd">
<html xmlns="http://www.w3.org/1999/xhtml" xml:lang="en" lang="en">
 <head>
  <title>
</title>
<meta http-equiv="Content-Type" content="text/html;charset=utf-8" />
  <meta name='ocr-system' content='tesseract 3.04.00' />
  <meta name='ocr-capabilities' content='ocr_page ocr_carea ocr_par ocr_line ocrx_word'/>
</head>
<body>
  <div class='ocr_page' id='page_1' title='image "./corneliivanbynke00bijn_0751.png"; bbox 0 0 2008 3436; ppageno 0'>
   <div class='ocr_carea' id='block_1_1' title="bbox 243 102 742 154">
    <p class='ocr_par' dir='ltr' id='par_1_1' title="bbox 243 102 742 154">
     <span class='ocr_line' id='line_1_1' title="bbox 243 102 742 154; baseline 0 -12"><span class='ocrx_word' id='word_1_1' title='bbox 243 102 522 153; x_wconf 78' lang='lat' dir='ltr'><strong>QUAEST.</strong></span> <span class='ocrx_word' id='word_1_2' title='bbox 588 105 742 154; x_wconf 82' lang='lat' dir='ltr'>JtJR.</span> 
     </span>
    </p>
   </div>
   <div class='ocr_carea' id='block_1_2' title="bbox 0 183 897 2951">
    <p class='ocr_par' dir='ltr' id='par_1_2' title="bbox 31 183 897 273">
     <span class='ocr_line' id='line_1_2' title="bbox 31 183 897 226; baseline 0.003 -10"><span class='ocrx_word' id='word_1_3' title='bbox 31 183 164 216; x_wconf 82' lang='lat' dir='ltr'>statuere</span> <span class='ocrx_word' id='word_1_4' title='bbox 188 184 322 226; x_wconf 77' lang='lat' dir='ltr'>singulas</span> <span class='ocrx_word' id='word_1_5' title='bbox 340 184 545 225; x_wconf 84' lang='lat' dir='ltr'>Provincias,</span> <span class='ocrx_word' id='word_1_6' title='bbox 568 185 619 219; x_wconf 90' lang='lat' dir='ltr'>sed</span> <span class='ocrx_word' id='word_1_7' title='bbox 627 195 736 219; x_wconf 88' lang='lat' dir='ltr'>omnes</span> <span class='ocrx_word' id='word_1_8' title='bbox 753 185 897 219; x_wconf 81' lang='lat' dir='ltr'>Foedera-</span> 
     </span>
     <span class='ocr_line' id='line_1_3' title="bbox 32 223 505 273; baseline 0.008 -17"><span class='ocrx_word' id='word_1_9' title='bbox 32 232 78 256; x_wconf 82' lang='lat' dir='ltr'>tas</span> <span class='ocrx_word' id='word_1_10' title='bbox 95 223 181 255; x_wconf 82' lang='lat' dir='ltr'>fimul</span> <span class='ocrx_word' id='word_1_11' title='bbox 200 226 327 265; x_wconf 77' lang='lat' dir='ltr'>paribus</span> <span class='ocrx_word' id='word_1_12' title='bbox 342 225 505 273; x_wconf 73' lang='lat' dir='ltr'>suffragiis.</span> 
     </span>
    </p>

    <p class='ocr_par' dir='ltr' id='par_1_3' title="bbox 28 263 895 434">
     <span class='ocr_line' id='line_1_4' title="bbox 73 263 895 312; baseline 0.006 -16"><span class='ocrx_word' id='word_1_13' title='bbox 73 263 165 310; x_wconf 78' lang='lat' dir='ltr'>Hanc</span> <span class='ocrx_word' id='word_1_14' title='bbox 188 266 367 299; x_wconf 84' lang='lat' dir='ltr'>libertatem</span> <span class='ocrx_word' id='word_1_15' title='bbox 384 267 559 309; x_wconf 85' lang='lat' dir='ltr'>Religionis</span> <span class='ocrx_word' id='word_1_16' title='bbox 570 279 663 312; x_wconf 84' lang='lat' dir='ltr'>penes</span> <span class='ocrx_word' id='word_1_17' title='bbox 674 268 806 310; x_wconf 77' lang='lat' dir='ltr'>fingulas</span> <span class='ocrx_word' id='word_1_18' title='bbox 822 269 895 301; x_wconf 87' lang='lat' dir='ltr'>Pro-</span> 
     </span>
     <span class='ocr_line' id='line_1_5' title="bbox 31 306 894 348; baseline 0.005 -10"><span class='ocrx_word' id='word_1_19' title='bbox 31 306 152 338; x_wconf 77' lang='lat' dir='ltr'>vincias</span> <span class='ocrx_word' id='word_1_20' title='bbox 175 308 326 348; x_wconf 84' lang='lat' dir='ltr'>adusque</span> <span class='ocrx_word' id='word_1_21' title='bbox 345 318 459 341; x_wconf 85' lang='lat' dir='ltr'>annum</span> <span class='ocrx_word' id='word_1_22' title='bbox 491 314 582 346; x_wconf 86' lang='lat'>1618.</span> <span class='ocrx_word' id='word_1_23' title='bbox 605 312 635 343; x_wconf 71' lang='grc' dir='ltr'>ὃ(</span> <span class='ocrx_word' id='word_1_24' title='bbox 662 313 751 347; x_wconf 88' lang='lat'>1619.</span> <span class='ocrx_word' id='word_1_25' title='bbox 778 310 894 344; x_wconf 80' lang='grc'>11011110</span> 
     </span>
     <span class='ocr_line' id='line_1_6' title="bbox 28 347 893 389; baseline 0.006 -10"><span class='ocrx_word' id='word_1_26' title='bbox 28 347 181 380; x_wconf 65' lang='lat' dir='ltr'>intem-am</span> <span class='ocrx_word' id='word_1_27' title='bbox 193 349 385 382; x_wconf 80' lang='lat' dir='ltr'>&amp;illibatam</span> <span class='ocrx_word' id='word_1_28' title='bbox 394 359 434 382; x_wconf 86' lang='lat' dir='ltr'>cx</span> <span class='ocrx_word' id='word_1_29' title='bbox 444 351 578 389; x_wconf 83' lang='lat' dir='ltr'>publicis</span> <span class='ocrx_word' id='word_1_30' title='bbox 587 352 799 384; x_wconf 80' lang='lat' dir='ltr'>monumentis</span> <span class='ocrx_word' id='word_1_31' title='bbox 815 353 893 384; x_wconf 86' lang='lat' dir='ltr'>adeo</span> 
     </span>
     <span class='ocr_line' id='line_1_7' title="bbox 28 370 894 434; baseline 0.005 -14"><span class='ocrx_word' id='word_1_32' title='bbox 28 370 125 420; x_wconf 71' lang='lat' dir='ltr'>solici&#39;e</span> <span class='ocrx_word' id='word_1_33' title='bbox 155 391 321 427; x_wconf 86' lang='lat' dir='ltr'>probatum</span> <span class='ocrx_word' id='word_1_34' title='bbox 354 391 414 422; x_wconf 84' lang='lat' dir='ltr'>ivit</span> <span class='ocrx_word' id='word_1_35' title='bbox 437 391 569 424; x_wconf 88' lang='lat' dir='ltr'>Grotius</span> <span class='ocrx_word' id='word_1_36' title='bbox 594 392 719 434; x_wconf 72' lang='lat' dir='ltr'>Apolog.</span> <span class='ocrx_word' id='word_1_37' title='bbox 749 393 781 424; x_wconf 87' lang='lat' dir='ltr'>C.</span> <span class='ocrx_word' id='word_1_38' title='bbox 804 403 832 425; x_wconf 83' lang='grc'>2.</span> <span class='ocrx_word' id='word_1_39' title='bbox 858 401 894 425; x_wconf 86' lang='lat' dir='ltr'>ut</span> 
     </span>
    </p>

    <p class='ocr_par' dir='ltr' id='par_1_4' title="bbox 0 428 893 2951">
     <span class='ocr_line' id='line_1_8' title="bbox 27 428 891 474; baseline 0.006 -13"><span class='ocrx_word' id='word_1_40' title='bbox 27 428 93 462; x_wconf 78' lang='lat' dir='ltr'>sere</span> <span class='ocrx_word' id='word_1_41' title='bbox 111 429 248 469; x_wconf 69' lang='lat' dir='ltr'>nescias,</span> <span class='ocrx_word' id='word_1_42' title='bbox 279 441 337 472; x_wconf 81' lang='lat' dir='ltr'>qua</span> <span class='ocrx_word' id='word_1_43' title='bbox 360 431 468 464; x_wconf 89' lang='lat' dir='ltr'>fronte</span> <span class='ocrx_word' id='word_1_44' title='bbox 489 433 613 474; x_wconf 86' lang='lat' dir='ltr'>Judices</span> <span class='ocrx_word' id='word_1_45' title='bbox 639 434 773 474; x_wconf 80' lang='lat' dir='ltr'>delegati</span> <span class='ocrx_word' id='word_1_46' title='bbox 799 435 891 466; x_wconf 88' lang='lat' dir='ltr'>Ordi-</span> 
     </span>
     <span class='ocr_line' id='line_1_9' title="bbox 27 470 891 516; baseline 0.003 -12"><span class='ocrx_word' id='word_1_47' title='bbox 27 470 322 516; x_wconf 33' lang='lat' dir='ltr'>num-Generalinm</span> <span class='ocrx_word' id='word_1_48' title='bbox 337 482 420 504; x_wconf 88' lang='lat' dir='ltr'>anno</span> <span class='ocrx_word' id='word_1_49' title='bbox 440 477 529 512; x_wconf 89' lang='lat'>1619.</span> <span class='ocrx_word' id='word_1_50' title='bbox 553 474 615 507; x_wconf 81' lang='lat' dir='ltr'>ausi</span> <span class='ocrx_word' id='word_1_51' title='bbox 630 474 750 507; x_wconf 89' lang='lat' dir='ltr'>fuerint</span> <span class='ocrx_word' id='word_1_52' title='bbox 770 475 891 508; x_wconf 83' lang='lat' dir='ltr'>senten-</span> 
     </span>
     <span class='ocr_line' id='line_1_10' title="bbox 29 512 892 555; baseline 0.005 -10"><span class='ocrx_word' id='word_1_53' title='bbox 29 512 81 545; x_wconf 87' lang='lat' dir='ltr'>tiis</span> <span class='ocrx_word' id='word_1_54' title='bbox 103 513 183 551; x_wconf 78' lang='lat' dir='ltr'>iuis,</span> <span class='ocrx_word' id='word_1_55' title='bbox 207 514 321 554; x_wconf 88' lang='lat' dir='ltr'>quibus</span> <span class='ocrx_word' id='word_1_56' title='bbox 347 514 589 548; x_wconf 77' lang='lat' dir='ltr'>Barncveldium</span> <span class='ocrx_word' id='word_1_57' title='bbox 604 539 614 555; x_wconf 88' lang='lat'>,</span> <span class='ocrx_word' id='word_1_58' title='bbox 647 517 782 548; x_wconf 88' lang='lat' dir='ltr'>eundem</span> <span class='ocrx_word' id='word_1_59' title='bbox 810 516 892 549; x_wconf 90' lang='lat' dir='ltr'>Gro-</span> 
     </span>
     <span class='ocr_line' id='line_1_11' title="bbox 27 553 891 599; baseline 0.005 -13"><span class='ocrx_word' id='word_1_60' title='bbox 27 553 105 586; x_wconf 71' lang='lat' dir='ltr'>tiuln</span> <span class='ocrx_word' id='word_1_61' title='bbox 122 555 152 586; x_wconf 69' lang='lat' dir='ltr'>dc</span> <span class='ocrx_word' id='word_1_62' title='bbox 170 555 250 587; x_wconf 87' lang='lat' dir='ltr'>alios</span> <span class='ocrx_word' id='word_1_63' title='bbox 264 555 301 586; x_wconf 85' lang='lat' dir='ltr'>ad</span> <span class='ocrx_word' id='word_1_64' title='bbox 323 563 457 587; x_wconf 89' lang='lat' dir='ltr'>mortem</span> <span class='ocrx_word' id='word_1_65' title='bbox 482 557 533 589; x_wconf 77' lang='lat' dir='ltr'>vel</span> <span class='ocrx_word' id='word_1_66' title='bbox 557 565 726 599; x_wconf 85' lang='lat' dir='ltr'>perpetuos</span> <span class='ocrx_word' id='word_1_67' title='bbox 749 567 891 590; x_wconf 80' lang='lat' dir='ltr'>carceres</span> 
     </span>
     <span class='ocr_line' id='line_1_12' title="bbox 25 595 890 638; baseline 0.007 -12"><span class='ocrx_word' id='word_1_68' title='bbox 25 595 234 634; x_wconf 85' lang='lat' dir='ltr'>damnarunt,</span> <span class='ocrx_word' id='word_1_69' title='bbox 267 597 346 627; x_wconf 82' lang='lat' dir='ltr'>lianc</span> <span class='ocrx_word' id='word_1_70' title='bbox 375 596 552 638; x_wconf 76' lang='lat' dir='ltr'>principem</span> <span class='ocrx_word' id='word_1_71' title='bbox 577 598 742 631; x_wconf 88' lang='lat' dir='ltr'>damnandi</span> <span class='ocrx_word' id='word_1_72' title='bbox 768 599 890 633; x_wconf 77' lang='lat' dir='ltr'>causam</span> 
     </span>
     <span class='ocr_line' id='line_1_13' title="bbox 24 634 892 683; baseline 0.005 -14"><span class='ocrx_word' id='word_1_73' title='bbox 24 634 182 674; x_wconf 77' lang='lat' dir='ltr'>inserere,</span> <span class='ocrx_word' id='word_1_74' title='bbox 211 637 294 677; x_wconf 88' lang='lat' dir='ltr'>quod</span> <span class='ocrx_word' id='word_1_75' title='bbox 319 636 588 679; x_wconf 78' lang='lat' dir='ltr'>existimaverint,</span> <span class='ocrx_word' id='word_1_76' title='bbox 614 641 644 672; x_wconf 67' lang='grc' dir='ltr'>δε</span> <span class='ocrx_word' id='word_1_77' title='bbox 668 640 795 681; x_wconf 90' lang='lat' dir='ltr'>publice</span> <span class='ocrx_word' id='word_1_78' title='bbox 821 651 892 683; x_wconf 86' lang='lat' dir='ltr'>pro-</span> 
     </span>
     <span class='ocr_line' id='line_1_14' title="bbox 24 676 893 720; baseline 0.007 -12"><span class='ocrx_word' id='word_1_79' title='bbox 24 676 91 711; x_wconf 82' lang='lat' dir='ltr'>feffi</span> <span class='ocrx_word' id='word_1_80' title='bbox 110 676 168 709; x_wconf 85' lang='lat' dir='ltr'>fint</span> <span class='ocrx_word' id='word_1_81' title='bbox 193 678 223 709; x_wconf 92' lang='lat' dir='ltr'>id</span> <span class='ocrx_word' id='word_1_82' title='bbox 251 677 369 719; x_wconf 88' lang='lat' dir='ltr'>ipsum,</span> <span class='ocrx_word' id='word_1_83' title='bbox 403 680 488 720; x_wconf 84' lang='lat' dir='ltr'>quod</span> <span class='ocrx_word' id='word_1_84' title='bbox 518 690 580 713; x_wconf 89' lang='lat' dir='ltr'>tam</span> <span class='ocrx_word' id='word_1_85' title='bbox 606 682 742 713; x_wconf 83' lang='lat' dir='ltr'>rotunde</span> <span class='ocrx_word' id='word_1_86' title='bbox 769 683 814 714; x_wconf 89' lang='lat' dir='ltr'>ait</span> <span class='ocrx_word' id='word_1_87' title='bbox 840 683 893 714; x_wconf 90' lang='lat' dir='ltr'>illa</span> 
     </span>
     <span class='ocr_line' id='line_1_15' title="bbox 23 719 893 764; baseline 0.006 -13"><span class='ocrx_word' id='word_1_88' title='bbox 23 719 242 758; x_wconf 75' lang='lat' dir='ltr'>interpretatio</span> <span class='ocrx_word' id='word_1_89' title='bbox 274 729 300 751; x_wconf 91' lang='lat'>1.</span> <span class='ocrx_word' id='word_1_90' title='bbox 320 719 410 752; x_wconf 83' lang='lat' dir='ltr'>Febr.</span> <span class='ocrx_word' id='word_1_91' title='bbox 441 730 528 762; x_wconf 73' lang='grc'>1579.</span> <span class='ocrx_word' id='word_1_92' title='bbox 554 723 584 755; x_wconf 70' lang='grc' dir='ltr'>ὅ(</span> <span class='ocrx_word' id='word_1_93' title='bbox 609 724 694 764; x_wconf 83' lang='lat' dir='ltr'>quod</span> <span class='ocrx_word' id='word_1_94' title='bbox 722 724 777 764; x_wconf 81' lang='lat' dir='ltr'>ipsi</span> <span class='ocrx_word' id='word_1_95' title='bbox 802 723 893 756; x_wconf 88' lang='lat' dir='ltr'>Ordi-</span> 
     </span>
     <span class='ocr_line' id='line_1_16' title="bbox 23 759 890 806; baseline 0.003 -13"><span class='ocrx_word' id='word_1_96' title='bbox 23 769 77 794; x_wconf 89' lang='lat' dir='ltr'>nes</span> <span class='ocrx_word' id='word_1_97' title='bbox 102 759 284 793; x_wconf 78' lang='lat' dir='ltr'>Hollaudiae</span> <span class='ocrx_word' id='word_1_98' title='bbox 307 762 453 800; x_wconf 73' lang='lat' dir='ltr'>proxime</span> <span class='ocrx_word' id='word_1_99' title='bbox 478 772 590 803; x_wconf 82' lang='lat' dir='ltr'>antea,</span> <span class='ocrx_word' id='word_1_100' title='bbox 621 774 732 805; x_wconf 84' lang='lat' dir='ltr'>nempe</span> <span class='ocrx_word' id='word_1_101' title='bbox 754 775 784 804; x_wconf 92' lang='grc'>5.</span> <span class='ocrx_word' id='word_1_102' title='bbox 810 765 890 806; x_wconf 81' lang='lat' dir='ltr'>Aug.</span> 
     </span>
     <span class='ocr_line' id='line_1_17' title="bbox 24 802 892 847; baseline 0.003 -13"><span class='ocrx_word' id='word_1_103' title='bbox 24 804 116 842; x_wconf 89' lang='grc'>1617.</span> <span class='ocrx_word' id='word_1_104' title='bbox 140 803 238 843; x_wconf 74' lang='lat' dir='ltr'>palam</span> <span class='ocrx_word' id='word_1_105' title='bbox 259 802 360 836; x_wconf 75' lang='lat' dir='ltr'>testati</span> <span class='ocrx_word' id='word_1_106' title='bbox 383 802 452 835; x_wconf 84' lang='lat' dir='ltr'>sunt</span> <span class='ocrx_word' id='word_1_107' title='bbox 477 804 555 844; x_wconf 74' lang='lat'>(4),</span> <span class='ocrx_word' id='word_1_108' title='bbox 578 806 725 846; x_wconf 87' lang='lat' dir='ltr'>quodque</span> <span class='ocrx_word' id='word_1_109' title='bbox 744 805 800 838; x_wconf 82' lang='lat' dir='ltr'>usu</span> <span class='ocrx_word' id='word_1_110' title='bbox 826 816 892 847; x_wconf 88' lang='lat' dir='ltr'>per-</span> 
     </span>
     <span class='ocr_line' id='line_1_18' title="bbox 64 844 889 886; baseline 0.005 -12"><span class='ocrx_word' id='word_1_111' title='bbox 64 852 118 874; x_wconf 83' lang='lat' dir='ltr'>tuo</span> <span class='ocrx_word' id='word_1_112' title='bbox 142 844 178 874; x_wconf 85' lang='lat' dir='ltr'>ad</span> <span class='ocrx_word' id='word_1_113' title='bbox 198 853 233 874; x_wconf 84' lang='lat' dir='ltr'>ea</span> <span class='ocrx_word' id='word_1_114' title='bbox 261 854 357 885; x_wconf 77' lang='lat' dir='ltr'>usque</span> <span class='ocrx_word' id='word_1_115' title='bbox 388 852 529 886; x_wconf 79' lang='lat' dir='ltr'>tempora</span> <span class='ocrx_word' id='word_1_116' title='bbox 556 846 658 878; x_wconf 83' lang='lat' dir='ltr'>fuerat</span> <span class='ocrx_word' id='word_1_117' title='bbox 679 846 889 879; x_wconf 77' lang='lat' dir='ltr'>observatum.</span> 
     </span>
     <span class='ocr_line' id='line_1_19' title="bbox 20 851 891 929; baseline 0.003 -12"><span class='ocrx_word' id='word_1_118' title='bbox 20 851 155 917; x_wconf 64' lang='lat' dir='ltr'>fiivenio</span> <span class='ocrx_word' id='word_1_119' title='bbox 179 885 323 925; x_wconf 79' lang='lat' dir='ltr'>equidem</span> <span class='ocrx_word' id='word_1_120' title='bbox 349 886 380 918; x_wconf 88' lang='lat' dir='ltr'>in</span> <span class='ocrx_word' id='word_1_121' title='bbox 406 886 434 927; x_wconf 80' lang='lat'>§.</span> <span class='ocrx_word' id='word_1_122' title='bbox 466 896 511 919; x_wconf 91' lang='grc'>11.</span> <span class='ocrx_word' id='word_1_123' title='bbox 545 897 674 927; x_wconf 89' lang='lat' dir='ltr'>eorum,</span> <span class='ocrx_word' id='word_1_124' title='bbox 712 889 752 920; x_wconf 87' lang='lat' dir='ltr'>de</span> <span class='ocrx_word' id='word_1_125' title='bbox 777 888 891 929; x_wconf 87' lang='lat' dir='ltr'>quibus</span> 
     </span>
     <span class='ocr_line' id='line_1_20' title="bbox 15 925 891 970; baseline 0.003 -13"><span class='ocrx_word' id='word_1_126' title='bbox 15 925 103 957; x_wconf 67' lang='lat' dir='ltr'>inter</span> <span class='ocrx_word' id='word_1_127' title='bbox 124 925 306 958; x_wconf 80' lang='lat' dir='ltr'>Provincias</span> <span class='ocrx_word' id='word_1_128' title='bbox 330 937 474 969; x_wconf 82' lang='lat' dir='ltr'>ageretur</span> <span class='ocrx_word' id='word_1_129' title='bbox 500 938 551 960; x_wconf 82' lang='lat'>21.</span> <span class='ocrx_word' id='word_1_130' title='bbox 575 930 655 970; x_wconf 82' lang='lat' dir='ltr'>Maj.</span> <span class='ocrx_word' id='word_1_131' title='bbox 686 934 774 970; x_wconf 81' lang='lat'>1587.</span> <span class='ocrx_word' id='word_1_132' title='bbox 799 928 891 961; x_wconf 80' lang='lat' dir='ltr'>fuiss&#39;e</span> 
     </span>
     <span class='ocr_line' id='line_1_21' title="bbox 21 965 890 1009; baseline 0.002 -9"><span class='ocrx_word' id='word_1_133' title='bbox 21 965 196 1009; x_wconf 77' lang='lat' dir='ltr'>suggestum</span> <span class='ocrx_word' id='word_1_134' title='bbox 209 990 219 1006; x_wconf 91' lang='lat'>,</span> <span class='ocrx_word' id='word_1_135' title='bbox 236 967 445 1001; x_wconf 76' lang='lat' dir='ltr'>deliberarent</span> <span class='ocrx_word' id='word_1_136' title='bbox 461 969 484 1001; x_wconf 84' lang='lat' dir='ltr'>F</span> <span class='ocrx_word' id='word_1_137' title='bbox 486 971 615 1002; x_wconf 82' lang='lat' dir='ltr'>oederati</span> <span class='ocrx_word' id='word_1_138' title='bbox 632 970 784 1008; x_wconf 80' lang='lat' dir='ltr'>Ordines,</span> <span class='ocrx_word' id='word_1_139' title='bbox 796 980 890 1008; x_wconf 88' lang='lat' dir='ltr'>num,</span> 
     </span>
     <span class='ocr_line' id='line_1_22' title="bbox 21 1009 890 1052; baseline 0.003 -13"><span class='ocrx_word' id='word_1_140' title='bbox 21 1009 170 1049; x_wconf 73' lang='lat' dir='ltr'>quiajam</span> <span class='ocrx_word' id='word_1_141' title='bbox 187 1018 296 1041; x_wconf 82' lang='lat' dir='ltr'>omnes</span> <span class='ocrx_word' id='word_1_142' title='bbox 318 1009 496 1042; x_wconf 61' lang='lat' dir='ltr'>Provinciae</span> <span class='ocrx_word' id='word_1_143' title='bbox 522 1011 724 1052; x_wconf 83' lang='lat' dir='ltr'>Religionem</span> <span class='ocrx_word' id='word_1_144' title='bbox 747 1011 890 1052; x_wconf 74' lang='lat' dir='ltr'>Euange-</span> 
     </span>
     <span class='ocr_line' id='line_1_23' title="bbox 20 1050 888 1091; baseline 0.001 -8"><span class='ocrx_word' id='word_1_145' title='bbox 20 1050 115 1083; x_wconf 84' lang='lat' dir='ltr'>licam</span> <span class='ocrx_word' id='word_1_146' title='bbox 133 1059 313 1091; x_wconf 78' lang='lat' dir='ltr'>receperant</span> <span class='ocrx_word' id='word_1_147' title='bbox 325 1074 333 1087; x_wconf 85' lang='lat'>,</span> <span class='ocrx_word' id='word_1_148' title='bbox 358 1052 499 1091; x_wconf 80' lang='lat' dir='ltr'>placeret</span> <span class='ocrx_word' id='word_1_149' title='bbox 515 1051 663 1084; x_wconf 81' lang='lat' dir='ltr'>constitui</span> <span class='ocrx_word' id='word_1_150' title='bbox 676 1076 686 1091; x_wconf 93' lang='lat'>,</span> <span class='ocrx_word' id='word_1_151' title='bbox 710 1061 750 1084; x_wconf 89' lang='lat' dir='ltr'>ne</span> <span class='ocrx_word' id='word_1_152' title='bbox 766 1061 820 1090; x_wconf 88' lang='lat' dir='ltr'>ca,</span> <span class='ocrx_word' id='word_1_153' title='bbox 832 1052 888 1084; x_wconf 79' lang='lat' dir='ltr'>nisi</span> 
     </span>
     <span class='ocr_line' id='line_1_24' title="bbox 20 1091 891 1132; baseline 0.002 -9"><span class='ocrx_word' id='word_1_154' title='bbox 20 1091 159 1123; x_wconf 78' lang='lat' dir='ltr'>unanimi</span> <span class='ocrx_word' id='word_1_155' title='bbox 190 1091 423 1123; x_wconf 69' lang='lat' dir='ltr'>Foederatorum</span> <span class='ocrx_word' id='word_1_156' title='bbox 449 1092 620 1132; x_wconf 83' lang='lat' dir='ltr'>consensu,</span> <span class='ocrx_word' id='word_1_157' title='bbox 643 1101 835 1132; x_wconf 80' lang='lat' dir='ltr'>mutaretur,</span> <span class='ocrx_word' id='word_1_158' title='bbox 861 1093 891 1125; x_wconf 88' lang='lat'>&amp;</span> 
     </span>
     <span class='ocr_line' id='line_1_25' title="bbox 19 1132 892 1176; baseline 0 -11"><span class='ocrx_word' id='word_1_159' title='bbox 19 1133 115 1166; x_wconf 79' lang='lat' dir='ltr'>etia-n</span> <span class='ocrx_word' id='word_1_160' title='bbox 134 1132 305 1164; x_wconf 81' lang='lat' dir='ltr'>Ordinibus</span> <span class='ocrx_word' id='word_1_161' title='bbox 327 1132 504 1165; x_wconf 82' lang='lat' dir='ltr'>Hollandiae</span> <span class='ocrx_word' id='word_1_162' title='bbox 541 1143 586 1174; x_wconf 70' lang='lat'>14.</span> <span class='ocrx_word' id='word_1_163' title='bbox 611 1134 680 1175; x_wconf 87' lang='lat' dir='ltr'>Jun.</span> <span class='ocrx_word' id='word_1_164' title='bbox 711 1139 801 1176; x_wconf 82' lang='lat'>1583.</span> <span class='ocrx_word' id='word_1_165' title='bbox 827 1134 892 1174; x_wconf 84' lang='lat' dir='ltr'>pla-</span> 
     </span>
     <span class='ocr_line' id='line_1_26' title="bbox 19 1172 891 1217; baseline 0 -10"><span class='ocrx_word' id='word_1_166' title='bbox 19 1173 133 1211; x_wconf 69' lang='grc'>001110,</span> <span class='ocrx_word' id='word_1_167' title='bbox 157 1172 421 1212; x_wconf 86' lang='lat' dir='ltr'>constitueretur,</span> <span class='ocrx_word' id='word_1_168' title='bbox 446 1183 480 1206; x_wconf 84' lang='lat' dir='ltr'>ut</span> <span class='ocrx_word' id='word_1_169' title='bbox 500 1173 581 1214; x_wconf 81' lang='lat' dir='ltr'>sola,</span> <span class='ocrx_word' id='word_1_170' title='bbox 607 1185 675 1217; x_wconf 80' lang='lat' dir='ltr'>quae</span> <span class='ocrx_word' id='word_1_171' title='bbox 697 1184 773 1207; x_wconf 89' lang='lat' dir='ltr'>tunc</span> <span class='ocrx_word' id='word_1_172' title='bbox 789 1177 891 1216; x_wconf 86' lang='lat' dir='ltr'>palam</span> 
     </span>
     <span class='ocr_line' id='line_1_27' title="bbox 21 1214 890 1258; baseline 0 -10"><span class='ocrx_word' id='word_1_173' title='bbox 21 1215 246 1251; x_wconf 78' lang='lat' dir='ltr'>exercebatur,</span> <span class='ocrx_word' id='word_1_174' title='bbox 278 1214 470 1256; x_wconf 78' lang='lat' dir='ltr'>Euangelica</span> <span class='ocrx_word' id='word_1_175' title='bbox 496 1216 622 1258; x_wconf 77' lang='lat' dir='ltr'>Religio</span> <span class='ocrx_word' id='word_1_176' title='bbox 646 1216 890 1255; x_wconf 86' lang='lat' dir='ltr'>defenderetur,</span> 
     </span>
     <span class='ocr_line' id='line_1_28' title="bbox 20 1256 888 1298; baseline 0.001 -10"><span class='ocrx_word' id='word_1_177' title='bbox 20 1266 122 1298; x_wconf 87' lang='lat' dir='ltr'>neque</span> <span class='ocrx_word' id='word_1_178' title='bbox 139 1257 200 1288; x_wconf 84' lang='lat' dir='ltr'>ulla</span> <span class='ocrx_word' id='word_1_179' title='bbox 218 1256 279 1288; x_wconf 86' lang='lat' dir='ltr'>alia</span> <span class='ocrx_word' id='word_1_180' title='bbox 306 1256 433 1298; x_wconf 89' lang='lat' dir='ltr'>publice</span> <span class='ocrx_word' id='word_1_181' title='bbox 456 1257 679 1289; x_wconf 88' lang='lat' dir='ltr'>admitteretur</span> <span class='ocrx_word' id='word_1_182' title='bbox 699 1259 730 1290; x_wconf 92' lang='lat' dir='ltr'>in</span> <span class='ocrx_word' id='word_1_183' title='bbox 756 1257 888 1290; x_wconf 85' lang='lat' dir='ltr'>Provin-</span> 
     </span>
     <span class='ocr_line' id='line_1_29' title="bbox 21 1294 889 1340; baseline -0.001 -9"><span class='ocrx_word' id='word_1_184' title='bbox 21 1294 100 1336; x_wconf 84' lang='lat' dir='ltr'>ciis,</span> <span class='ocrx_word' id='word_1_185' title='bbox 129 1308 197 1339; x_wconf 71' lang='lat' dir='ltr'>quae</span> <span class='ocrx_word' id='word_1_186' title='bbox 217 1306 293 1329; x_wconf 87' lang='lat' dir='ltr'>tunc</span> <span class='ocrx_word' id='word_1_187' title='bbox 316 1306 405 1329; x_wconf 87' lang='lat' dir='ltr'>erant</span> <span class='ocrx_word' id='word_1_188' title='bbox 427 1297 458 1329; x_wconf 93' lang='lat' dir='ltr'>in</span> <span class='ocrx_word' id='word_1_189' title='bbox 482 1297 614 1330; x_wconf 82' lang='lat' dir='ltr'>Foedere</span> <span class='ocrx_word' id='word_1_190' title='bbox 636 1298 706 1339; x_wconf 77' lang='lat'>(5).</span> <span class='ocrx_word' id='word_1_191' title='bbox 758 1299 817 1331; x_wconf 87' lang='lat' dir='ltr'>Sed</span> <span class='ocrx_word' id='word_1_192' title='bbox 837 1309 889 1340; x_wconf 84' lang='lat' dir='ltr'>ge-</span> 
     </span>
     <span class='ocr_line' id='line_1_30' title="bbox 20 1338 889 1387; baseline 0.002 -17"><span class='ocrx_word' id='word_1_193' title='bbox 20 1340 159 1374; x_wconf 80' lang='lat' dir='ltr'>neralem</span> <span class='ocrx_word' id='word_1_194' title='bbox 182 1349 218 1370; x_wconf 88' lang='lat' dir='ltr'>ca</span> <span class='ocrx_word' id='word_1_195' title='bbox 233 1338 272 1370; x_wconf 90' lang='lat' dir='ltr'>dc</span> <span class='ocrx_word' id='word_1_196' title='bbox 289 1348 322 1370; x_wconf 90' lang='lat' dir='ltr'>re</span> <span class='ocrx_word' id='word_1_197' title='bbox 344 1340 443 1387; x_wconf 74' lang='lat' dir='ltr'>legem</span> <span class='ocrx_word' id='word_1_198' title='bbox 461 1340 514 1372; x_wconf 82' lang='lat' dir='ltr'>vel</span> <span class='ocrx_word' id='word_1_199' title='bbox 532 1341 779 1372; x_wconf 89' lang='lat' dir='ltr'>conventionem</span> <span class='ocrx_word' id='word_1_200' title='bbox 808 1341 889 1372; x_wconf 83' lang='lat' dir='ltr'>inter</span> 
     </span>
     <span class='ocr_line' id='line_1_31' title="bbox 0 1379 890 1423; baseline -0.001 -9"><span class='ocrx_word' id='word_1_201' title='bbox 0 1386 132 1414; x_wconf 46' lang='lat' dir='ltr'>*omnes</span> <span class='ocrx_word' id='word_1_202' title='bbox 154 1379 338 1412; x_wconf 79' lang='lat' dir='ltr'>Provincias</span> <span class='ocrx_word' id='word_1_203' title='bbox 361 1380 422 1411; x_wconf 76' lang='lat' dir='ltr'>ell&#39;e</span> <span class='ocrx_word' id='word_1_204' title='bbox 443 1379 576 1420; x_wconf 69' lang='lat' dir='ltr'>fastam,</span> <span class='ocrx_word' id='word_1_205' title='bbox 601 1391 660 1413; x_wconf 87' lang='lat' dir='ltr'>nec</span> <span class='ocrx_word' id='word_1_206' title='bbox 683 1381 747 1423; x_wconf 81' lang='lat' dir='ltr'>ipse</span> <span class='ocrx_word' id='word_1_207' title='bbox 765 1382 890 1422; x_wconf 86' lang='lat' dir='ltr'>reperi,</span> 
     </span>
     <span class='ocr_line' id='line_1_32' title="bbox 11 1420 889 1464; baseline 0.001 -10"><span class='ocrx_word' id='word_1_208' title='bbox 11 1430 77 1459; x_wconf 71' lang='lat' dir='ltr'>¹nee</span> <span class='ocrx_word' id='word_1_209' title='bbox 98 1423 215 1462; x_wconf 71' lang='lat' dir='ltr'>reperit</span> <span class='ocrx_word' id='word_1_210' title='bbox 230 1430 354 1462; x_wconf 81' lang='lat' dir='ltr'>quoque</span> <span class='ocrx_word' id='word_1_211' title='bbox 371 1420 504 1453; x_wconf 82' lang='lat' dir='ltr'>Grotius</span> <span class='ocrx_word' id='word_1_212' title='bbox 520 1424 548 1453; x_wconf 80' lang='lat' dir='ltr'>d.</span> <span class='ocrx_word' id='word_1_213' title='bbox 569 1423 637 1464; x_wconf 70' lang='lat' dir='ltr'>Cap.</span> <span class='ocrx_word' id='word_1_214' title='bbox 658 1432 686 1454; x_wconf 81' lang='lat'>2.</span> <span class='ocrx_word' id='word_1_215' title='bbox 710 1423 772 1460; x_wconf 88' lang='lat' dir='ltr'>Et,</span> <span class='ocrx_word' id='word_1_216' title='bbox 792 1431 889 1464; x_wconf 87' lang='lat' dir='ltr'>quum</span> 
     </span>
     <span class='ocr_line' id='line_1_33' title="bbox 19 1462 886 1503; baseline 0.001 -7"><span class='ocrx_word' id='word_1_217' title='bbox 19 1463 103 1502; x_wconf 73' lang='lat' dir='ltr'>faCta</span> <span class='ocrx_word' id='word_1_218' title='bbox 129 1462 274 1499; x_wconf 67' lang='lat' dir='ltr'>non’lit.¹</span> <span class='ocrx_word' id='word_1_219' title='bbox 306 1462 388 1494; x_wconf 64' lang='lat' dir='ltr'>rcere</span> <span class='ocrx_word' id='word_1_220' title='bbox 406 1463 500 1494; x_wconf 86' lang='lat' dir='ltr'>etiam</span> <span class='ocrx_word' id='word_1_221' title='bbox 522 1464 594 1495; x_wconf 88' lang='lat' dir='ltr'>inde</span> <span class='ocrx_word' id='word_1_222' title='bbox 617 1464 715 1496; x_wconf 86' lang='lat' dir='ltr'>efficit</span> <span class='ocrx_word' id='word_1_223' title='bbox 735 1463 886 1503; x_wconf 85' lang='lat' dir='ltr'>Grotius,</span> 
     </span>
     <span class='ocr_line' id='line_1_34' title="bbox 17 1504 887 1546; baseline 0.002 -11"><span class='ocrx_word' id='word_1_224' title='bbox 17 1514 125 1546; x_wconf 75' lang='lat' dir='ltr'>-neque</span> <span class='ocrx_word' id='word_1_225' title='bbox 143 1504 224 1545; x_wconf 73' lang='lat' dir='ltr'>ipsos</span> <span class='ocrx_word' id='word_1_226' title='bbox 242 1504 420 1536; x_wconf 82' lang='lat' dir='ltr'>Hollandos</span> <span class='ocrx_word' id='word_1_227' title='bbox 440 1504 579 1546; x_wconf 82' lang='lat' dir='ltr'>obligare</span> <span class='ocrx_word' id='word_1_228' title='bbox 595 1505 626 1537; x_wconf 85' lang='lat' dir='ltr'>d.</span> <span class='ocrx_word' id='word_1_229' title='bbox 644 1504 817 1537; x_wconf 82' lang='lat' dir='ltr'>Decretum</span> <span class='ocrx_word' id='word_1_230' title='bbox 840 1516 887 1546; x_wconf 81' lang='lat'>14.</span> 
     </span>
     <span class='ocr_line' id='line_1_35' title="bbox 19 1545 888 1589; baseline 0 -11"><span class='ocrx_word' id='word_1_231' title='bbox 19 1546 91 1589; x_wconf 86' lang='lat' dir='ltr'>Jun.</span> <span class='ocrx_word' id='word_1_232' title='bbox 120 1551 211 1587; x_wconf 69' lang='lat'>1533.</span> <span class='ocrx_word' id='word_1_233' title='bbox 242 1555 312 1578; x_wconf 76' lang='lat' dir='ltr'>cum</span> <span class='ocrx_word' id='word_1_234' title='bbox 339 1545 460 1578; x_wconf 86' lang='lat' dir='ltr'>scilicet</span> <span class='ocrx_word' id='word_1_235' title='bbox 487 1546 615 1578; x_wconf 83' lang='lat' dir='ltr'>aliarum</span> <span class='ocrx_word' id='word_1_236' title='bbox 650 1545 888 1579; x_wconf 79' lang='lat' dir='ltr'>Provinciarum</span> 
     </span>
     <span class='ocr_line' id='line_1_36' title="bbox 19 1582 889 1630; baseline 0 -10"><span class='ocrx_word' id='word_1_237' title='bbox 19 1582 189 1625; x_wconf 68' lang='lat' dir='ltr'>,conibnl&#39;us</span> <span class='ocrx_word' id='word_1_238' title='bbox 205 1586 368 1620; x_wconf 74' lang='lat' dir='ltr'>defecerit.</span> <span class='ocrx_word' id='word_1_239' title='bbox 415 1586 499 1618; x_wconf 83' lang='lat' dir='ltr'>Puto</span> <span class='ocrx_word' id='word_1_240' title='bbox 518 1596 639 1627; x_wconf 83' lang='lat' dir='ltr'>tamen,</span> <span class='ocrx_word' id='word_1_241' title='bbox 665 1588 696 1619; x_wconf 90' lang='lat' dir='ltr'>id</span> <span class='ocrx_word' id='word_1_242' title='bbox 713 1587 812 1630; x_wconf 88' lang='lat' dir='ltr'>ipsum</span> <span class='ocrx_word' id='word_1_243' title='bbox 827 1588 889 1630; x_wconf 80' lang='lat' dir='ltr'>effe</span> 
     </span>
     <span class='ocr_line' id='line_1_37' title="bbox 19 1627 888 1671; baseline 0 -10"><span class='ocrx_word' id='word_1_244' title='bbox 19 1628 218 1669; x_wconf 78' lang='lat' dir='ltr'>Decretum,</span> <span class='ocrx_word' id='word_1_245' title='bbox 234 1638 275 1660; x_wconf 83' lang='lat' dir='ltr'>ex</span> <span class='ocrx_word' id='word_1_246' title='bbox 299 1637 362 1669; x_wconf 91' lang='lat' dir='ltr'>quo</span> <span class='ocrx_word' id='word_1_247' title='bbox 379 1627 472 1659; x_wconf 79' lang='lat' dir='ltr'>finxit</span> <span class='ocrx_word' id='word_1_248' title='bbox 490 1638 592 1660; x_wconf 90' lang='lat' dir='ltr'>rerum</span> <span class='ocrx_word' id='word_1_249' title='bbox 610 1628 783 1662; x_wconf 82' lang='lat' dir='ltr'>nostrarum</span> <span class='ocrx_word' id='word_1_250' title='bbox 801 1639 888 1671; x_wconf 88' lang='lat' dir='ltr'>pere-</span> 
     </span>
     <span class='ocr_line' id='line_1_38' title="bbox 19 1669 887 1714; baseline 0 -12"><span class='ocrx_word' id='word_1_251' title='bbox 19 1672 129 1714; x_wconf 80' lang='lat' dir='ltr'>grinus</span> <span class='ocrx_word' id='word_1_252' title='bbox 147 1670 292 1711; x_wconf 89' lang='lat' dir='ltr'>Scriptor</span> <span class='ocrx_word' id='word_1_253' title='bbox 315 1669 355 1709; x_wconf 89' lang='lat'>(6</span> <span class='ocrx_word' id='word_1_254' title='bbox 384 1693 394 1708; x_wconf 95' lang='lat'>‚</span> <span class='ocrx_word' id='word_1_255' title='bbox 425 1679 508 1701; x_wconf 90' lang='lat' dir='ltr'>anno</span> <span class='ocrx_word' id='word_1_256' title='bbox 536 1675 627 1711; x_wconf 85' lang='lat'>1585.</span> <span class='ocrx_word' id='word_1_257' title='bbox 652 1671 789 1703; x_wconf 85' lang='lat' dir='ltr'>unanimi</span> <span class='ocrx_word' id='word_1_258' title='bbox 812 1671 887 1703; x_wconf 89' lang='lat' dir='ltr'>Pro-</span> 
     </span>
     <span class='ocr_line' id='line_1_39' title="bbox 21 1709 888 1752; baseline 0 -8"><span class='ocrx_word' id='word_1_259' title='bbox 21 1713 198 1748; x_wconf 74' lang='lat' dir='ltr'>,vineiarurn</span> <span class='ocrx_word' id='word_1_260' title='bbox 232 1709 346 1743; x_wconf 86' lang='lat' dir='ltr'>consen</span> <span class='ocrx_word' id='word_1_261' title='bbox 365 1721 384 1741; x_wconf 86' lang='lat' dir='ltr'>u</span> <span class='ocrx_word' id='word_1_262' title='bbox 410 1710 577 1752; x_wconf 85' lang='lat' dir='ltr'>placuisse,</span> <span class='ocrx_word' id='word_1_263' title='bbox 603 1721 642 1743; x_wconf 90' lang='lat' dir='ltr'>ne</span> <span class='ocrx_word' id='word_1_264' title='bbox 665 1721 725 1752; x_wconf 86' lang='lat' dir='ltr'>qua</span> <span class='ocrx_word' id='word_1_265' title='bbox 750 1712 810 1744; x_wconf 81' lang='lat' dir='ltr'>alia</span> <span class='ocrx_word' id='word_1_266' title='bbox 827 1712 888 1744; x_wconf 89' lang='lat' dir='ltr'>Re-</span> 
     </span>
     <span class='ocr_line' id='line_1_40' title="bbox 19 1751 890 1795; baseline 0 -10"><span class='ocrx_word' id='word_1_267' title='bbox 19 1752 118 1795; x_wconf 80' lang='lat' dir='ltr'>ligiO,</span> <span class='ocrx_word' id='word_1_268' title='bbox 142 1762 234 1794; x_wconf 73' lang='lat' dir='ltr'>quain</span> <span class='ocrx_word' id='word_1_269' title='bbox 251 1751 460 1793; x_wconf 82' lang='lat' dir='ltr'>Euangelica,</span> <span class='ocrx_word' id='word_1_270' title='bbox 476 1751 506 1784; x_wconf 89' lang='lat' dir='ltr'>in</span> <span class='ocrx_word' id='word_1_271' title='bbox 521 1751 546 1783; x_wconf 93' lang='lat' dir='ltr'>F</span> <span class='ocrx_word' id='word_1_272' title='bbox 547 1752 688 1784; x_wconf 78' lang='lat' dir='ltr'>oederato</span> <span class='ocrx_word' id='word_1_273' title='bbox 706 1753 817 1794; x_wconf 88' lang='lat' dir='ltr'>Belgio</span> <span class='ocrx_word' id='word_1_274' title='bbox 835 1763 890 1794; x_wconf 86' lang='lat' dir='ltr'>pu-</span> 
     </span>
     <span class='ocr_line' id='line_1_41' title="bbox 17 1793 889 1837; baseline -0.001 -9"><span class='ocrx_word' id='word_1_275' title='bbox 17 1794 104 1833; x_wconf 77' lang='lat' dir='ltr'>blice</span> <span class='ocrx_word' id='word_1_276' title='bbox 121 1794 300 1826; x_wconf 83' lang='lat' dir='ltr'>doceretur.</span> <span class='ocrx_word' id='word_1_277' title='bbox 348 1793 503 1837; x_wconf 77' lang='lat' dir='ltr'>Quamvis</span> <span class='ocrx_word' id='word_1_278' title='bbox 526 1802 630 1825; x_wconf 86' lang='lat' dir='ltr'>autem</span> <span class='ocrx_word' id='word_1_279' title='bbox 650 1793 786 1826; x_wconf 78' lang='lat' dir='ltr'>exstaret</span> <span class='ocrx_word' id='word_1_280' title='bbox 810 1795 889 1835; x_wconf 73' lang='lat' dir='ltr'>eius-</span> 
     </span>
     <span class='ocr_line' id='line_1_42' title="bbox 14 1835 890 1877; baseline -0.001 -8"><span class='ocrx_word' id='word_1_281' title='bbox 14 1837 108 1876; x_wconf 70' lang='lat' dir='ltr'>,modi</span> <span class='ocrx_word' id='word_1_282' title='bbox 139 1837 192 1868; x_wconf 87' lang='lat' dir='ltr'>lex</span> <span class='ocrx_word' id='word_1_283' title='bbox 216 1844 268 1867; x_wconf 82' lang='lat' dir='ltr'>aut</span> <span class='ocrx_word' id='word_1_284' title='bbox 294 1836 470 1867; x_wconf 88' lang='lat' dir='ltr'>conventio</span> <span class='ocrx_word' id='word_1_285' title='bbox 488 1835 662 1876; x_wconf 83' lang='lat' dir='ltr'>generalis,</span> <span class='ocrx_word' id='word_1_286' title='bbox 686 1845 722 1867; x_wconf 87' lang='lat' dir='ltr'>ea</span> <span class='ocrx_word' id='word_1_287' title='bbox 745 1835 890 1877; x_wconf 61' lang='lat' dir='ltr'>profecto</span> 
     </span>
     <span class='ocr_line' id='line_1_43' title="bbox 18 1874 890 1919; baseline -0.001 -8"><span class='ocrx_word' id='word_1_288' title='bbox 18 1879 112 1911; x_wconf 84' lang='lat' dir='ltr'>unice</span> <span class='ocrx_word' id='word_1_289' title='bbox 127 1877 301 1918; x_wconf 80' lang='lat' dir='ltr'>pertineret</span> <span class='ocrx_word' id='word_1_290' title='bbox 316 1876 353 1908; x_wconf 91' lang='lat' dir='ltr'>ad</span> <span class='ocrx_word' id='word_1_291' title='bbox 369 1874 596 1908; x_wconf 84' lang='lat' dir='ltr'>defendendam</span> <span class='ocrx_word' id='word_1_292' title='bbox 609 1877 810 1919; x_wconf 82' lang='lat' dir='ltr'>Religionem</span> <span class='ocrx_word' id='word_1_293' title='bbox 827 1879 890 1910; x_wconf 90' lang='lat' dir='ltr'>Eu-</span> 
     </span>
     <span class='ocr_line' id='line_1_44' title="bbox 19 1917 889 1961; baseline 0.001 -11"><span class='ocrx_word' id='word_1_294' title='bbox 19 1920 211 1961; x_wconf 81' lang='lat' dir='ltr'>angelicam,</span> <span class='ocrx_word' id='word_1_295' title='bbox 231 1919 261 1950; x_wconf 70' lang='grc' dir='ltr'>δε</span> <span class='ocrx_word' id='word_1_296' title='bbox 277 1917 440 1949; x_wconf 75' lang='lat' dir='ltr'>arcendam</span> <span class='ocrx_word' id='word_1_297' title='bbox 460 1917 655 1957; x_wconf 87' lang='lat' dir='ltr'>Romanam,</span> <span class='ocrx_word' id='word_1_298' title='bbox 686 1928 788 1959; x_wconf 89' lang='lat' dir='ltr'>neque</span> <span class='ocrx_word' id='word_1_299' title='bbox 811 1919 889 1951; x_wconf 89' lang='lat' dir='ltr'>adeo</span> 
     </span>
     <span class='ocr_line' id='line_1_45' title="bbox 16 1953 889 2002; baseline -0.001 -9"><span class='ocrx_word' id='word_1_300' title='bbox 16 1953 22 1959; x_wconf 73' lang='grc'><strong>’</strong></span> <span class='ocrx_word' id='word_1_301' title='bbox 43 1963 185 2002; x_wconf 75' lang='grc'>0100113111</span> <span class='ocrx_word' id='word_1_302' title='bbox 201 1958 359 2001; x_wconf 78' lang='lat' dir='ltr'>prodesset</span> <span class='ocrx_word' id='word_1_303' title='bbox 376 1960 433 1996; x_wconf 89' lang='lat' dir='ltr'>iis,</span> <span class='ocrx_word' id='word_1_304' title='bbox 455 1958 607 1999; x_wconf 86' lang='grc'>0111311110</span> <span class='ocrx_word' id='word_1_305' title='bbox 627 1963 719 1997; x_wconf 85' lang='grc'>1619.</span> <span class='ocrx_word' id='word_1_306' title='bbox 741 1959 889 1992; x_wconf 89' lang='lat' dir='ltr'>subverso</span> 
     </span>
     <span class='ocr_line' id='line_1_46' title="bbox 18 1971 890 2043; baseline -0.001 -8"><span class='ocrx_word' id='word_1_307' title='bbox 18 1971 286 2039; x_wconf 58' lang='lat' dir='ltr'>erinianismo,</span> <span class='ocrx_word' id='word_1_308' title='bbox 310 2008 360 2032; x_wconf 92' lang='lat' dir='ltr'>tot</span> <span class='ocrx_word' id='word_1_309' title='bbox 381 2000 552 2032; x_wconf 85' lang='lat' dir='ltr'>eminentia</span> <span class='ocrx_word' id='word_1_310' title='bbox 573 2010 763 2042; x_wconf 87' lang='lat' dir='ltr'>papaverum</span> <span class='ocrx_word' id='word_1_311' title='bbox 786 2002 890 2043; x_wconf 82' lang='lat' dir='ltr'>capita</span> 
     </span>
     <span class='ocr_line' id='line_1_47' title="bbox 16 2041 888 2084; baseline 0.001 -10"><span class='ocrx_word' id='word_1_312' title='bbox 16 2042 179 2076; x_wconf 74' lang='lat' dir='ltr'>Jdecuffere</span> <span class='ocrx_word' id='word_1_313' title='bbox 196 2067 206 2082; x_wconf 96' lang='lat'>,</span> <span class='ocrx_word' id='word_1_314' title='bbox 240 2051 329 2083; x_wconf 78' lang='lat' dir='ltr'>aeque</span> <span class='ocrx_word' id='word_1_315' title='bbox 351 2041 436 2073; x_wconf 90' lang='lat' dir='ltr'>enim</span> <span class='ocrx_word' id='word_1_316' title='bbox 462 2041 742 2074; x_wconf 88' lang='lat' dir='ltr'>Arminianismum</span> <span class='ocrx_word' id='word_1_317' title='bbox 759 2064 770 2080; x_wconf 88' lang='lat'>‚</span> <span class='ocrx_word' id='word_1_318' title='bbox 793 2052 888 2084; x_wconf 88' lang='lat' dir='ltr'>atque</span> 
     </span>
     <span class='ocr_line' id='line_1_48' title="bbox 18 2082 887 2124; baseline -0.001 -7"><span class='ocrx_word' id='word_1_319' title='bbox 18 2084 300 2118; x_wconf 81' lang='lat' dir='ltr'>Calvinianismum</span> <span class='ocrx_word' id='word_1_320' title='bbox 319 2106 329 2122; x_wconf 95' lang='lat'>,</span> <span class='ocrx_word' id='word_1_321' title='bbox 366 2082 404 2114; x_wconf 83' lang='lat' dir='ltr'>ad</span> <span class='ocrx_word' id='word_1_322' title='bbox 427 2082 628 2123; x_wconf 81' lang='lat' dir='ltr'>Religionem</span> <span class='ocrx_word' id='word_1_323' title='bbox 662 2083 887 2124; x_wconf 88' lang='lat' dir='ltr'>Euangelicam</span> 
     </span>
     <span class='ocr_line' id='line_1_49' title="bbox 18 2123 891 2168; baseline 0 -11"><span class='ocrx_word' id='word_1_324' title='bbox 18 2126 198 2168; x_wconf 83' lang='lat' dir='ltr'>pertinere,</span> <span class='ocrx_word' id='word_1_325' title='bbox 221 2125 252 2157; x_wconf 71' lang='grc' dir='ltr'>δι</span> <span class='ocrx_word' id='word_1_326' title='bbox 269 2133 437 2165; x_wconf 86' lang='lat' dir='ltr'>utrumque</span> <span class='ocrx_word' id='word_1_327' title='bbox 455 2133 543 2165; x_wconf 85' lang='lat' dir='ltr'>aeque</span> <span class='ocrx_word' id='word_1_328' title='bbox 559 2124 590 2156; x_wconf 90' lang='lat' dir='ltr'>in</span> <span class='ocrx_word' id='word_1_329' title='bbox 615 2123 786 2157; x_wconf 87' lang='lat' dir='ltr'>Hollandia</span> <span class='ocrx_word' id='word_1_330' title='bbox 814 2135 891 2157; x_wconf 88' lang='lat' dir='ltr'>tunc</span> 
     </span>
     <span class='ocr_line' id='line_1_50' title="bbox 18 2164 892 2207; baseline -0.002 -7"><span class='ocrx_word' id='word_1_331' title='bbox 18 2167 170 2207; x_wconf 85' lang='lat' dir='ltr'>temporis</span> <span class='ocrx_word' id='word_1_332' title='bbox 203 2165 295 2198; x_wconf 68' lang='lat' dir='ltr'>fuiss&#39;e</span> <span class='ocrx_word' id='word_1_333' title='bbox 321 2173 485 2206; x_wconf 89' lang='lat' dir='ltr'>receptum</span> <span class='ocrx_word' id='word_1_334' title='bbox 520 2166 551 2198; x_wconf 72' lang='grc' dir='ltr'>δε</span> <span class='ocrx_word' id='word_1_335' title='bbox 575 2164 707 2198; x_wconf 86' lang='lat' dir='ltr'>Grotius</span> <span class='ocrx_word' id='word_1_336' title='bbox 738 2166 892 2199; x_wconf 87' lang='lat' dir='ltr'>adstruxit</span> 
     </span>
     <span class='ocr_line' id='line_1_51' title="bbox 19 2206 890 2249; baseline 0 -9"><span class='ocrx_word' id='word_1_337' title='bbox 19 2207 148 2249; x_wconf 75' lang='lat' dir='ltr'>Apolog.</span> <span class='ocrx_word' id='word_1_338' title='bbox 171 2207 203 2239; x_wconf 92' lang='lat' dir='ltr'>C.</span> <span class='ocrx_word' id='word_1_339' title='bbox 241 2231 250 2239; x_wconf 90' lang='lat'>.</span> <span class='ocrx_word' id='word_1_340' title='bbox 273 2208 304 2239; x_wconf 68' lang='grc' dir='ltr'>ὅ(</span> <span class='ocrx_word' id='word_1_341' title='bbox 324 2207 378 2248; x_wconf 84' lang='lat' dir='ltr'>ipfl</span> <span class='ocrx_word' id='word_1_342' title='bbox 395 2206 530 2239; x_wconf 87' lang='lat' dir='ltr'>Ordines</span> <span class='ocrx_word' id='word_1_343' title='bbox 544 2206 725 2239; x_wconf 81' lang='lat' dir='ltr'>Hollandiae</span> <span class='ocrx_word' id='word_1_344' title='bbox 740 2207 890 2249; x_wconf 88' lang='lat' dir='ltr'>fignifica-</span> 
     </span>
     <span class='ocr_line' id='line_1_52' title="bbox 20 2218 612 2289; baseline -0.002 -8"><span class='ocrx_word' id='word_1_345' title='bbox 20 2258 96 2282; x_wconf 78' lang='lat' dir='ltr'>runt</span> <span class='ocrx_word' id='word_1_346' title='bbox 116 2251 147 2280; x_wconf 88' lang='lat' dir='ltr'>in</span> <span class='ocrx_word' id='word_1_347' title='bbox 165 2249 194 2280; x_wconf 94' lang='lat' dir='ltr'>d.</span> <span class='ocrx_word' id='word_1_348' title='bbox 212 2218 354 2280; x_wconf 51' lang='lat' dir='ltr'>&amp;ecreto</span> <span class='ocrx_word' id='word_1_349' title='bbox 368 2257 399 2287; x_wconf 85' lang='lat'>5.</span> <span class='ocrx_word' id='word_1_350' title='bbox 418 2247 499 2288; x_wconf 86' lang='lat' dir='ltr'>Aug.</span> <span class='ocrx_word' id='word_1_351' title='bbox 519 2251 612 2289; x_wconf 85' lang='grc'>1617.</span> 
     </span>
     <span class='ocr_line' id='line_1_53' title="bbox 20 2287 889 2332; baseline 0.002 -10"><span class='ocrx_word' id='word_1_352' title='bbox 20 2312 23 2314; x_wconf 35' lang='lat' dir='ltr'>v</span> <span class='ocrx_word' id='word_1_353' title='bbox 63 2289 138 2322; x_wconf 75' lang='lat' dir='ltr'>Plus</span> <span class='ocrx_word' id='word_1_354' title='bbox 154 2287 231 2322; x_wconf 89' lang='lat' dir='ltr'>scire</span> <span class='ocrx_word' id='word_1_355' title='bbox 247 2290 383 2328; x_wconf 89' lang='lat' dir='ltr'>attinet,</span> <span class='ocrx_word' id='word_1_356' title='bbox 406 2297 444 2320; x_wconf 87' lang='lat' dir='ltr'>an</span> <span class='ocrx_word' id='word_1_357' title='bbox 463 2289 493 2320; x_wconf 87' lang='lat'>&amp;</span> <span class='ocrx_word' id='word_1_358' title='bbox 508 2296 660 2329; x_wconf 86' lang='lat' dir='ltr'>quatenus</span> <span class='ocrx_word' id='word_1_359' title='bbox 671 2290 796 2332; x_wconf 84' lang='lat' dir='ltr'>fingulae</span> <span class='ocrx_word' id='word_1_360' title='bbox 812 2291 889 2324; x_wconf 91' lang='lat' dir='ltr'>Pro-</span> 
     </span>
     <span class='ocr_line' id='line_1_54' title="bbox 19 2329 890 2370; baseline 0.002 -7"><span class='ocrx_word' id='word_1_361' title='bbox 19 2331 136 2364; x_wconf 81' lang='lat' dir='ltr'>vinciae</span> <span class='ocrx_word' id='word_1_362' title='bbox 152 2331 334 2363; x_wconf 80' lang='lat' dir='ltr'>recess&#39;erint</span> <span class='ocrx_word' id='word_1_363' title='bbox 352 2340 370 2361; x_wconf 89' lang='lat' dir='ltr'>a</span> <span class='ocrx_word' id='word_1_364' title='bbox 383 2329 451 2370; x_wconf 84' lang='lat' dir='ltr'>jure</span> <span class='ocrx_word' id='word_1_365' title='bbox 466 2329 601 2362; x_wconf 87' lang='lat' dir='ltr'>Summae</span> <span class='ocrx_word' id='word_1_366' title='bbox 621 2331 790 2365; x_wconf 87' lang='lat' dir='ltr'>Potestatis</span> <span class='ocrx_word' id='word_1_367' title='bbox 806 2333 890 2365; x_wconf 86' lang='lat' dir='ltr'>circa</span> 
     </span>
     <span class='ocr_line' id='line_1_55' title="bbox 17 2371 889 2411; baseline 0.002 -7"><span class='ocrx_word' id='word_1_368' title='bbox 17 2373 132 2411; x_wconf 73' lang='lat' dir='ltr'>Sacra,</span> <span class='ocrx_word' id='word_1_369' title='bbox 161 2372 293 2404; x_wconf 82' lang='lat' dir='ltr'>Foedere</span> <span class='ocrx_word' id='word_1_370' title='bbox 310 2371 509 2404; x_wconf 87' lang='lat' dir='ltr'>Utreehtano</span> <span class='ocrx_word' id='word_1_371' title='bbox 535 2380 600 2403; x_wconf 88' lang='lat' dir='ltr'>tam</span> <span class='ocrx_word' id='word_1_372' title='bbox 627 2371 810 2406; x_wconf 88' lang='lat' dir='ltr'>solemniter</span> <span class='ocrx_word' id='word_1_373' title='bbox 833 2374 889 2406; x_wconf 87' lang='lat' dir='ltr'>fibi</span> 
     </span>
     <span class='ocr_line' id='line_1_56' title="bbox 19 2410 888 2455; baseline 0.001 -9"><span class='ocrx_word' id='word_1_374' title='bbox 19 2413 212 2452; x_wconf 65' lang='lat' dir='ltr'>xeservatae?</span> <span class='ocrx_word' id='word_1_375' title='bbox 236 2414 285 2446; x_wconf 90' lang='lat' dir='ltr'>Ab</span> <span class='ocrx_word' id='word_1_376' title='bbox 304 2410 529 2445; x_wconf 83' lang='lat' dir='ltr'>Ecclefiasticis</span> <span class='ocrx_word' id='word_1_377' title='bbox 551 2411 631 2453; x_wconf 80' lang='lat' dir='ltr'>saepe</span> <span class='ocrx_word' id='word_1_378' title='bbox 647 2415 773 2455; x_wconf 90' lang='lat' dir='ltr'>quidem</span> <span class='ocrx_word' id='word_1_379' title='bbox 789 2422 888 2447; x_wconf 88' lang='lat' dir='ltr'>tenta-</span> 
     </span>
     <span class='ocr_line' id='line_1_57' title="bbox 19 2453 889 2497; baseline -0.002 -9"><span class='ocrx_word' id='word_1_380' title='bbox 19 2453 90 2493; x_wconf 68' lang='lat' dir='ltr'>Jtum</span> <span class='ocrx_word' id='word_1_381' title='bbox 107 2454 173 2493; x_wconf 91' lang='lat' dir='ltr'>est,</span> <span class='ocrx_word' id='word_1_382' title='bbox 195 2463 230 2486; x_wconf 91' lang='lat' dir='ltr'>ut</span> <span class='ocrx_word' id='word_1_383' title='bbox 247 2464 311 2488; x_wconf 91' lang='lat' dir='ltr'>non</span> <span class='ocrx_word' id='word_1_384' title='bbox 334 2454 392 2487; x_wconf 86' lang='grc'>11111</span> <span class='ocrx_word' id='word_1_385' title='bbox 410 2462 471 2486; x_wconf 87' lang='lat' dir='ltr'>una</span> <span class='ocrx_word' id='word_1_386' title='bbox 491 2453 636 2495; x_wconf 83' lang='lat' dir='ltr'>Religio,</span> <span class='ocrx_word' id='word_1_387' title='bbox 671 2455 701 2487; x_wconf 88' lang='lat'>&amp;</span> <span class='ocrx_word' id='word_1_388' title='bbox 720 2455 802 2488; x_wconf 89' lang='lat' dir='ltr'>solus</span> <span class='ocrx_word' id='word_1_389' title='bbox 822 2456 889 2497; x_wconf 91' lang='lat' dir='ltr'>qui-</span> 
     </span>
     <span class='ocr_line' id='line_1_58' title="bbox 14 2494 886 2540; baseline 0 -11"><span class='ocrx_word' id='word_1_390' title='bbox 14 2496 93 2540; x_wconf 50' lang='lat' dir='ltr'>‹detn</span> <span class='ocrx_word' id='word_1_391' title='bbox 108 2496 391 2535; x_wconf 82' lang='lat' dir='ltr'>Calvinianismus,</span> <span class='ocrx_word' id='word_1_392' title='bbox 417 2496 448 2527; x_wconf 95' lang='lat' dir='ltr'>in</span> <span class='ocrx_word' id='word_1_393' title='bbox 470 2494 615 2527; x_wconf 89' lang='lat' dir='ltr'>omnibus</span> <span class='ocrx_word' id='word_1_394' title='bbox 639 2495 816 2529; x_wconf 87' lang='lat' dir='ltr'>Provinciis</span> <span class='ocrx_word' id='word_1_395' title='bbox 831 2497 886 2529; x_wconf 95' lang='lat' dir='ltr'>do-</span> 
     </span>
     <span class='ocr_line' id='line_1_59' title="bbox 15 2534 886 2578; baseline 0.005 -11"><span class='ocrx_word' id='word_1_396' title='bbox 15 2545 146 2575; x_wconf 54' lang='lat' dir='ltr'>ceretur</span> <span class='ocrx_word' id='word_1_397' title='bbox 163 2538 193 2570; x_wconf 87' lang='lat'>&amp;</span> <span class='ocrx_word' id='word_1_398' title='bbox 213 2538 453 2576; x_wconf 83' lang='lat' dir='ltr'>admitteretur,</span> <span class='ocrx_word' id='word_1_399' title='bbox 478 2534 528 2567; x_wconf 92' lang='lat' dir='ltr'>sed</span> <span class='ocrx_word' id='word_1_400' title='bbox 554 2544 627 2568; x_wconf 89' lang='lat' dir='ltr'>ante</span> <span class='ocrx_word' id='word_1_401' title='bbox 652 2547 767 2570; x_wconf 90' lang='lat' dir='ltr'>annum</span> <span class='ocrx_word' id='word_1_402' title='bbox 794 2542 886 2578; x_wconf 85' lang='lat'>1651.</span> 
     </span>
     <span class='ocr_line' id='line_1_60' title="bbox 14 2577 888 2621; baseline 0 -10"><span class='ocrx_word' id='word_1_403' title='bbox 14 2579 123 2621; x_wconf 37' lang='lat' dir='ltr'>‘legem</span> <span class='ocrx_word' id='word_1_404' title='bbox 146 2588 199 2611; x_wconf 86' lang='lat' dir='ltr'>aut</span> <span class='ocrx_word' id='word_1_405' title='bbox 216 2579 391 2620; x_wconf 55' lang='lat' dir='ltr'>pactionem</span> <span class='ocrx_word' id='word_1_406' title='bbox 424 2587 460 2609; x_wconf 87' lang='lat' dir='ltr'>ea</span> <span class='ocrx_word' id='word_1_407' title='bbox 487 2577 526 2608; x_wconf 90' lang='lat' dir='ltr'>de</span> <span class='ocrx_word' id='word_1_408' title='bbox 551 2587 584 2608; x_wconf 91' lang='lat' dir='ltr'>re</span> <span class='ocrx_word' id='word_1_409' title='bbox 606 2579 780 2618; x_wconf 85' lang='lat' dir='ltr'>generalem</span> <span class='ocrx_word' id='word_1_410' title='bbox 805 2580 888 2612; x_wconf 88' lang='lat' dir='ltr'>inter</span> 
     </span>
     <span class='ocr_line' id='line_1_61' title="bbox 13 2614 886 2661; baseline -0.001 -8"><span class='ocrx_word' id='word_1_411' title='bbox 13 2614 158 2657; x_wconf 65' lang='lat' dir='ltr'>.Ordine’s</span> <span class='ocrx_word' id='word_1_412' title='bbox 174 2620 337 2652; x_wconf 87' lang='lat' dir='ltr'>Foederati</span> <span class='ocrx_word' id='word_1_413' title='bbox 355 2619 457 2661; x_wconf 82' lang='lat' dir='ltr'>Belgii</span> <span class='ocrx_word' id='word_1_414' title='bbox 473 2618 693 2658; x_wconf 76' lang='lat' dir='ltr'>intercessisse,</span> <span class='ocrx_word' id='word_1_415' title='bbox 715 2630 779 2652; x_wconf 92' lang='lat' dir='ltr'>non</span> <span class='ocrx_word' id='word_1_416' title='bbox 796 2622 886 2660; x_wconf 86' lang='lat' dir='ltr'>potui</span> 
     </span>
     <span class='ocr_line' id='line_1_62' title="bbox 13 2659 887 2702; baseline -0.001 -8"><span class='ocrx_word' id='word_1_417' title='bbox 13 2661 282 2699; x_wconf 55' lang='lat' dir='ltr'>,animadvertere</span> <span class='ocrx_word' id='word_1_418' title='bbox 328 2660 494 2701; x_wconf 84' lang='lat' dir='ltr'>Postquam</span> <span class='ocrx_word' id='word_1_419' title='bbox 512 2659 766 2702; x_wconf 20' lang='lat' dir='ltr'>usu-invaluisset</span> <span class='ocrx_word' id='word_1_420' title='bbox 781 2661 887 2694; x_wconf 89' lang='lat' dir='ltr'>Calvi-</span> 
     </span>
     <span class='ocr_line' id='line_1_63' title="bbox 13 2701 890 2745; baseline -0.001 -9"><span class='ocrx_word' id='word_1_421' title='bbox 13 2703 192 2741; x_wconf 56' lang='lat' dir='ltr'>‹aianismus</span> <span class='ocrx_word' id='word_1_422' title='bbox 202 2724 212 2740; x_wconf 94' lang='lat'>,</span> <span class='ocrx_word' id='word_1_423' title='bbox 236 2703 389 2734; x_wconf 88' lang='lat' dir='ltr'>continuo</span> <span class='ocrx_word' id='word_1_424' title='bbox 404 2701 529 2743; x_wconf 88' lang='lat' dir='ltr'>quidem</span> <span class='ocrx_word' id='word_1_425' title='bbox 544 2701 787 2735; x_wconf 89' lang='lat' dir='ltr'>Pontificiorum</span> <span class='ocrx_word' id='word_1_426' title='bbox 803 2704 890 2745; x_wconf 87' lang='lat' dir='ltr'>leges</span> 
     </span>
     <span class='ocr_line' id='line_1_64' title="bbox 13 2743 888 2784; baseline 0 -8"><span class='ocrx_word' id='word_1_427' title='bbox 13 2743 249 2781; x_wconf 73' lang='lat' dir='ltr'>AEcclefiastieae</span> <span class='ocrx_word' id='word_1_428' title='bbox 269 2743 340 2775; x_wconf 89' lang='lat' dir='ltr'>sunt</span> <span class='ocrx_word' id='word_1_429' title='bbox 355 2743 531 2784; x_wconf 67' lang='lat' dir='ltr'>abrogatae,</span> <span class='ocrx_word' id='word_1_430' title='bbox 554 2752 613 2774; x_wconf 89' lang='lat' dir='ltr'>nec</span> <span class='ocrx_word' id='word_1_431' title='bbox 635 2744 734 2784; x_wconf 75' lang='lat' dir='ltr'>maior</span> <span class='ocrx_word' id='word_1_432' title='bbox 750 2743 815 2776; x_wconf 90' lang='lat' dir='ltr'>fuit</span> <span class='ocrx_word' id='word_1_433' title='bbox 833 2753 888 2776; x_wconf 89' lang='lat' dir='ltr'>ve-</span> 
     </span>
     <span class='ocr_line' id='line_1_65' title="bbox 15 2783 888 2824; baseline -0.003 -4"><span class='ocrx_word' id='word_1_434' title='bbox 15 2791 126 2820; x_wconf 62' lang='lat' dir='ltr'>terum</span> <span class='ocrx_word' id='word_1_435' title='bbox 151 2784 370 2824; x_wconf 80' lang='lat' dir='ltr'>Conciliorum</span> <span class='ocrx_word' id='word_1_436' title='bbox 393 2784 561 2816; x_wconf 75' lang='lat' dir='ltr'>auctoritas</span> <span class='ocrx_word' id='word_1_437' title='bbox 578 2806 590 2823; x_wconf 91' lang='lat'>,</span> <span class='ocrx_word' id='word_1_438' title='bbox 631 2783 684 2816; x_wconf 91' lang='lat' dir='ltr'>sed</span> <span class='ocrx_word' id='word_1_439' title='bbox 713 2795 824 2819; x_wconf 73' lang='lat' dir='ltr'>e-›rum</span> <span class='ocrx_word' id='word_1_440' title='bbox 853 2795 888 2817; x_wconf 92' lang='lat' dir='ltr'>o-</span> 
     </span>
     <span class='ocr_line' id='line_1_66' title="bbox 13 2821 889 2868; baseline 0 -9"><span class='ocrx_word' id='word_1_441' title='bbox 13 2821 143 2864; x_wconf 63' lang='lat' dir='ltr'>junium</span> <span class='ocrx_word' id='word_1_442' title='bbox 167 2827 241 2858; x_wconf 90' lang='lat' dir='ltr'>loco</span> <span class='ocrx_word' id='word_1_443' title='bbox 258 2825 337 2856; x_wconf 85' lang='lat' dir='ltr'>nihil</span> <span class='ocrx_word' id='word_1_444' title='bbox 355 2826 521 2866; x_wconf 87' lang='lat' dir='ltr'>quicquam</span> <span class='ocrx_word' id='word_1_445' title='bbox 540 2823 700 2865; x_wconf 85' lang='lat' dir='ltr'>succeffic,</span> <span class='ocrx_word' id='word_1_446' title='bbox 725 2827 810 2868; x_wconf 88' lang='lat' dir='ltr'>quod</span> <span class='ocrx_word' id='word_1_447' title='bbox 835 2836 889 2868; x_wconf 89' lang='lat' dir='ltr'>pu-</span> 
     </span>
     <span class='ocr_line' id='line_1_67' title="bbox 25 2865 891 2909; baseline 0.001 -10"><span class='ocrx_word' id='word_1_448' title='bbox 25 2866 108 2901; x_wconf 88' lang='lat' dir='ltr'>blica</span> <span class='ocrx_word' id='word_1_449' title='bbox 124 2867 308 2899; x_wconf 65' lang='lat' dir='ltr'>eustos-itate</span> <span class='ocrx_word' id='word_1_450' title='bbox 321 2866 454 2897; x_wconf 89' lang='lat' dir='ltr'>valebat.</span> <span class='ocrx_word' id='word_1_451' title='bbox 478 2865 571 2906; x_wconf 88' lang='lat' dir='ltr'>Apud</span> <span class='ocrx_word' id='word_1_452' title='bbox 587 2866 792 2900; x_wconf 88' lang='lat' dir='ltr'>Calvinianos</span> <span class='ocrx_word' id='word_1_453' title='bbox 801 2892 811 2908; x_wconf 94' lang='lat'>,</span> <span class='ocrx_word' id='word_1_454' title='bbox 828 2869 891 2909; x_wconf 86' lang='lat' dir='ltr'>jam</span> 
     </span>
     <span class='ocr_line' id='line_1_68' title="bbox 22 2906 890 2951; baseline 0 -10"><span class='ocrx_word' id='word_1_455' title='bbox 22 2907 211 2951; x_wconf 64' lang='grc' dir='ltr'>111110110ῐο3,</span> <span class='ocrx_word' id='word_1_456' title='bbox 235 2907 381 2950; x_wconf 87' lang='lat' dir='ltr'>protinus</span> <span class='ocrx_word' id='word_1_457' title='bbox 404 2906 520 2939; x_wconf 79' lang='lat' dir='ltr'>cess&#39;are</span> <span class='ocrx_word' id='word_1_458' title='bbox 533 2907 688 2942; x_wconf 87' lang='lat' dir='ltr'>debebant</span> <span class='ocrx_word' id='word_1_459' title='bbox 712 2909 781 2950; x_wconf 87' lang='lat' dir='ltr'>jura</span> <span class='ocrx_word' id='word_1_460' title='bbox 801 2917 890 2943; x_wconf 81' lang='lat' dir='ltr'>vete-</span> 
     </span>
    </p>
   </div>
   <div class='ocr_carea' id='block_1_3' title="bbox 11 3040 892 3236">
    <p class='ocr_par' dir='ltr' id='par_1_5' title="bbox 14 3040 892 3081">
     <span class='ocr_line' id='line_1_69' title="bbox 14 3040 892 3081; baseline 0.005 -10"><span class='ocrx_word' id='word_1_461' title='bbox 14 3041 28 3048; x_wconf 90' lang='grc'>““</span> <span class='ocrx_word' id='word_1_462' title='bbox 67 3042 130 3081; x_wconf 81' lang='grc'>(4)</span> <span class='ocrx_word' id='word_1_463' title='bbox 150 3043 316 3072; x_wconf 88' lang='lat' dir='ltr'>Declaratio</span> <span class='ocrx_word' id='word_1_464' title='bbox 332 3040 473 3070; x_wconf 87' lang='lat' dir='ltr'>Ordinum</span> <span class='ocrx_word' id='word_1_465' title='bbox 487 3041 514 3070; x_wconf 88' lang='lat' dir='ltr'>in</span> <span class='ocrx_word' id='word_1_466' title='bbox 531 3042 604 3071; x_wconf 77' lang='lat' dir='ltr'>hane</span> <span class='ocrx_word' id='word_1_467' title='bbox 621 3051 678 3072; x_wconf 90' lang='lat' dir='ltr'>rem</span> <span class='ocrx_word' id='word_1_468' title='bbox 701 3044 789 3074; x_wconf 87' lang='lat' dir='ltr'>exstat</span> <span class='ocrx_word' id='word_1_469' title='bbox 802 3045 832 3074; x_wconf 88' lang='lat' dir='ltr'>in</span> <span class='ocrx_word' id='word_1_470' title='bbox 855 3044 892 3074; x_wconf 85' lang='lat' dir='ltr'>de</span> 
     </span>
    </p>

    <p class='ocr_par' dir='ltr' id='par_1_6' title="bbox 11 3080 744 3118">
     <span class='ocr_line' id='line_1_70' title="bbox 11 3080 744 3118; baseline 0.001 -8"><span class='ocrx_word' id='word_1_471' title='bbox 11 3080 202 3118; x_wconf 79' lang='lat' dir='ltr'>,.Handvesten</span> <span class='ocrx_word' id='word_1_472' title='bbox 215 3090 268 3110; x_wconf 81' lang='lat' dir='ltr'>van</span> <span class='ocrx_word' id='word_1_473' title='bbox 284 3082 314 3109; x_wconf 77' lang='lat' dir='ltr'>de</span> <span class='ocrx_word' id='word_1_474' title='bbox 330 3081 438 3109; x_wconf 76' lang='lat' dir='ltr'>Gra-ven</span> <span class='ocrx_word' id='word_1_475' title='bbox 451 3089 504 3108; x_wconf 83' lang='lat' dir='ltr'>van</span> <span class='ocrx_word' id='word_1_476' title='bbox 518 3081 643 3111; x_wconf 40' lang='lat' dir='ltr'>Holland.</span> <span class='ocrx_word' id='word_1_477' title='bbox 654 3090 682 3111; x_wconf 95' lang='grc'>11.</span> <span class='ocrx_word' id='word_1_478' title='bbox 699 3090 744 3117; x_wconf 84' lang='grc'>39.</span> 
     </span>
    </p>

    <p class='ocr_par' dir='ltr' id='par_1_7' title="bbox 13 3115 892 3236">
     <span class='ocr_line' id='line_1_71' title="bbox 13 3115 891 3157; baseline 0.003 -10"><span class='ocrx_word' id='word_1_479' title='bbox 13 3115 28 3123; x_wconf 72' lang='grc'>““</span> <span class='ocrx_word' id='word_1_480' title='bbox 68 3119 132 3157; x_wconf 83' lang='lat'>(5)</span> <span class='ocrx_word' id='word_1_481' title='bbox 150 3119 308 3156; x_wconf 83' lang='lat' dir='ltr'>Propofitio</span> <span class='ocrx_word' id='word_1_482' title='bbox 324 3120 371 3148; x_wconf 76' lang='grc'>1113</span> <span class='ocrx_word' id='word_1_483' title='bbox 381 3141 388 3152; x_wconf 83' lang='grc'>,</span> <span class='ocrx_word' id='word_1_484' title='bbox 404 3118 430 3147; x_wconf 87' lang='lat'>&amp;</span> <span class='ocrx_word' id='word_1_485' title='bbox 449 3119 601 3147; x_wconf 86' lang='lat' dir='ltr'>Decretum</span> <span class='ocrx_word' id='word_1_486' title='bbox 615 3119 757 3150; x_wconf 84' lang='lat' dir='ltr'>Ordinurn</span> <span class='ocrx_word' id='word_1_487' title='bbox 771 3120 891 3151; x_wconf 89' lang='lat' dir='ltr'>Hollan-</span> 
     </span>
     <span class='ocr_line' id='line_1_72' title="bbox 33 3155 890 3202; baseline 0.002 -15"><span class='ocrx_word' id='word_1_488' title='bbox 33 3157 84 3188; x_wconf 78' lang='lat' dir='ltr'>diae</span> <span class='ocrx_word' id='word_1_489' title='bbox 93 3179 102 3193; x_wconf 94' lang='lat'>‚</span> <span class='ocrx_word' id='word_1_490' title='bbox 121 3157 184 3195; x_wconf 88' lang='lat' dir='ltr'>post</span> <span class='ocrx_word' id='word_1_491' title='bbox 200 3158 342 3202; x_wconf 63' lang='lat' dir='ltr'>spquutum</span> <span class='ocrx_word' id='word_1_492' title='bbox 353 3180 360 3193; x_wconf 84' lang='lat'>,</span> <span class='ocrx_word' id='word_1_493' title='bbox 374 3157 484 3186; x_wconf 77' lang='lat' dir='ltr'>exstant</span> <span class='ocrx_word' id='word_1_494' title='bbox 496 3155 572 3186; x_wconf 81' lang='lat' dir='ltr'>Plac.</span> <span class='ocrx_word' id='word_1_495' title='bbox 583 3159 620 3186; x_wconf 91' lang='lat'>11.</span> <span class='ocrx_word' id='word_1_496' title='bbox 633 3159 753 3195; x_wconf 80' lang='lat' dir='ltr'>Append.</span> <span class='ocrx_word' id='word_1_497' title='bbox 766 3168 795 3197; x_wconf 89' lang='lat' dir='ltr'>p.</span> <span class='ocrx_word' id='word_1_498' title='bbox 806 3167 890 3196; x_wconf 81' lang='grc'>2157.</span> 
     </span>
     <span class='ocr_line' id='line_1_73' title="bbox 33 3195 892 3236; baseline 0.002 -10"><span class='ocrx_word' id='word_1_499' title='bbox 33 3196 60 3226; x_wconf 68' lang='grc' dir='ltr'>ἃ</span> <span class='ocrx_word' id='word_1_500' title='bbox 71 3197 149 3234; x_wconf 85' lang='lat' dir='ltr'>seqq.</span> <span class='ocrx_word' id='word_1_501' title='bbox 163 3195 214 3225; x_wconf 85' lang='lat' dir='ltr'>ubi</span> <span class='ocrx_word' id='word_1_502' title='bbox 227 3196 254 3226; x_wconf 82' lang='lat'>&amp;</span> <span class='ocrx_word' id='word_1_503' title='bbox 267 3198 380 3236; x_wconf 78' lang='lat' dir='ltr'>utrique</span> <span class='ocrx_word' id='word_1_504' title='bbox 395 3196 529 3235; x_wconf 76' lang='lat' dir='ltr'>temporis</span> <span class='ocrx_word' id='word_1_505' title='bbox 541 3197 652 3228; x_wconf 82' lang='lat' dir='ltr'>numeri</span> <span class='ocrx_word' id='word_1_506' title='bbox 666 3197 839 3234; x_wconf 76' lang='lat' dir='ltr'>scribuntur,</span> <span class='ocrx_word' id='word_1_507' title='bbox 861 3204 892 3228; x_wconf 87' lang='lat' dir='ltr'>ut</span> 
     </span>
    </p>
   </div>
   <div class='ocr_carea' id='block_1_4' title="bbox 78 3241 223 3276">
    <p class='ocr_par' dir='ltr' id='par_1_8' title="bbox 78 3241 223 3276">
     <span class='ocr_line' id='line_1_74' title="bbox 78 3241 223 3276; baseline 0.014 -2"><span class='ocrx_word' id='word_1_508' title='bbox 78 3241 156 3274; x_wconf 88' lang='lat' dir='ltr'>Tom.</span> <span class='ocrx_word' id='word_1_509' title='bbox 183 3241 223 3276; x_wconf 88' lang='lat'>11.</span> 
     </span>
    </p>
   </div>
   <div class='ocr_carea' id='block_1_5' title="bbox 816 108 1161 152">
    <p class='ocr_par' dir='ltr' id='par_1_9' title="bbox 816 108 1161 152">
     <span class='ocr_line' id='line_1_75' title="bbox 816 108 1161 152; baseline 0.006 -8"><span class='ocrx_word' id='word_1_510' title='bbox 816 108 1161 152; x_wconf 90' lang='lat' dir='ltr'>PUBLICI,</span> 
     </span>
    </p>
   </div>
   <div class='ocr_carea' id='block_1_6' title="bbox 929 681 1634 721">
    <p class='ocr_par' dir='ltr' id='par_1_10' title="bbox 929 681 1634 721">
     <span class='ocr_line' id='line_1_76' title="bbox 929 681 1634 721; baseline 0.006 -9"><span class='ocrx_word' id='word_1_511' title='bbox 929 682 974 713; x_wconf 75' lang='lat' dir='ltr'>&#39;de</span> <span class='ocrx_word' id='word_1_512' title='bbox 992 681 1127 721; x_wconf 76' lang='lat' dir='ltr'>Legibus</span> <span class='ocrx_word' id='word_1_513' title='bbox 1142 684 1171 715; x_wconf 73' lang='grc' dir='ltr'>ὃ(</span> <span class='ocrx_word' id='word_1_514' title='bbox 1194 683 1377 717; x_wconf 87' lang='lat' dir='ltr'>Canonibus</span> <span class='ocrx_word' id='word_1_515' title='bbox 1396 685 1634 717; x_wconf 76' lang='lat' dir='ltr'>Eccleliasticis.</span> 
     </span>
    </p>
   </div>
   <div class='ocr_carea' id='block_1_7' title="bbox 1212 109 1806 166">
    <p class='ocr_par' dir='ltr' id='par_1_11' title="bbox 1212 109 1806 166">
     <span class='ocr_line' id='line_1_77' title="bbox 1212 109 1806 166; baseline 0.019 -21"><span class='ocrx_word' id='word_1_516' title='bbox 1212 109 1315 147; x_wconf 83' lang='lat' dir='ltr'>LIB.</span> <span class='ocrx_word' id='word_1_517' title='bbox 1340 112 1386 147; x_wconf 86' lang='lat'>11.</span> <span class='ocrx_word' id='word_1_518' title='bbox 1419 111 1458 148; x_wconf 93' lang='lat' dir='ltr'>C.</span> <span class='ocrx_word' id='word_1_519' title='bbox 1487 115 1624 153; x_wconf 81' lang='lat' dir='ltr'>XVIII.</span> <span class='ocrx_word' id='word_1_520' title='bbox 1735 128 1806 166; x_wconf 78' lang='lat'>273</span> 
     </span>
    </p>
   </div>
   <div class='ocr_carea' id='block_1_8' title="bbox 929 186 1808 2378">
    <p class='ocr_par' dir='ltr' id='par_1_12' title="bbox 934 186 1808 717">
     <span class='ocr_line' id='line_1_78' title="bbox 939 186 1808 236; baseline 0.014 -18"><span class='ocrx_word' id='word_1_521' title='bbox 939 187 980 219; x_wconf 87' lang='lat' dir='ltr'>ris</span> <span class='ocrx_word' id='word_1_522' title='bbox 998 186 1166 226; x_wconf 66' lang='lat' dir='ltr'>Ecclesiae,</span> <span class='ocrx_word' id='word_1_523' title='bbox 1191 198 1286 229; x_wconf 85' lang='lat' dir='ltr'>quum</span> <span class='ocrx_word' id='word_1_524' title='bbox 1307 190 1480 224; x_wconf 83' lang='lat' dir='ltr'>Romanam</span> <span class='ocrx_word' id='word_1_525' title='bbox 1500 195 1717 236; x_wconf 83' lang='lat' dir='ltr'>Religionem,</span> <span class='ocrx_word' id='word_1_526' title='bbox 1738 196 1808 228; x_wconf 88' lang='lat' dir='ltr'>Do-</span> 
     </span>
     <span class='ocr_line' id='line_1_79' title="bbox 940 229 1807 272; baseline 0.012 -12"><span class='ocrx_word' id='word_1_527' title='bbox 940 229 1047 260; x_wconf 72' lang='lat' dir='ltr'>Ctrinae</span> <span class='ocrx_word' id='word_1_528' title='bbox 1062 230 1247 272; x_wconf 86' lang='lat' dir='ltr'>antiquitate</span> <span class='ocrx_word' id='word_1_529' title='bbox 1267 231 1297 263; x_wconf 70' lang='grc' dir='ltr'>δε</span> <span class='ocrx_word' id='word_1_530' title='bbox 1318 231 1468 264; x_wconf 75' lang='lat' dir='ltr'>univerfie</span> <span class='ocrx_word' id='word_1_531' title='bbox 1492 235 1639 268; x_wconf 74' lang='lat' dir='ltr'>Eccleliae</span> <span class='ocrx_word' id='word_1_532' title='bbox 1661 237 1807 269; x_wconf 78' lang='lat' dir='ltr'>Decretis</span> 
     </span>
     <span class='ocr_line' id='line_1_80' title="bbox 940 269 1806 315; baseline 0.012 -14"><span class='ocrx_word' id='word_1_533' title='bbox 940 269 1125 309; x_wconf 81' lang='lat' dir='ltr'>subnixam,</span> <span class='ocrx_word' id='word_1_534' title='bbox 1157 272 1219 302; x_wconf 91' lang='grc'>1100</span> <span class='ocrx_word' id='word_1_535' title='bbox 1243 271 1311 304; x_wconf 83' lang='lat' dir='ltr'>fere</span> <span class='ocrx_word' id='word_1_536' title='bbox 1331 272 1398 304; x_wconf 86' lang='lat' dir='ltr'>solo</span> <span class='ocrx_word' id='word_1_537' title='bbox 1425 277 1653 315; x_wconf 79' lang='lat' dir='ltr'>oppugnarint,</span> <span class='ocrx_word' id='word_1_538' title='bbox 1687 280 1806 311; x_wconf 84' lang='lat' dir='ltr'>nullam</span> 
     </span>
     <span class='ocr_line' id='line_1_81' title="bbox 939 311 1804 358; baseline 0.01 -16"><span class='ocrx_word' id='word_1_539' title='bbox 939 311 1032 352; x_wconf 82' lang='lat' dir='ltr'>plane</span> <span class='ocrx_word' id='word_1_540' title='bbox 1050 311 1112 343; x_wconf 82' lang='lat' dir='ltr'>effe</span> <span class='ocrx_word' id='word_1_541' title='bbox 1134 321 1241 344; x_wconf 87' lang='grc'>00111111</span> <span class='ocrx_word' id='word_1_542' title='bbox 1258 336 1268 352; x_wconf 89' lang='grc'>,</span> <span class='ocrx_word' id='word_1_543' title='bbox 1299 322 1370 355; x_wconf 70' lang='grc'>0010</span> <span class='ocrx_word' id='word_1_544' title='bbox 1395 313 1535 346; x_wconf 78' lang='lat' dir='ltr'>homines</span> <span class='ocrx_word' id='word_1_545' title='bbox 1558 317 1804 358; x_wconf 86' lang='lat' dir='ltr'>constituerunt,</span> 
     </span>
     <span class='ocr_line' id='line_1_82' title="bbox 937 352 1805 402; baseline 0.01 -19"><span class='ocrx_word' id='word_1_546' title='bbox 937 352 1166 385; x_wconf 70' lang='lat' dir='ltr'>auctoritatem.</span> <span class='ocrx_word' id='word_1_547' title='bbox 1214 353 1305 387; x_wconf 84' lang='lat' dir='ltr'>Unde</span> <span class='ocrx_word' id='word_1_548' title='bbox 1329 354 1365 389; x_wconf 67' lang='lat'>[⁴3⁹</span> <span class='ocrx_word' id='word_1_549' title='bbox 1388 354 1416 395; x_wconf 49' lang='grc' dir='ltr'>ἦ.</span> <span class='ocrx_word' id='word_1_550' title='bbox 1442 365 1471 396; x_wconf 84' lang='grc'>7.</span> <span class='ocrx_word' id='word_1_551' title='bbox 1492 353 1675 396; x_wconf 67' lang='lat' dir='ltr'>Consqllionis</span> <span class='ocrx_word' id='word_1_552' title='bbox 1706 360 1805 402; x_wconf 77' lang='lat' dir='ltr'>Belgi-</span> 
     </span>
     <span class='ocr_line' id='line_1_83' title="bbox 937 389 1804 436; baseline 0.009 -12"><span class='ocrx_word' id='word_1_553' title='bbox 937 404 992 433; x_wconf 82' lang='lat' dir='ltr'>cae,</span> <span class='ocrx_word' id='word_1_554' title='bbox 1016 393 1068 427; x_wconf 88' lang='lat' dir='ltr'>ubi</span> <span class='ocrx_word' id='word_1_555' title='bbox 1089 395 1190 434; x_wconf 75' lang='lat' dir='ltr'>agitur</span> <span class='ocrx_word' id='word_1_556' title='bbox 1204 395 1242 426; x_wconf 84' lang='lat' dir='ltr'>cle</span> <span class='ocrx_word' id='word_1_557' title='bbox 1257 389 1474 436; x_wconf 79' lang='lat' dir='ltr'>antiquisiimis</span> <span class='ocrx_word' id='word_1_558' title='bbox 1491 396 1638 429; x_wconf 77' lang='lat' dir='ltr'>Ecclciiae</span> <span class='ocrx_word' id='word_1_559' title='bbox 1664 400 1804 432; x_wconf 84' lang='lat' dir='ltr'>moribus</span> 
     </span>
     <span class='ocr_line' id='line_1_84' title="bbox 936 434 1803 481; baseline 0.005 -13"><span class='ocrx_word' id='word_1_560' title='bbox 936 435 967 468; x_wconf 82' lang='lat'>&amp;</span> <span class='ocrx_word' id='word_1_561' title='bbox 993 434 1169 474; x_wconf 88' lang='lat' dir='ltr'>Conciliis‚</span> <span class='ocrx_word' id='word_1_562' title='bbox 1202 436 1268 468; x_wconf 77' lang='lat' dir='ltr'>haec</span> <span class='ocrx_word' id='word_1_563' title='bbox 1295 437 1457 478; x_wconf 79' lang='lat' dir='ltr'>leguntur:</span> <span class='ocrx_word' id='word_1_564' title='bbox 1481 448 1576 469; x_wconf 82' lang='lat' dir='ltr'>omnes</span> <span class='ocrx_word' id='word_1_565' title='bbox 1603 439 1729 471; x_wconf 75' lang='lat' dir='ltr'>homines</span> <span class='ocrx_word' id='word_1_566' title='bbox 1752 442 1803 481; x_wconf 67' lang='lat' dir='ltr'>effi’</span> 
     </span>
     <span class='ocr_line' id='line_1_85' title="bbox 935 476 1798 520; baseline 0.007 -13"><span class='ocrx_word' id='word_1_567' title='bbox 935 477 1086 508; x_wconf 76' lang='lat' dir='ltr'>mendaces</span> <span class='ocrx_word' id='word_1_568' title='bbox 1112 486 1148 507; x_wconf 73' lang='lat' dir='ltr'>ex</span> <span class='ocrx_word' id='word_1_569' title='bbox 1168 476 1201 518; x_wconf 72' lang='lat' dir='ltr'>ste</span> <span class='ocrx_word' id='word_1_570' title='bbox 1219 477 1285 518; x_wconf 73' lang='lat' dir='ltr'>ipfir</span> <span class='ocrx_word' id='word_1_571' title='bbox 1301 502 1311 517; x_wconf 86' lang='lat'>‚</span> <span class='ocrx_word' id='word_1_572' title='bbox 1344 478 1458 520; x_wconf 70' lang='lat' dir='ltr'>ipsaque</span> <span class='ocrx_word' id='word_1_573' title='bbox 1494 481 1629 510; x_wconf 73' lang='lat' dir='ltr'>vanitate</span> <span class='ocrx_word' id='word_1_574' title='bbox 1654 483 1798 514; x_wconf 76' lang='lat' dir='ltr'>vaniores.</span> 
     </span>
     <span class='ocr_line' id='line_1_86' title="bbox 934 517 1804 558; baseline 0.006 -9"><span class='ocrx_word' id='word_1_575' title='bbox 934 517 996 549; x_wconf 84' lang='lat' dir='ltr'>Sed</span> <span class='ocrx_word' id='word_1_576' title='bbox 1013 527 1085 550; x_wconf 89' lang='lat' dir='ltr'>cum</span> <span class='ocrx_word' id='word_1_577' title='bbox 1100 526 1231 550; x_wconf 88' lang='lat' dir='ltr'>ventum</span> <span class='ocrx_word' id='word_1_578' title='bbox 1248 519 1293 552; x_wconf 88' lang='lat' dir='ltr'>est</span> <span class='ocrx_word' id='word_1_579' title='bbox 1308 519 1345 551; x_wconf 85' lang='lat' dir='ltr'>ad</span> <span class='ocrx_word' id='word_1_580' title='bbox 1355 529 1462 552; x_wconf 89' lang='lat' dir='ltr'>verum</span> <span class='ocrx_word' id='word_1_581' title='bbox 1473 543 1483 558; x_wconf 88' lang='lat'>,</span> <span class='ocrx_word' id='word_1_582' title='bbox 1506 519 1604 552; x_wconf 84' lang='lat' dir='ltr'>facile</span> <span class='ocrx_word' id='word_1_583' title='bbox 1617 521 1712 553; x_wconf 86' lang='lat' dir='ltr'>etiam</span> <span class='ocrx_word' id='word_1_584' title='bbox 1731 522 1804 554; x_wconf 83' lang='lat' dir='ltr'>Cal-</span> 
     </span>
     <span class='ocr_line' id='line_1_87' title="bbox 935 559 1803 601; baseline 0.006 -11"><span class='ocrx_word' id='word_1_585' title='bbox 935 559 1052 591; x_wconf 85' lang='lat' dir='ltr'>viniani</span> <span class='ocrx_word' id='word_1_586' title='bbox 1077 559 1329 599; x_wconf 84' lang='lat' dir='ltr'>intellexerunt,</span> <span class='ocrx_word' id='word_1_587' title='bbox 1359 570 1426 593; x_wconf 82' lang='lat' dir='ltr'>eam</span> <span class='ocrx_word' id='word_1_588' title='bbox 1449 560 1510 593; x_wconf 81' lang='lat' dir='ltr'>csse</span> <span class='ocrx_word' id='word_1_589' title='bbox 1528 561 1702 601; x_wconf 75' lang='lat' dir='ltr'>Religionis</span> <span class='ocrx_word' id='word_1_590' title='bbox 1726 572 1803 595; x_wconf 89' lang='lat' dir='ltr'>con-</span> 
     </span>
     <span class='ocr_line' id='line_1_88' title="bbox 936 600 1804 643; baseline 0.006 -12"><span class='ocrx_word' id='word_1_591' title='bbox 936 600 1110 639; x_wconf 90' lang='lat' dir='ltr'>ditionem,</span> <span class='ocrx_word' id='word_1_592' title='bbox 1136 608 1172 632; x_wconf 92' lang='lat' dir='ltr'>ut</span> <span class='ocrx_word' id='word_1_593' title='bbox 1199 601 1315 643; x_wconf 84' lang='lat' dir='ltr'>absque</span> <span class='ocrx_word' id='word_1_594' title='bbox 1342 601 1490 635; x_wconf 88' lang='lat' dir='ltr'>Decretis</span> <span class='ocrx_word' id='word_1_595' title='bbox 1518 602 1680 635; x_wconf 88' lang='lat' dir='ltr'>hominum</span> <span class='ocrx_word' id='word_1_596' title='bbox 1706 604 1804 636; x_wconf 82' lang='lat' dir='ltr'>confi-</span> 
     </span>
     <span class='ocr_line' id='line_1_89' title="bbox 937 639 1806 717; baseline 0.005 -45"><span class='ocrx_word' id='word_1_597' title='bbox 937 639 1017 672; x_wconf 87' lang='lat' dir='ltr'>stere</span> <span class='ocrx_word' id='word_1_598' title='bbox 1043 642 1131 673; x_wconf 87' lang='lat' dir='ltr'>nullo</span> <span class='ocrx_word' id='word_1_599' title='bbox 1155 643 1251 674; x_wconf 90' lang='lat' dir='ltr'>modo</span> <span class='ocrx_word' id='word_1_600' title='bbox 1275 643 1376 685; x_wconf 74' lang='lat' dir='ltr'>polilt.</span> <span class='ocrx_word' id='word_1_601' title='bbox 1433 643 1624 676; x_wconf 87' lang='lat' dir='ltr'>Laboratum</span> <span class='ocrx_word' id='word_1_602' title='bbox 1647 644 1806 717; x_wconf 58' lang='lat' dir='ltr'>igilturdest</span> 
     </span>
    </p>

    <p class='ocr_par' dir='ltr' id='par_1_13' title="bbox 933 694 1805 1219">
     <span class='ocr_line' id='line_1_90' title="bbox 1708 694 1804 717; baseline 0 0"><span class='ocrx_word' id='word_1_603' title='bbox 1708 695 1743 717; x_wconf 88' lang='lat' dir='ltr'>ro</span> <span class='ocrx_word' id='word_1_604' title='bbox 1766 694 1804 717; x_wconf 86' lang='lat' dir='ltr'>nt</span> 
     </span>
     <span class='ocr_line' id='line_1_91' title="bbox 940 722 1804 767; baseline 0.005 -13"><span class='ocrx_word' id='word_1_605' title='bbox 940 722 1076 765; x_wconf 74' lang='lat' dir='ltr'>Confeffio</span> <span class='ocrx_word' id='word_1_606' title='bbox 1100 724 1152 756; x_wconf 87' lang='lat' dir='ltr'>illa</span> <span class='ocrx_word' id='word_1_607' title='bbox 1171 725 1295 767; x_wconf 78' lang='lat' dir='ltr'>Belgica</span> <span class='ocrx_word' id='word_1_608' title='bbox 1308 748 1318 763; x_wconf 94' lang='lat'>,</span> <span class='ocrx_word' id='word_1_609' title='bbox 1343 727 1461 766; x_wconf 87' lang='lat' dir='ltr'>prodiit</span> <span class='ocrx_word' id='word_1_610' title='bbox 1481 727 1510 758; x_wconf 71' lang='grc' dir='ltr'>δε</span> <span class='ocrx_word' id='word_1_611' title='bbox 1533 725 1694 766; x_wconf 75' lang='lat' dir='ltr'>Catechefir</span> <span class='ocrx_word' id='word_1_612' title='bbox 1712 727 1804 758; x_wconf 75' lang='lat' dir='ltr'>Pulti-</span> 
     </span>
     <span class='ocr_line' id='line_1_92' title="bbox 937 764 1804 807; baseline 0.006 -12"><span class='ocrx_word' id='word_1_613' title='bbox 937 766 1021 803; x_wconf 77' lang='lat' dir='ltr'>tina,</span> <span class='ocrx_word' id='word_1_614' title='bbox 1045 764 1095 797; x_wconf 88' lang='lat' dir='ltr'>sed</span> <span class='ocrx_word' id='word_1_615' title='bbox 1119 775 1219 806; x_wconf 89' lang='lat' dir='ltr'>neque</span> <span class='ocrx_word' id='word_1_616' title='bbox 1238 768 1286 799; x_wconf 82' lang='lat' dir='ltr'>hae</span> <span class='ocrx_word' id='word_1_617' title='bbox 1306 767 1432 807; x_wconf 85' lang='lat' dir='ltr'>publica</span> <span class='ocrx_word' id='word_1_618' title='bbox 1454 768 1598 800; x_wconf 90' lang='lat' dir='ltr'>omnium</span> <span class='ocrx_word' id='word_1_619' title='bbox 1620 767 1804 800; x_wconf 83' lang='lat' dir='ltr'>Provincia·</span> 
     </span>
     <span class='ocr_line' id='line_1_93' title="bbox 935 806 1805 850; baseline 0.007 -14"><span class='ocrx_word' id='word_1_620' title='bbox 935 815 1004 837; x_wconf 91' lang='lat' dir='ltr'>rum</span> <span class='ocrx_word' id='word_1_621' title='bbox 1020 806 1206 838; x_wconf 69' lang='lat' dir='ltr'>auctoritate</span> <span class='ocrx_word' id='word_1_622' title='bbox 1224 809 1384 850; x_wconf 67' lang='lat' dir='ltr'>probante,</span> <span class='ocrx_word' id='word_1_623' title='bbox 1410 808 1464 841; x_wconf 84' lang='lat' dir='ltr'>nisi</span> <span class='ocrx_word' id='word_1_624' title='bbox 1479 808 1549 850; x_wconf 88' lang='lat' dir='ltr'>post</span> <span class='ocrx_word' id='word_1_625' title='bbox 1570 818 1683 841; x_wconf 84' lang='lat' dir='ltr'>annum</span> <span class='ocrx_word' id='word_1_626' title='bbox 1712 813 1805 849; x_wconf 84' lang='lat'>1651.</span> 
     </span>
     <span class='ocr_line' id='line_1_94' title="bbox 936 846 1803 891; baseline 0.005 -13"><span class='ocrx_word' id='word_1_627' title='bbox 936 846 1124 879; x_wconf 89' lang='lat' dir='ltr'>Prodierunt</span> <span class='ocrx_word' id='word_1_628' title='bbox 1147 849 1349 891; x_wconf 85' lang='lat' dir='ltr'>Synodorum</span> <span class='ocrx_word' id='word_1_629' title='bbox 1368 849 1513 882; x_wconf 87' lang='lat' dir='ltr'>Canones</span> <span class='ocrx_word' id='word_1_630' title='bbox 1536 860 1629 891; x_wconf 88' lang='lat' dir='ltr'>quam</span> <span class='ocrx_word' id='word_1_631' title='bbox 1650 851 1803 891; x_wconf 83' lang='lat' dir='ltr'>plurimi,</span> 
     </span>
     <span class='ocr_line' id='line_1_95' title="bbox 936 888 1803 933; baseline 0.005 -14"><span class='ocrx_word' id='word_1_632' title='bbox 936 888 1119 928; x_wconf 89' lang='lat' dir='ltr'>prodierunt</span> <span class='ocrx_word' id='word_1_633' title='bbox 1137 889 1167 922; x_wconf 84' lang='lat'>&amp;</span> <span class='ocrx_word' id='word_1_634' title='bbox 1183 890 1214 922; x_wconf 90' lang='lat' dir='ltr'>in</span> <span class='ocrx_word' id='word_1_635' title='bbox 1234 890 1406 925; x_wconf 78' lang='lat' dir='ltr'>Hollandia</span> <span class='ocrx_word' id='word_1_636' title='bbox 1430 890 1530 933; x_wconf 83' lang='lat' dir='ltr'>Leges</span> <span class='ocrx_word' id='word_1_637' title='bbox 1556 890 1779 924; x_wconf 76' lang='lat' dir='ltr'>Ecclefiasticae</span> <span class='ocrx_word' id='word_1_638' title='bbox 1791 916 1803 930; x_wconf 83' lang='lat'>,</span> 
     </span>
     <span class='ocr_line' id='line_1_96' title="bbox 935 930 1804 971; baseline 0.007 -11"><span class='ocrx_word' id='word_1_639' title='bbox 935 930 1049 970; x_wconf 83' lang='lat' dir='ltr'>partim</span> <span class='ocrx_word' id='word_1_640' title='bbox 1074 939 1091 961; x_wconf 88' lang='lat' dir='ltr'>a</span> <span class='ocrx_word' id='word_1_641' title='bbox 1115 930 1313 963; x_wconf 84' lang='lat' dir='ltr'>Secularibus</span> <span class='ocrx_word' id='word_1_642' title='bbox 1331 954 1343 971; x_wconf 92' lang='lat'>,</span> <span class='ocrx_word' id='word_1_643' title='bbox 1365 933 1479 971; x_wconf 85' lang='lat' dir='ltr'>partim</span> <span class='ocrx_word' id='word_1_644' title='bbox 1515 932 1552 964; x_wconf 84' lang='lat' dir='ltr'>ab</span> <span class='ocrx_word' id='word_1_645' title='bbox 1577 933 1804 966; x_wconf 75' lang='lat' dir='ltr'>Eccleliallicis</span> 
     </span>
     <span class='ocr_line' id='line_1_97' title="bbox 934 970 1803 1013; baseline 0.006 -12"><span class='ocrx_word' id='word_1_646' title='bbox 934 971 1111 1011; x_wconf 79' lang='lat' dir='ltr'>compofitae</span> <span class='ocrx_word' id='word_1_647' title='bbox 1123 994 1132 1010; x_wconf 96' lang='lat'>,</span> <span class='ocrx_word' id='word_1_648' title='bbox 1159 970 1209 1003; x_wconf 90' lang='lat' dir='ltr'>sed</span> <span class='ocrx_word' id='word_1_649' title='bbox 1227 973 1303 1013; x_wconf 90' lang='lat' dir='ltr'>quid</span> <span class='ocrx_word' id='word_1_650' title='bbox 1322 973 1419 1004; x_wconf 86' lang='lat' dir='ltr'>refert</span> <span class='ocrx_word' id='word_1_651' title='bbox 1435 983 1471 1005; x_wconf 82' lang='lat' dir='ltr'>ea</span> <span class='ocrx_word' id='word_1_652' title='bbox 1490 974 1597 1006; x_wconf 85' lang='lat' dir='ltr'>onmia</span> <span class='ocrx_word' id='word_1_653' title='bbox 1618 973 1803 1007; x_wconf 78' lang='lat' dir='ltr'>recensere?</span> 
     </span>
     <span class='ocr_line' id='line_1_98' title="bbox 933 1011 1804 1054; baseline 0.007 -12"><span class='ocrx_word' id='word_1_654' title='bbox 933 1011 973 1042; x_wconf 92' lang='lat' dir='ltr'>de</span> <span class='ocrx_word' id='word_1_655' title='bbox 990 1020 1099 1043; x_wconf 89' lang='lat' dir='ltr'>eorum</span> <span class='ocrx_word' id='word_1_656' title='bbox 1120 1013 1305 1045; x_wconf 68' lang='lat' dir='ltr'>auctoritate</span> <span class='ocrx_word' id='word_1_657' title='bbox 1328 1014 1358 1045; x_wconf 69' lang='grc' dir='ltr'>δε</span> <span class='ocrx_word' id='word_1_658' title='bbox 1383 1014 1461 1045; x_wconf 89' lang='grc'>011111</span> <span class='ocrx_word' id='word_1_659' title='bbox 1488 1014 1570 1054; x_wconf 90' lang='lat' dir='ltr'>fuit,</span> <span class='ocrx_word' id='word_1_660' title='bbox 1602 1015 1632 1048; x_wconf 72' lang='grc' dir='ltr'>ὅ(</span> <span class='ocrx_word' id='word_1_661' title='bbox 1648 1025 1732 1048; x_wconf 85' lang='grc'>110110</span> <span class='ocrx_word' id='word_1_662' title='bbox 1757 1015 1804 1048; x_wconf 91' lang='lat' dir='ltr'>est</span> 
     </span>
     <span class='ocr_line' id='line_1_99' title="bbox 934 1051 1800 1096; baseline 0.008 -14"><span class='ocrx_word' id='word_1_663' title='bbox 934 1052 1056 1092; x_wconf 82' lang='lat' dir='ltr'>prolixa</span> <span class='ocrx_word' id='word_1_664' title='bbox 1077 1051 1258 1093; x_wconf 81' lang='lat' dir='ltr'>disputatio.</span> <span class='ocrx_word' id='word_1_665' title='bbox 1304 1054 1428 1086; x_wconf 87' lang='lat' dir='ltr'>Sufficit</span> <span class='ocrx_word' id='word_1_666' title='bbox 1449 1056 1479 1087; x_wconf 89' lang='lat' dir='ltr'>in</span> <span class='ocrx_word' id='word_1_667' title='bbox 1499 1065 1564 1088; x_wconf 85' lang='lat' dir='ltr'>rem</span> <span class='ocrx_word' id='word_1_668' title='bbox 1586 1055 1743 1096; x_wconf 85' lang='lat' dir='ltr'>nostram,</span> <span class='ocrx_word' id='word_1_669' title='bbox 1760 1058 1800 1088; x_wconf 84' lang='lat' dir='ltr'>ab</span> 
     </span>
     <span class='ocr_line' id='line_1_100' title="bbox 933 1093 1803 1130; baseline 0.008 -7"><span class='ocrx_word' id='word_1_670' title='bbox 933 1093 1078 1125; x_wconf 90' lang='lat' dir='ltr'>omnibus</span> <span class='ocrx_word' id='word_1_671' title='bbox 1103 1095 1245 1127; x_wconf 88' lang='lat' dir='ltr'>omnium</span> <span class='ocrx_word' id='word_1_672' title='bbox 1268 1094 1507 1129; x_wconf 84' lang='lat' dir='ltr'>Provinciarum</span> <span class='ocrx_word' id='word_1_673' title='bbox 1527 1097 1698 1130; x_wconf 89' lang='lat' dir='ltr'>Ordinibus</span> <span class='ocrx_word' id='word_1_674' title='bbox 1721 1098 1803 1130; x_wconf 87' lang='lat' dir='ltr'>nihil</span> 
     </span>
     <span class='ocr_line' id='line_1_101' title="bbox 933 1135 1801 1179; baseline 0.008 -14"><span class='ocrx_word' id='word_1_675' title='bbox 933 1143 1043 1166; x_wconf 88' lang='lat' dir='ltr'>eorum</span> <span class='ocrx_word' id='word_1_676' title='bbox 1061 1135 1189 1175; x_wconf 90' lang='lat' dir='ltr'>publice</span> <span class='ocrx_word' id='word_1_677' title='bbox 1200 1135 1262 1168; x_wconf 84' lang='grc' dir='ltr'>01ῖο</span> <span class='ocrx_word' id='word_1_678' title='bbox 1277 1144 1437 1177; x_wconf 88' lang='lat' dir='ltr'>receptum</span> <span class='ocrx_word' id='word_1_679' title='bbox 1457 1137 1486 1169; x_wconf 74' lang='grc' dir='ltr'>δε</span> <span class='ocrx_word' id='word_1_680' title='bbox 1504 1137 1646 1170; x_wconf 87' lang='lat' dir='ltr'>habitum</span> <span class='ocrx_word' id='word_1_681' title='bbox 1656 1148 1713 1179; x_wconf 89' lang='lat' dir='ltr'>pro</span> <span class='ocrx_word' id='word_1_682' title='bbox 1730 1148 1801 1172; x_wconf 88' lang='lat' dir='ltr'>nor-</span> 
     </span>
     <span class='ocr_line' id='line_1_102' title="bbox 933 1175 1577 1219; baseline 0.006 -13"><span class='ocrx_word' id='word_1_683' title='bbox 933 1184 984 1207; x_wconf 86' lang='lat' dir='ltr'>ma</span> <span class='ocrx_word' id='word_1_684' title='bbox 1001 1175 1096 1215; x_wconf 84' lang='lat' dir='ltr'>fidei,</span> <span class='ocrx_word' id='word_1_685' title='bbox 1119 1185 1214 1217; x_wconf 90' lang='lat' dir='ltr'>quam</span> <span class='ocrx_word' id='word_1_686' title='bbox 1233 1176 1349 1210; x_wconf 85' lang='lat' dir='ltr'>subditi</span> <span class='ocrx_word' id='word_1_687' title='bbox 1368 1176 1577 1219; x_wconf 84' lang='lat' dir='ltr'>sequerentur.</span> 
     </span>
    </p>

    <p class='ocr_par' dir='ltr' id='par_1_14' title="bbox 929 1216 1805 2378">
     <span class='ocr_line' id='line_1_103' title="bbox 975 1216 1799 1261; baseline 0.006 -13"><span class='ocrx_word' id='word_1_688' title='bbox 975 1216 1120 1249; x_wconf 80' lang='lat' dir='ltr'>Tandem</span> <span class='ocrx_word' id='word_1_689' title='bbox 1141 1217 1213 1258; x_wconf 89' lang='lat' dir='ltr'>post</span> <span class='ocrx_word' id='word_1_690' title='bbox 1236 1218 1312 1251; x_wconf 84' lang='lat' dir='ltr'>duas</span> <span class='ocrx_word' id='word_1_691' title='bbox 1339 1219 1486 1261; x_wconf 85' lang='lat' dir='ltr'>Synodos</span> <span class='ocrx_word' id='word_1_692' title='bbox 1521 1219 1799 1261; x_wconf 82' lang='lat' dir='ltr'>Dordreehtanas,</span> 
     </span>
     <span class='ocr_line' id='line_1_104' title="bbox 934 1257 1801 1302; baseline 0.006 -13"><span class='ocrx_word' id='word_1_693' title='bbox 934 1257 1064 1290; x_wconf 87' lang='lat' dir='ltr'>alteram</span> <span class='ocrx_word' id='word_1_694' title='bbox 1080 1260 1151 1290; x_wconf 91' lang='lat' dir='ltr'>anni</span> <span class='ocrx_word' id='word_1_695' title='bbox 1174 1269 1263 1301; x_wconf 69' lang='grc'>1574.</span> <span class='ocrx_word' id='word_1_696' title='bbox 1289 1260 1419 1293; x_wconf 86' lang='lat' dir='ltr'>alteram</span> <span class='ocrx_word' id='word_1_697' title='bbox 1443 1261 1513 1293; x_wconf 85' lang='lat' dir='ltr'>anni</span> <span class='ocrx_word' id='word_1_698' title='bbox 1546 1267 1634 1302; x_wconf 84' lang='grc'>1578.</span> <span class='ocrx_word' id='word_1_699' title='bbox 1661 1261 1801 1295; x_wconf 77' lang='lat' dir='ltr'>success&#39;it</span> 
     </span>
     <span class='ocr_line' id='line_1_105' title="bbox 934 1299 1802 1345; baseline 0.007 -15"><span class='ocrx_word' id='word_1_700' title='bbox 934 1299 1091 1339; x_wconf 80' lang='lat' dir='ltr'>&amp;tertia‚</span> <span class='ocrx_word' id='word_1_701' title='bbox 1124 1299 1230 1332; x_wconf 85' lang='lat' dir='ltr'>habita</span> <span class='ocrx_word' id='word_1_702' title='bbox 1260 1305 1348 1337; x_wconf 86' lang='lat'>1618.</span> <span class='ocrx_word' id='word_1_703' title='bbox 1379 1302 1409 1334; x_wconf 73' lang='lat' dir='ltr'>&lt;St</span> <span class='ocrx_word' id='word_1_704' title='bbox 1437 1306 1527 1339; x_wconf 88' lang='lat'>1619.</span> <span class='ocrx_word' id='word_1_705' title='bbox 1557 1313 1626 1344; x_wconf 84' lang='lat' dir='ltr'>quae</span> <span class='ocrx_word' id='word_1_706' title='bbox 1652 1304 1802 1345; x_wconf 80' lang='lat' dir='ltr'>probavit</span> 
     </span>
     <span class='ocr_line' id='line_1_106' title="bbox 934 1340 1800 1386; baseline 0.007 -15"><span class='ocrx_word' id='word_1_707' title='bbox 934 1340 1019 1372; x_wconf 86' lang='lat' dir='ltr'>illam</span> <span class='ocrx_word' id='word_1_708' title='bbox 1031 1362 1041 1378; x_wconf 94' lang='lat'>,</span> <span class='ocrx_word' id='word_1_709' title='bbox 1064 1350 1154 1382; x_wconf 88' lang='grc'>003111</span> <span class='ocrx_word' id='word_1_710' title='bbox 1171 1341 1254 1382; x_wconf 85' lang='lat' dir='ltr'>dixi,</span> <span class='ocrx_word' id='word_1_711' title='bbox 1281 1342 1485 1384; x_wconf 77' lang='lat' dir='ltr'>Confeffionem</span> <span class='ocrx_word' id='word_1_712' title='bbox 1502 1344 1672 1386; x_wconf 76' lang='lat' dir='ltr'>Belgicam,</span> <span class='ocrx_word' id='word_1_713' title='bbox 1698 1345 1728 1377; x_wconf 62' lang='grc' dir='ltr'>ὃς</span> <span class='ocrx_word' id='word_1_714' title='bbox 1745 1346 1800 1376; x_wconf 85' lang='lat' dir='ltr'>Ca-</span> 
     </span>
     <span class='ocr_line' id='line_1_107' title="bbox 934 1381 1801 1426; baseline 0.007 -14"><span class='ocrx_word' id='word_1_715' title='bbox 934 1381 1056 1420; x_wconf 76' lang='lat' dir='ltr'>zechefiii</span> <span class='ocrx_word' id='word_1_716' title='bbox 1077 1382 1270 1423; x_wconf 77' lang='lat' dir='ltr'>Palatinam,</span> <span class='ocrx_word' id='word_1_717' title='bbox 1294 1384 1324 1416; x_wconf 88' lang='lat'>&amp;</span> <span class='ocrx_word' id='word_1_718' title='bbox 1337 1408 1345 1423; x_wconf 89' lang='lat'>‚</span> <span class='ocrx_word' id='word_1_719' title='bbox 1371 1385 1518 1417; x_wconf 80' lang='lat' dir='ltr'>damnato</span> <span class='ocrx_word' id='word_1_720' title='bbox 1535 1385 1801 1426; x_wconf 81' lang='lat' dir='ltr'>Arminianismo,</span> 
     </span>
     <span class='ocr_line' id='line_1_108' title="bbox 933 1423 1802 1466; baseline 0.007 -12"><span class='ocrx_word' id='word_1_721' title='bbox 933 1432 1008 1464; x_wconf 87' lang='lat' dir='ltr'>pura</span> <span class='ocrx_word' id='word_1_722' title='bbox 1027 1432 1103 1464; x_wconf 83' lang='lat' dir='ltr'>puta</span> <span class='ocrx_word' id='word_1_723' title='bbox 1130 1423 1296 1456; x_wconf 86' lang='lat' dir='ltr'>constituit</span> <span class='ocrx_word' id='word_1_724' title='bbox 1320 1425 1498 1466; x_wconf 84' lang='lat' dir='ltr'>Religionis</span> <span class='ocrx_word' id='word_1_725' title='bbox 1527 1426 1721 1460; x_wconf 88' lang='lat' dir='ltr'>Calvinianae</span> <span class='ocrx_word' id='word_1_726' title='bbox 1744 1427 1802 1459; x_wconf 92' lang='lat' dir='ltr'>do-</span> 
     </span>
     <span class='ocr_line' id='line_1_109' title="bbox 932 1465 1802 1508; baseline 0.007 -13"><span class='ocrx_word' id='word_1_727' title='bbox 932 1474 1044 1506; x_wconf 86' lang='lat' dir='ltr'>gmata.</span> <span class='ocrx_word' id='word_1_728' title='bbox 1083 1465 1142 1496; x_wconf 88' lang='lat' dir='ltr'>Sed</span> <span class='ocrx_word' id='word_1_729' title='bbox 1163 1475 1220 1497; x_wconf 90' lang='lat' dir='ltr'>nec</span> <span class='ocrx_word' id='word_1_730' title='bbox 1238 1466 1329 1507; x_wconf 85' lang='lat' dir='ltr'>liujus</span> <span class='ocrx_word' id='word_1_731' title='bbox 1347 1467 1464 1508; x_wconf 83' lang='lat' dir='ltr'>Synodi</span> <span class='ocrx_word' id='word_1_732' title='bbox 1482 1468 1588 1501; x_wconf 88' lang='lat' dir='ltr'>omnia</span> <span class='ocrx_word' id='word_1_733' title='bbox 1605 1467 1744 1500; x_wconf 87' lang='lat' dir='ltr'>Decreta</span> <span class='ocrx_word' id='word_1_734' title='bbox 1764 1469 1802 1501; x_wconf 85' lang='lat' dir='ltr'>ab</span> 
     </span>
     <span class='ocr_line' id='line_1_110' title="bbox 932 1505 1802 1551; baseline 0.006 -14"><span class='ocrx_word' id='word_1_735' title='bbox 932 1506 1079 1539; x_wconf 89' lang='lat' dir='ltr'>omnibus</span> <span class='ocrx_word' id='word_1_736' title='bbox 1111 1505 1291 1539; x_wconf 86' lang='lat' dir='ltr'>Provinciis</span> <span class='ocrx_word' id='word_1_737' title='bbox 1326 1506 1430 1540; x_wconf 88' lang='lat' dir='ltr'>statim</span> <span class='ocrx_word' id='word_1_738' title='bbox 1457 1518 1579 1550; x_wconf 88' lang='lat' dir='ltr'>arrepta</span> <span class='ocrx_word' id='word_1_739' title='bbox 1610 1519 1647 1541; x_wconf 90' lang='grc'>30</span> <span class='ocrx_word' id='word_1_740' title='bbox 1671 1510 1802 1551; x_wconf 88' lang='lat' dir='ltr'>probata</span> 
     </span>
     <span class='ocr_line' id='line_1_111' title="bbox 932 1545 1803 1591; baseline 0.006 -13"><span class='ocrx_word' id='word_1_741' title='bbox 932 1545 1021 1586; x_wconf 84' lang='lat' dir='ltr'>sunt,</span> <span class='ocrx_word' id='word_1_742' title='bbox 1054 1546 1196 1589; x_wconf 91' lang='lat' dir='ltr'>quinimo</span> <span class='ocrx_word' id='word_1_743' title='bbox 1219 1548 1306 1581; x_wconf 77' lang='lat' dir='ltr'>Frisii</span> <span class='ocrx_word' id='word_1_744' title='bbox 1333 1549 1433 1591; x_wconf 85' lang='lat' dir='ltr'>Leges</span> <span class='ocrx_word' id='word_1_745' title='bbox 1459 1549 1691 1583; x_wconf 72' lang='lat' dir='ltr'>Ecclesiastieas</span> <span class='ocrx_word' id='word_1_746' title='bbox 1708 1575 1718 1591; x_wconf 93' lang='lat'>,</span> <span class='ocrx_word' id='word_1_747' title='bbox 1758 1552 1803 1583; x_wconf 90' lang='lat' dir='ltr'>ibi</span> 
     </span>
     <span class='ocr_line' id='line_1_112' title="bbox 932 1588 1802 1632; baseline 0.007 -13"><span class='ocrx_word' id='word_1_748' title='bbox 932 1588 1096 1627; x_wconf 84' lang='lat' dir='ltr'>conditas,</span> <span class='ocrx_word' id='word_1_749' title='bbox 1118 1598 1184 1622; x_wconf 90' lang='lat' dir='ltr'>non</span> <span class='ocrx_word' id='word_1_750' title='bbox 1203 1596 1324 1622; x_wconf 87' lang='lat' dir='ltr'>tanturn</span> <span class='ocrx_word' id='word_1_751' title='bbox 1343 1592 1538 1631; x_wconf 87' lang='lat' dir='ltr'>rejecerunt,</span> <span class='ocrx_word' id='word_1_752' title='bbox 1561 1591 1612 1624; x_wconf 88' lang='lat' dir='ltr'>sed</span> <span class='ocrx_word' id='word_1_753' title='bbox 1631 1593 1661 1624; x_wconf 64' lang='grc' dir='ltr'>ὃς</span> <span class='ocrx_word' id='word_1_754' title='bbox 1681 1602 1728 1624; x_wconf 89' lang='lat'>10.</span> <span class='ocrx_word' id='word_1_755' title='bbox 1739 1592 1802 1632; x_wconf 89' lang='lat' dir='ltr'>Jul.</span> 
     </span>
     <span class='ocr_line' id='line_1_113' title="bbox 935 1629 1803 1673; baseline 0.007 -13"><span class='ocrx_word' id='word_1_756' title='bbox 935 1633 1027 1661; x_wconf 82' lang='lat'>1622.</span> <span class='ocrx_word' id='word_1_757' title='bbox 1051 1629 1262 1662; x_wconf 88' lang='lat' dir='ltr'>decreverunt</span> <span class='ocrx_word' id='word_1_758' title='bbox 1288 1631 1364 1672; x_wconf 81' lang='lat'>(7),</span> <span class='ocrx_word' id='word_1_759' title='bbox 1396 1633 1449 1673; x_wconf 89' lang='lat' dir='ltr'>qui</span> <span class='ocrx_word' id='word_1_760' title='bbox 1473 1642 1523 1664; x_wconf 88' lang='lat' dir='ltr'>eas</span> <span class='ocrx_word' id='word_1_761' title='bbox 1545 1633 1716 1665; x_wconf 87' lang='lat' dir='ltr'>obtrudere</span> <span class='ocrx_word' id='word_1_762' title='bbox 1739 1635 1803 1666; x_wconf 87' lang='lat' dir='ltr'>vel-</span> 
     </span>
     <span class='ocr_line' id='line_1_114' title="bbox 931 1670 1805 1716; baseline 0.006 -14"><span class='ocrx_word' id='word_1_763' title='bbox 931 1670 1014 1708; x_wconf 91' lang='lat' dir='ltr'>lent,</span> <span class='ocrx_word' id='word_1_764' title='bbox 1039 1670 1197 1704; x_wconf 83' lang='lat' dir='ltr'>habendos</span> <span class='ocrx_word' id='word_1_765' title='bbox 1222 1671 1284 1703; x_wconf 89' lang='lat' dir='ltr'>esse</span> <span class='ocrx_word' id='word_1_766' title='bbox 1309 1682 1366 1713; x_wconf 93' lang='lat' dir='ltr'>pro</span> <span class='ocrx_word' id='word_1_767' title='bbox 1394 1674 1666 1714; x_wconf 85' lang='lat' dir='ltr'>perturbatoribus</span> <span class='ocrx_word' id='word_1_768' title='bbox 1689 1675 1805 1716; x_wconf 87' lang='lat' dir='ltr'>quietis</span> 
     </span>
     <span class='ocr_line' id='line_1_115' title="bbox 931 1712 1805 1753; baseline 0.007 -11"><span class='ocrx_word' id='word_1_769' title='bbox 931 1712 1079 1753; x_wconf 88' lang='lat' dir='ltr'>publicae.</span> <span class='ocrx_word' id='word_1_770' title='bbox 1136 1712 1282 1744; x_wconf 90' lang='lat' dir='ltr'>Tandem</span> <span class='ocrx_word' id='word_1_771' title='bbox 1312 1723 1391 1745; x_wconf 89' lang='lat' dir='ltr'>vero</span> <span class='ocrx_word' id='word_1_772' title='bbox 1424 1715 1573 1747; x_wconf 86' lang='lat' dir='ltr'>molliora</span> <span class='ocrx_word' id='word_1_773' title='bbox 1608 1715 1805 1748; x_wconf 85' lang='lat' dir='ltr'>Calvinianis</span> 
     </span>
     <span class='ocr_line' id='line_1_116' title="bbox 932 1751 1804 1795; baseline 0.007 -11"><span class='ocrx_word' id='word_1_774' title='bbox 932 1751 1074 1785; x_wconf 86' lang='lat' dir='ltr'>affulsere</span> <span class='ocrx_word' id='word_1_775' title='bbox 1089 1761 1232 1795; x_wconf 88' lang='lat' dir='ltr'>tempora</span> <span class='ocrx_word' id='word_1_776' title='bbox 1245 1764 1328 1787; x_wconf 90' lang='lat' dir='ltr'>anno</span> <span class='ocrx_word' id='word_1_777' title='bbox 1347 1759 1439 1795; x_wconf 90' lang='grc'>1651.</span> <span class='ocrx_word' id='word_1_778' title='bbox 1484 1756 1581 1788; x_wconf 89' lang='lat' dir='ltr'>Certe</span> <span class='ocrx_word' id='word_1_779' title='bbox 1605 1758 1740 1790; x_wconf 87' lang='lat' dir='ltr'>relatum</span> <span class='ocrx_word' id='word_1_780' title='bbox 1756 1756 1804 1791; x_wconf 88' lang='lat' dir='ltr'>est</span> 
     </span>
     <span class='ocr_line' id='line_1_117' title="bbox 932 1793 1803 1838; baseline 0.006 -12"><span class='ocrx_word' id='word_1_781' title='bbox 932 1794 966 1826; x_wconf 91' lang='lat' dir='ltr'>in</span> <span class='ocrx_word' id='word_1_782' title='bbox 980 1793 1009 1836; x_wconf 88' lang='lat'>§.</span> <span class='ocrx_word' id='word_1_783' title='bbox 1027 1804 1057 1827; x_wconf 85' lang='grc'>2.</span> <span class='ocrx_word' id='word_1_784' title='bbox 1081 1794 1217 1834; x_wconf 87' lang='lat' dir='ltr'>Libelli,</span> <span class='ocrx_word' id='word_1_785' title='bbox 1244 1797 1296 1837; x_wconf 92' lang='lat' dir='ltr'>qui</span> <span class='ocrx_word' id='word_1_786' title='bbox 1316 1796 1434 1829; x_wconf 92' lang='lat' dir='ltr'>dicitur</span> <span class='ocrx_word' id='word_1_787' title='bbox 1450 1799 1483 1829; x_wconf 77' lang='lat' dir='ltr'>cle</span> <span class='ocrx_word' id='word_1_788' title='bbox 1507 1799 1613 1830; x_wconf 69' lang='lat' dir='ltr'>madere</span> <span class='ocrx_word' id='word_1_789' title='bbox 1635 1799 1733 1838; x_wconf 61' lang='lat' dir='ltr'>(stile,</span> <span class='ocrx_word' id='word_1_790' title='bbox 1756 1800 1803 1832; x_wconf 88' lang='lat' dir='ltr'>in-</span> 
     </span>
     <span class='ocr_line' id='line_1_118' title="bbox 933 1835 1804 1882; baseline 0.006 -15"><span class='ocrx_word' id='word_1_791' title='bbox 933 1842 982 1867; x_wconf 89' lang='lat' dir='ltr'>ter</span> <span class='ocrx_word' id='word_1_792' title='bbox 999 1835 1181 1869; x_wconf 89' lang='lat' dir='ltr'>Foederatos</span> <span class='ocrx_word' id='word_1_793' title='bbox 1214 1837 1349 1870; x_wconf 87' lang='lat' dir='ltr'>Ordines</span> <span class='ocrx_word' id='word_1_794' title='bbox 1372 1846 1448 1871; x_wconf 89' lang='lat' dir='ltr'>tunc</span> <span class='ocrx_word' id='word_1_795' title='bbox 1476 1839 1640 1880; x_wconf 82' lang='lat' dir='ltr'>placuiffe,</span> <span class='ocrx_word' id='word_1_796' title='bbox 1670 1850 1804 1882; x_wconf 82' lang='lat' dir='ltr'>quaeque</span> 
     </span>
     <span class='ocr_line' id='line_1_119' title="bbox 932 1876 1802 1922; baseline 0.007 -14"><span class='ocrx_word' id='word_1_797' title='bbox 932 1876 1103 1909; x_wconf 85' lang='lat' dir='ltr'>Provincia</span> <span class='ocrx_word' id='word_1_798' title='bbox 1127 1877 1312 1910; x_wconf 87' lang='lat' dir='ltr'>defenderet</span> <span class='ocrx_word' id='word_1_799' title='bbox 1337 1878 1617 1913; x_wconf 87' lang='lat' dir='ltr'>Calvinianismum</span> <span class='ocrx_word' id='word_1_800' title='bbox 1635 1904 1644 1920; x_wconf 93' lang='lat'>,</span> <span class='ocrx_word' id='word_1_801' title='bbox 1677 1890 1713 1913; x_wconf 88' lang='lat' dir='ltr'>ut</span> <span class='ocrx_word' id='word_1_802' title='bbox 1734 1883 1802 1922; x_wconf 88' lang='lat' dir='ltr'>ejus</span> 
     </span>
     <span class='ocr_line' id='line_1_120' title="bbox 932 1919 1800 1960; baseline 0.007 -11"><span class='ocrx_word' id='word_1_803' title='bbox 932 1919 1034 1960; x_wconf 84' lang='lat' dir='ltr'>capita</span> <span class='ocrx_word' id='word_1_804' title='bbox 1057 1928 1140 1950; x_wconf 86' lang='lat' dir='ltr'>anno</span> <span class='ocrx_word' id='word_1_805' title='bbox 1168 1923 1260 1957; x_wconf 87' lang='lat'>1619.</span> <span class='ocrx_word' id='word_1_806' title='bbox 1284 1919 1479 1953; x_wconf 89' lang='lat' dir='ltr'>Dordrechti</span> <span class='ocrx_word' id='word_1_807' title='bbox 1505 1921 1678 1954; x_wconf 86' lang='lat' dir='ltr'>constituta</span> <span class='ocrx_word' id='word_1_808' title='bbox 1702 1930 1800 1956; x_wconf 88' lang='lat' dir='ltr'>erant.</span> 
     </span>
     <span class='ocr_line' id='line_1_121' title="bbox 930 1959 1802 2005; baseline 0.006 -13"><span class='ocrx_word' id='word_1_809' title='bbox 930 1960 991 1992; x_wconf 88' lang='lat' dir='ltr'>Sed</span> <span class='ocrx_word' id='word_1_810' title='bbox 1009 1960 1087 1992; x_wconf 88' lang='lat' dir='ltr'>illud</span> <span class='ocrx_word' id='word_1_811' title='bbox 1103 1959 1258 2001; x_wconf 86' lang='lat' dir='ltr'>posterius</span> <span class='ocrx_word' id='word_1_812' title='bbox 1279 1960 1411 2002; x_wconf 87' lang='lat' dir='ltr'>Foedus,</span> <span class='ocrx_word' id='word_1_813' title='bbox 1435 1963 1519 2004; x_wconf 91' lang='lat' dir='ltr'>quod</span> <span class='ocrx_word' id='word_1_814' title='bbox 1542 1962 1641 2005; x_wconf 80' lang='lat' dir='ltr'>Hagae</span> <span class='ocrx_word' id='word_1_815' title='bbox 1666 1964 1802 1997; x_wconf 86' lang='lat' dir='ltr'>Batavo-</span> 
     </span>
     <span class='ocr_line' id='line_1_122' title="bbox 931 2001 1801 2046; baseline 0.007 -14"><span class='ocrx_word' id='word_1_816' title='bbox 931 2010 1000 2032; x_wconf 86' lang='lat' dir='ltr'>rum</span> <span class='ocrx_word' id='word_1_817' title='bbox 1028 2001 1142 2033; x_wconf 90' lang='lat' dir='ltr'>initum</span> <span class='ocrx_word' id='word_1_818' title='bbox 1174 2002 1251 2034; x_wconf 71' lang='lat' dir='ltr'>effen</span> <span class='ocrx_word' id='word_1_819' title='bbox 1275 2012 1326 2035; x_wconf 85' lang='lat'>21.</span> <span class='ocrx_word' id='word_1_820' title='bbox 1348 2003 1429 2045; x_wconf 86' lang='lat' dir='ltr'>Aug.</span> <span class='ocrx_word' id='word_1_821' title='bbox 1461 2008 1553 2045; x_wconf 86' lang='lat'>1651.</span> <span class='ocrx_word' id='word_1_822' title='bbox 1584 2005 1732 2046; x_wconf 91' lang='lat' dir='ltr'>quodque</span> <span class='ocrx_word' id='word_1_823' title='bbox 1753 2006 1801 2039; x_wconf 88' lang='lat' dir='ltr'>ibi</span> 
     </span>
     <span class='ocr_line' id='line_1_123' title="bbox 929 2042 1800 2086; baseline 0.008 -13"><span class='ocrx_word' id='word_1_824' title='bbox 929 2042 1058 2083; x_wconf 88' lang='lat' dir='ltr'>publice</span> <span class='ocrx_word' id='word_1_825' title='bbox 1081 2043 1202 2075; x_wconf 81' lang='lat' dir='ltr'>editum</span> <span class='ocrx_word' id='word_1_826' title='bbox 1226 2043 1272 2077; x_wconf 87' lang='lat' dir='ltr'>est</span> <span class='ocrx_word' id='word_1_827' title='bbox 1297 2044 1385 2076; x_wconf 82' lang='lat' dir='ltr'>annis</span> <span class='ocrx_word' id='word_1_828' title='bbox 1418 2048 1510 2085; x_wconf 89' lang='lat'>1651.</span> <span class='ocrx_word' id='word_1_829' title='bbox 1539 2046 1569 2077; x_wconf 86' lang='lat'>&amp;</span> <span class='ocrx_word' id='word_1_830' title='bbox 1604 2049 1693 2086; x_wconf 83' lang='lat'>1652.</span> <span class='ocrx_word' id='word_1_831' title='bbox 1730 2048 1800 2080; x_wconf 90' lang='lat' dir='ltr'>nul-</span> 
     </span>
     <span class='ocr_line' id='line_1_124' title="bbox 933 2083 1802 2126; baseline 0.006 -11"><span class='ocrx_word' id='word_1_832' title='bbox 933 2083 994 2115; x_wconf 84' lang='lat' dir='ltr'>lam</span> <span class='ocrx_word' id='word_1_833' title='bbox 1027 2084 1159 2117; x_wconf 89' lang='lat' dir='ltr'>omnino</span> <span class='ocrx_word' id='word_1_834' title='bbox 1193 2085 1285 2117; x_wconf 84' lang='lat' dir='ltr'>habet</span> <span class='ocrx_word' id='word_1_835' title='bbox 1309 2085 1530 2118; x_wconf 75' lang='lat' dir='ltr'>auctoritatem</span> <span class='ocrx_word' id='word_1_836' title='bbox 1555 2086 1633 2126; x_wconf 86' lang='lat' dir='ltr'>juris</span> <span class='ocrx_word' id='word_1_837' title='bbox 1651 2109 1662 2126; x_wconf 93' lang='lat'>,</span> <span class='ocrx_word' id='word_1_838' title='bbox 1693 2087 1739 2120; x_wconf 89' lang='lat' dir='ltr'>est</span> <span class='ocrx_word' id='word_1_839' title='bbox 1769 2098 1802 2120; x_wconf 91' lang='lat' dir='ltr'>e-</span> 
     </span>
     <span class='ocr_line' id='line_1_125' title="bbox 932 2125 1802 2171; baseline 0.007 -15"><span class='ocrx_word' id='word_1_840' title='bbox 932 2125 1019 2164; x_wconf 89' lang='lat' dir='ltr'>nim,</span> <span class='ocrx_word' id='word_1_841' title='bbox 1044 2125 1066 2157; x_wconf 87' lang='lat' dir='ltr'><strong>fi</strong></span> <span class='ocrx_word' id='word_1_842' title='bbox 1082 2135 1133 2157; x_wconf 87' lang='lat' dir='ltr'>me</span> <span class='ocrx_word' id='word_1_843' title='bbox 1147 2126 1269 2166; x_wconf 83' lang='lat' dir='ltr'>audias,</span> <span class='ocrx_word' id='word_1_844' title='bbox 1292 2125 1418 2169; x_wconf 86' lang='lat' dir='ltr'>farrago</span> <span class='ocrx_word' id='word_1_845' title='bbox 1437 2128 1600 2169; x_wconf 82' lang='lat' dir='ltr'>quaedam,</span> <span class='ocrx_word' id='word_1_846' title='bbox 1621 2129 1802 2171; x_wconf 88' lang='lat' dir='ltr'>conscripta</span> 
     </span>
     <span class='ocr_line' id='line_1_126' title="bbox 933 2166 1799 2211; baseline 0.006 -13"><span class='ocrx_word' id='word_1_847' title='bbox 933 2166 971 2198; x_wconf 86' lang='lat' dir='ltr'>ab</span> <span class='ocrx_word' id='word_1_848' title='bbox 990 2166 1136 2207; x_wconf 90' lang='lat' dir='ltr'>homine,</span> <span class='ocrx_word' id='word_1_849' title='bbox 1160 2167 1267 2199; x_wconf 90' lang='lat' dir='ltr'>nescio</span> <span class='ocrx_word' id='word_1_850' title='bbox 1283 2177 1368 2208; x_wconf 91' lang='lat' dir='ltr'>quo,</span> <span class='ocrx_word' id='word_1_851' title='bbox 1384 2169 1415 2201; x_wconf 73' lang='lat' dir='ltr'>&lt;St</span> <span class='ocrx_word' id='word_1_852' title='bbox 1432 2169 1604 2211; x_wconf 80' lang='lat' dir='ltr'>composita</span> <span class='ocrx_word' id='word_1_853' title='bbox 1619 2179 1660 2202; x_wconf 86' lang='lat' dir='ltr'>ex</span> <span class='ocrx_word' id='word_1_854' title='bbox 1676 2169 1799 2204; x_wconf 90' lang='lat' dir='ltr'>senten-</span> 
     </span>
     <span class='ocr_line' id='line_1_127' title="bbox 934 2207 1798 2249; baseline 0.007 -11"><span class='ocrx_word' id='word_1_855' title='bbox 934 2208 1007 2246; x_wconf 89' lang='lat' dir='ltr'>tiis,</span> <span class='ocrx_word' id='word_1_856' title='bbox 1029 2218 1047 2240; x_wconf 87' lang='lat' dir='ltr'>a</span> <span class='ocrx_word' id='word_1_857' title='bbox 1063 2207 1190 2249; x_wconf 89' lang='lat' dir='ltr'>fingulis</span> <span class='ocrx_word' id='word_1_858' title='bbox 1205 2208 1383 2241; x_wconf 86' lang='lat' dir='ltr'>Provinciis</span> <span class='ocrx_word' id='word_1_859' title='bbox 1399 2218 1476 2242; x_wconf 90' lang='lat' dir='ltr'>tunc</span> <span class='ocrx_word' id='word_1_860' title='bbox 1492 2211 1583 2243; x_wconf 68' lang='lat' dir='ltr'>dietis</span> <span class='ocrx_word' id='word_1_861' title='bbox 1603 2211 1636 2243; x_wconf 89' lang='lat' dir='ltr'>in</span> <span class='ocrx_word' id='word_1_862' title='bbox 1654 2221 1798 2244; x_wconf 77' lang='grc'>01111301·-</span> 
     </span>
     <span class='ocr_line' id='line_1_128' title="bbox 931 2248 1798 2286; baseline 0.007 -6"><span class='ocrx_word' id='word_1_863' title='bbox 931 2249 1059 2281; x_wconf 86' lang='lat' dir='ltr'>dinariis</span> <span class='ocrx_word' id='word_1_864' title='bbox 1082 2249 1236 2283; x_wconf 86' lang='lat' dir='ltr'>Ordinum</span> <span class='ocrx_word' id='word_1_865' title='bbox 1259 2248 1465 2284; x_wconf 89' lang='lat' dir='ltr'>Generalium</span> <span class='ocrx_word' id='word_1_866' title='bbox 1485 2251 1643 2284; x_wconf 87' lang='lat' dir='ltr'>Comitiis.</span> <span class='ocrx_word' id='word_1_867' title='bbox 1689 2254 1798 2286; x_wconf 82' lang='lat' dir='ltr'>Miror</span> 
     </span>
     <span class='ocr_line' id='line_1_129' title="bbox 932 2289 1797 2334; baseline 0.005 -12"><span class='ocrx_word' id='word_1_868' title='bbox 932 2289 1003 2322; x_wconf 88' lang='lat' dir='ltr'>sane</span> <span class='ocrx_word' id='word_1_869' title='bbox 1027 2290 1169 2324; x_wconf 88' lang='lat' dir='ltr'>Editoris</span> <span class='ocrx_word' id='word_1_870' title='bbox 1190 2291 1433 2332; x_wconf 87' lang='lat' dir='ltr'>impudentiam,</span> <span class='ocrx_word' id='word_1_871' title='bbox 1456 2293 1509 2334; x_wconf 87' lang='lat' dir='ltr'>qui</span> <span class='ocrx_word' id='word_1_872' title='bbox 1533 2293 1565 2326; x_wconf 90' lang='lat' dir='ltr'>in</span> <span class='ocrx_word' id='word_1_873' title='bbox 1586 2293 1694 2334; x_wconf 86' lang='lat' dir='ltr'>causa,</span> <span class='ocrx_word' id='word_1_874' title='bbox 1718 2294 1797 2326; x_wconf 83' lang='lat' dir='ltr'>adeo</span> 
     </span>
     <span class='ocr_line' id='line_1_130' title="bbox 932 2332 1797 2378; baseline 0.006 -15"><span class='ocrx_word' id='word_1_875' title='bbox 932 2332 1076 2372; x_wconf 87' lang='lat' dir='ltr'>recenti,</span> <span class='ocrx_word' id='word_1_876' title='bbox 1099 2332 1209 2365; x_wconf 73' lang='grc'>1061011</span> <span class='ocrx_word' id='word_1_877' title='bbox 1229 2332 1338 2365; x_wconf 88' lang='lat' dir='ltr'>fucum</span> <span class='ocrx_word' id='word_1_878' title='bbox 1359 2332 1465 2365; x_wconf 86' lang='lat' dir='ltr'>facere</span> <span class='ocrx_word' id='word_1_879' title='bbox 1483 2335 1600 2367; x_wconf 89' lang='lat' dir='ltr'>voluit.</span> <span class='ocrx_word' id='word_1_880' title='bbox 1647 2335 1797 2378; x_wconf 89' lang='lat' dir='ltr'>Comple-</span> 
     </span>
    </p>
   </div>
   <div class='ocr_carea' id='block_1_9' title="bbox 919 2372 1798 2422">
    <p class='ocr_par' dir='ltr' id='par_1_15' title="bbox 919 2372 1798 2422">
     <span class='ocr_line' id='line_1_131' title="bbox 919 2372 1798 2422; baseline 0.005 -17"><span class='ocrx_word' id='word_1_881' title='bbox 919 2372 1067 2406; x_wconf 32' lang='lat' dir='ltr'>sereretur</span> <span class='ocrx_word' id='word_1_882' title='bbox 1085 2373 1161 2407; x_wconf 89' lang='lat' dir='ltr'>illud</span> <span class='ocrx_word' id='word_1_883' title='bbox 1185 2373 1321 2412; x_wconf 85' lang='lat' dir='ltr'>Foedus,</span> <span class='ocrx_word' id='word_1_884' title='bbox 1346 2382 1382 2406; x_wconf 88' lang='lat' dir='ltr'>ut</span> <span class='ocrx_word' id='word_1_885' title='bbox 1407 2375 1515 2407; x_wconf 74' lang='grc'>306101·</span> <span class='ocrx_word' id='word_1_886' title='bbox 1536 2375 1648 2422; x_wconf 71' lang='lat' dir='ltr'>fingit,</span> <span class='ocrx_word' id='word_1_887' title='bbox 1674 2376 1722 2418; x_wconf 83' lang='lat'>§§.</span> <span class='ocrx_word' id='word_1_888' title='bbox 1766 2387 1798 2419; x_wconf 84' lang='lat'>3.</span> 
     </span>
    </p>
   </div>
   <div class='ocr_carea' id='block_1_10' title="bbox 928 2413 1799 2983">
    <p class='ocr_par' dir='ltr' id='par_1_16' title="bbox 928 2413 1799 2828">
     <span class='ocr_line' id='line_1_132' title="bbox 931 2413 1799 2456; baseline 0.003 -10"><span class='ocrx_word' id='word_1_889' title='bbox 931 2413 984 2446; x_wconf 87' lang='lat' dir='ltr'>sed</span> <span class='ocrx_word' id='word_1_890' title='bbox 998 2415 1117 2447; x_wconf 88' lang='lat' dir='ltr'>nullum</span> <span class='ocrx_word' id='word_1_891' title='bbox 1134 2415 1288 2456; x_wconf 89' lang='lat' dir='ltr'>ejusmodi</span> <span class='ocrx_word' id='word_1_892' title='bbox 1304 2414 1418 2448; x_wconf 86' lang='lat' dir='ltr'>Foedus</span> <span class='ocrx_word' id='word_1_893' title='bbox 1433 2415 1532 2448; x_wconf 87' lang='lat' dir='ltr'>exstat</span> <span class='ocrx_word' id='word_1_894' title='bbox 1547 2426 1630 2448; x_wconf 87' lang='lat' dir='ltr'>inter</span> <span class='ocrx_word' id='word_1_895' title='bbox 1643 2418 1720 2449; x_wconf 77' lang='lat' dir='ltr'>Atta</span> <span class='ocrx_word' id='word_1_896' title='bbox 1768 2428 1799 2449; x_wconf 89' lang='lat' dir='ltr'>r-</span> 
     </span>
     <span class='ocr_line' id='line_1_133' title="bbox 930 2454 1796 2500; baseline 0.005 -13"><span class='ocrx_word' id='word_1_897' title='bbox 930 2455 1039 2488; x_wconf 88' lang='lat' dir='ltr'>dinum</span> <span class='ocrx_word' id='word_1_898' title='bbox 1057 2454 1279 2495; x_wconf 78' lang='lat' dir='ltr'>Gener-alium,</span> <span class='ocrx_word' id='word_1_899' title='bbox 1305 2462 1393 2487; x_wconf 89' lang='lat' dir='ltr'>certe</span> <span class='ocrx_word' id='word_1_900' title='bbox 1409 2466 1427 2487; x_wconf 90' lang='lat' dir='ltr'>a</span> <span class='ocrx_word' id='word_1_901' title='bbox 1449 2466 1499 2488; x_wconf 89' lang='lat' dir='ltr'>me</span> <span class='ocrx_word' id='word_1_902' title='bbox 1520 2457 1550 2489; x_wconf 75' lang='grc' dir='ltr'>ὅτ.</span> <span class='ocrx_word' id='word_1_903' title='bbox 1569 2456 1607 2488; x_wconf 86' lang='grc'>31)</span> <span class='ocrx_word' id='word_1_904' title='bbox 1629 2458 1716 2497; x_wconf 83' lang='grc'>31113,</span> <span class='ocrx_word' id='word_1_905' title='bbox 1743 2458 1796 2500; x_wconf 92' lang='lat' dir='ltr'>qui</span> 
     </span>
     <span class='ocr_line' id='line_1_134' title="bbox 929 2495 1794 2544; baseline 0.006 -16"><span class='ocrx_word' id='word_1_906' title='bbox 929 2496 1072 2529; x_wconf 88' lang='lat' dir='ltr'>invenire</span> <span class='ocrx_word' id='word_1_907' title='bbox 1086 2497 1258 2538; x_wconf 83' lang='lat' dir='ltr'>debebant,</span> <span class='ocrx_word' id='word_1_908' title='bbox 1278 2495 1395 2528; x_wconf 78' lang='lat' dir='ltr'>frustra</span> <span class='ocrx_word' id='word_1_909' title='bbox 1411 2497 1572 2544; x_wconf 75' lang='lat' dir='ltr'>quaefiturn</span> <span class='ocrx_word' id='word_1_910' title='bbox 1595 2497 1651 2532; x_wconf 90' lang='lat' dir='ltr'>est.</span> <span class='ocrx_word' id='word_1_911' title='bbox 1695 2498 1794 2532; x_wconf 87' lang='lat' dir='ltr'>Com-</span> 
     </span>
     <span class='ocr_line' id='line_1_135' title="bbox 928 2537 1795 2586; baseline 0.005 -17"><span class='ocrx_word' id='word_1_912' title='bbox 928 2539 994 2580; x_wconf 87' lang='lat' dir='ltr'>peri</span> <span class='ocrx_word' id='word_1_913' title='bbox 1019 2545 1123 2570; x_wconf 85' lang='lat' dir='ltr'>autem</span> <span class='ocrx_word' id='word_1_914' title='bbox 1140 2561 1150 2577; x_wconf 95' lang='lat'>,</span> <span class='ocrx_word' id='word_1_915' title='bbox 1182 2547 1291 2570; x_wconf 90' lang='lat' dir='ltr'>omnes</span> <span class='ocrx_word' id='word_1_916' title='bbox 1313 2538 1385 2570; x_wconf 86' lang='lat' dir='ltr'>illos</span> <span class='ocrx_word' id='word_1_917' title='bbox 1401 2537 1451 2580; x_wconf 41' lang='lat' dir='ltr'>§Q</span> <span class='ocrx_word' id='word_1_918' title='bbox 1476 2549 1528 2586; x_wconf 80' lang='lat'>33.</span> <span class='ocrx_word' id='word_1_919' title='bbox 1557 2540 1672 2580; x_wconf 86' lang='lat' dir='ltr'>partim</span> <span class='ocrx_word' id='word_1_920' title='bbox 1691 2540 1795 2582; x_wconf 87' lang='lat' dir='ltr'>bene,</span> 
     </span>
     <span class='ocr_line' id='line_1_136' title="bbox 929 2577 1798 2623; baseline 0.005 -13"><span class='ocrx_word' id='word_1_921' title='bbox 929 2579 1043 2621; x_wconf 88' lang='lat' dir='ltr'>partim</span> <span class='ocrx_word' id='word_1_922' title='bbox 1061 2579 1142 2611; x_wconf 83' lang='lat' dir='ltr'>male</span> <span class='ocrx_word' id='word_1_923' title='bbox 1160 2578 1222 2612; x_wconf 90' lang='lat' dir='ltr'>esse</span> <span class='ocrx_word' id='word_1_924' title='bbox 1241 2577 1416 2620; x_wconf 87' lang='lat' dir='ltr'>descriptos</span> <span class='ocrx_word' id='word_1_925' title='bbox 1441 2589 1481 2611; x_wconf 86' lang='lat' dir='ltr'>ex</span> <span class='ocrx_word' id='word_1_926' title='bbox 1498 2580 1562 2612; x_wconf 87' lang='lat' dir='ltr'>illis</span> <span class='ocrx_word' id='word_1_927' title='bbox 1574 2603 1585 2620; x_wconf 94' lang='lat'>,</span> <span class='ocrx_word' id='word_1_928' title='bbox 1613 2591 1687 2623; x_wconf 89' lang='lat' dir='ltr'>quas</span> <span class='ocrx_word' id='word_1_929' title='bbox 1710 2581 1798 2622; x_wconf 86' lang='lat' dir='ltr'>dixi,</span> 
     </span>
     <span class='ocr_line' id='line_1_137' title="bbox 930 2619 1795 2663; baseline 0.002 -10"><span class='ocrx_word' id='word_1_930' title='bbox 930 2620 1115 2662; x_wconf 75' lang='lat' dir='ltr'>lingularum</span> <span class='ocrx_word' id='word_1_931' title='bbox 1133 2619 1374 2652; x_wconf 88' lang='lat' dir='ltr'>Provinciarum</span> <span class='ocrx_word' id='word_1_932' title='bbox 1397 2619 1584 2660; x_wconf 89' lang='lat' dir='ltr'>sententiis,</span> <span class='ocrx_word' id='word_1_933' title='bbox 1606 2624 1702 2656; x_wconf 88' lang='lat' dir='ltr'>etiam</span> <span class='ocrx_word' id='word_1_934' title='bbox 1725 2624 1795 2663; x_wconf 88' lang='lat' dir='ltr'>his,</span> 
     </span>
     <span class='ocr_line' id='line_1_138' title="bbox 931 2661 1793 2703; baseline 0.003 -10"><span class='ocrx_word' id='word_1_935' title='bbox 931 2661 970 2693; x_wconf 89' lang='lat' dir='ltr'>de</span> <span class='ocrx_word' id='word_1_936' title='bbox 984 2661 1098 2703; x_wconf 90' lang='lat' dir='ltr'>quibus</span> <span class='ocrx_word' id='word_1_937' title='bbox 1113 2661 1197 2693; x_wconf 89' lang='lat' dir='ltr'>inter</span> <span class='ocrx_word' id='word_1_938' title='bbox 1210 2670 1318 2694; x_wconf 89' lang='lat' dir='ltr'>omnes</span> <span class='ocrx_word' id='word_1_939' title='bbox 1333 2670 1398 2694; x_wconf 88' lang='lat' dir='ltr'>non</span> <span class='ocrx_word' id='word_1_940' title='bbox 1415 2671 1618 2696; x_wconf 88' lang='lat' dir='ltr'>convenerat.</span> <span class='ocrx_word' id='word_1_941' title='bbox 1654 2663 1793 2697; x_wconf 87' lang='lat' dir='ltr'>Dubiam</span> 
     </span>
     <span class='ocr_line' id='line_1_139' title="bbox 930 2702 1797 2745; baseline 0.003 -11"><span class='ocrx_word' id='word_1_942' title='bbox 930 2703 996 2743; x_wconf 84' lang='lat' dir='ltr'>ejus</span> <span class='ocrx_word' id='word_1_943' title='bbox 1013 2702 1115 2736; x_wconf 89' lang='lat' dir='ltr'>libelli</span> <span class='ocrx_word' id='word_1_944' title='bbox 1136 2702 1231 2735; x_wconf 88' lang='lat' dir='ltr'>fidem</span> <span class='ocrx_word' id='word_1_945' title='bbox 1250 2702 1346 2735; x_wconf 87' lang='lat' dir='ltr'>etiarn</span> <span class='ocrx_word' id='word_1_946' title='bbox 1371 2703 1448 2735; x_wconf 80' lang='lat' dir='ltr'>alius</span> <span class='ocrx_word' id='word_1_947' title='bbox 1466 2703 1581 2736; x_wconf 89' lang='lat' dir='ltr'>olfecit</span> <span class='ocrx_word' id='word_1_948' title='bbox 1599 2704 1677 2745; x_wconf 75' lang='lat'>(8),</span> <span class='ocrx_word' id='word_1_949' title='bbox 1702 2706 1732 2737; x_wconf 72' lang='grc' dir='ltr'>δι</span> <span class='ocrx_word' id='word_1_950' title='bbox 1752 2712 1797 2737; x_wconf 89' lang='lat' dir='ltr'>ta-</span> 
     </span>
     <span class='ocr_line' id='line_1_140' title="bbox 930 2742 1796 2784; baseline 0.001 -8"><span class='ocrx_word' id='word_1_951' title='bbox 930 2753 1003 2777; x_wconf 85' lang='lat' dir='ltr'>men</span> <span class='ocrx_word' id='word_1_952' title='bbox 1028 2743 1144 2776; x_wconf 85' lang='lat' dir='ltr'>dudum</span> <span class='ocrx_word' id='word_1_953' title='bbox 1167 2742 1231 2784; x_wconf 91' lang='lat' dir='ltr'>est,</span> <span class='ocrx_word' id='word_1_954' title='bbox 1266 2753 1308 2775; x_wconf 83' lang='lat' dir='ltr'>ex</span> <span class='ocrx_word' id='word_1_955' title='bbox 1334 2753 1398 2784; x_wconf 89' lang='lat' dir='ltr'>quo</span> <span class='ocrx_word' id='word_1_956' title='bbox 1422 2743 1479 2776; x_wconf 83' lang='lat' dir='ltr'>ille</span> <span class='ocrx_word' id='word_1_957' title='bbox 1502 2743 1605 2777; x_wconf 90' lang='lat' dir='ltr'>stellio</span> <span class='ocrx_word' id='word_1_958' title='bbox 1631 2745 1796 2784; x_wconf 89' lang='lat' dir='ltr'>homines,</span> 
     </span>
     <span class='ocr_line' id='line_1_141' title="bbox 931 2785 1796 2828; baseline 0.002 -11"><span class='ocrx_word' id='word_1_959' title='bbox 931 2785 1027 2818; x_wconf 86' lang='lat' dir='ltr'>etiam</span> <span class='ocrx_word' id='word_1_960' title='bbox 1059 2794 1164 2818; x_wconf 88' lang='lat' dir='ltr'>rerum</span> <span class='ocrx_word' id='word_1_961' title='bbox 1198 2785 1397 2828; x_wconf 85' lang='lat' dir='ltr'>publicarum</span> <span class='ocrx_word' id='word_1_962' title='bbox 1431 2786 1549 2826; x_wconf 84' lang='lat' dir='ltr'>peritos</span> <span class='ocrx_word' id='word_1_963' title='bbox 1565 2809 1577 2825; x_wconf 92' lang='lat'>,</span> <span class='ocrx_word' id='word_1_964' title='bbox 1615 2785 1796 2821; x_wconf 86' lang='lat' dir='ltr'>ludificatus</span> 
     </span>
    </p>

    <p class='ocr_par' dir='ltr' id='par_1_17' title="bbox 933 2826 1799 2983">
     <span class='ocr_line' id='line_1_142' title="bbox 933 2836 988 2860; baseline 0.036 -2"><span class='ocrx_word' id='word_1_965' title='bbox 933 2836 951 2858; x_wconf 88' lang='lat' dir='ltr'>e</span> <span class='ocrx_word' id='word_1_966' title='bbox 981 2853 988 2860; x_wconf 94' lang='lat'>.</span> 
     </span>
     <span class='ocr_line' id='line_1_143' title="bbox 954 2826 1794 2913; baseline -0.002 -11"><span class='ocrx_word' id='word_1_967' title='bbox 954 2826 1037 2902; x_wconf 88' lang='lat' dir='ltr'>stSed</span> <span class='ocrx_word' id='word_1_968' title='bbox 1057 2878 1152 2911; x_wconf 87' lang='lat' dir='ltr'>apage</span> <span class='ocrx_word' id='word_1_969' title='bbox 1168 2868 1258 2901; x_wconf 91' lang='lat' dir='ltr'>illum</span> <span class='ocrx_word' id='word_1_970' title='bbox 1275 2867 1430 2900; x_wconf 89' lang='lat' dir='ltr'>libellum.</span> <span class='ocrx_word' id='word_1_971' title='bbox 1474 2867 1526 2899; x_wconf 82' lang='lat' dir='ltr'>Ex</span> <span class='ocrx_word' id='word_1_972' title='bbox 1542 2865 1612 2913; x_wconf 77' lang='lat' dir='ltr'>ipsis</span> <span class='ocrx_word' id='word_1_973' title='bbox 1632 2867 1794 2900; x_wconf 88' lang='lat' dir='ltr'>nihilomi-</span> 
     </span>
     <span class='ocr_line' id='line_1_144' title="bbox 933 2908 1795 2983; baseline -0.003 -40"><span class='ocrx_word' id='word_1_974' title='bbox 933 2920 990 2943; x_wconf 85' lang='lat' dir='ltr'>nus</span> <span class='ocrx_word' id='word_1_975' title='bbox 1005 2910 1273 2951; x_wconf 77' lang='lat' dir='ltr'>fontibus-operae</span> <span class='ocrx_word' id='word_1_976' title='bbox 1290 2909 1426 2952; x_wconf 83' lang='lat' dir='ltr'>pretium</span> <span class='ocrx_word' id='word_1_977' title='bbox 1443 2909 1505 2941; x_wconf 89' lang='lat' dir='ltr'>erit</span> <span class='ocrx_word' id='word_1_978' title='bbox 1527 2908 1634 2941; x_wconf 85' lang='lat' dir='ltr'>audire</span> <span class='ocrx_word' id='word_1_979' title='bbox 1655 2908 1795 2983; x_wconf 58' lang='lat' dir='ltr'>ipsgtgn</span> 
     </span>
     <span class='ocr_line' id='line_1_145' title="bbox 1736 2960 1799 2983; baseline 0 0"><span class='ocrx_word' id='word_1_980' title='bbox 1736 2960 1750 2983; x_wconf 92' lang='grc'>1·</span> <span class='ocrx_word' id='word_1_981' title='bbox 1773 2960 1799 2983; x_wconf 86' lang='grc'>1-</span> 
     </span>
    </p>
   </div>
   <div class='ocr_carea' id='block_1_11' title="bbox 933 3040 1800 3120">
    <p class='ocr_par' dir='ltr' id='par_1_18' title="bbox 933 3040 1800 3120">
     <span class='ocr_line' id='line_1_146' title="bbox 933 3040 1778 3079; baseline -0.006 -4"><span class='ocrx_word' id='word_1_982' title='bbox 933 3045 1066 3077; x_wconf 81' lang='lat' dir='ltr'>exhibui,</span> <span class='ocrx_word' id='word_1_983' title='bbox 1082 3043 1128 3073; x_wconf 90' lang='lat' dir='ltr'>sed</span> <span class='ocrx_word' id='word_1_984' title='bbox 1144 3044 1243 3072; x_wconf 85' lang='lat' dir='ltr'>vitium</span> <span class='ocrx_word' id='word_1_985' title='bbox 1256 3041 1310 3077; x_wconf 83' lang='lat' dir='ltr'>effe</span> <span class='ocrx_word' id='word_1_986' title='bbox 1328 3043 1356 3071; x_wconf 87' lang='lat' dir='ltr'>in</span> <span class='ocrx_word' id='word_1_987' title='bbox 1371 3042 1495 3071; x_wconf 82' lang='lat' dir='ltr'>numeris</span> <span class='ocrx_word' id='word_1_988' title='bbox 1508 3049 1551 3071; x_wconf 86' lang='lat' dir='ltr'>res</span> <span class='ocrx_word' id='word_1_989' title='bbox 1566 3040 1624 3079; x_wconf 83' lang='lat' dir='ltr'>ipsa</span> <span class='ocrx_word' id='word_1_990' title='bbox 1639 3041 1778 3078; x_wconf 84' lang='lat' dir='ltr'>loquitur.</span> 
     </span>
     <span class='ocr_line' id='line_1_147' title="bbox 972 3079 1800 3120; baseline -0.005 -7"><span class='ocrx_word' id='word_1_991' title='bbox 972 3083 1033 3120; x_wconf 88' lang='lat'>(6)</span> <span class='ocrx_word' id='word_1_992' title='bbox 1057 3084 1103 3111; x_wconf 90' lang='lat' dir='ltr'>W.</span> <span class='ocrx_word' id='word_1_993' title='bbox 1120 3081 1241 3119; x_wconf 85' lang='lat' dir='ltr'>Temple</span> <span class='ocrx_word' id='word_1_994' title='bbox 1254 3080 1470 3118; x_wconf 72' lang='lat' dir='ltr'>Aanmerkingen</span> <span class='ocrx_word' id='word_1_995' title='bbox 1486 3088 1548 3109; x_wconf 81' lang='lat' dir='ltr'>over</span> <span class='ocrx_word' id='word_1_996' title='bbox 1563 3081 1594 3108; x_wconf 84' lang='lat' dir='ltr'>de</span> <span class='ocrx_word' id='word_1_997' title='bbox 1608 3079 1719 3109; x_wconf 83' lang='lat' dir='ltr'>Nederl.</span> <span class='ocrx_word' id='word_1_998' title='bbox 1732 3079 1800 3110; x_wconf 70' lang='lat' dir='ltr'>Pro&lt;</span> 
     </span>
    </p>
   </div>
   <div class='ocr_carea' id='block_1_12' title="bbox 933 3121 1803 3197">
    <p class='ocr_par' dir='ltr' id='par_1_19' title="bbox 933 3121 1803 3197">
     <span class='ocr_line' id='line_1_148' title="bbox 933 3121 1803 3197; baseline -0.001 -10"><span class='ocrx_word' id='word_1_999' title='bbox 933 3131 1040 3197; x_wconf 38' lang='lat' dir='ltr'>mnf—{3²</span> <span class='ocrx_word' id='word_1_1000' title='bbox 1051 3121 1205 3187; x_wconf 53' lang='lat' dir='ltr'>gegetum</span> <span class='ocrx_word' id='word_1_1001' title='bbox 1219 3156 1306 3186; x_wconf 84' lang='lat' dir='ltr'>exstat</span> <span class='ocrx_word' id='word_1_1002' title='bbox 1320 3155 1381 3193; x_wconf 85' lang='lat' dir='ltr'>post</span> <span class='ocrx_word' id='word_1_1003' title='bbox 1389 3155 1575 3196; x_wconf 73' lang='lat' dir='ltr'>Praefationem</span> <span class='ocrx_word' id='word_1_1004' title='bbox 1584 3156 1680 3187; x_wconf 85' lang='lat' dir='ltr'>Grotii</span> <span class='ocrx_word' id='word_1_1005' title='bbox 1691 3156 1803 3194; x_wconf 80' lang='lat' dir='ltr'>Apolag.</span> 
     </span>
    </p>
   </div>
   <div class='ocr_carea' id='block_1_13' title="bbox 931 3194 1802 3278">
    <p class='ocr_par' dir='ltr' id='par_1_20' title="bbox 931 3194 1802 3278">
     <span class='ocr_line' id='line_1_149' title="bbox 931 3194 1802 3235; baseline -0.003 -8"><span class='ocrx_word' id='word_1_1006' title='bbox 931 3194 934 3197; x_wconf 85' lang='lat'>&#39;</span> <span class='ocrx_word' id='word_1_1007' title='bbox 972 3198 1036 3235; x_wconf 83' lang='lat'>(8)</span> <span class='ocrx_word' id='word_1_1008' title='bbox 1053 3196 1160 3227; x_wconf 63' lang='lat' dir='ltr'>Auitor</span> <span class='ocrx_word' id='word_1_1009' title='bbox 1175 3205 1230 3226; x_wconf 85' lang='lat' dir='ltr'>van</span> <span class='ocrx_word' id='word_1_1010' title='bbox 1244 3194 1412 3235; x_wconf 74' lang='lat' dir='ltr'>hetPublicq</span> <span class='ocrx_word' id='word_1_1011' title='bbox 1426 3197 1516 3229; x_wconf 71' lang='lat' dir='ltr'>Getica</span> <span class='ocrx_word' id='word_1_1012' title='bbox 1533 3196 1617 3229; x_wconf 83' lang='lat' dir='ltr'>Parte</span> <span class='ocrx_word' id='word_1_1013' title='bbox 1629 3194 1762 3229; x_wconf 54' lang='lat' dir='ltr'>ubst&amp;</span> <span class='ocrx_word' id='word_1_1014' title='bbox 1773 3202 1802 3231; x_wconf 78' lang='lat'>7.</span> 
     </span>
     <span class='ocr_line' id='line_1_150' title="bbox 1136 3244 1218 3278; baseline 0 0"><span class='ocrx_word' id='word_1_1015' title='bbox 1136 3244 1176 3278; x_wconf 91' lang='lat' dir='ltr'>M</span> <span class='ocrx_word' id='word_1_1016' title='bbox 1187 3253 1218 3278; x_wconf 91' lang='lat' dir='ltr'>m</span> 
     </span>
    </p>
   </div>
  </div>
 </body>
</html>
