2008 3436
390 79 696 116 RERUM
770 90 788 114 1⁷.

70 170 111 198 ste
131 166 318 205 publicentur.
679 170 715 198 11.
738 173 801 198 216.
824 180 848 197 a.
870 171 894 199 s).

33 206 113 236 Bona
127 210 187 243 jure
207 209 341 236 Francico
361 207 550 244 publicantur.
781 217 844 243 217.
868 219 892 236 a.

166 245 232 280 quid
247 255 279 274 ea
296 246 331 275 de
346 255 374 274 re
390 248 476 284 pactis
500 247 638 275 variarum
657 245 792 274 Gentium
810 247 895 275 fuerit

70 292 251 313 conventum.
830 285 894 313 iln'd.

165 330 198 350 ex
221 331 274 358 qun
291 324 401 351 ratione
421 332 477 351 non
495 323 565 350 reste
584 321 773 357 publicantur.
829 324 893 351 iln'd.

168 362 363 389 damnatorum
379 362 446 389 olim
463 362 556 388 onmia
571 361 803 396 publicabuntur.
817 362 895 398 quod

71 399 173 428 deinde
189 401 266 427 varie
283 408 417 428 mutatum
435 400 495 426 suit.
756 401 778 428 1.
802 404 847 428 60.
868 410 894 428 a.

300 440 384 466 etiam
402 437 468 465 olim
486 437 565 465 liberi
582 436 674 474 plures
697 439 835 466 interdum
853 447 895 465 ac-

69 476 211 513 cipiebant
223 485 238 504 e
253 477 419 511 privilegiu.
434 484 490 502 non
502 484 537 503 ex
549 476 580 504 L.
595 477 678 513 Papia
689 477 817 514 Poppaea.
828 477 895 505 ibid.

300 524 349 542 cur
366 514 577 551 publicarentur
784 516 848 543 ibid.
871 517 896 544 b.

165 553 290 581 hostibus
308 554 409 580 advehi
428 554 531 586 vetita,
555 553 572 581 s1
589 554 616 580 in
632 554 761 582 confiniis
775 553 895 581 hostium

69 591 333 628 deprehendantur,
356 591 556 628 praesumuntur
580 591 704 621 hostibus
725 592 837 621 advehi.
859 593 894 620 11.

784 638 847 664 ²¹3·
870 632 892 658 b.

165 667 320 704 legatorum
338 667 442 696 arretio
466 667 623 703 subjacent,
646 669 673 697 δι
688 677 749 706 quae
772 669 815 696 illa
833 668 893 697 lint.

742 710 802 737 168.
823 717 848 734 a.
870 709 893 734 b.

165 744 282 774 mobilia
305 745 389 780 legati
414 753 447 773 an
465 746 591 782 pignoris
612 745 693 773 causa
710 747 771 781 capi
789 745 898 783 poliint.

659 793 720 819 159.
743 786 766 812 Ι).
791 789 852 813 160.
872 794 898 812 a.

29 836 144 845 -——-
167 822 300 858 principis
325 823 351 850 in
374 822 467 850 alieno
485 823 627 850 territorio
651 832 685 851 an
707 822 811 851 arresso
827 822 896 850 deti-

69 861 128 888 neri
145 867 258 896 queant.
745 869 806 896 151.
831 869 894 894 15²-

29 900 174 928 Bonorum
197 899 397 927 communione
413 899 507 936 pasta,
528 907 562 927 an
580 900 748 936 impingatur
765 901 791 928 in
809 899 843 928 L.
866 903 893 928 6.

66 938 96 966 C.
117 939 147 965 de
161 936 269 975 secund.
292 944 365 971 nupt.
385 949 391 953 ·
831 945 895 972 340.

29 977 175 1006 Bonorum
198 975 325 1012 potreffio
349 975 469 1010 vulgaris
494 975 519 1003 ὅ(
543 976 722 1003 Carboniana
739 998 746 1009 ‚
776 983 895 1012 utraque

66 1023 142 1042 anno
165 1015 310 1050 perimitur
326 1036 333 1046 ,
364 1015 407 1042 scd
431 1014 573 1050 utriusque
598 1022 723 1051 tempora
747 1014 894 1050 separatim

64 1060 196 1086 currunt,
221 1052 245 1080 &
263 1052 420 1088 quomodo.
496 1079 500 1084 ,
757 1054 777 1080 1.
803 1061 846 1087 35.
868 1063 894 1081 a.

165 1098 284 1126 utraque
301 1091 439 1118 interdum
457 1089 557 1118 eodem
574 1098 649 1117 anno
667 1090 812 1126 perimitur
824 1113 830 1123 ,
855 1092 893 1118 in-

67 1129 178 1159 terdum
197 1130 383 1157 Carbonianae
400 1129 500 1164 petitio
517 1128 620 1156 diutius
635 1130 726 1157 durat.
829 1129 894 1158 ibid.

167 1168 347 1196 Carboniana
368 1167 508 1195 interdum
533 1169 694 1204 competit,
728 1175 785 1196 non
806 1170 895 1206 petita

65 1207 184 1242 vulgari.
830 1206 894 1235 ibid.

29 1247 116 1276 Bonae
130 1246 193 1273 filei
209 1244 378 1273 contaetus.
412 1243 479 1272 Vid.
502 1244 679 1272 Contractus.

28 1286 117 1315 Bonae
138 1284 201 1312 fidei
225 1283 356 1319 poffeisor
372 1283 549 1310 constituitur
567 1283 634 1318 saepe
660 1284 687 1311 in
703 1282 774 1310 mala
792 1282 846 1311 fide
862 1292 895 1312 ex

70 1323 127 1352 sola
150 1323 276 1351 editione
298 1322 544 1350 instrumentorum
568 1329 632 1349 ante
654 1321 732 1349 litem
756 1322 894 1350 contesta—

70 1368 137 1390 tam.
783 1364 847 1390 262.
869 1371 895 1388 a.

302 1408 351 1436 per
379 1398 462 1427 solam
491 1397 545 1425 litis
575 1398 809 1427 contestationem
837 1407 894 1427 non

70 1439 177 1475 semper
192 1438 372 1466 constituitur
389 1439 416 1466 in
433 1437 501 1466 mala
519 1436 590 1471 fide,
612 1438 739 1474 quamvis
757 1438 783 1465 id
802 1438 895 1474 saepius

71 1486 124 1514 pro
140 1477 236 1513 regula
255 1478 401 1504 habeatur.
651 1480 716 1504 262.
738 1477 762 1504 b.
783 1480 847 1510 263.
869 1487 894 1505 a.

304 1523 414 1543 manere
435 1513 527 1551 potest
549 1513 583 1541 ad
606 1513 692 1551 usque
714 1523 771 1542 rem
790 1516 896 1550 *iudica-

787 1554 850 1581 iln'cl.
870 1555 894 1582 b.

784 1599 848 1621 210.
870 1594 894 1622 b.

825 89 848 113 T

32 453 145 461 „—

30 530 145 537 ——-

29 1529 146 1539 -—.—

69 1561 137 1582 ram.

29 1592 102 1622 Boni
116 1601 196 1620 morer
213 1592 273 1620 sunt
289 1593 342 1620 viri
359 1590 468 1620 honesti
484 1590 510 1620 ἃ
525 1591 619 1628 probi.

30 1632 209 1661 Bonitarium
227 1632 281 1666 jus.
312 1632 386 1659 Vide
407 1631 462 1665 jus.

30 1670 125 1699 Boves
142 1679 175 1697 an
193 1678 234 1697 res
251 1670 383 1705 mancipi.
783 1672 848 1703 336.
868 1670 893 1698 b.

168 1708 248 1736 Lucoe
267 1716 319 1745 pro
333 1707 508 1743 Elephantis.
783 1715 847 1741 337.
869 1709 894 1736 b.

29 1747 196 1778 Brabantini
218 1746 256 1774 illi
273 1767 282 1780 ,
310 1748 357 1782 qui
379 1747 426 1773 sub
451 1746 528 1781 Rege
549 1744 744 1781 Hispaniarum
768 1745 894 1779 fuerant,

56 1785 115 1820 -sed
141 1784 244 1813 deinde
265 1794 280 1812 a
296 1785 388 1819 Belgis
413 1783 473 1812 sunt
495 1786 644 1820 occupati,
667 1792 741 1811 anno
767 1786 848 1818 1648.
871 1784 896 1812 δε

69 1823 168 1860 postea
186 1823 284 1852 frustra
300 1825 440 1860 petierunt
456 1822 565 1850 admitti
584 1824 610 1850 in
628 1822 729 1850 Foedus
747 1823 894 1851 Utrechta-

69 1871 148 1890 num.
730 1862 764 1888 ll.
787 1869 849 1889 221.
872 1863 898 1890 b.

31 1901 154 1932 Bredani
174 1908 216 1934 15.
239 1900 315 1937 Sept.
339 1908 421 1935 1579.
445 1900 472 1927 in
490 1898 592 1928 Foedus
614 1899 819 1927 Utrechtanum
837 1900 898 1928 sunt

72 1948 137 1967 rece
160 1940 190 1967 ti.
831 1939 898 1967 ibid.

31 1978 120 2008 Breve
136 1949 220 2006 gamen
231 1999 238 2009 ,
258 1978 343 2005 brevis
351 1976 503 2014 staplaellex,
518 1975 709 2014 brevisfocur,
729 1975 762 2003 de
780 1985 895 2013 pauper-

72 2017 134 2044 tino
158 2019 303 2052 apparatu.
690 2016 712 2043 1.
735 2022 779 2049 32.
802 2023 846 2051 33.
868 2026 894 2044 a.

32 2055 151 2084 Brieven
165 2063 217 2082 van
232 2052 410 2090 naturalisatie
428 2052 494 2089 quid
512 2051 648 2088 praestcnt.
672 2089 675 2092 .
723 2054 760 2081 ll.
783 2062 846 2088 259.
870 2056 895 2083 b.

31 2094 188 2122 Britannici
204 2092 266 2120 steti
277 2093 398 2120 Romani
415 2094 482 2119 oiim
493 2092 600 2118 domini
615 2091 735 2120 snei-unt.
797 2095 858 2122 128.
870 2094 894 2121 b.

31 2132 227 2160 Britannicum
256 2140 331 2159 marc
353 2138 418 2159 num
442 2132 477 2158 ab
507 2130 604 2166 anglis
628 2130 805 2167 poffideatur.
835 2139 898 2165 130.

789 2177 852 2204 131.
872 2179 898 2198 a.

31 2208 126 2238 Brutis
144 2208 276 2236 tribuitur
295 2207 388 2235 coitus
403 2207 583 2242 promiscuus.
742 2207 764 2235 1.
788 2216 852 2243 425.
872 2218 897 2237 a.

31 2248 136 2276 Brutus
157 2246 294 2283 (Junius)
318 2245 452 2287 anlfuerit
466 2246 610 2273 Tribunus
626 2245 766 2273 Celerum.
788 2255 851 2281 313.
872 2257 895 2274 a.

32 2285 122 2314 Buten
145 2285 189 2313 vel
211 2285 302 2319 buria,
322 2281 415 2315 ,euim
433 2283 460 2312 &
475 2281 559 2315 βέτἾις
575 2284 615 2312 est
637 2292 701 2320 cupa
722 2284 765 2312 vel
787 2286 896 2321 capella.

33 2371 52 2390 a
67 2362 150 2390 Batia
169 2361 243 2389 forte
259 2361 374 2391 batiola,
396 2359 424 2387 id
445 2358 500 2392 est,
523 2360 646 2395 parvulae
667 2369 754 2398 cupae.
787 2331 895 2390 1525.

170 2400 274 2427 cedunt
293 2399 397 2426 aedibus
417 2397 557 2426 distractis.
829 2400 895 2430 ibid.

31 2439 138 2470 Brixis,
159 2438 215 2466 five
230 2437 313 2473 Pyxzs
327 2458 334 2468 .
353 2438 471 2464 mundus
489 2436 640 2465 muliebris.
786 2441 849 2471 164.
870 2448 895 2466 a.

31 2478 217 2514 Bysantinum
239 2475 341 2504 fretum
362 2475 486 2503 Romani
507 2475 575 2503 olim
595 2477 623 2504 iu
642 2475 770 2504 dominio
793 2477 897 2504 habue-

729 2514 766 2580 ¹}:
789 2523 852 2588 133:
871 2516 897 2582 53:

34 2522 148 2592 Bffiiffi'
156 2553 202 2583 vel
216 2550 314 2590 buffina
328 2551 407 2590 vasa,
429 2559 481 2589 pro
498 2552 599 2580 buxeis.

450 2628 483 2658 C.

120 2745 150 2774 S.
171 2744 197 2774 ἃ
213 2745 250 2773 Χ.
274 2744 342 2781 saepe
357 2749 559 2781 permutantur.
757 2744 781 2773 1.
804 2751 848 2780 71.
871 2755 896 2774 α.

35 2784 183 2814 Cadavera
198 2782 318 2811 hostium
339 2791 354 2810 a
373 2784 523 2814 victoribus
546 2784 714 2821 sepeliuntur
728 2805 734 2816 .
758 2784 800 2810 vel
817 2784 896 2812 vistis

75 2823 112 2851 ad
133 2822 300 2859 sepulturam
320 2821 478 2851 traduntur.
591 2824 628 2851 11.
651 2826 715 2857 196.
737 2824 761 2850 b.
787 2830 850 2856 197.
871 2833 897 2851 α.

36 2862 111 2890 Caeci
129 2868 265 2896 quatenus
283 2859 486 2895 prohibeantur
504 2861 653 2897 postulare.
744 2862 766 2889 1.
789 2868 850 2895 114.
872 2863 897 2889 h.

31 2900 139 2928 'Caedere
155 2900 291 2936 pignora,
313 2897 352 2925 est
369 2896 517 2933 distrahere.
705 2902 748 2929 18.
770 2900 793 2926 b.
819 2907 896 2932 19.a.

36 2937 210 2967 Caesarienfis
233 2936 355 2965 Colonia
383 2944 441 2964 non
473 2937 571 2966 babuit
591 2938 639 2976 Jus
667 2939 808 2969 Italicum.
834 2946 896 2972 170.

787 2985 849 3010 17¹·
871 2978 896 3004 b.

28 3014 102 3052 -Caja
115 3036 122 3047 ,
144 3013 171 3042 ἂ
192 3013 273 3051 Cujus
292 3012 367 3048 Sejus
381 3033 389 3045 ,
410 3013 526 3041 nomina
544 3014 677 3052 exemplis
701 3016 847 3044 servientia
870 3015 899 3042 in

89 3061 146 3081 ure.
761 3061 806 3088 ⁶39.
828 3063 853 3080 a.
874 3053 898 3080 b.

37 3053 134 3121 cajloei
160 3089 227 3118 olim
250 3090 279 3117 in
301 3088 351 3116 usu
372 3087 481 3124 vulgari
503 3096 561 3117 non
581 3096 684 3124 erant,
706 3098 760 3121 nec
783 3090 900 3119 vestium

74 3129 190 3157 nomine
211 3128 442 3157 continebantur.
806 3132 853 3163 89.
873 3138 899 3157 a.

30 3166 193 3233 Catienus.
213 3175 265 3204 pro
282 3174 334 3200 eo,
356 3166 405 3202 qui
426 3164 462 3194 ad
479 3166 536 3195 vim
557 3164 701 3195 instruetus
717 3166 767 3196 est.
837 3167 903 3195 ibid.

103 3214 150 3234 om.
169 3206 228 3244 11„

921 74 1445 119 VERssoRUM.
1735 91 1806 132 485

938 169 1073 198 calciatus
1097 177 1149 205 pro
1170 178 1222 203 eo,
1244 170 1292 206 qui
1316 169 1473 207 infirmans,
1493 174 1629 211 expeditus
1650 176 1676 206 ὅ(
1699 185 1807 214 paratus

939 208 1047 275 Caelguli
1063 244 1227 280 quaestiones
1243 245 1302 273 solo
1316 246 1431 279 indicio,
1453 247 1479 275 id
1497 248 1553 285 est,
1575 217 1808 282 mfflcss'ffgffg'essj

977 285 1048 311 roris
1064 283 1183 316 calculi,
1206 284 1298 312 dirimi
1317 285 1436 321 possunt.
1712 300 1757 323 ας,
1781 294 1806 319 12,

939 323 1061 351 Calones
1079 323 1105 349 in
1127 321 1221 351 castris
1242 323 1382 352 caloniam
1403 330 1564 352 exercentes
1584 326 1670 360 Judici
1691 322 1805 358 militari

978 360 1100 388 subsunt.
1636 368 1672 394 11.
1694 376 1758 402 330.
1779 378 1806 395 α.

940 399 1093 426 Calumniae
1107 399 1310 433 iusiurandum.
1331 400 1407 428 Vide
1424 399 1629 435 jusjurandum.

939 437 1045 473 Capillli
1062 437 1192 464 dicuntur
1211 440 1374 474 quicunque
1394 438 1454 475 pili.
1653 442 1675 469 1.
1699 446 1760 471 106.
1782 444 1808 471 b.

939 475 1036 511 Capilli
1051 476 1149 506 indici.
1172 476 1219 510 pili
1236 479 1397 506 animalium
1415 485 1451 506 ex
1472 476 1553 505 India
1569 476 1657 507 allati.
1742 481 1806 509 ibid.

939 514 1046 542 Cameli
1067 522 1101 541 an
1123 513 1215 541 bestiae
1697 521 1760 551 3136.
1782 521 1806 547 lr.

1075 560 1108 579 an
1120 561 1161 580 res
1177 553 1313 589 mancipi,
1328 552 1354 581 ἃ
1371 553 1487 590 quando
1500 562 1533 582 ex
1548 553 1670 582 Oriente
1687 556 1805 584 advesti.

939 628 1043 664 Capito
1071 626 1211 664 (Ateius)
1235 628 1321 657 libros
1350 628 1453 666 scripsit
1486 629 1521 658 de
1547 629 1615 668 Jute
1639 631 1804 660 Pontificio.

1701 678 1767 705 4¹²-
1781 672 1807 698 b.

1548 708 1583 735 11.
1608 716 1670 742 197.
1696 710 1758 742 198.
1778 718 1806 738 a.

1042 752 1056 770 a
1074 743 1171 779 piratis
1190 745 1357 772 omnimodo
1378 746 1518 781 prioribus
1541 746 1663 775 dominis
1685 748 1745 775 sunt
1767 755 1809 775 re-

976 781 1125 809 stituenda.
1696 793 1762 813 220.
1782 795 1808 814 a.

940 819 1049 855 Captare
1067 819 1232 848 hereditatem
1244 842 1250 852 ,
1273 820 1298 848 ἃ
1314 820 1450 857 Captator
1468 822 1650 855 hereditatis,
1671 823 1739 860 quid
1757 823 1804 857 sit¹

979 857 1006 886 ἃ
1025 866 1086 895 quae
1107 859 1232 895 captatio
1254 859 1289 887 ad
1315 859 1424 888 causam
1444 860 1513 895 iuris
1533 862 1683 898 pertineat.
1699 864 1724 891 1.
1740 871 1807 898 43¹·

939 705 1028 741 Capta
1045 703 1161 741 quando
1178 704 1245 733 fiant
1265 705 1447 740 capientium.

939 934 1110 972 Captatoriae
1130 935 1322 965 Institutiones
1344 944 1400 974 qua
1426 936 1487 973 lege
1512 935 1616 967 suerint
1644 902 1809 976 prohiss'itaebs

1073 1021 1135 1048 quae
1156 1020 1214 1040 non
1236 1013 1296 1043 sint.
1605 1022 1672 1050 432.
1694 985 1808 1051 4323&

1072 1059 1132 1086 quae
1147 1052 1212 1079 item
1228 1052 1288 1081 sint.
1740 1061 1807 1090 433.

1057 1091 1158 1133 'etiam
1176 1091 1203 1117 in
1221 1090 1390 1120 testamentis
1411 1091 1531 1121 militum
1546 1091 1650 1121 nullius
1669 1091 1729 1120 sunt
1748 1101 1811 1122 mo-

976 1133 1073 1155 menti.
1694 1139 1760 1166 439.
1781 1141 1808 1161 α.

1074 1173 1108 1193 an
1126 1166 1152 1194 in
1169 1166 1255 1195 caulis
1271 1168 1324 1204 piis
1341 1167 1464 1197 valeant.
1741 1170 1807 1199 ibid.

1075 1203 1211 1233 differunt
1233 1215 1248 1234 a
1264 1208 1367 1235 mutuis
1382 1207 1536 1243 conjugum
1560 1206 1716 1237 aliorumve
1732 1208 1811 1237 insti-

977 1244 1144 1271 tutionibus.
1742 1246 1809 1276 ibid.

939 1280 1102 1317 Captatoria
1119 1281 1257 1311 institutio
1272 1292 1333 1320 quae
1349 1283 1379 1311 sit
1395 1282 1516 1319 respeetu
1532 1284 1620 1313 tertii.
1741 1289 1809 1320 436.

1072 1328 1123 1355 pro
1140 1328 1198 1349 non
1214 1321 1313 1359 scripta
1335 1323 1472 1357 habetur,
1493 1322 1518 1351 &
1534 1322 1681 1360 quomodo
1696 1323 1752 1351 hoc
1767 1325 1809 1352 in-

978 1358 1172 1392 telligendum.
1695 1370 1761 1397 439.
1784 1364 1809 1391 b.

940 1395 1109 1431 Captatoriae
1128 1398 1266 1435 scripturae
1275 1400 1358 1427 variae
1372 1399 1514 1433 formulae,
1530 1399 1555 1428 δι
1565 1399 1807 1436 quemadmodum

977 1434 1019 1463 his
1036 1435 1165 1464 conditio
1181 1438 1292 1465 hamata
1313 1438 1392 1472 iniit,
1413 1438 1439 1466 ἃ
1461 1439 1699 1475 quemadmodum
1715 1439 1809 1468 rursus

978 1481 1035 1500 non
1051 1473 1112 1502 infit
1130 1474 1192 1503 aliis
1203 1496 1211 1508 ‚
1232 1485 1294 1513 quae
1314 1478 1477 1514 captatoriae
1493 1477 1635 1506 videntur.
1741 1485 1809 1513 433.

940 1511 1105 1548 Captatoria
1124 1513 1266 1549 stipulatio
1284 1514 1392 1544 illicita.
1741 1520 1810 1551 436.

939 1550 1105 1586 Captatoria
1121 1552 1279 1581 substitutio
1295 1555 1378 1582 etiam
1402 1554 1510 1583 illicita.
1695 1562 1762 1589 439.
1783 1556 1810 1584 1⁷.

937 1589 1074 1625 Captator
1089 1598 1104 1618 a
1121 1598 1234 1627 captato
1251 1593 1329 1620 heres
1344 1592 1439 1629 postea
1457 1594 1588 1631 scriptus,
1611 1600 1646 1622 an
1661 1593 1745 1631 possit
1760 1593 1812 1622 ali·

976 1627 1044 1663 quid
1063 1636 1098 1656 ex
1118 1630 1176 1664 ejus
1197 1630 1365 1659 testamento
1386 1640 1497 1669 capere.
1743 1630 1809 1660 ibid.

939 1666 1109 1703 captionem
1135 1668 1256 1705 dirigere
1273 1670 1301 1698 in
1324 1669 1407 1699 aliam
1424 1671 1581 1708 personam.
1695 1673 1762 1706 436.
1782 1680 1809 1700 a.

940 1705 1032 1741 Caput
1051 1713 1102 1741 pro
1124 1706 1205 1735 sorte.
1714 1711 1756 1739 18.
1781 1718 1809 1738 a.

940 1744 1032 1779 Caput
1049 1743 1074 1771 δι
1091 1744 1169 1773 locus
1184 1747 1260 1782 paria
1279 1746 1359 1781 sunt,
1379 1756 1431 1784 pro
1450 1753 1579 1775 veterum
1596 1747 1731 1785 Jctorum
1752 1747 1809 1775 sen-

976 1783 1198 1819 tentiis‚quibus
1218 1786 1304 1813 etiam
1321 1786 1530 1814 adscribebatur
1545 1794 1687 1814 numerus.
1706 1789 1768 1815 162.
1781 1787 1808 1814 b.

939 1820 1047 1856 Capitis
1063 1830 1159 1857 poenas
1180 1824 1246 1852 dare
1268 1824 1371 1853 dicitur
1387 1825 1498 1853 debitor
1515 1824 1543 1852 in
1565 1824 1613 1853 LL
1645 1825 1711 1853 XII.
1732 1825 1809 1853 Tab.

978 1860 1025 1895 qui
1042 1860 1136 1888 usuras
1152 1861 1232 1890 sortis
1250 1862 1342 1891 solvit.
1717 1865 1760 1892 18.
1782 1872 1798 1890 a

940 1897 1054 1934 Captivi
1077 1897 1096 1925 fi
1116 1907 1173 1927 non
1197 1899 1420 1937 redimerentur,
1443 1901 1511 1939 saepe
1532 1900 1588 1930 fine
1610 1900 1684 1969 lyltfo
1702 1884 1812 1970 ἀίιὲιὶῦῑ..

1664 1961 1671 1969 .
1701 1948 1735 1974 19
1759 1961 1765 1968 .
1786 1949 1812 1968 a.

1073 1975 1140 2004 Vid.
1161 1976 1310 2008 redemtio.

939 2027 1052 2035 ——
1074 2015 1101 2043 in
1119 2017 1289 2046 territorium
1305 2018 1403 2050 amici,
1425 2017 1473 2054 qui
1490 2016 1568 2047 fimul
1582 2025 1641 2046 non
1656 2016 1696 2045 est
1710 2015 1811 2045 Foede„

978 2058 1071 2085 ratus,
1096 2053 1200 2087 delati,
1222 2064 1279 2084 non
1301 2057 1371 2084 fiunt
1389 2056 1479 2085 liberi.
1695 2062 1760 2089 219.
1781 2056 1806 2083 b·

940 2091 971 2118 ln
988 2091 1123 2127 Captivos
1139 2101 1173 2120 an
1190 2092 1281 2131 laquei
1298 2102 1408 2131 poenam
1424 2103 1557 2123 exercere
1571 2093 1647 2124 licet.
1698 2097 1761 2128 196.
1782 2103 1808 2121 a.

941 2130 1064 2166 Captura
1083 2139 1196 2164 eorum.
1219 2135 1267 2169 qui
1285 2140 1411 2169 tempore
1430 2134 1497 2161 beili
1513 2134 1631 2161 orientis
1649 2133 1676 2161 in
1693 2131 1808 2160 alterius

978 2168 1098 2204 imperio
1114 2169 1313 2203 inveniuntur,
1335 2172 1420 2199 hodie
1436 2180 1501 2200 raro
1522 2178 1683 2200 exercetur.
1743 2169 1810 2198 ibid.

942 2206 1122 2234 Carboniana
1142 2209 1282 2238 bonorum
1303 2209 1442 2245 poffeffio.
1670 2209 1693 2236 I·
1716 2215 1761 2242 35·
1781 2217 1810 2235 ⁶¹-

941 2244 1052 2278 Carcer,
1073 2254 1126 2281 pro
1141 2247 1199 2279 his,
1223 2249 1270 2284 qui
1293 2249 1461 2276 coercentur
1477 2255 1598 2274 carcere.
1714 2252 1758 2279 39.
1779 2255 1806 2274 a.

945 2283 1104 2311 Cardinalis
1115 2305 1123 2317 ‚
1134 2293 1199 2313 num
1210 2288 1247 2314 ob
1258 2287 1363 2314 crimen
1380 2284 1607 2322 damnaripossit.
1617 2285 1653 2312 11.
1669 2287 1732 2318 163.
1747 2293 1772 2311 a.
1785 2285 1810 2313 b.

940 2321 1098 2350 Cardinalis
1116 2323 1197 2359 legati
1215 2324 1306 2352 forum
1324 2330 1498 2360 competens.
1708 2334 1714 2335 ⁷
1742 2322 1807 2350 ibid.

939 2359 1080 2397 Cascellius
1104 2369 1137 2389 an
1156 2361 1286 2401 Cascelius
1304 2361 1490 2391 scribendum.
1509 2363 1533 2391 1.
1557 2368 1622 2396 323.
1644 2362 1671 2389 b.
1692 2368 1758 2395 324.
1781 2370 1807 2389 a.

1073 2404 1131 2433 ejus
1153 2400 1302 2430 Beneaiua.
1697 2400 1761 2426 ibid.
1782 2400 1807 2427 b.

940 2436 1029 2464 Caffia
1053 2437 1180 2466 Suriana.
1695 2444 1757 2471 105.
1778 2446 1805 2465 a.

940 2474 1045 2503 Caffius
1070 2477 1215 2512 Longinus
1237 2476 1341 2506 Consul
1365 2476 1419 2505 fuit
1435 2484 1497 2505 cum
1513 2475 1656 2514 Quartino
1674 2477 1806 2511 tempori-

981 2514 1032 2541 bus
1053 2514 1172 2543 Tiberii.
1569 2521 1634 2549 327.
1655 2514 1680 2541 h.
1702 2516 1764 2547 328.
1784 2524 1810 2543 a.

942 2549 1053 2587 castella
1065 2554 1194 2588 plumbea.
1696 2559 1759 2587 154.
1781 2561 1807 2579 a.

942 2588 1047 2618 Castris
1069 2591 1180 2620 obseffis
1201 2591 1271 2620 nihil
1293 2592 1443 2629 quicquam
1470 2590 1538 2620 licet
1560 2590 1700 2619 advehere
1718 2612 1724 2623 ,
1748 2598 1807 2618 non

975 2628 1088 2658 obseffis
1104 2630 1170 2658 licet
1185 2630 1324 2659 advehere
1346 2632 1457 2665 omnia,
1479 2639 1541 2667 quae
1556 2638 1614 2658 non
1631 2629 1692 2657 sunt
1706 2635 1807 2656 contra-

1634 2668 1671 2696 11.
1694 2670 1757 2700 198.
1779 2676 1806 2695 a.

1647 2705 1670 2732 1.
1692 2712 1758 2739 239.
1778 2714 1806 2734 a.

978 2667 1071 2695 banda.

939 2704 1006 2743 Caju
1023 2714 1073 2743 pro
1094 2705 1184 2744 causa,
1208 2706 1234 2736 &
1255 2708 1329 2746 causa
1346 2716 1399 2744 pro
1414 2706 1482 2743 casu.

941 2744 1026 2773 Casus
1043 2744 1152 2774 fatales.
1180 2747 1249 2774 Vid.
1271 2747 1330 2774 Fat.

941 2783 1098 2812 Catechefis
1120 2784 1247 2812 Palatina
1272 2783 1383 2820 publica
1407 2783 1532 2810 omnium
1556 2778 1695 2808 Foedetati
1716 2780 1808 2815 Belgii

974 2822 1185 2851 Provinciarum
1203 2822 1368 2850 aut‘toritate
1382 2829 1440 2849 non
1456 2820 1508 2848 fuit
1520 2820 1639 2856 probata
1651 2839 1659 2850 ,
1677 2817 1724 2846 nisi
1744 2818 1806 2855 post

979 2868 1081 2888 annum
1105 2864 1187 2895 1651.
1634 2857 1669 2885 11.
1693 2864 1758 2891 273.
1780 2858 1806 2886 b.

940 2898 1014 2926 Cato
1034 2898 1187 2934 (Marcus)
1206 2898 1339 2934 Princeps
1355 2896 1462 2925 Porciae
1478 2894 1598 2925 familiae.
1645 2896 1668 2923 1.
1692 2902 1756 2929 320.
1780 2897 1805 2923 b.

940 2936 1055 2971 Cavere,
1076 2937 1181 2968 cautio,
1203 2936 1281 2972 quid.
1653 2933 1689 2961 11.
1714 2941 1758 2961 12.
1779 2934 1804 2963 b.

941 2975 1036 3003 Causae
1059 2974 1304 3007 emendationis,
1324 2973 1390 3001 Vid.
1411 2971 1606 3000 exheredatio.

941 3012 1025 3051 Causa
1049 3013 1189 3049 vefflgolis
1203 3033 1210 3042 .
1232 3012 1287 3039 hoc
1310 3011 1369 3045 est,
1391 3010 1539 3039 frustrandi
1563 3009 1705 3044 vestigans
1728 3016 1806 3045 ergo.

976 3052 1023 3081 Sic
1038 3059 1153 3087 quoque
1174 3046 1464 3087 cauJafideicommzffi,
1491 3048 1572 3077 causa
1593 3047 1805 3076 foeneratorum.

932 3126 1032 3156 Causa
1049 3135 1083 3155 an
1108 3125 1223 3154 differat
1242 3133 1257 3152 a
1272 3133 1366 3162 poena.
1646 3087 1668 3116 L
1692 3089 1760 3160 Ξῖἑ).
1781 3096 1809 3151 ἶ

945 3167 1049 3196 Cautio
1068 3165 1124 3193 vim
1148 3173 1197 3191 non
1212 3161 1286 3200 fieri.
1719 3163 1812 3227 Ῑςόεί..
1834 3190 1839 3193 ,

1113 3202 1217 3240 Qqq
