2008 3436
156 114 441 166 QUAEST.
496 113 724 161 JURIS
776 110 1118 152 PUBLICI‚
1171 111 1648 152 L113.11.C.xxlr.xxn.¹.

23 206 111 237 runt,
142 196 163 228 fi
189 195 308 229 scilicet
337 194 475 226 investio
513 193 703 235 quarundam
738 193 891 224 mercium

25 237 305 285 prohibeatur-(cui
323 246 378 277 par
390 236 426 267 sit
443 245 573 275 oportet
590 233 678 266 causa
696 235 891 275 evectionis)

24 284 74 318 scd
102 282 249 318 alteram,
274 288 342 318 quze
367 277 406 308 de
434 277 578 309 concessa
600 277 798 308 immunitate
824 275 888 315 est,

24 322 215 360 omiserunt,
237 320 421 352 addiderunt
444 328 548 350 autem
578 325 641 349 tres
666 327 765 349 novas
785 319 889 348 remis-

24 367 140 401 sionum
157 362 280 400 caustis,
306 370 418 400 nempe
444 359 672 397 inundationis.
696 359 822 399 majoris
846 360 890 391 in-

23 408 122 441 cendii
141 407 170 438 &
188 404 281 446 pestis
294 426 303 441 ‚
326 403 453 443 reliquis
474 401 621 433 omnibus
639 402 730 441 plane
746 401 888 432 exclusis.

21 449 112 483 Unde
129 446 324 479 refutandum
344 443 409 481 cst,
432 443 516 484 quod
532 441 656 482 quidam
671 443 702 474 in
720 442 892 474 Hollandia

22 490 220 529 vestigalium
246 486 473 522 conductores,
495 484 578 525 quod
603 483 639 514 ad
662 483 889 523 remfflionem,

22 523 277 574 quarumcunque
286 528 415 559 aliarum
435 536 536 558 rerum
550 525 631 556 cond
637 525 794 558 ufiloribus
804 535 889 557 com-

22 573 198 616 paraverint
215 570 305 612 (1?)·
338 566 389 599 Ne
405 567 531 606 quidem
552 565 646 607 pestis
665 575 755 598 antea
774 568 802 599 in
821 567 889 599 Bel-

44 616 74 646 io
88 613 167 656 justa
186 609 386 647 remittendi,
412 608 463 640 scd
479 609 632 640 duntaxat
650 607 815 640 solutionis
830 607 890 640 dif-

22 657 160 690 ferenda:
177 652 266 685 causa
281 651 365 689 fuit,
387 659 420 683 ut
442 650 486 682 est
503 651 533 681 in
558 649 814 691 Dilqrtifitionibns
833 651 889 682 1²0-

24 699 115 731 lizicii‘
135 695 209 737 C-zsit
225 692 345 728 XLIII.
385 694 416 725 Si
440 693 575 725 Ordines
593 693 686 724 novis
702 691 820 724 Editlis
836 701 891 733 pu-

585 790 946 828 CAPUT

1727 122 1792 162 283

934 191 1065 223 blicanis
1081 197 1237 228 noceant,
1259 190 1406 222 damnum
1426 193 1461 224 iis
1478 194 1614 227 resarciri
1628 204 1794 237 oportere,

933 233 1117 274 generaliter
1133 232 1312 273 responsum
1334 232 1378 263 cst
1396 235 1498 273 (Im-'sil-
1521 237 1564 267 ll.
1587 238 1620 268 ἰζ
1641 238 1693 268 ιιι,
1722 240 1792 268 coai-

927 275 976 315 fil.
999 284 1054 314 105
1095 273 1123 289 s‘
1150 277 1218 305 106.
1239 276 1268 305 r&
1287 272 1390 312 Consti.
1408 276 1441 306 B.
1466 277 1498 306 ¹1¹.
1521 277 1571 308 lv.
1601 280 1701 316 Camil.
1726 283 1792 318 ΜΓ.

933 328 962 348 τι.
987 326 1010 348 1.
1037 326 1053 347 2
1104 315 1126 335 Ρ
1148 326 1178 357 3.
1201 316 1340 355 optime,
1366 315 1386 347 ri
1414 317 1487 357 quid
1508 318 1624 357 judico.
1672 322 1795 350 ls'raelta-

934 366 981 390 ret
1001 359 1031 390 in
1051 359 1110 388 lioc
1129 365 1314 397 argumento
1330 356 1411 398 sequi
1430 358 1483 398 jus
1500 360 1673 390 Romanuin
1686 384 1694 396 ‚
1713 361 1797 400 qumi

934 400 966 432 in
983 398 1228 431 condueloribus
1248 399 1382 439 publicis
1399 402 1450 431 vel
1466 400 1597 440 privatis
1613 401 1689 431 niliil
1709 402 1794 440 quie-

935 451 1027 482 quam
1049 439 1210 480 distinguit
1228 463 1237 477 ‚
1272 450 1361 480 quam
1390 440 1452 472 fine
1481 442 1603 473 ratione
1626 442 1798 472 excludere

934 482 1060 521 caulas,
1098 482 1139 513 ibi
1160 481 1330 521 expressas,
1372 482 1401 514 ἂι
1425 492 1487 514 11011
1519 483 1684 514 admittere
1709 493 1797 522 teque

935 534 1046 566 graves
1075 524 1125 555 vel
1155 522 1323 562 graviores.
1369 524 1433 563 Juri
1461 525 1606 556 Romano
1635 523 1701 554 fere
1723 533 1798 553 con-

934 566 1067 597 veniunt
1090 565 1190 596 causae
1209 587 1217 602 ‚
1259 574 1447 597 enumeratae
1472 566 1501 597 in
1531 567 1578 607 ᾗῇ.
1608 575 1655 606 15.
1680 574 1729 605 25.
1763 565 1798 599 [5³

933 617 984 648 95.
1032 606 1171 642 Formae,
1202 615 1296 646 quain
1327 607 1460 638 Ordines
1490 607 1669 639 llollanuiae
1695 607 1801 637 katin-

933 648 1054 681 nalibus
1072 648 1251 688 patrimonii
1270 647 1315 680 sui
1336 647 1488 681 dederunt
1510 659 1557 681 12.
1581 650 1680 682 Mart.
1709 657 1798 688 1593.

934 690 1039 731 (18).

1019 780 1241 827 XXIII.

106 886 159 920 An
186 884 324 920 Ordines
349 881 519 917 Generales
544 882 625 917 reste
644 879 716 928 sese
741 879 942 927 immisceant
968 878 1192 926 controversiis
1206 878 1410 927 singularum
1437 872 1709 917 Provinciarum?
1754 890 1756 892 ’

141 1034 198 1055 aize
218 1022 404 1059 soresmos,
429 1021 578 1062 quicquid
596 1020 634 1051 ad
659 1019 809 1052 summam
833 1022 891 1053 Po-

143 1065 283 1096 testatem
302 1063 438 1104 pertinet
450 1086 459 1100 ‚
485 1061 559 1102 ipsae
575 1070 701 1102 quoque
718 1071 869 1094 exercent
880 1085 891 1100 ‚

23 1109 79 1144 nist
104 1106 316 1142 renunciarint
343 1103 402 1144 juri
430 1103 485 1135 suo
503 1127 512 1143 ‚
544 1111 580 1134 ut
613 1104 837 1136 renunciarunt
859 1105 891 1136 in

23 1149 206 1194 quibusdam
228 1145 324 1178 caufis
338 1168 347 1184 ,
379 1144 441 1177 fine
462 1145 574 1186 quibus
594 1143 709 1177 Foedus
726 1145 893 1177 Utrechta-

23 1202 97 1227 num
117 1201 167 1231 2‘3.
190 1189 254 1229 Jan.
284 1196 374 1228 1579.
395 1187 547 1228 explicari
575 1194 639 1217 non
662 1195 797 1228 poterat.
843 1187 892 1219 An

25 1235 56 1267 &
86 1227 238 1275 quaitcnus
267 1228 474 1260 renuntiarint
494 1228 526 1260 in
559 1227 627 1267 jure
649 1227 725 1259 belli
750 1229 895 1270 gerendi,

23 1274 141 1309 excussi
158 1273 246 1314 supra
263 1271 303 1303 L.
324 1270 347 1301 l.
374 1270 404 1300 C.
425 1280 476 1312 ²3·
501 1279 538 1301 an
557 1270 587 1300 ὅ(
601 1277 754 1309 quatenus
771 1271 802 1302 in
825 1270 893 1310 jure

23 1315 285 1358 Reprcil'aliaruin
302 1314 331 1343 d.
356 1311 396 1343 L.
416 1311 438 1343 1.
465 1312 496 1342 C.
513 1321 565 1351 24.
588 1320 626 1341 an
643 1311 674 1343 <St
691 1319 842 1352 quatenus
861 1311 892 1344 in

23 1361 92 1402 jure
111 1357 250 1402 Legatos
268 1353 414 1385 mittendi
433 1354 485 1384 vel
504 1351 678 1392 accipiendi
695 1353 745 1383 hoc
755 1353 846 1385 Libro
858 1353 890 1384 C.

25 1411 58 1442 4.
83 1409 121 1431 an
148 1400 178 1430 ὁὶ
194 1404 346 1438 quatenus
363 1394 392 1425 in
408 1394 477 1434 jure
494 1393 670 1434 Religionis
689 1394 739 1425 hoc
757 1394 814 1436 ipsi)
835 1394 892 1426 Li-

25 1445 75 1475 bro
98 1442 131 1472 C.
149 1444 196 1474 18.
243 1437 302 1469 Sed
323 1435 397 1477 quid
412 1435 431 1467 fi
454 1436 537 1466 inter
557 1435 740 1468 Provincias
757 1436 894 1468 invicem

25 1479 249 1516 controversia:
276 1478 415 1510 incidant
442 1477 481 1508 de
502 1475 620 1516 juribus
647 1477 677 1509 δε
697 1477 894 1519 privilegiis,

25 1525 79 1559 fibi
109 1521 270 1564 propriis?
303 1520 332 1551 ἃ
350 1518 426 1557 quid
447 1518 467 1549 ii
486 1518 525 1549 de
544 1517 652 1550 iisdem
670 1519 894 1551 controversiae

25 1565 167 1600 incidant
187 1564 268 1595 inter
285 1559 510 1605 Magistratus,
533 1559 634 1591 Urbes
646 1582 656 1598 ‚
677 1560 779 1592 aliave
798 1570 892 1593 mem-

24 1608 80 1641 bra
93 1606 185 1639 unius
202 1603 402 1644 ejusdemque
420 1601 599 1633 Provinciae
610 1601 627 1633 ἱ)
651 1601 695 1633 Et
708 1602 807 1643 palam
821 1611 893 1634 cau-

27 1658 95 1683 tum
111 1647 157 1678 est
175 1646 206 1677 in
232 1643 260 1686 §.
281 1653 308 1676 1.
330 1643 360 1675 d.
381 1643 504 1675 Foeder.
522 1642 669 1674 Utrecht.
694 1653 803 1675 omnes
826 1643 895 1675 illas

18 1686 255 1724 'controversias
275 1685 338 1717 esse
357 1683 548 1717 definiendas
565 1684 616 1715 vel
635 1685 796 1717 ordinario
818 1685 898 1726 judi-

25 1733 80 1766 cio
93 1754 104 1771 ,
125 1729 178 1761 vel
197 1727 279 1768 apud
293 1727 447 1765 arbitros,
470 1726 523 1757 vel
549 1725 650 1757 amica
670 1726 895 1766 transactione,

25 1774 89 1808 hoc
108 1770 296 1804 nominatim
313 1769 440 1807 addito,
451 1767 560 1808 flander
571 1769 623 1798 dat
635 1768 669 1799 de
686 1769 792 1799 andere
810 1768 894 1800 Lan-

25 1817 82 1848 den
97 1813 132 1855 of
150 1811 331 1845 Provincien
344 1833 354 1848 ,
376 1810 484 1841 Sieden
499 1809 534 1849 of
543 1808 646 1840 Leden
663 1820 726 1841 van
744 1811 812 1841 dien
828 1810 895 1851 (zoo

27 1858 117 1899 lange
140 1855 192 1896 zig
216 1853 296 1884 beide
316 1852 449 1893 Partyen
470 1853 491 1881 ’t
517 1856 585 1893 regt
603 1850 818 1892 ficbmitteren)
841 1852 897 1883 hen

27 1900 77 1932 des
102 1896 200 1929 zallen
224 1895 330 1926 hebben
354 1899 380 1925 te
399 1895 568 1933 bemoeyen,
598 1898 648 1923 ten
668 1902 751 1924 ware
775 1894 831 1924 ben
845 1903 895 1935 ge-

28 1940 118 1981 liefde
135 1944 161 1969 te
177 1937 376 1968 intercederen
392 1940 434 1966 tot
451 1934 565 1965 accord.
597 1932 633 1965 In
652 1934 812 1966 nonnullis
825 1944 896 1966 cau-

27 1981 82 2020 lis,
107 1989 196 2021 quae,
225 1985 261 2010 ut
291 1977 388 2009 modo
413 1975 580 2012 dicebam,
613 1974 652 2006 ad
675 1976 898 2016 explicandum

26 2022 142 2057 Foedus
164 2018 362 2061 pertinebant
381 2042 390 2057 ‚
423 2017 454 2050 &
477 2016 540 2048 fine
566 2015 680 2062 quibus
707 2016 898 2058 Respublica

26 2063 112 2098 salva
131 2061 193 2094 ess'e
205 2060 371 2092 videbatur
390 2068 454 2092 non
469 2057 577 2100 posse.
603 2058 663 2090 alia
683 2067 757 2091 com
781 2059 895 2091 onendi

29 2104 139 2137 dissidii
157 2103 236 2135 ratio
255 2100 468 2143 praescribitur
487 2100 518 2132 in
537 2098 586 2141 §§.
610 2109 641 2136 9.
671 2103 719 2132 16.
790 2110 842 2142 23.
865 2101 895 2132 d·.

28 2145 153 2179 Foeder.
177 2143 326 2175 Utrecht.
349 2142 400 2175 sed
421 2142 460 2174 de
489 2141 536 2173 his
562 2141 709 2173 omnibus
728 2141 776 2183 §§.
802 2142 897 2175 latius

29 2187 97 2220 sum
117 2185 254 2217 dicturus
271 2185 342 2225 Cap.
347 2184 413 2225 fhq.
456 2183 581 2216 Interea
601 2190 748 2224 apparet,
772 2183 804 2215 in
823 2192 896 2215 cau-

29 2229 68 2262 fis
91 2226 256 2259 ordinariis
279 2226 419 2266 regulam
446 2224 508 2256 effe
526 2247 537 2262 ‚
570 2223 704 2257 Ordines
727 2223 897 2257 Generales

28 2279 94 2303 non
111 2268 195 2300 reete
213 2265 277 2299 sese
287 2266 462 2298 immiscere
477 2265 698 2298 controversiis
709 2265 897 2308 fingularum

28 2310 291 2345 Provinciarum,
323 2307 426 2339 addita
450 2307 508 2338 hac
525 2315 588 2338 una
610 2308 817 2349 exceptione,
839 2307 897 2341 nifi

29 2352 138 2386 Partes
157 2349 187 2382 se
202 2349 323 2390 jndicio
343 2358 408 2380 non
428 2347 621 2381 submittant.
647 2348 728 2394 Quae
744 2349 896 2390 exceptio

24 983 191 1085 Quini
213 991 307 1023 penes
328 980 458 1021 singulas
480 979 662 1011 Provincias
679 979 728 1019 jus
751 979 789 1011 fit
811 977 889 1012 sum-

0 2420 1 2425 ,
29 2402 172 2435 magnam
188 2392 343 2423 rationem
362 2391 472 2422 habet:
497 2389 518 2421 fi
533 2389 617 2421 enim
627 2397 730 2430 partes
744 2389 904 2430 judicium-

0 2439 1 2472 ι
27 2433 279 2479 fiibterfugiant,
309 2432 385 2473 quid
409 2430 568 2472 superest,
600 2437 751 2478 quamvut
775 2431 808 2463 in
829 2441 897 2464 mu-

23 2483 308 2551 .‹‘1²‹¹‚³¹s¹1¹c¹‡{{i¹21¹{3{ffl
324 2470 900 2556 ffifflfizzffrsfgdffttereffgffffzffissi

30 2569 91 2602 ope
107 2566 172 2591 erat
190 2557 375 2589 cavendum.

37 2601 124 2633 ‹·Sic
139 2598 185 2631 est
201 2599 233 2630 in
247 2597 272 2630 F
275 2598 379 2630 oedere
395 2597 613 2636 Utrechtan03
637 2598 689 2631 sed
712 2598 742 2631 &
767 2606 841 2631 ante
863 2597 895 2630 id

27 2637 144 2675 Foedus
171 2639 306 2680 placuit,
340 2647 380 2671 ne
406 2639 541 2671 Ordines
565 2638 734 2673 Generales
756 2640 895 2681 judicare

20 2684 150 2716 *vellent
169 2682 210 2712 de
235 2680 328 2712 rebus
347 2702 358 2718 ‚
387 2690 457 2721 quae
488 2681 526 2713 ad
554 2681 686 2722 singulas
710 2682 896 2713 Provincias

85 2723 237 2756 tinebant.
270 2721 361 2753 Unde
378 2721 408 2753 ἀ
424 2721 452 2763 §.
468 2732 519 2764 23.
544 2722 710 2755 Pastorum
727 2723 809 2756 inter
823 2723 898 2754 Am-

60 2761 285 2798 erdammenses
305 2763 335 2795 ἃ
358 2761 532 2804 Dynastam
550 2764 722 2806 Orangium
747 2774 778 2805 5.
804 2763 896 2796 Febr.

34 2811 124 2848 1578.
143 2804 202 2846 (1)
214 2804 415 2850 continetur,
435 2804 755 2850 *Anisterdammenses
769 2805 897 2847 quidem

31 2846 219 2890 promififfe,
247 2844 278 2877 se
307 2845 346 2876 de
370 2844 517 2878 Civitatis
543 2845 604 2878 suae
627 2844 897 2879 administratione

2 2888 8 3109 1
32 2888 263 2922 accusatoribus
283 2885 343 2918 suis
369 2886 449 2926 apud
471 2886 605 2919 Ordines
625 2886 818 2929 Generales,
842 2897 896 2920 eo-

71 3021 148 3059 (17)
171 3014 235 3049 Van
252 3009 397 3049 1sseeuwen
411 3009 446 3048 R.
467 3019 509 3048 H.
528 3019 564 3049 R.
584 3019 620 3050 L.
640 3021 691 3051 IV.
714 3030 762 3058 40.
782 3026 811 3061 4,

40 3077 44 3083 -
70 3060 151 3096 (18)
171 3059 246 3087 Ploc.
268 3061 317 3088 111.
338 3063 364 3088 6.
390 3067 414 3087 1.
439 3066 463 3086 1.

72 3098 134 3134 (1)
155 3097 308 3126 Satisfaetie
331 3106 384 3125 aan
407 3097 452 3125 die
475 3105 529 3125 van
544 3097 736 3133 Amsterdam‚
756 3100 847 3130 exstat
866 3101 907 3129 in.

0 3157 3 3159 -
35 3136 65 3165 de
81 3134 250 3172 Handvefien
262 3145 315 3164 van
330 3134 496 3171 Amsterdam
513 3132 593 3171 1663.
613 3145 641 3174 p.
665 3145 728 3172 141.

73 3175 136 3210 (2)
158 3174 233 3202 Piae.
253 3174 274 3201 1.
298 3183 321 3202 1.
346 3184 368 3203 1.
393 3183 417 3202 1.
439 3183 466 3208 4.

73 3212 134 3250 (3)
156 3212 223 3241 Haec
238 3212 338 3248 verba,
359 3222 391 3242 en
407 3214 437 3242 de
454 3211 615 3248 Omlanden,
636 3220 783 3250 perperam
799 3214 896 3244 omiffa

935 987 1045 1012 rumve
1071 977 1272 1011 Consiliarios
1297 979 1358 1011 esse
1384 979 1602 1020 responsuros,
1635 980 1685 1012 scd
1711 980 1805 1012 Ordi-

934 1030 988 1053 nes
1004 1020 1186 1051 Hollandiae
1211 1020 1379 1060 consume,
1404 1030 1508 1052 earum
1528 1031 1649 1060 rerum,
1675 1032 1745 1062 qua:
1771 1019 1801 1053 in

934 1061 1105 1094 Hollandia
1123 1061 1189 1092 atta
1212 1061 1297 1102 gesta
1322 1061 1412 1101 sunt,
1440 1062 1661 1103 bominumque
1689 1064 1730 1094 ib}
1750 1064 1801 1094 de-

935 1104 1076 1146 gentium
1106 1102 1319 1135 accusationes
1350 1112 1441 1135 extra
1468 1103 1667 1135 Provinciam
1696 1106 1802 1145 peragi

935 1155 998 1178 non
1025 1152 1192 1186 oportere,
1223 1144 1376 1177 adversari
1401 1145 1484 1176 enim
1510 1146 1541 1176 id
1569 1146 1746 1186 l’rivilegiis
1772 1151 1802 1179 ἅ

935 1188 990 1229 ipsi
1007 1185 1130 1218 Foederi
1157 1185 1376 1225 Gandavcffli,
1406 1186 1557 1227 placuisse
1586 1187 1680 1228 igitur
1706 1188 1805 1219 Oran-

935 1230 988 1272 gio
1000 1227 1209 1260 &Ordinibus
1222 1227 1403 1260 Hollandiae
1414 1252 1422 1266 ‚
1438 1238 1548 1260 omnes
1565 1237 1614 1259 eas
1633 1228 1804 1261 accusatio-

936 1281 991 1303 nes
1006 1269 1067 1301 esse
1076 1268 1299 1311 suspendendas
1308 1292 1318 1307 ,
1327 1270 1429 1301 donec
1439 1270 1574 1302 Ordines
1585 1269 1754 1302 Generales
1765 1272 1804 1302 de

935 1311 1152 1353 jurisdictione
1167 1312 1298 1343 Senatus
1308 1310 1544 1343 Mecblinienfis
1560 1311 1805 1344 constituissent.

979 1353 1038 1385 Ille
1055 1360 1159 1384 autem
1179 1352 1208 1392 §.
1239 1361 1265 1384 1.
1290 1351 1412 1384 Foeder.
1443 1353 1588 1384 Uti-eclit.
1614 1353 1652 1384 ad
1675 1362 1804 1386 contro-

938 1394 1050 1427 versias
1083 1395 1165 1426 inter
1203 1392 1426 1435 Groninganos
1461 1394 1491 1426 δε
1529 1393 1805 1427 Ommelandenses

937 1446 1020 1469 nunc
1029 1445 1092 1468 non
1103 1435 1240 1476 pertinet
1253 1459 1260 1470 ,
1272 1435 1416 1476 quamvis
1425 1442 1500 1467 tunc
1510 1436 1709 1477 pertinuerit.
1726 1437 1803 1469 Om-

937 1477 1149 1511 melandenses
1167 1475 1408 1528 subscripserunt
1426 1476 1547 1508 Foederi
1562 1500 1571 1512 ,
1590 1477 1638 1515 &,
1663 1479 1806 1519 quamvis

937 1529 1000 1552 non
1016 1517 1252 1560 subscripserint
1273 1519 1469 1560 (Ji-oningani
1481 1541 1492 1557 ,
1504 1520 1535 1550 in
1556 1518 1686 1550 Foedere
1702 1528 1806 1552 tamen

936 1560 1051 1600 fuisse,
1076 1561 1186 1592 videor
1210 1560 1293 1592 1·e6te
1308 1560 1450 1601 probaffe
1475 1559 1516 1592 L.
1544 1559 1569 1591 Ι.
1595 1561 1626 1591 C.
1648 1565 1695 1594 16.
1721 1560 1806 1593 Gro-

937 1602 1063 1644 ningani
1091 1602 1238 1643 quidem,
1268 1601 1464 1642 Groningam
1488 1601 1675 1634 habentibus
1694 1602 1815 1644 Hispa-·

938 1644 1006 1683 nis,
1028 1643 1160 1675 Foedere
1172 1643 1436 1681 exciderunt,sed
1456 1651 1638 1684 recuperata
1653 1644 1691 1675 ab
1709 1645 1808 1677 Oran-

938 1686 992 1728 gio
1009 1683 1172 1726 Groninga
1187 1707 1197 1724 ,
1221 1685 1258 1716 ad
1272 1685 1303 1716 id
1323 1685 1481 1716 redierunt
1499 1693 1540 1716 ex
1561 1684 1591 1726 §.
1611 1694 1640 1716 2.
1665 1685 1806 1727 Legum,

938 1727 1050 1769 quibus
1075 1727 1181 1770 dedita
1201 1726 1247 1759 est
1274 1725 1439 1768 Groninga
1461 1735 1512 1768 23.
1532 1726 1593 1767 Jul..
1621 1736 1712 1768 1594.
1735 1727 1806 1769 (2).

937 1769 999 1802 Sed
1017 1778 1080 1800 non
1099 1769 1260 1801 redierunt
1276 1777 1368 1810 aequo
1383 1767 1522 1808 foedere,
1544 1775 1581 1799 ut
1604 1767 1809 1801 observabam

939 1820 1064 1852 quoque
1086 1811 1117 1842 d.
1144 1810 1175 1842 C.
1192 1813 1239 1842 16.
1265 1819 1342 1842 ecce
1357 1809 1441 1842 enim
1459 1808 1488 1851 §.
1509 1819 1540 1850 5.
1566 1810 1730 1852 earundem
1747 1810 1821 1842 Le·-

939 1861 1013 1894 gum
1038 1852 1082 1884 ita
1103 1851 1279 1893 expressum
1296 1851 1361 1883 est:
1386 1853 1437 1883 dat
1456 1856 1504 1882 Det
1525 1851 1664 1892 different
1682 1852 1808 1894 tuffchm

939 1895 973 1925 de
991 1894 1064 1925 Stad
1083 1894 1258 1936 Groningen
1280 1903 1316 1925 en
1336 1893 1505 1925 Omlanden
1524 1892 1583 1934 (3)
1597 1894 1732 1935 gercfin,
1760 1904 1809 1925 en-

940 1937 973 1967 de
993 1945 1041 1967 zoo
1056 1935 1210 1978 nogfhude
1229 1945 1332 1978 mogen
1347 1935 1431 1977 rysen
1443 1957 1454 1973 ,
1476 1935 1524 1966 καὶ
1533 1934 1625 1976 ]ὲααη
1649 1941 1690 1966 tot
1713 1938 1807 1967 deter-

940 1977 1063 2009 minatie
1081 1987 1118 2009 en
1139 1975 1282 2018 dispositio
1305 1986 1368 2008 van
1385 1978 1419 2008 cle
1437 1976 1557 2008 Heeren
1578 1976 1682 2008 Staten
1710 1978 1806 2009 Gene-

940 2018 1024 2058 raal,
1046 2018 1081 2059 of
1092 2019 1162 2051 hare
1177 2019 1437 2061 gecommz'tteerde.
1461 2017 1657 2064 Groningani
1674 2018 1705 2050 in
1723 2018 1808 2051 hisce

940 2060 1166 2093 controversiis
1194 2060 1226 2092 se
1256 2058 1460 2092 submiserunt
1490 2060 1621 2091 arbitrio
1654 2059 1810 2093 Ordinum

940 2100 1142 2134 Generalium
1155 2125 1165 2141 ‚
1190 2101 1254 2134 five
1270 2110 1311 2133 ex
1326 2100 1464 2142 Legibus
1482 2100 1671 2140 deditionis,
1692 2098 1754 2133 fi've
1771 2111 1811 2135 ex

940 2143 1185 2184 compromisso,
1208 2142 1483 2175 Ommelandenses
1505 2152 1545 2174 ex
1569 2141 1638 2174 solo
1662 2152 1808 2184 compro-

939 2184 1050 2225 misso,
1075 2194 1116 2218 ne
1132 2195 1203 2217 cum
1217 2184 1350 2216 duriore
1371 2184 1548 2216 adversario
1575 2183 1630 2216 fibi
1653 2192 1809 2225 perpetuo

940 2225 1018 2257 effer:
1039 2226 1292 2259 conflictandum.
1343 2225 1521 2258 Secundum
1540 2225 1609 2257 haec
1625 2233 1710 2257 certe
1726 2227 1808 2258 inter

940 2266 1165 2309 Groninganos
1183 2268 1213 2301 &
1231 2267 1507 2300 Ommelandenses
1524 2265 1607 2307 saepe
1628 2267 1809 2307 iudicarunt

939 2308 993 2341 vel
1009 2309 1065 2356 ipfi
1084 2310 1219 2342 Ordines
1237 2307 1428 2347 Generales,
1450 2309 1503 2340 vel
1521 2308 1597 2346 alii,
1621 2308 1659 2339 ab
1686 2308 1734 2340 his
1759 2310 1811 2340 de-

939 2350 1056 2392 legati,
1079 2350 1341 2393 quemadmodum
1369 2356 1419 2382 21.
1444 2348 1511 2389 Jan.
1538 2358 1627 2390 1597.
1653 2354 1682 2384 8.
1707 2350 1808 2383 Mart.

942 2401 1034 2432 1599.
1059 2393 1090 2424 &
1111 2402 1159 2424 10.
1183 2393 1259 2433 Apr.
1285 2394 1377 2423 1600.
1401 2391 1460 2431 (4)
1484 2391 1514 2422 δι
1535 2391 1638 2422 rursus
1657 2395 1707 2425 18.
1724 2391 1808 2433 Aug.

940 2434 971 2465 &
996 2443 1028 2473 4.
1050 2432 1131 2465 Dec.
1160 2437 1250 2465 1610.
1277 2432 1307 2464 ὅ(
1328 2442 1360 2473 3.
1383 2431 1443 2472 Jul.
1470 2434 1561 2471 1615.
1592 2430 1663 2472 (5).
1706 2431 1806 2465 Dixe-

938 2483 1013 2506 runt
1034 2474 1160 2516 quidem
1178 2473 1374 2514 Groningani
1391 2483 1423 2514 3.
1439 2472 1538 2504 Mart.
1566 2476 1656 2514 1677.
1679 2473 1708 2505 d.
1731 2473 1762 2515 §.·
1776 2484 1809 2514 5.

938 2522 1062 2547 tantum
1089 2515 1247 2557 pertinere
1273 2515 1311 2546 ad
1333 2513 1580 2553 controversias,
1613 2523 1688 2554 quas
1711 2522 1808 2555 tunc,

936 2565 1019 2588 anno
1037 2566 1150 2598 nempe
1174 2565 1265 2597 1594.
1287 2556 1429 2588 invicem
1451 2554 1625 2593 habebant,
1655 2554 1707 2587 sed
1731 2566 1807 2589 con-

938 2598 1134 2631 tradixerunt
1165 2596 1460 2634 Ommelandenses,
1498 2596 1528 2628 ὅτ.
1553 2595 1725 2629 secundum
1749 2598 1808 2630 hos

937 2640 1147 2672 decreverunt
1160 2639 1295 2672 Ordines
1312 2637 1482 2670 Generales
1501 2648 1530 2680 3.
1549 2637 1627 2679 Aug.
1644 2642 1731 2679 1677.
1748 2639 1807 2680 (6)

937 2682 1055 2714 Recte:
1079 2691 1150 2713 nam
1177 2681 1208 2713 ἀ
1228 2680 1267 2712 de
1285 2679 1527 2718 controversiis,
1551 2679 1583 2710 in
1599 2678 1756 2720 posterum
1773 2690 1808 2711 0-

937 2723 1078 2763 riundis,
1102 2722 1217 2756 diserte
1230 2729 1358 2754 cautum
1374 2720 1420 2752 est
1437 2721 1468 2752 in
1482 2721 1510 2752 d.
1532 2719 1559 2760 ὃ.
1576 2729 1608 2759 5.
1655 2719 1804 2754 Ceterum

938 2765 971 2797 in
987 2774 1026 2796 eo
1043 2764 1071 2806 §.
1089 2773 1122 2804 5.
1144 2764 1300 2796 duntaxat
1319 2762 1418 2794 sermo
1435 2761 1480 2794 est
1506 2761 1545 2792 de
1562 2759 1806 2806 quaestionibus,

939 2807 1022 2838 inter
1044 2806 1240 2846 Groningam
1256 2805 1287 2837 ἃ
1311 2801 1562 2836 Ommelandiam
1589 2809 1667 2832 ortis
1694 2803 1745 2834 vel
1772 2814 1806 2835 o·

939 2847 1077 2887 riundis,
1108 2849 1139 2880 &
1166 2847 1238 2878 inde
1265 2855 1281 2877 a
1326 2843 1521 2890 aretQultra
1537 2851 1591 2888 5²¹?
1617 2841 1805 2890 quaestiones

938 2889 1160 2932 porrigendum
1178 2897 1243 2920 uon
1259 2855 1329 2918 effi.
1375 2886 1408 2918 Si
1423 2892 1518 2926 lgltur
1534 2884 1590 2924 ipsi
1609 2881 1805 2932 Groningani

1157 2952 1161 2955 .
1722 2935 1806 2959 mter

938 3024 1001 3053 sunt
1015 3022 1043 3052 d.
1063 3030 1092 3052 n.
1112 3030 1140 3058 4.
1179 3020 1318 3055 Sedvalibi
1332 3020 1480 3057 leguntur,
1501 3016 1527 3046 ἂ
1547 3004 1667 3047 omnino
1681 3005 1802 3055 legi'de-

937 3063 1039 3136 beffi)
1062 3097 1178 3127 Exstant
1192 3097 1244 3126 illae
1262 3097 1404 3126 sententiae
1419 3097 1581 3134 separatim,
1602 3098 1628 3127 &
1644 3091 1816 3126 memoran-⁴

938 3145 982 3168 tur
999 3145 1113 3173 quoque
1127 3136 1232 3172 Repert.
1255 3136 1353 3164 Ordin.
1374 3136 1469 3166 Gener.
1490 3147 1518 3175 p.
1543 3141 1587 3168 16.
1607 3138 1643 3167 A.

976 3175 1037 3213 (5)
1059 3174 1160 3202 Ibidem
1175 3183 1202 3210 p.
1225 3182 1268 3202 21.
1289 3175 1323 3202 Δ.
1345 3173 1370 3202 &
1385 3183 1412 3210 p.
1434 3183 1480 3210 23.
1501 3179 1537 3206 A.

977 3212 1037 3253 (p)
1057 3212 1230 3248 Hollamlfche
1246 3211 1402 3241 Mercurius
1420 3218 1502 3250 1677.
1524 3224 1552 3253 p.
1575 3222 1636 3250 113.
1659 3211 1720 3250 &p.
1736 3220 1801 3248 549.

1059 3260 1168 3293 an
