2008 3436
866 78 996 128 (59)

162 317 983 437 'CONSPAECTUS
1095 343 1677 407 CAPITUM.

302 549 536 586 CAPUT

93 652 115 674 x
152 640 213 672 atto
229 637 370 671 actionem
401 645 459 667 non
478 636 562 667 dari:
589 635 741 674 Comani,
765 632 801 670 δέ’
816 633 890 666 Μιε-

27 642 92 725 Ε
107 647 208 725 dimi
232 681 312 712 circa
335 679 366 709 id
388 677 510 719 haereses.
570 675 661 708 Ratio
679 677 764 720 hujus
773 677 852 719 juris
873 686 892 707 a

28 727 123 758 variis
139 723 311 764 proponitur
332 721 431 751 varia.
486 716 698 759 Constituitur,
729 718 765 754 ὅ)
777 719 891 749 deduci-

29 767 78 800 tur
92 766 166 799 alia.
210 762 414 803 Excipiuntur
434 762 470 792 ab
495 761 548 791 hac
567 760 670 802 regula
683 760 773 800 pacta
792 761 890 790 incon-

27 809 136 841 tinenti
160 804 233 846 fidei
258 805 335 835 bona·
358 801 550 833 contractibus
573 800 708 843 adjecta,
740 800 776 836 ὅ)
793 809 892 842 quare.

28 842 83 883 An
96 850 172 880 idem
190 847 320 878 obtineat
333 845 365 875 in
390 844 514 886 judiciis
530 843 609 885 juris
619 841 728 883 stricti.
779 842 848 873 Tres
866 851 893 872 o-

24 892 178 934 pinionum
198 886 294 928 claues
308 886 500 928 recensentur.
547 880 610 916 Nos
628 881 815 924 existimare,
837 889 891 923 pa-

27 925 76 965 aa
95 931 173 964 nullo
197 923 276 960 modo
297 926 382 969 ineffe
400 927 469 958 ullis
479 924 578 967 feriat
589 926 668 968 jtcris
687 925 891 956 contractibus.

28 973 114 1011 Num
137 974 326 1012 interpretum
343 969 435 1010 aliqui
452 969 482 999 id
503 967 594 1007 ipsum
621 968 760 997 dixerint.
809 964 893 1013 Quid

22 1014 64 1056 fit
93 1013 202 1047 in-vel
225 1009 456 1043 excontincnti.
502 1009 606 1040 Etiam
627 1007 755 1039 auctores
779 1016 891 1038 exteros

27 1057 90 1089 illis
113 1053 260 1088 vocabulis
280 1051 348 1092 ufhs.
429 1060 470 1080 uae
491 1048 532 1088 fit
555 1057 671 1087 eorum,
696 1049 769 1090 quod
785 1049 823 1079 ad
837 1054 890 1089 pa-

27 1098 93 1138 aa,
117 1095 249 1128 latitudo.
294 1093 330 1121 τὸ
346 1090 496 1132 ingrefl'us
520 1090 646 1130 Ulpiani
665 1091 698 1121 in
721 1089 797 1130 L.7.
817 1089 848 1131 §.
857 1098 889 1130 5.

26 1138 63 1173 ff.
85 1139 124 1170 de
145 1135 223 1179 pact.
248 1133 317 1176 quid
335 1131 392 1171 fibi
405 1132 490 1164 velit.
538 1131 614 1174 Ejus·
632 1132 810 1173 explicatio,
834 1131 892 1170 ἐξ,

21 1180 52 1221 fi
69 1181 113 1212 ita
126 1181 194 1215 vis,
214 1175 386 1207 emendatio,
430 1173 521 1206 Nihil
540 1186 600 1210 πμ
623 1173 811 1214 &evovfacere
834 1172 890 1213 Αἰτ

27 1216 102 1253 clati
120 1229 153 1251 ea
168 1219 201 1250 de
218 1227 247 1249 re
267 1219 404 1254 rane-sor.
451 1214 607 1247 Nonnulla
623 1215 717 1248 adhuc
735 1216 768 1246 de
787 1215 823 1250 τῷ
843 1214 889 1246 in-

29 1259 206 1295 continenti
228 1282 238 1297 ,
274 1257 309 1293 δ’)
326 1259 442 1290 -seotm,
467 1256 503 1291 ὣ»
517 1258 588 1286 κατὰ
608 1260 642 1288 τί.
690 1256 773 1303 Quid
789 1256 836 1287 hic
849 1254 890 1295 sit

602 550 637 589 L}

26 1303 141 1342 inesse,
174 1300 210 1336 ἃ
232 1310 290 1342 quae
311 1297 351 1337 fit
378 1299 463 1340 hujus
491 1299 599 1329 ‘cocula'
615 1299 721 1330 virtus.
766 1296 863 1331 Pacta
879 1296 914 1336 ,Ὺ

27 1356 87 1388 qua
108 1344 224 1381 insunt,
246 1342 478 1383 quemadmodum
498 1341 636 1370 dicantur
649 1338 787 1370 formare
805 1338 892 1370 ablio-

27 1397 102 1419 ues:
131 1380 164 1416 de
192 1393 221 1414 eo
251 1382 375 1414 Baronis
392 1381 514 1422 subtilis
530 1405 539 1419 ‚
573 1386 605 1412 ut
629 1382 771 1419 videtur,
802 1391 890 1412 error.

28 1428 69 1462 In
86 1425 252 1466 univeiyum
280 1423 409 1465 quomodo
433 1428 586 1462 operentur
599 1421 689 1463 pacta
700 1445 712 1461 ,
734 1431 794 1464 quoe
815 1423 893 1465 adje-

30 1470 77 1501 cta
93 1468 202 1510 insunt.
756 1462 827 1504 Pag.
851 1473 892 1505 44

280 1548 514 1583 CAPUT
580 1548 643 1582 11.

72 1636 155 1669 Duos
180 1622 294 1667 tantum
313 1632 415 1675 stricti
434 1634 514 1676 juris
541 1632 709 1666 contractus.
729 1633 891 1665 nominatos

30 1680 116 1717 dari,
132 1676 353 1720 stipulationem
377 1675 413 1710 ἐξ
436 1682 577 1707 mutuum.
624 1672 917 1715 Sententiamostracss

28 1717 190 1760 adstruitur
235 1717 407 1760 raejudiciis,
440 1727 458 1747 a
478 1716 588 1748 natura
603 1715 801 1748 contractuum
817 1718 894 1747 bonae

22 1760 117 1803 fidei,
140 1759 176 1796 ὅ)
186 1724 286 1802 figi&
297 1759 376 1802 juris
394 1759 508 1799 petitis.
554 1757 735 1800 Disputatur
750 1767 787 1789 ex
801 1759 891 1789 ratio-

27 1812 64 1834 ne
89 1802 179 1844 Juris
198 1809 221 1840 ‚⁶
233 1811 284 1833 cur
297 1799 386 1841 pacta
405 1809 442 1831 ex
450 1805 538 1841 parte
557 1801 676 1842 agentis
689 1798 774 1840 ineffe
791 1808 893 1841 neque-

26 1849 92 1877 ant.
136 1842 249 1875 Eadem
268 1843 307 1874 ad
324 1847 454 1873 mutuum
475 1841 706 1881 transferuntur.
761 1841 820 1872 Cur
828 1846 893 1882 por-

28 1895 60 1917 ro
75 1894 126 1917 nec
147 1894 184 1916 ex
203 1889 291 1925 parte
313 1884 376 1922 rei,
394 1889 454 1914 tam
470 1884 502 1914 in
514 1881 706 1925 stipulatione
718 1905 728 1921 ,
751 1882 894 1923 explicita

27 1925 67 1959 L.
88 1936 140 1968 35.
171 1924 206 1958 ff.
237 1925 277 1957 de
306 1924 345 1956 R.
369 1924 396 1964 J.
425 1933 513 1965 quam
537 1926 571 1956 in
596 1928 691 1956 mutuo
707 1946 720 1962 ,
753 1923 895 1964 explicita

27 1966 66 2000 L.
91 1972 142 2002 80.
163 1965 196 1999 ff.
223 1967 261 1998 de
285 1965 434 1998 solution.
479 1965 562 1998 Huic
583 1965 662 2007 juris
685 1965 795 1996 rationi
811 1965 890 1996 vide-

26 2010 56 2041 ri
79 2007 186 2049 obstare
209 2007 409 2050 difficultatem
432 2017 452 2038 a
479 2008 674 2039 contras-§tibus
698 2008 772 2037 bonae
783 2004 857 2047 fidei
879 2029 892 2045 ,

26 2051 77 2093 qui
99 2059 130 2082 re
150 2049 370 2081 con-trabuntur.
414 2048 615 2090 Respondetur
631 2048 784 2091 bifariam.
809 2045 818 2058 ⁹
830 2047 890 2079 At-

28 2101 80 2133 que
97 2093 129 2122 id
146 2089 310 2132 illustratur
330 2090 471 2131 exemplis
483 2089 655 2131 pactorum,
677 2099 736 2132 quae
751 2098 788 2119 ex
799 2089 890 2120 inter-

29 2132 110 2164 vallo
122 2130 210 2172 fiunt.
237 2133 286 2164 Ea
300 2130 442 2172 occasione
453 2132 587 2173 pluribus
605 2136 788 2172 exponuntur
808 2129 845 2162 L.
857 2141 887 2173 3.

28 2172 64 2205 ff.
96 2173 135 2204 de
163 2172 292 2205 rescind.
327 2173 419 2205 vend.
458 2172 494 2209 δ’)
523 2173 561 2206 L.
589 2182 639 2214 72.
665 2171 701 2204 ff.
723 2173 762 2204 de
783 2181 889 2203 contr.

28 2222 128 2256 empt.
182 2214 233 2246 Ex
257 2215 294 2245 iis
313 2214 481 2256 colligitur,
510 2215 618 2255 pacta,
638 2213 716 2253 fiex
730 2213 890 2245 intervallo

21 2255 123 2297 fiant,
145 2265 275 2287 eorumve
290 2257 469 2295 exceptiones
478 2262 593 2288 tantum
610 2255 694 2296 ineffe
710 2255 806 2287 videri
824 2264 889 2286 con-

29 2297 171 2329 tractibus
188 2296 431 2337 constensualibus:
451 2296 500 2337 effe
516 2303 613 2328 tamen
630 2303 730 2328 contra
743 2301 889 2337 receptum

27 2341 62 2370 in
78 2340 136 2376 iis,
157 2339 207 2380 qui
222 2348 251 2369 re
266 2336 481 2378 perficiuntur,
496 2337 595 2377 fifint
603 2337 677 2379 fidei
689 2340 773 2370 bonae.
805 2337 889 2385 Quid

19 2379 84 2420 fint
106 2380 313 2420 exceptiones
341 2379 447 2420 postea
464 2379 555 2412 factae
577 2381 610 2411 in
630 2380 667 2412 L.
691 2389 719 2421 7.
744 2379 773 2420 §.
797 2383 827 2410 6.
851 2378 886 2411 ff.

27 2421 67 2453 de
88 2421 167 2463 past.
214 2420 282 2452 Has
297 2426 415 2459 autem,
432 2420 529 2461 pastis
546 2431 583 2452 ex
595 2421 754 2453 intervallo
764 2419 862 2461 sactis
876 2443 886 2459 ,

26 2472 84 2494 non
101 2461 185 2503 ineffe
197 2486 207 2501 ,
231 2460 288 2500 nifi
303 2472 337 2493 ea
354 2461 505 2503 <versentur
526 2464 607 2494 circa
627 2462 825 2494 contractuum
843 2463 888 2493 bo-

26 2513 70 2535 noe
85 2502 158 2545 fidei
171 2501 393 2545 substantialia.
447 2503 495 2536 De
521 2502 624 2545 stricto
646 2505 714 2546 jure
737 2503 813 2534 nihil
839 2503 886 2534 hic

27 2546 106 2577 dici.-
127 2546 248 2587 adeoque
262 2545 295 2576 de
313 2555 341 2576 eo
356 2546 445 2576 etiam
460 2547 678 2584 incontinenti,
701 2545 778 2576 nihil
787 2546 886 2576 dicen-

26 2587 94 2618 dum
112 2586 174 2628 effe.
218 2585 342 2618 Pactum
359 2587 399 2618 de
416 2596 481 2619 non
502 2587 659 2628 petendo,
684 2587 731 2618 vel
749 2586 827 2617 illico
835 2587 885 2617 ad-

23 2626 133 2669 jectum
153 2626 338 2667 stipulationi
355 2628 411 2669 seu
439 2635 557 2668 mutuo,
578 2639 636 2660 non
650 2628 817 2670 ineffi,'sed
830 2634 884 2669 pa-

29 2677 92 2699 rere
103 2669 248 2699 duntaxat
261 2671 454 2709 exceptionem
460 2670 560 2711 suam.
605 2670 750 2702 Probatur
767 2672 817 2701 hoc
833 2679 883 2700 ne-

27 2708 143 2749 ceffario
160 2709 406 2749 acceptilationis,
426 2721 460 2742 ac
478 2712 644 2743 novationis
663 2712 834 2753 Aquilianae
853 2721 886 2742 u-

18 2750 66 2791 su.
113 2749 152 2782 In
179 2748 217 2781 L.
242 2760 292 2791 27.
322 2750 352 2792 §.
375 2762 406 2784 2.
434 2751 471 2784 ff.
499 2753 539 2785 de
572 2754 652 2795 past.
683 2754 779 2785 videri
797 2762 884 2795 argu-

28 2796 157 2822 mentum
169 2796 223 2831 pro
241 2789 338 2830 nostra
360 2793 531 2827 Sententia.-
553 2796 625 2837 quin
642 2795 678 2831 ἐξ
693 2801 796 2826 contra
810 2805 884 2827 eam.

29 2831 120 2865 Nihil
143 2832 218 2862 bonae
232 2831 339 2874 frugis
352 2844 495 2867 occurrere
509 2837 546 2868 ad
560 2838 830 2877 interpretationem
852 2836 882 2868 d.

26 2872 56 2914 §.
105 2871 248 2905 Tentatur
272 2883 307 2905 ea
327 2872 522 2916 simpliciter,
542 2877 579 2913 ὅ)
595 2884 644 2919 ope
663 2879 884 2910 emendationis.

842 2922 885 2961 46

258 2997 492 3033 CAPUT
556 3002 656 3035 111.

75 3088 159 3120 Bonoe
176 3089 248 3130 fidei
265 3091 383 3133 judicia
402 3096 613 3126 commemorari
631 3096 664 3126 in
687 3095 726 3128 L.
749 3105 783 3138 7.
802 3095 830 3137 §.
851 3105 883 3136 5.

28 3129 62 3162 ff.
87 3131 126 3162 de
147 3131 226 3172 past.
257 3138 291 3163 ut
303 3130 404 3173 stricti
423 3134 502 3175 juris
524 3137 735 3176 excludantur,
758 3137 884 3179 adstrui-

30 3177 78 3202 tur
103 3171 171 3204 late.
217 3172 389 3215 Plerumque
414 3178 448 3206 de
471 3175 517 3207 his
537 3179 664 3220 negari,
684 3180 756 3220 quod
772 3180 807 3211 de
823 3179 885 3211 illis

920 2892 1111 2930 perverterit.

929 550 1119 592 practicatur.
1167 550 1216 582 Sti
1236 549 1364 582 ulatiom‘
1389 557 1447 582 non
1467 546 1553 591 ineffe
1565 548 1676 591 pacta,
1697 549 1810 583 clarere

934 603 972 624 ex
994 591 1031 625 L.
1056 602 1107 630 99.
1138 590 1173 624 ff.
1226 602 1244 624 e
1273 591 1315 624 V.
1338 591 1379 624 O.
1425 590 1524 632 Atque
1544 591 1601 623 haec
1618 591 1810 633 explicatur,

936 633 973 670 ἐξ
996 634 1145 675 explicata
1169 632 1377 676 adstringitur.
1438 632 1587 673 Goeddei,
1610 632 1647 669 ὅ)
1663 633 1810 665 Bachovii

936 678 1199 716 interpretamenta
1211 676 1398 718 rejiciuntur.
1446 674 1632 707 Sententiam
1693 676 1810 706 obamus

930 724 1013 759 porro
1044 716 1156 757 L.'44.
1189 716 1218 759 §.
1244 727 1273 749 2.
1302 715 1339 749 ff.
1370 716 1409 748 de
1439 715 1480 748 Ο.
1511 717 1541 749 &
1566 716 1604 749 A.
1686 717 1751 760 ujus
1765 715 1809 757 fit

935 761 1060 791 emim
1079 781 1089 798 ‚
1133 757 1169 793 ὅ)
1208 758 1379 799 dispunctio.
1447 756 1575 802 Quando
1600 757 1637 794 δ’
1673 758 1809 800 quomodo

936 801 1060 831 conditio
1084 799 1247 831 contraitm·
1270 801 1386 831 dicatur
1411 800 1506 843 ineſje.
1562 799 1696 833 Notatus
1721 800 1754 832 in
1775 809 1808 831 eo

940 842 1115 882 Giphanius.
1163 839 1347 882 Adplicatur
1379 840 1413 873 d.
1433 840 1470 874 L.
1495 851 1549 883 44.
1575 851 1635 883 quae
1648 840 1723 874 tioni
1760 851 1806 884 ro·

930 882 1036 924 positae.
1084 882 1121 915 In
1145 887 1263 921 mutuo,
1296 883 1369 925 quod
1391 883 1428 914 ad
1441 883 1532 925 pabta
1549 883 1616 926 adje
1647 894 1666 915 a
1682 887 1726 915 αα·
1750 884 1808 915 ori-

937 930 1026 956 tatem
1035 924 1114 967 juris
1131 923 1288 965 expreffam
1302 934 1360 956 non
1375 922 1426 964 effe
1447 934 1598 968 magnam.
1647 923 1809 965 Confirma-

935 968 962 997 ri
991 973 1088 997 tamen
1104 988 1116 1004 ,
1142 967 1215 1006 quod
1240 976 1291 997 nos
1321 967 1463 1005 dicimus,
1484 967 1590 1009 regula
1604 966 1750 1009 vulgari,
1772 967 1809 997 in

934 1013 1029 1039 mutuo
1047 1006 1147 1047 usuras
1166 1016 1224 1038 non
1243 1008 1341 1038 deberi
1352 1016 1390 1038 ex
1399 1007 1505 1048 paeto,
1527 1009 1726 1050 quamtumvis
1740 1017 1808 1039 con·

926 1046 1033 1090 festim
1050 1049 1159 1079 addito.
1180 1047 1282 1090 Hujus
1303 1049 1382 1091 juris
1411 1049 1503 1080 aliam
1524 1051 1561 1081 ab
1575 1050 1645 1081 aliis
1661 1050 1808 1081 rationem

934 1091 1044 1131 quaeri,
1066 1089 1121 1131 secl
1137 1088 1268 1130 frustra.
1316 1089 1390 1138 Quae
1414 1091 1452 1123 ab
1469 1091 1531 1123 odio
1547 1090 1698 1132 usurarum
1712 1100 1808 1123 arces-

925 1131 1056 1174 Juntur‚
1075 1130 1126 1172 ff
1144 1132 1230 1162 valde
1247 1131 1355 1163 diluta.
1762 1141 1807 1172 49

1181 1213 1210 1247 C
1233 1214 1260 1247 A
1282 1215 1307 1248 P
1330 1214 1361 1248 U
1385 1214 1419 1248 T
1485 1214 1500 1248 Ι
1523 1214 1564 1250 V.

981 1298 1113 1331 Ouinam
1131 1298 1288 1341 sententiae
1310 1300 1471 1332 communis
1489 1322 1500 1339 ,
1529 1300 1565 1332 de
1578 1299 1676 1342 poetis
1690 1306 1796 1334 contra

935 1332 1027 1372 &iffi-'s
1055 1342 1085 1373 S.
1107 1340 1145 1382 J.
1178 1350 1238 1382 que
1269 1340 1391 1382 insunt,
1412 1341 1542 1374 austures
1550 1341 1694 1383 fuerint,
1717 1342 1811 1385 &²st-

936 1382 1067 1415 &tator-es.
1121 1383 1206 1414 Inter
1232 1392 1276 1413 eos
1304 1381 1341 1417 &⁹
1364 1383 1521 1415 Alciatum
1540 1383 1657 1425 fuiffe:
1686 1384 1722 1420 ὅ)
1738 1385 1811 1428 quid

928 1422 987 1462 fibi
1006 1424 1082 1455 velit
1108 1424 1192 1455 illius
1214 1425 1380 1457 moderatio.
1429 1424 1615 1459 Sententiam
1631 1435 1811 1459 communem

935 1466 1063 1497 rationes
1118 1467 1179 1498 uris
1208 1465 1309 1497 habere
1324 1466 1431 1499 nullas.
1478 1467 1585 1509 Neque
1602 1467 1812 1500 auctoritatem

936 1508 968 1538 in
989 1507 1008 1538 Ι.
1034 1506 1097 1539 Led
1113 1517 1143 1539 a.
1185 1506 1289 1548 Neque
1307 1509 1398 1540 etiam
1411 1509 1445 1540 in
1464 1508 1501 1541 L.
1528 1518 1579 1549 27.
1605 1508 1642 1542 C.
1666 1509 1705 1542 de
1728 1509 1812 1552 pa&-

936 1548 1119 1589 Explicatur
1141 1548 1197 1580 hcec
1217 1571 1228 1587 ,
1259 1548 1379 1592 defensa
1407 1551 1498 1582 etiam
1514 1550 1576 1594 ejus
1584 1550 1740 1593 scriptura
1755 1552 1812 1584 ad·

934 1590 1032 1631 versus
1048 1589 1218 1622 Haloana'ri
1237 1589 1407 1631 lectionem,
1429 1591 1614 1624 Hotomanni
1631 1597 1729 1635 apion,
1754 1593 1814 1626 ali-

934 1641 1067 1673 orumque
1086 1630 1289 1671 contorfiones..
1328 1632 1424 1665 Pacta
1442 1632 1669 1675 stipulationes,
1703 1644 1722 1667 a
1745 1636 1811 1678 qui-

935 1672 1271 1714 bus‘confirmabantur,
1309 1676 1422 1716 quando
1441 1685 1475 1707 ue
1488 1675 1650 1718 praeceffiffe
1661 1700 1672 1715 ,
1699 1676 1735 1712 ἐπ”
1751 1686 1812 1720 qum

933 1715 1067 1747 ratione.-
1086 1716 1199 1757 quando
1219 1715 1419 1758 uesequutde
1442 1727 1477 1757 e,
1499 1716 1537 1753 ὅ*
1555 1719 1688 1760 quomodo
1705 1720 1812 1759 etiam,

935 1756 972 1792 δ’
994 1757 1041 1788 cui
1066 1757 1145 1789 bono.
1223 1756 1266 1798 ffe
1290 1757 1405 1800 aliquid
1421 1759 1455 1790 in
1477 1758 1508 1790 d.
1533 1758 1574 1792 L.
1596 1768 1647 1801 27.
1670 1761 1743 1802 quod
1758 1769 1812 1792 nos

930 1799 1027 1842 juvet.
1076 1797 1163 1845 Quid
1181 1799 1283 1828 κισέλυ
1308 1800 1341 1831 de
1364 1809 1400 1831 ea
1434 1800 1606 1843 censendum
1634 1799 1686 1841 fit.
1733 1801 1810 1835 Plus

935 1841 1032 1879 videri
1055 1840 1215 1872 Sententioe
1236 1837 1337 1882 nostrce
1363 1842 1548 1883 adversar-ier
1575 1841 1613 1875 L.
1638 1852 1668 1884 4.
1695 1841 1724 1885 §.
1748 1843 1809 1876 ult.

936 1880 972 1913 ff.
1003 1881 1042 1913 de
1062 1881 1143 1923 past.
1166 1883 1199 1913 in
1221 1882 1276 1914 hac
1302 1880 1458 1922 desiderari
1484 1882 1692 1925 respondendi
1719 1892 1809 1917 vocu-

922 1919 1017 1955 lam:
1030 1924 1086 1964 sed
1094 1922 1330 1970 subaudiendam
1350 1924 1401 1964 effe
1419 1948 1430 1965 ‚
1454 1930 1487 1956 ut
1507 1927 1541 1956 in
1563 1925 1602 1959 L.
1622 1929 1676 1958 66.
1699 1936 1754 1968 pr.
1770 1925 1808 1960 ff.

935 1964 974 1997 de
993 1963 1101 1996 donat.
1125 1972 1207 1997 mter
1228 1965 1270 1998 V.
1302 1965 1332 1998 δε
1357 1959 1404 1999 Ἠ.
1428 1965 1465 2002 &³
1482 1966 1521 2000 L.
1548 1976 1585 2010 13
1611 1993 1618 2000 .
1642 1966 1678 2000 ff.
1701 1967 1741 2000 de
1764 1967 1808 2002 V.

937 2006 978 2039 O.
1011 2005 1155 2054 &forte
1171 2006 1210 2039 L.
1236 2016 1285 2044 29.
1317 2005 1348 2048 §.
1376 2016 1425 2040 12.
1457 2006 1494 2040 ff.
1527 2008 1567 2041 de
1587 1978 1644 2042 Lib.
1668 2010 1698 2042 &
1723 2009 1807 2051 post.

924 2047 988 2080 'Ita
1013 2053 1089 2079 tueri
1108 2047 1184 2089 poste
1208 2047 1358 2080 teutonem
1380 2049 1536 2092 vulgarem
1562 2056 1665 2082 contra
1680 2053 1804 2084 varian-

935 2094 993 2127 tem
1017 2089 1140 2121 aliorum
1167 2090 1311 2122 Codicum.
1379 2090 1551 2123 Intenditur
1579 2090 1737 2134 difficultas
1765 2104 1805 2125 ex

922 2130 966 2163 'd.
989 2130 1025 2163 L.
1048 2141 1079 2172 4.
1113 2130 1144 2172 §.
1167 2131 1228 2163 ult.
1271 2131 1475 2174 Respondetur
1503 2142 1567 2165 cum
1585 2133 1744 2174 Aeeta-fio,
1768 2134 1807 2171 ὅ)

934 2173 1013 2204 aliis.
1067 2171 1173 2204 Etiam
1190 2173 1307 2212 aliter,
1338 2183 1374 2206 ne
1398 2171 1504 2215 obstet,
1539 2181 1697 2207 enarratur
1716 2175 1746 2208 d.
1771 2177 1805 2218 §.

926 2213 1061 2246 Accedit
1084 2215 1173 2246 tertia
1202 2215 1264 2258 ejus
1287 2216 1499 2257 interpretatio.
1561 2216 1698 2259 Denique
1725 2219 1805 2250 nihil

931 2256 1085 2329 quicgcam
1097 2257 1309 2296 nos..2ziemorari
1331 2256 1369 2289 L.
1395 2265 1466 2299 135.
1492 2256 1520 2299 §.
1545 2258 1616 2299 Seja
1635 2268 1665 2290 2.
1697 2258 1733 2291 ff.
1763 2259 1804 2291 de

966 2321 973 2328 .
1034 2322 1041 2330 .
1077 2295 1215 2337 Ostendit
1231 2298 1282 2330 boc
1296 2298 1359 2341 ejus
1375 2301 1557 2338 παςρὲφςφσις.
1598 2299 1804 2333 Incontinen-

931 2338 955 2368 ti
982 2347 1033 2369 cur
1058 2339 1099 2370 ibi
1118 2337 1160 2377 fit
1185 2340 1328 2372 additum.
1383 2339 1576 2382 Adferuntur
1591 2341 1628 2376 ἐξ·
1643 2341 1706 2373 alia
1720 2342 1804 2383 juris

931 2379 1014 2418 loca,
1044 2389 1110 2410 cum
1136 2381 1171 2411 cie
1192 2378 1404 2421 stipulatione,
1434 2386 1495 2413 tum
1513 2383 1547 2413 de
1563 2388 1680 2414 mutuo:
1704 2381 1749 2424 ast
1765 2385 1803 2415 irz

930 2420 1034 2452 harum
1059 2421 1142 2452 nulla
1169 2421 1361 2461 Adveifizriis
1375 2423 1452 2453 nihil
1468 2424 1623 2465 quicquam
1642 2422 1693 2464 effe
1703 2423 1800 2465 praesi-

929 2462 984 2493 dii.
1029 2462 1078 2494 De
1101 2463 1277 2504 emphyteufi
1296 2464 1365 2504 quid
1380 2470 1540 2506 nugentur.
1588 2465 1722 2497 Connani
1733 2465 1799 2505 fin-

928 2503 1045 2545 gularis
1055 2503 1210 2544 sententia
1225 2504 1263 2535 de
1281 2503 1382 2536 Paetis
1406 2505 1533 2545 adjectis
1545 2507 1736 2547 proponitur,
1760 2506 1800 2542 ἐξ

928 2545 1084 2592 rejicitur:
1113 2551 1146 2576 ut
1173 2545 1210 2581 ὅ)
1224 2545 1373 2585 cuiusdam
1393 2548 1567 2580 tenebrionis
1576 2548 1713 2589 fatuitas
1727 2548 1798 2587 infi—

927 2595 1006 2627 gnzs.
1754 2599 1795 2630 51

1189 2681 1424 2715 CAPUT
1488 2682 1528 2716 V.

971 2764 1056 2812 Quid
1067 2763 1108 2805 fit
1124 2772 1258 2808 exparte
1281 2767 1326 2798 rei
1350 2765 1436 2808 imffe
1449 2776 1461 2804 ς
1484 2767 1553 2808 quid
1569 2776 1606 2798 ex
1615 2771 1703 2807 parte
1717 2765 1793 2798 aito-

927 2807 977 2838 ris.
1023 2806 1214 2839 Locutionem
1233 2813 1383 2849 utramque
1403 2807 1455 2848 effe
1471 2809 1593 2839 bonam.-
1617 2807 1653 2842 ἐπ’)
1665 2809 1795 2848 priorem·

927 2847 1007 2879 nullo
1029 2849 1096 2890 jure
1117 2851 1153 2880 ab
1186 2848 1373 2880 Hotomanno
1404 2850 1550 2880 damnari.
1595 2848 1679 2893 Quid
1700 2849 1794 2890 ipsum

1167 2891 1287 2932 Cujacio
1305 2888 1460 2930 sinistram
1482 2895 1607 2921 mentem
1632 2888 1737 2932 affingi
1753 2892 1794 2922 ab

927 2930 1004 2963 Ant.
1031 2930 1136 2963 Fabro.
1190 2933 1226 2962 ‘ra'
1253 2940 1294 2962 ex
1319 2939 1409 2972 parte
1435 2931 1480 2962 rei
1511 2929 1606 2963 inesse
1622 2941 1662 2962 an
1679 2932 1712 2962 in
1724 2932 1798 2974 jure

925 2973 1051 3004 dicatur.
1097 2972 1281 3004 Hotomanni
1291 2970 1391 3012 finitio
1411 2974 1446 3003 τε
1461 2981 1502 3003 ex
1510 2979 1599 3013 parte
1612 2971 1726 3004 afforis
1744 2973 1793 3005 in·
1847 2979 1849 2982 ⁴

927 3012 989 3045 esse
1013 3023 1082 3050 num
1105 3014 1243 3045 videatur
1267 3018 1416 3045 accurata.
1461 3013 1557 3044 Pacta
1578 3019 1694 3054 aparte
1712 3013 1789 3046 aaa·

926 3056 969 3087 ris
991 3055 1040 3086 vel
1065 3056 1109 3086 rei
1125 3077 1137 3093 ,
1158 3055 1261 3086 vocari
1276 3055 1366 3086 etiam
1380 3052 1560 3094 adjicientia
1576 3053 1613 3090 Β
1627 3055 1792 3088 detrahen-

927 3096 988 3128 tia:
1012 3095 1049 3131 ὅ)
1063 3105 1165 3138 quare-
1210 3096 1291 3127 Utra
1305 3095 1461 3137 appellatio
1473 3093 1598 3137 praestet.
1644 3096 1793 3136 Priorem,

926 3139 1043 3170 remotis
1066 3139 1150 3169 tricis
1167 3159 1179 3176 ,
1207 3138 1306 3168 ‘videri
1328 3138 1424 3180 magis
1440 3138 1611 3180 juridicam.
1691 3140 1795 3171 uinam

928 3179 1135 3220 Sententiam,
1156 3180 1236 3253 intlef
1256 3178 1418 3221 hujusmodi
1430 3178 1521 3220 pacta
1541 3189 1602 3222 quae
1614 3180 1794 3264 distmgfffft’

1254 3229 1274 3252 2
1764 3230 1796 3252 a·
1819 3231 1824 3234 ·
