2008 3436
210 99 421 149 Qum-es
458 98 495 133 r.
550 96 781 155 Jurtrs
838 93 1197 136 PssrvATr,
1250 68 1703 135 Liss.1v.e.xx.xxr.
1756 102 1828 146 465

45 191 205 228 dsvzi'zms,
229 199 267 221 ex
291 197 365 220 nota
384 186 504 219 Glossae
523 186 558 217 ad
579 187 600 218 l.
623 196 675 228 34.
697 187 729 217 in
748 185 805 226 fin.
818 184 858 226 ff.
884 186 918 217 de

44 232 159 274 IVegot.
184 231 256 274 gest.
283 241 340 262 nee
371 240 425 271 per
450 230 574 260 medium
603 228 686 260 aliud
711 228 915 267 intelligunt,

45 284 136 315 quam
152 272 303 304 semiss'em
328 273 413 312 ejus,
440 271 523 311 quod
549 270 579 301 in
596 268 768 311 quaestione
786 268 848 307 est,
874 270 916 302 sic

43 315 115 356 JCti
133 313 282 347 Hollandi
303 312 454 345 semill'em
471 311 573 343 damni
591 312 654 342 dati
674 321 738 342 non
755 311 847 342 aliter
868 312 913 344 di-

43 358 190 389 dicerunt
206 366 388 396 computare
402 380 410 390 ,
427 364 519 396 quam
534 352 745 384 Arithmetice
758 376 766 391 ‚
779 362 812 384 ut
829 363 913 385 nem-

42 408 83 441 pe
107 407 147 429 ex
171 397 286 429 damno
314 405 361 426 ni·
387 405 516 427 centum
535 416 545 431 ‚
578 404 709 437 uterque
735 405 787 436 50.
821 394 910 427 ferat.

42 441 132 473 Huic
150 439 294 479 opinioni
309 441 432 470 caulam
449 440 476 467 dt
488 436 640 476 originem
663 437 817 477 praebuit,
829 437 912 476 quod

44 483 76 515 in
89 481 225 522 Legibus
236 481 371 512 nauticis
389 477 495 510 Caroli
514 477 553 507 V.
570 479 599 509 dc
616 478 750 520 Philippi
768 478 807 510 ΙΙ.
822 479 913 510 item-

43 533 104 567 que
120 523 151 555 in
168 522 302 564 Legibus
324 520 444 552 Friiicis
465 518 650 559 simpliciter
669 521 816 552 damnum
844 530 917 551 comv

44 575 129 597 mzme
153 563 214 596 effe
238 564 393 604 jubeatur.
426 561 480 593 Sic
509 559 574 599 est,
598 563 626 593 ἃ
645 563 688 593 ita
703 571 828 604 quoquc
849 562 915 594 iim-

42 607 168 648 pliciter
184 606 324 636 occurrit
341 605 368 634 in
385 603 432 644 ἓξ.
457 612 506 642 49.
533 613 584 643 50.
611 603 710 645 &yn
737 603 810 635 LL.
837 603 914 637 le's-

44 650 125 690 haye.
153 646 203 679 sed
216 647 292 679 illud
311 645 429 685 hulsen
448 644 533 685 half,
559 646 722 685 quomodo
738 646 914 687 intelligen-

42 691 118 722 dum
134 689 191 728 sit,
216 689 340 720 uberius
367 690 396 718 ὁ(
413 696 453 717 ex
478 687 615 727 professo
638 688 812 727 explicatur
835 688 865 718 in
884 688 912 718 cl.

43 731 91 774 §§.
117 741 168 772 27·
200 733 253 766 68.
283 732 312 761 e:
341 729 413 760 huie
438 729 648 769 explicationi
676 729 815 761 standum
840 728 884 760 est
903 752 913 767 ‚

39 773 95 805 nisi
114 774 219 811 dicas,
244 772 297 804 has
318 770 416 811 Leges
435 769 488 802 fibi
510 770 578 812 ipsis
595 772 819 802 contradicere.
868 770 913 802 Ut

41 821 147 847 autem
175 814 275 846 Lenes
294 812 416 845 Frilicae
439 821 479 844 ex
501 812 638 853 Legibus
659 812 764 844 Caroli
793 812 822 844 δε
840 811 912 843 Phi-

39 857 140 899 lippi,
165 856 208 888 fic
222 839 326 896 {eges
353 854 458 886 Caroli
481 854 510 886 ἀ
537 854 674 896 Philippi
699 864 737 885 ex
755 853 911 896 Wisbuy-

40 898 182 931 censibus
204 897 275 930 sunt
298 894 462 937 descriptae
478 919 487 935 ,
514 904 547 927 ut
566 920 575 935 ‚
602 898 654 937 qui
678 895 823 928 conferre
847 906 911 927 non

40 940 220 982 gravabitur
239 964 249 979 ,
282 937 384 970 statim
409 937 647 970 animadvertet.
694 936 786 970 Nihil
815 937 912 977 igitur

40 990 130 1013 vetat
148 1004 158 1020 ,
181 981 265 1023 quod
290 980 473 1020 {impliciter
499 980 641 1010 occurrit
667 979 706 1011 de
732 978 853 1010 semisse
878 979 909 1010 in

40 1021 178 1065 Legibus
195 1022 302 1054 Caroli
321 1045 330 1058 ‚
363 1020 499 1062 Philippi
522 1022 550 1053 δε
570 1021 735 1053 Frisiorum
756 1021 800 1052 ita
818 1020 910 1052 intel-

37 1066 155 1107 Egere,
179 1073 273 1106 atque
298 1063 486 1104 intelligitur
508 1063 559 1100 id,
578 1064 662 1103 quod
686 1062 794 1093 eadem
818 1061 857 1092 de
878 1070 910 1092 re

39 1106 224 1148 simpliciter
246 1105 364 1136 dicitur
383 1106 413 1136 in
434 1105 462 1135 d.
486 1103 533 1145 §§.
557 1114 608 1144 49.
630 1113 684 1143 50.
707 1103 743 1138 &⁹
760 1112 812 1144 71.
835 1102 908 1134 LL.

42 1148 190 1190 lVi'sbuyC.
216 1148 247 1178 id
271 1146 315 1178 est
330 1171 338 1182 ,
363 1147 402 1177 de
426 1147 548 1176 ratione
571 1146 674 1177 damni
705 1143 910 1176 Geometrica

39 1195 78 1223 ex
103 1189 365 1230 interpretatione
389 1190 418 1220 δε
443 1186 626 1227 praescripto
651 1187 678 1218 d.
714 1185 763 1227 §§.
795 1195 844 1227 27.
876 1185 912 1221 δ’

37 1237 89 1267 68.
110 1231 182 1263 LL.
201 1230 352 1270 Wislmyc.
372 1229 441 1260 sane
459 1228 479 1260 fi
495 1230 527 1259 in
543 1227 683 1269 abstracto
695 1251 704 1266 ‚
727 1237 761 1259 ut
777 1228 911 1268 loquun-

39 1279 89 1306 tur
107 1297 116 1312 ‚
142 1273 206 1305 sola
227 1272 402 1304 confideres
422 1293 432 1308 ‚
453 1279 523 1311 quae
553 1269 583 1301 in
616 1269 755 1310 Legibus
778 1268 910 1307 Caroli,

38 1315 176 1356 Philippi
196 1315 225 1346 &
245 1313 412 1345 Frisiorum
429 1311 610 1353 simpliciter
627 1309 799 1342 constituta
819 1309 886 1342 sunt
900 1332 910 1348 ‚

39 1357 139 1389 videri
168 1355 270 1397 posset
289 1377 298 1392 ,
326 1355 472 1385 damnum
502 1352 715 1385 Arithmetice
739 1351 801 1383 ess'e
829 1352 911 1383 divi-

38 1399 187 1433 dendum.
232 1398 291 1429 Sed
317 1395 338 1428 si
365 1395 460 1426 altius
483 1403 548 1425 rem
574 1403 694 1436 repetas
713 1417 722 1433 ,
756 1395 785 1426 δι
814 1393 912 1434 Leges

36 1441 175 1481 Legibus
196 1440 326 1480 jungas,
349 1437 409 1468 alia
432 1435 586 1467 sententia
613 1437 723 1475 utique
741 1434 909 1475 praeferen-

38 1484 76 1515 da
93 1481 148 1513 est.

39 1525 112 1566 Jure
137 1522 332 1555 Hollandico
358 1518 522 1558 consulti,
554 1518 779 1560 responderunt
798 1541 805 1555 ‚
839 1518 911 1558 (5)

39 1567 150 1599 damna
174 1564 303 1596 navium
319 1587 328 1601 ‚
353 1559 424 1593 casu
453 1561 524 1600 data
540 1585 550 1598 ‚
576 1561 706 1601 perinde
731 1559 910 1592 aestimanda

39 1608 100 1640 effe
122 1614 213 1647 atque
230 1606 260 1637 in
287 1604 369 1645 jactu
393 1601 500 1641 facto,
528 1603 558 1634 in
585 1612 624 1634 eo
641 1610 743 1634 autern
767 1601 911 1639 constat,

38 1657 166 1681 omnem
187 1645 426 1679 aestimationem
443 1644 505 1676 effe
523 1643 772 1676 Geometricam.
798 1643 858 1675 Sed
870 1650 912 1674 ta-

38 1700 110 1723 men
133 1690 204 1731 quia
220 1689 265 1721 illi
281 1686 507 1728 responderunt
524 1686 565 1717 de
577 1685 804 1727 quaestionibus
817 1686 911 1725 longe

38 1733 109 1765 aliis
121 1755 131 1768 ‚
155 1740 220 1763 non
234 1729 346 1768 aulim,
372 1728 458 1770 quod
474 1728 520 1759 illi
539 1728 707 1766 dixerunt,
727 1726 815 1758 forte
832 1736 911 1767 prae-

37 1781 85 1807 ter
110 1781 219 1805 eorum
241 1779 402 1810 mentem,
426 1771 587 1812 porrigere
613 1769 651 1801 ad
677 1769 883 1811 quaestionem
896 1789 909 1808 ‚

40 1824 133 1860 quam
150 1814 204 1846 hie
223 1812 334 1846 tracto.

636 1896 909 1951 CA'PU

194 1479 267 1513 Nee
286 1480 324 1511 ab
341 1488 377 1510 ea
395 1477 489 1509 etiam
507 1478 599 1509 alieni
618 1477 783 1514 videntur,
808 1476 912 1517 quide
928 1513 932 1514 ⁷

1004 183 1101 228 Quod
1117 182 1136 214 fi
1154 191 1211 224 pro
1228 180 1434 215 Geometrica
1454 189 1659 227 proportione
1674 189 1830 228 disputan--

962 227 985 258 ti
1000 225 1190 257 contrariam
1208 224 1469 257 consuetudinem
1481 229 1655 268 objeceris,
1678 232 1768 262 vide.
1790 238 1829 262 an

960 270 1040 301 hane
1059 265 1130 297 satis
1160 266 1323 308 probatam
1346 275 1455 306 puteS,
1479 271 1562 309 quod
1586 272 1661 302 milii
1689 272 1830 303 nondum

958 311 1078 352 liquet3
1095 308 1114 339 si
1136 316 1249 348 putes,
1268 307 1347 339 nihil
1364 306 1527 348 est‚qu0d
1547 321 1710 352 reponam
1738 323 1829 345 uuam

958 351 1044 394 quod
1067 351 1138 390 Cap.
1158 352 1282 390 praeced.
1305 358 1345 380 ex
1368 349 1388 380 l.
1415 358 1467 390 39.
1485 350 1527 389 ff.
1550 354 1583 383 cie
1600 354 1670 385 LL.
1698 349 1829 392 repone-

956 395 1025 426 bam
1045 392 1082 423 ad
1097 401 1298 423 communem
1311 400 1448 423 errorem
1468 391 1704 433 profi-gaudum.
1730 395 1829 427 Deni-

957 445 1017 477 que
1033 433 1088 465 etsi
1110 433 1225 464 alicubi
1253 433 1330 466 esset
1348 442 1383 464 ea
1403 431 1618 471 consuetudo,
1641 445 1701 467 non
1723 445 1828 468 tamen

956 483 1102 509 oneraret
1119 484 1299 506 extraneum
1312 499 1320 514 ‚
1344 475 1395 516 qui
1420 484 1450 505 1n
1469 474 1562 514 loco,
1588 476 1640 506 ubi
1659 477 1826 508 consuetu-

959 520 1002 551 do
1030 516 1075 549 est
1094 540 1103 555 ‚
1130 526 1193 548 non
1223 517 1347 549 rubicat
1365 539 1375 555 ,
1400 525 1500 556 neque
1526 517 1608 548 enim
1634 517 1829 550 consuetudo

959 569 1049 593 extra
1066 559 1195 597 locum,
1217 559 1249 591 in
1266 569 1329 601 quo
1348 558 1410 590 effe
1430 558 1603 599 probatur,
1627 559 1753 590 extendi
1772 569 1828 600 po-

960 610 1044 635 terit.

1001 644 1090 684 Saepe
1124 642 1265 674 occurrit
1301 643 1333 674 in
1364 642 1422 674 hae
1460 641 1633 682 quaestione
1659 641 1798 674 formula
1820 667 1831 682 ‚

958 686 1107 718 luendum
1133 683 1194 715 ess'e
1219 685 1363 716 damnum
1385 684 1464 724 pond
1486 687 1578 725 pomis
1601 684 1687 726 gelvk
1706 709 1714 723 ‚
1749 686 1830 716 mark

958 728 1056 759 marks
1071 727 1159 769 gelyk
1177 734 1210 757 ut
1226 726 1256 757 in
1274 727 1301 757 d.
1329 725 1347 767 ὃ
1380 729 1431 759 68.
1461 726 1531 758 LL.
1560 725 1710 768 Wz'sbuyc.
1736 736 1828 766 quum

957 769 1001 801 ita
1025 769 1170 809 intelligo
1188 791 1196 806 ‚
1230 777 1386 808 quamque
1414 767 1523 799 libram
1549 777 1605 809 pro
1630 777 1693 799 rata
1719 768 1832 800 libram

956 811 1058 842 damni
1080 809 1140 841 effe
1170 809 1335 847 luituram,
1357 809 1479 841 ratione
1506 808 1628 841 scilicet
1646 808 1830 841 Geometri-

957 861 1015 890 ca,
1038 853 1068 884 δὲ
1094 851 1136 884 fic
1152 859 1277 892 quoque
1297 852 1328 882 in
1353 852 1421 882 aliis
1439 853 1731 893 computationibus
1747 851 1832 882 acci-

957 894 1043 935 pitur
1064 912 1073 931 ‚
1103 892 1193 924 verbi
1241 893 1317 924 racia
1333 917 1343 930 ‚
1375 893 1407 924 in
1427 893 1557 933 judiciis
1581 893 1620 924 de
1645 894 1833 924 orm-,maiia

956 934 1179 969 Creditorum,
1206 944 1223 964 u
1250 935 1256 965 i
1277 934 1346 975 post
1369 934 1616 975 hypothecarios
1634 941 1833 967 concurrunt

956 975 1203 1018 chirographarii
1227 999 1236 1014 ,
1271 977 1323 1016 qui
1355 976 1556 1016 privilegium
1588 986 1653 1008 non
1681 977 1796 1008 habent
1816 1000 1827 1015 ‚

950 1020 1030 1060 pond
1042 1020 1134 1059 pomis
1150 1017 1257 1059 geiste,
1284 1018 1345 1049 hoc
1374 1016 1437 1060 est,
1464 1027 1520 1057 pro
1538 1018 1633 1049 modo
1650 1019 1679 1050 ἃ
1702 1018 1826 1060 quanti-

956 1069 1019 1091 tate
1048 1061 1196 1100 cujusque
1224 1059 1347 1091 crediti,
1394 1058 1510 1090 Eadem
1536 1060 1662 1100 quidem
1688 1059 1829 1092 formula

954 1101 1120 1133 adhibetur
1131 1102 1162 1132 in
1180 1100 1398 1132 testationibus
1410 1100 1644 1133 consuetudinis
1660 1103 1829 1134 maritiizae

953 1143 1034 1184 apud
1056 1142 1160 1174 Coi-en
1182 1141 1305 1182 Observ.
1332 1141 1419 1174 XLl.
1446 1143 1497 1173 ubi
1524 1146 1620 1174 altera
1646 1153 1734 1175 navrs
1751 1144 1827 1176 alte-

954 1194 1018 1216 ram
1046 1183 1233 1225 depr-euertit
1249 1207 1258 1221 ‚
1293 1185 1346 1215 dac
1371 1184 1542 1224 namentlyk
1565 1185 1723 1224 descende
1746 1185 1827 1226 pond

949 1227 1045 1267 ponds
1061 1226 1163 1269 gelyke
1181 1227 1331 1268 geclragen
1342 1235 1377 1256 en
1391 1235 1468 1256 naar
1484 1227 1652 1257 ‹id-venante
1670 1236 1731 1258 van
1745 1228 1826 1267 f'cbz'p

955 1278 989 1299 en
1005 1270 1077 1310 gued
1101 1267 1283 1309 omgestagen
1306 1269 1389 1298 werd
1408 1290 1415 1299 .
1443 1265 1492 1298 sed
1517 1266 1674 1298 observari
1701 1264 1796 1300 velim
1815 1290 1827 1307 ,

955 1309 998 1341 ibi
1020 1311 1170 1341 duntaxat
1194 1308 1368 1341 sermonem
1389 1308 1450 1340 effe
1466 1309 1504 1339 de
1525 1318 1604 1340 nave
1620 1310 1649 1341 ἃ
1670 1311 1828 1341 mercibus

954 1351 1066 1390 salvis,
1086 1350 1174 1382 navis
1195 1349 1317 1382 scilicet
1339 1350 1485 1382 dominos
1506 1351 1535 1382 ἂ
1559 1351 1709 1382 mercium
1726 1352 1827 1383 domi-

956 1402 1014 1425 nos
1038 1392 1246 1433 proportione
1271 1391 1477 1424 Geometrica
1506 1391 1657 1423 resarcire
1681 1393 1828 1426 damnum.

955 1433 1105 1475 depress'ae
1122 1435 1211 1466 navis
1225 1442 1283 1474 pro
1297 1432 1417 1465 semisse
1429 1457 1438 1472 ‚
1453 1432 1503 1464 sed
1523 1433 1736 1465 Aritbnietice
1748 1434 1827 1466 aesti-

956 1484 1054 1508 mato.
1100 1475 1258 1507 Damnum
1286 1474 1432 1516 deprcffae
1457 1475 1545 1506 navis
1571 1475 1610 1506 ibi
1637 1484 1703 1506 erat
1730 1481 1827 1516 9850.

955 1517 1151 1549 florenorum
1172 1540 1181 1553 ‚
1221 1517 1248 1548 δε
1275 1516 1342 1556 ejus
1370 1516 1494 1548 summae
1524 1515 1676 1548 semiffem
1705 1516 1828 1550 solvere

955 1559 1093 1591 damnati
1120 1557 1191 1590 sunt
1215 1558 1333 1590 domini
1358 1559 1446 1590 navis
1475 1557 1566 1590 salvae
1596 1560 1624 1590 ἂ
1654 1561 1829 1599 mercium,

956 1610 1027 1641 quae
1056 1601 1086 1632 in
1111 1610 1147 1631 ea
1166 1607 1275 1638 erant,
1298 1598 1472 1636 salvarum,
1494 1601 1570 1639 pond
1590 1601 1684 1641 ponds
1702 1601 1828 1644 gelyke,

954 1641 1060 1681 recte,
1083 1641 1133 1674 sed
1148 1641 1256 1672 eadem
1279 1642 1360 1682 ratio
1381 1640 1584 1673 Geom'etrica
1607 1642 1689 1681 prius
1716 1652 1825 1675 meun-

953 1683 991 1715 da
1006 1692 1073 1715 erat
1091 1684 1173 1715 inter
1193 1693 1304 1715 navem
1323 1693 1474 1722 vacuam,
1498 1692 1567 1723 quae
1587 1682 1725 1724 depressa
1741 1692 1827 1724 erat‚«

954 1726 984 1757 &
1001 1734 1113 1757 navem
1126 1747 1138 1763 ,
1158 1733 1227 1766 quae
1248 1724 1434 1769 depresserat
1448 1749 1456 1759 .
1480 1723 1608 1766 ejusque
1631 1733 1752 1758 merces
1769 1724 1827 1759 sal⁵

954 1775 1020 1799 νας.
1065 1766 1184 1808 Utique
1205 1765 1246 1799 fic
1268 1766 1346 1800 mihi
1364 1766 1500 1799 videtur.
1676 1777 1680 1780 ·

958 1907 994 1944 T
1092 1901 1237 1946 XXI·-

136 1999 188 2034 De
214 1997 300 2032 modo
325 1997 590 2041 contributionu,
617 1995 658 2037 &³
683 2009 749 2043 quae
774 2009 824 2033 res
851 1993 1083 2033 contribuunt?
1111 1996 1154 2039 &2⁹
1178 1996 1271 2045 cujus'
1297 1998 1406 2034 dainni
1430 1999 1510 2045 αὲὶίο
1534 1999 1594 2032 non'
1619 1988 1741 2047 det-ur?-

37 2116 41 2119 -
105 2095 252 2137 uper-sunt
269 2096 372 2128 adhue
389 2095 506 2136 aliquot
527 2095 714 2137 quaestiones
738 2096 777 2126 dc
794 2096 909 2128 damno

42 2099 95 2180 S
121 2138 247 2169 navium
270 2161 280 2175 ‚
312 2137 374 2169 fine
401 2139 493 2178 culpa
526 2139 615 2169 dato.
660 2137 764 2169 Prima
795 2137 841 2169 est
871 2138 910 2169 de

41 2180 140 2213 modo
169 2179 414 2211 contributionis
430 2203 438 2214 ,
463 2188 501 2210 an
527 2188 640 2219 nempe
664 2188 784 2210 merces
808 2180 910 2211 navis-

41 2231 104 2264 que
119 2221 310 2260 conjunctim
331 2221 485 2252 mercium
505 2221 652 2262 navisque
671 2221 838 2260 damnum,
862 2231 909 2252 re-

40 2271 149 2305 parare
164 2271 329 2293 teneantur
340 2285 349 2300 ‚
366 2271 403 2292 an
425 2261 587 2302 separatim
603 2271 722 2294 merces
736 2264 887 2295 mercium
899 2286 908 2299 ,

34 2305 194 2345 navisque
223 2303 313 2334 navis
332 2303 349 2334 ,9
384 2302 474 2334 Unde
504 2303 575 2334 duae
609 2302 710 2336 rursus
741 2303 910 2345 naseuntur

42 2347 112 2378 aliae
140 2343 328 2385 quaestiones
347 2368 357 2383 ,
389 2354 423 2375 ut
443 2344 657 2389 puta-onusta
685 2347 774 2377 navis
797 2355 910 2377 navem

34 2396 177 2419 vacuam
196 2386 358 2426 depremit,
381 2396 419 2417 an
434 2387 522 2417 navis
538 2396 647 2417 vacuae
666 2387 814 2420 damnum
832 2396 909 2427 quo-

43 2439 106 2470 que
122 2436 242 2459 merces
264 2427 294 2458 in
314 2427 409 2465 navi,
431 2437 502 2468 quae
523 2428 670 2459 damnum
691 2429 778 2459 dedit
791 2451 802 2466 ,
823 2437 909 2468 repa-

44 2480 112 2502 rare
129 2469 313 2500 teneantur?
331 2468 390 2500 Vel
406 2478 506 2499 vacua
524 2469 617 2500 aliam
636 2478 710 2500 cum
732 2479 828 2501 onere
853 2469 910 2500 ob-

43 2513 126 2550 ruit,
147 2520 185 2542 an
211 2511 276 2541 sola
303 2520 338 2541 ea
364 2510 452 2541 navis
474 2510 511 2541 ad
534 2510 700 2542 dimidium
722 2510 825 2542 damni
844 2533 855 2548 ,
881 2510 911 2542 &

34 2554 116 2585 navi
136 2552 334 2584 &mercibus
359 2551 444 2590 dati,
471 2551 708 2583 teneatur?·Et
733 2561 806 2584 cum
831 2561 910 2582 onu-

45 2594 90 2627 sta
117 2594 206 2626 navis
231 2603 362 2624 vacuam
383 2592 594 2633 depreffiffet‚
617 2602 654 2624 ea
675 2603 724 2624 res
746 2593 828 2634 apud
854 2593 909 2624 Su-

43 2645 188 2677 premum
214 2635 245 2666 in
274 2633 447 2666 Hollandia
477 2634 625 2666 Senatum
647 2634 763 2676 agitata
786 2633 854 2673 est,
881 2634 910 2666 ὅτ

67 2678 185 2709 uaedam
211 2674 554 2707 Amsterdammenfium
583 2677 612 2707 <St
637 2675 912 2708 Rotterdammen-

25 2741 30 2744 -
70 2728 120 2750 um
147 2716 270 2749 testium
296 2718 396 2748 turbae
416 2741 425 2756 ,
447 2718 486 2749 de
506 2716 735 2749 consuetudine
756 2717 913 2748 maritima

45 2759 220 2796 consultae‚
247 2767 310 2789 uno
331 2767 386 2790 ore
412 2758 531 2791 testatae
560 2757 630 2791 sunt
648 2783 658 2798 ‚
684 2758 757 2800 (ι)
780 2768 833 2789 een
860 2768 909 2801 ge-

27 2811 143 2834 1meene
165 2798 305 2841 Costuime
320 2805 347 2830 te
366 2800 482 2841 wesen,
507 2802 560 2832 dac
586 2810 638 2832 een
660 2801 786 2844 geladen
806 2799 840 2840 of
861 2810 910 2831 on-

45 2844 171 2887 geladen
179 2842 267 2883 schip
283 2850 335 2872 een
352 2844 444 2873 ander
458 2843 584 2885 geladen
600 2842 635 2882 of
646 2842 811 2885 ongeladen
829 2851 910 2872 over-

37 2885 188 2928 Jieilende,
212 2884 246 2914 cie
271 2882 356 2913 balva
369 2882 502 2922 schalde,
524 2884 678 2925 aanschip
705 2894 742 2915 en
757 2884 828 2925 goed
856 2889 912 2914 toe-

47 2929 193 2971 gebragt‚
216 2924 363 2967 gehouden
386 2925 454 2955 iste
477 2927 606 2967 dragm,
634 2926 664 2956 al
687 2935 793 2957 waren
811 2926 844 2956 in
864 2925 913 2955 het

45 2968 204 3009 overseilde
214 2966 301 3007 schip
327 2973 401 3006 geen
424 2968 565 3007 goederen
588 2966 736 3010 geweeft,
756 2966 913 2998 werdende

40 3012 110 3042 niet
125 3015 152 3040 te
171 3010 232 3040 min
247 3008 282 3038 de
297 3006 384 3037 halve
397 3006 506 3048 schade
524 3017 593 3040 aver
607 3009 656 3040 het
675 3006 913 3048 behoudenscbip

49 3062 85 3083 en
108 3051 180 3093 goed
204 3046 396 3091 omgestagen.
420 3047 482 3081 ·Et
502 3047 749 3083 secundumrhas
777 3048 915 3081 testatio-

20 3186 26 3191 ·
97 3174 152 3212 (ς)
172 3172 266 3210 confit.
287 3172 366 3201 Holl.
386 3172 421 3200 B.
443 3168 476 3200 T.
497 3172 521 3201 1.
541 3170 634 3209 Confih
655 3179 721 3207 244.

21 3224 41 3229 ·-
67 3227 70 3229 Δ
93 3213 154 3251 (1)
173 3211 260 3250 Apud
270 3211 371 3241 -coxen
386 3210 496 3249 Observ.
518 3210 596 3240 XLI.

101 3258 181 3290 Tom.
206 3257 237 3289 11

954 2106 1008 2129 nes
1033 2098 1204 2139 Supremos
1227 2096 1360 2129 Senatus
1390 2105 1439 2137 17.
1462 2095 1542 2136 Maj.
1571 2098 1663 2137 1630.
1685 2093 1715 2125 &
1737 2092 1828 2138 navis

953 2139 984 2171 ἃ
1009 2141 1162 2171 mercium
1185 2138 1333 2170 dominos
1359 2137 1391 2169 in
1414 2137 1567 2169 dimidurn
1595 2135 1700 2168 damni
1720 2157 1732 2174 ‚
1753 2143 1827 2166 navl

953 2190 1062 2212 vacuae
1088 2181 1151 2212 dati
1172 2203 1182 2218 ,
1211 2188 1269 2220 pro
1298 2187 1366 2210 rata
1389 2178 1550 2215 damnavit
1574 2177 1592 2219 (
1604 2177 1651 2218 2)
1675 2177 1736 2209 Sed
1763 2174 1826 2206 hoe

952 2221 1132 2254 adversatur
1156 2221 1186 2263 §.
1210 2225 1262 2255 68.
1295 2220 1367 2252 LL.
1400 2219 1548 2260 Wshuyc.
1575 2219 1627 2260 qui
1651 2219 1695 2249 ait
1713 2241 1722 2254 ‚
1740 2216 1769 2263 'fi
1792 2225 1828 2262 Q-

953 2263 1042 2296 nusta
1057 2263 1146 2296 navis
1163 2261 1307 2294 onustam
1333 2261 1515 2303 depresserit
1526 2283 1538 2299 ‚
1560 2269 1639 2293 onus
1658 2267 1764 2290 onerls
1780 2257 1827 2303 di-

954 2305 1086 2337 midium
1102 2304 1374 2336 'damniilaturum
1391 2326 1401 2341 ‚
1426 2303 1566 2341 itemque
1590 2309 1702 2332 navem
1724 2308 1824 2330 navrs.

954 2346 1041 2394 Quid
1064 2346 1204 2378 dicemus
1225 2345 1242 2376 ‘3
1267 2345 1316 2376 An
1338 2346 1366 2375 d.
1399 2343 1426 2385 §.
1461 2346 1513 2376 68.
1544 2341 1772 2386 resti-ingemus·
1788 2338 1826 2382 ad

955 2388 1081 2426 casum,
1105 2396 1167 2428 quo
1183 2394 1312 2427 utraque
1338 2394 1428 2417 navis
1449 2383 1560 2415 onusta
1586 2383 1628 2414 est
1642 2383 1658 2414 ,9
1683 2387 1717 2413 nt
1734 2382 1827 2414 aliter

954 2429 986 2461 se
1007 2439 1056 2461 res
1087 2428 1201 2460 habeat
1219 2451 1228 2462 ,
1260 2428 1282 2459 fi
1310 2425 1421 2458 onusta
1451 2425 1634 2466 depresserit
1664 2432 1797 2469 vacuam
1812 2443 1826 2460 ,

953 2471 1006 2502 vel
1026 2479 1124 2501 vacua
1143 2468 1286 2500 onustam
1299 2469 1317 2500 ἶ)
1339 2468 1400 2500 Sed
1429 2467 1494 2503 hoc
1515 2467 1578 2498 illis
1602 2463 1824 2499 testationibus

953 2521 1018 2543 non
1034 2510 1210 2547 convenit,
1232 2519 1301 2550 quae
1322 2509 1404 2544 inter
1429 2517 1542 2539 vacuas
1568 2509 1599 2539 ὅτ.
1613 2504 1748 2543 'onustas
1773 2514 1825 2547 nass

954 2562 1010 2584 ves
1027 2552 1106 2584 nihil
1123 2551 1294 2592 quicquam
1314 2548 1520 2589 distinguunt.
1547 2547 1704 2593 Quamvis
1718 2554 1826 2578 autem

954 2592 1019 2634 ipse
1045 2593 1108 2625 illis
1138 2590 1358 2624 testationibus
1385 2598 1507 2622 tantum
1532 2599 1596 2622 non
1628 2588 1744 2620 soleam
1770 2587 1825 2619 tri-

953 2636 1051 2666 buere
1068 2642 1220 2675 quantum
1241 2633 1315 2671 alii,
1335 2631 1500 2664 fatendum
1527 2638 1631 2663 tamen
1662 2629 1707 2661 est
1723 2637 1827 2675 >nma-

954 2685 1046 2718 gnam
1068 2675 1222 2707 rationem
1237 2674 1353 2706 habere
1365 2697 1375 2712 ‚
1401 2682 1460 2706 nec
1477 2671 1539 2704 esse
1550 2695 1562 2711 ,
1584 2682 1641 2704 cur
1655 2671 1720 2704 sola
1735 2680 1825 2707 naVis

953 2717 1082 2749 alterius
1101 2717 1208 2754 navis,
1228 2716 1259 2748 &
1277 2714 1350 2747 solae
1375 2723 1496 2751 merces
1518 2714 1647 2746 aliarum
1670 2712 1824 2745 mercium

952 2760 1099 2791 damnum
1126 2757 1240 2790 ferant.
1294 2756 1489 2797 Simpliciter
1510 2755 1605 2786 etiam
1630 2752 1824 2794 posteriores

952 2800 1055 2842 Leges
1067 2798 1215 2834 Nauticae
1227 2798 1333 2831 Caroli
1351 2800 1382 2829 ὄε
1396 2796 1535 2836 Philippi
1549 2795 1589 2826 de
1604 2795 1719 2826 damno
1737 2802 1825 2825 com-

956 2841 1147 2875 municando
1173 2841 1348 2881 loquuntur
1369 2860 1380 2877 ‚
1412 2836 1476 2869 fine
1507 2837 1571 2868 ulla
1593 2834 1796 2878 distinetione
1812 2858 1824 2874 ,

956 2883 1047 2921 navi,
1073 2892 1112 2914 an
1133 2882 1224 2913 oneri
1249 2880 1358 2911 datum
1379 2878 1417 2911 fit
1434 2880 1452 2918 ‚¹
1474 2885 1571 2918 utque
1596 2877 1641 2908 ita
1663 2877 1827 2916 utriusque

957 2924 1123 2956 aestimatio
1154 2920 1346 2961 conjunctim
1377 2919 1416 2951 fit:
1443 2918 1613 2958 facienda,
1643 2918 1674 2950 &
1695 2917 1828 2957 conjun-

944 2966 1031 3005 ctim
1052 2964 1218 2998 ferendum
1235 2962 1404 2999 damnum,
1423 2959 1508 3003 quod
1523 2969 1541 2990 a
1563 2959 1636 2991 navi
1655 2959 1828 2993 mercibus-

956 3013 1018 3049 que
1044 3013 1212 3046 acceptum
1241 3001 1295 3034 est.
1347 3002 1451 3048 igitur
1482 3000 1512 3032 &
1542 3001 1625 3033 ratio
1647 3023 1658 3039 ,
1679 3000 1710 3032 ἀ
1737 2998 1827 3032 forte

957 3048 1126 3082 auetoritas
1140 3045 1218 3086 juris
1239 3042 1421 3086 posterioris
1445 3042 1505 3080 hac
1526 3049 1615 3083 parte
1636 3039 1829 3114 subegwitgs

1004 3167 1066 3207 (2)
1085 3167 1166 3198 idem
1181 3166 1208 3195 a.
1229 3155 1341 3203 observ.
1361 3163 1439 3194 xm.

1165 3248 1285 3283 N'nn
