2008 3436
329 90 417 134 DE
492 84 701 131 rouo
774 79 1311 137 LEGATO'RUM,
1363 74 1496 133 eia.

28 181 121 214 affin.-
137 178 166 220 fi
188 188 255 211 vero
281 188 317 210 ex
333 177 433 209 multis
439 175 538 217 servis
552 175 586 206 de
604 182 659 205 uno
674 176 783 215 agatur
794 194 805 210 ,
828 181 886 204 non

21 222 64 263 fit
82 223 247 254 inhibenda.
293 219 376 257 Fac,
400 226 441 249 ex
465 216 585 248 familia
609 213 771 246 servorum
789 223 886 246 unum

28 259 202 302 vindicari,
227 271 290 303 quo
308 261 428 301 legatus
444 257 645 290 commodum
661 264 766 286 carere
782 255 884 296 possit.

27 306 88 338 Sed
113 305 236 346 Juliano
260 301 379 343 placuit
394 323 406 339 ,
422 299 485 339 sine
509 296 692 339 distinetione
719 298 886 338 negandam

28 346 178 379 aaronem.
225 343 356 380 Merito,
376 341 478 382 inquit
500 339 630 377 Paulus,
654 338 715 369 ideo
735 339 812 369 enini
829 347 888 369 non

28 389 117 420 datur
138 386 232 425 aelio,
254 394 290 416 ne
313 385 348 414 ab
367 381 455 424 officio
463 381 595 423 suscepto
611 380 769 422 legationis
786 389 888 411 avoce-

28 435 86 461 tur.
109 427 271 460 Sententia
290 424 401 466 Juliani
421 423 544 464 placet,
569 420 590 454 fi
608 421 647 452 de
665 419 780 460 servis,
804 421 886 453 aliis-

28 479 68 502 ve
83 476 228 510 agamus,
252 475 320 508 quae
340 465 378 496 ad
396 464 586 505 legationem
605 462 784 504 pertinent,
802 463 832 495 ὅ(
849 463 888 493 de

27 511 140 552 quibus
171 509 315 551 proxime
341 514 444 547 egerat
467 503 603 543 Caflius3
628 514 666 536 an
689 504 770 535 ratio
799 503 888 536 Pauli

28 561 118 594 teque
142 551 264 592 placere
284 546 401 588 posset,
426 546 567 578 nondum
586 542 750 578 constitui.
794 546 826 578 Si
845 545 889 577 di-

27 592 224 627 stinctionem
250 588 339 621 Casfii
366 587 549 629 sequamur,
575 587 686 628 utique
712 587 889 628 periculum

26 634 73 668 est
89 643 107 666 a
121 633 218 674 figura
234 629 441 667 Rhetorices,
465 628 570 661 nescio
584 638 662 670 qua,
688 630 804 663 §esaim
822 638 888 660 cre-

25 677 88 715 do,
111 673 289 715 appellant,
311 671 341 703 δε
358 678 459 702 metus
477 669 521 702 cst
533 692 545 709 ‚
566 679 606 702 ne
625 670 700 712 quid
718 670 825 702 decori
848 671 889 702 le-

25 715 161 761 gationis
175 712 328 751 decedat,
349 721 431 744 neve
455 713 558 744 minus
586 712 727 753 expediri
754 711 889 754 possint,

50 767 96 790 uae
118 765 172 798 per
190 754 263 787 suos
284 754 427 786 homines
450 753 580 794 expedit
600 754 742 794 legatus,
768 754 798 786 δε
821 763 890 795 quae

26 809 44 833 a
59 800 87 832 ia
103 799 134 831 in
160 797 238 829 hanc
260 795 446 828 sententiam
464 795 528 826 dici
574 794 684 827 oll'cnt.
731 795 791 827 Sed
811 795 890 834 hoc,

27 840 114 883 quod
133 839 220 878 dixi,
245 846 287 869 ex
315 837 432 878 regulis
458 836 538 877 Juris
586 837 713 874 omani,
736 836 890 878 accipien-

26 883 102 915 dum
119 879 164 912 est
178 880 218 912 de
231 878 434 921 pofseffionc,
459 887 552 919 quam
569 878 691 919 legatus
709 877 815 910 nactus
833 877 890 917 cst,

26 931 103 957 ante
126 931 196 954 uam
215 921 365 962 fungatur
384 919 510 958 officio,
535 929 605 951 nam
626 919 648 951 fi
663 919 771 951 naCtus
793 918 892 950 fucrit

27 967 63 999 in
80 966 112 1006 ip
127 973 144 995 a
159 963 333 1011 legatione,
358 969 490 1003 cogetur
506 960 656 1000 judicium
675 961 838 1001 accipere,
856 969 891 991 ut

28 1006 169 1050 Julianus
188 1004 314 1044 subjicit
330 1003 361 1034 in
377 1003 397 1035 l.
417 1011 474 1041 ⁴25.
492 1001 537 1042 ff.
553 1002 612 1033 eod.
636 1002 717 1033 unde
733 1001 895 1034 &Basilici

26 1055 196 1088 utramque
212 1046 312 1087 legem
338 1053 400 1075 uno
419 1043 557 1074 themate
576 1041 760 1075 clauserunt.
806 1042 896 1075 Utile

28 1097 136 1122 autern
150 1088 211 1120 erit
228 1095 293 1117 rem
311 1083 407 1125 ipsam
425 1083 563 1122 notasse,
588 1083 640 1115 ubi
661 1083 699 1115 de
719 1084 896 1116 actionibus

29 1132 64 1164 in
87 1138 169 1168 rem,
194 1127 225 1160 δε
246 1125 432 1167 detentione
459 1125 638 1164 bonorum,
661 1135 702 1157 ex
728 1124 785 1158 usu
809 1125 893 1158 Gen-

30 1168 307 1209 tium,dicendum
331 1167 400 1198 erit.
428 1165 550 1199 Possem
567 1166 606 1197 de
631 1167 727 1199 caulis
746 1167 895 1199 civilibus

29 1213 90 1246 alia
98 1211 209 1244 addere
222 1219 262 1241 ex
274 1207 520 1250 jurisprudentia
537 1207 695 1248 Romana,
713 1207 763 1240 sed
778 1219 813 1240 ea
832 1219 894 1241 ma-

31 1262 32 1265 ’
54 1255 80 1287 is
93 1253 256 1296 pertinent
272 1250 309 1282 ad
326 1250 432 1291 apices
447 1249 547 1289 Juris,
572 1258 664 1290 quarn
685 1250 722 1281 ad
741 1249 895 1282 illustran-

30 1264 107 1328 Ξυῐῃ
135 1300 371 1336 argumentum,
395 1290 481 1333 quod
502 1291 628 1332 proprie
646 1290 691 1322 cst
714 1291 795 1332 Juris
811 1290 895 1324 Gen-

31 1345 125 1370 tium.

74 1378 126 1411 De
141 1377 217 1409 foro
245 1375 384 1408 criminis
408 1374 514 1417 paucis
541 1384 605 1408 rem
629 1374 764 1408 absolvit
783 1375 897 1408 Paulus

33 1421 66 1453 in
90 1420 110 1452 l.
137 1429 187 1460 24.
210 1418 238 1461 §.
267 1427 292 1449 1.
311 1417 353 1458 ff.
376 1419 410 1449 de
431 1417 536 1458 Judic.
563 1417 695 1459 Legati,
723 1418 843 1459 iuquit,
860 1428 897 1449 ex

33 1461 167 1501 delictis,
192 1462 225 1492 in
242 1460 387 1500 legatione
406 1457 574 1498 comnnjfflr,
598 1465 741 1499 cogimini·
750 1461 897 1502 judicium

35 1504 136 1536 Romae
148 1504 232 1543 pati,
251 1501 316 1542 five
335 1499 391 1547 ipsi
407 1501 597 1539 ariniiferim,
616 1501 774 1542 fivefl’rvz
790 1511 894 1532 eorum.
928 1503 931 1505 ’

33 1545 106 1578 Nec
130 1545 268 1585 legatum
298 1542 531 1575 Provincialem
553 1542 697 1575 accusare
723 1543 798 1574 licet
815 1566 826 1582 ,
857 1552 898 1574 ex

34 1585 190 1619 sententia
209 1584 353 1624 Venuleji
373 1583 404 1616 in
422 1584 442 1615 l.
472 1592 521 1615 12.
540 1583 581 1624 ff.
606 1586 639 1615 de
661 1583 801 1624 Accusat.
848 1583 900 1616 sed

36 1629 99 1671 ejus
132 1629 279 1659 duntaxat
309 1626 443 1656 criminis
459 1648 468 1663 ,
501 1626 573 1666 quod
606 1631 674 1657 anre
708 1625 898 1668 conzrnzfirit,

22 1679 123 1711 quam
139 1671 171 1700 in
192 1669 368 1710 legationem
388 1668 513 1698 venerit.
558 1667 637 1699 Sane
656 1667 677 1699 fi
695 1667 737 1699 ob
753 1677 806 1707 ea,
832 1678 900 1708 quae

35 1712 69 1743 in
85 1710 244 1751 legatione
255 1709 472 1741 contraxerint
483 1731 491 1746 ,
511 1708 640 1740 domum
655 1719 717 1740 non
733 1718 901 1748 revocent,

23 1752 140 1784 <multo
163 1751 266 1783 minus
295 1749 491 1781 revocabunt
516 1751 559 1780 ob
584 1759 640 1789 ea,
667 1760 737 1791 quae
761 1750 899 1791 delique·
930 1752 933 1755 ’

35 1794 116 1826 rint:
133 1802 203 1824 narn
222 1801 263 1824 ex
275 1791 392 1823 delicto
407 1801 471 1823 non
488 1791 591 1822 minus
603 1792 798 1833 obligamur,
809 1802 901 1833 quam

20 1844 79 1867 ‚ex
95 1834 281 1872 contrafitu,
304 1834 334 1864 ἃ
351 1843 461 1864 omnem
483 1833 617 1864 honorem
636 1839 733 1864 rentur
752 1835 899 1873 excludit,

36 1885 75 1909 ut
98 1876 131 1908 in
152 1875 243 1907 causa
266 1885 329 1907 non
353 1874 483 1906 absimili
509 1874 733 1907 Constantinus
758 1874 902 1906 rescribit

36 1918 70 1951 in
88 1917 108 1949 l.
132 1926 159 1949 1.
177 1918 210 1948 C.
230 1919 280 1948 nbi
298 1917 399 1948 Semi.
421 1916 470 1946 vel
491 1915 606 1956 Clarzff.
630 1917 780 1948 Servatur
797 1924 901 1948 tamen

37 1959 78 1992 iis
105 1958 225 1997 honos,
252 1959 280 1990 δε
297 1957 466 1989 revocandi
485 1957 685 1997 privilegium
698 1981 707 1996 ,
732 1957 752 1990 fi
769 1966 842 1989 ante
857 1958 900 1990 le-

59 2000 195 2033 ationem
220 1999 434 2041 deliquerint,
458 2007 494 2029 ut
518 2007 559 2029 ex
578 1998 676 2030 Paulo
702 1999 901 2040 colligimus,

37 2010 70 2074 Ξ(
85 2051 125 2073 ex
147 2041 303 2081 Venulcjo
323 2048 430 2081 aperte
448 2039 581 2072 constat.
627 2039 724 2083 Quod
749 2040 788 2071 de
806 2039 903 2072 servis

39 2082 292 2123 delinquentibus
308 2082 432 2113 additur
449 2082 481 2113 in
497 2082 525 2112 d.
550 2082 570 2113 l.
597 2092 646 2122 24.
665 2081 694 2122 §.
713 2091 738 2113 1.
764 2090 829 2113 non
847 2082 903 2115 nifi

41 2124 81 2155 de
105 2125 212 2156 noxali
233 2124 377 2162 actione,
403 2132 472 2164 quae
497 2123 528 2154 in
562 2123 699 2164 legatum
724 2123 901 2165 competit,

41 2165 178 2207 intelligi
203 2173 369 2206 oportere,
394 2174 441 2196 res
458 2164 502 2196 est
518 2164 637 2206 liquida
652 2174 692 2197 ex
709 2164 731 2197 l.
758 2174 783 2197 1.
802 2165 845 2207 ff.
869 2163 903 2196 de

42 2206 158 2239 Noxal.
183 2206 287 2238 astion.

85 2246 250 2288 Superest,
270 2254 305 2278 ut
319 2247 477 2285 dicamus,
499 2247 538 2278 de
552 2247 664 2289 quibus
679 2248 791 2290 legatis
811 2248 904 2280 intel-

41 2289 201 2331 ligendum
218 2289 253 2321 lit
266 2310 276 2326 ‚
301 2288 384 2329 quod
400 2289 556 2328 Romani,
580 2290 613 2320 in
635 2289 726 2321 causa
742 2289 828 2329 fori,
847 2289 903 2321 sta-

39 2338 186 2369 tuerunt,
211 2331 305 2370 idque
321 2339 361 2361 eo
381 2329 479 2371 magis
493 2330 618 2362 necesse
633 2330 698 2369 est,
722 2340 758 2363 ut
777 2331 904 2363 amolia-

38 2381 110 2405 mur
128 2371 342 2412 prctzjudicium
353 2395 362 2410 ,
387 2370 471 2412 quod
488 2380 528 2403 ex
543 2371 615 2412 Jure
633 2372 778 2404 Romano
793 2380 907 2404 contra

41 2413 94 2454 Jus
112 2413 265 2445 Gentium
281 2413 405 2444 induxit
421 2414 616 2454 quorundam
634 2414 820 2454 ign-orantia.
845 2413 904 2445 Le-

63 2455 106 2487 ati
132 2455 302 2486 mittuntur
327 2454 379 2485 vel
396 2463 414 2485 a
432 2453 579 2495 Principe
598 2454 642 2486 sui
657 2455 734 2494 juris
754 2455 791 2486 ad
810 2455 906 2487 alium

42 2464 220 2538 Principem
247 2494 290 2527 sui
310 2496 406 2536 juris,
431 2496 496 2527 five
516 2496 541 2526 is
566 2495 737 2528 foederatus
754 2495 792 2528 fit
808 2521 818 2536 ,
842 2496 907 2530 five

30 2536 160 2576 hostis,
184 2537 235 2568 vel
251 2546 268 2568 a
283 2536 462 2568 Provinciis
480 2537 509 2568 ἀ
526 2537 714 2577 Municipiis
726 2560 737 2575 ,
761 2537 823 2570 hoc
842 2537 904 2577 est,

46 2579 86 2610 ab
110 2579 180 2619 ipsis
205 2577 336 2610 subditis
363 2578 400 2609 ad
426 2577 604 2619 Principem
619 2601 629 2617 ,
653 2578 704 2618 qui
721 2578 907 2611 Provincias

47 2619 265 2660 &Municipia
281 2619 414 2660 imperio
430 2618 486 2650 suo
503 2619 734 2661 complectitur.
781 2621 812 2653 Si
830 2621 910 2663 lega-

46 2669 118 2693 mus
140 2659 315 2701 fragmenta
336 2669 481 2692 veterum
505 2661 677 2701 JCtorum,
700 2661 722 2692 fi
745 2661 909 2703 Rescripta

47 2701 300 2742 Imperatorum,
323 2711 390 2742 quae
413 2701 534 2734 exstant
560 2701 615 2734 sub
647 2711 785 2744 utroque
812 2703 907 2735 Tizulo

49 2743 148 2776 Pand.
169 2743 199 2773 &
220 2742 287 2773 Coct.
310 2744 343 2773 de
366 2743 596 2785 Legationibns,
620 2752 697 2775 mox
717 2744 883 2786 largiemur
896 2767 907 2783 ‚

49 2783 200 2825 quicquid
217 2783 258 2814 ibi
278 2783 427 2823 traditur,
450 2794 512 2817 non
528 2785 591 2817 effe
607 2785 838 2818 exaudiendum
852 2786 908 2819 nili

49 2826 90 2857 de
115 2825 226 2866 legatis
252 2823 504 2858 provincialibus
529 2827 560 2858 ὅς
583 2827 836 2869 Municipalibus
854 2851 864 2867 ‚
887 2827 909 2861 fi

51 2876 144 2898 unam
162 2865 250 2897 forte
266 2866 286 2897 l.
305 2865 359 2896 ult.
372 2865 414 2905 ff.·
430 2868 464 2898 de
481 2867 639 2910 Legation.
663 2869 820 2910 excipias,
839 2879 909 2911 quae

39 2907 95 2939 -est
118 2907 158 2938 de
183 2907 289 2949 legato
313 2906 463 2939 hostium.-
503 2909 588 2940 Alibi
605 2920 753 2951 quoque,
777 2921 849 2942 curn
871 2911 911 2942 de

38 2949 160 2995 >legatis
183 2947 284 2980 sermo
303 2948 433 2986 incidit,
457 2947 524 2980 fere
544 2950 757 2984 Provinciales
780 2953 810 2984 δε
836 2952 913 2984 Mu-

53 2989 204 3030 nicipales
231 2990 475 3031 intelliguntur,
496 2990 548 3030 qui
566 2991 603 3022 ad
619 2992 814 3034 exsequenda
829 3003 913 3025 man-

53 3032 126 3062 data
151 3030 347 3071 Reipublicae
378 3029 457 3069 fuce,
481 3032 519 3062 ad
539 3031 716 3075 Principem
734 3035 910 3067 Romanum

54 3071 271 3103 mittebantur.
303 3070 425 3103 Possem
442 3071 529 3104 varia
551 3072 623 3105 loca
638 3075 670 3106 in
687 3075 767 3108 hanc
781 3086 846 3108 rem
862 3076 911 3108 ad-

53 3112 157 3151 ferre,
180 3111 202 3144 fi
230 3122 294 3144 non
322 3113 414 3153 plena
436 3112 498 3144 fide
521 3114 676 3146 constaret
700 3117 794 3149 etiam
813 3125 908 3157 tuae,

55 3160 127 3186 earn
153 3153 193 3185 de
215 3162 323 3187 eorum
346 3153 420 3186 foro
437 3162 638 3196 competente
657 3158 778 3199 agitur,
802 3159 833 3192 ὅ(
848 3168 911 3201 quo

1729 97 1796 142 iss

930 170 998 202 solo
1013 169 1118 203 nostra
1131 164 1307 204 absolvitur
1321 171 1505 213 disputatio.
1529 173 1687 217 Apparet,
1711 175 1798 218 quod

929 212 1002 244 dico
1014 235 1026 252 ,
1048 222 1090 245 ex
1108 214 1234 255 integro
1253 214 1388 246 uastam
1413 215 1540 255 Ulpiani
1562 218 1593 249 in
1611 220 1638 250 d.
1663 219 1685 250 l.
1710 228 1738 250 2.
1761 217 1796 290 §-

929 264 960 296 3.
984 264 1013 294 4.
1041 254 1070 286 δι
1087 263 1117 295 5.
1140 254 1177 296 ff.
1203 256 1236 286 de
1261 255 1367 297 Jndz‘c.
1391 255 1432 287 ex
1455 257 1476 288 l.
1500 261 1528 291 8.
1555 257 1584 288 δε
1605 269 1634 296 9.
1660 260 1720 291 cod.
1743 268 1760 290 a
1784 276 1794 282 -

928 295 994 327 dita
1015 296 1036 328 l.
1061 306 1090 336 5.
1115 296 1144 337 ἓ.
1172 306 1199 328 1.
1219 296 1259 337 ff.
1285 298 1318 328 tie
1345 295 1466 337 Consilia
1498 303 1600 336 peczm.
1627 300 1648 331 l.
1673 311 1723 340 ⁶34.
1747 306 1792 337 rr,

924 336 964 379 ff.
989 339 1022 368 de
1041 337 1145 379 Jndic.
1171 338 1190 369 l.
1215 347 1268 380 35.
1284 338 1313 379 ᾗ.
1335 348 1363 370 2.
1382 339 1424 379 ff.
1441 339 1474 369 de
1490 338 1627 380 Jurejur.
1673 335 1715 372 Et
1733 340 1795 373 Cu-

930 379 1047 419 jacius‚
1071 379 1101 411 δε
1119 379 1306 411 Mornacius
1322 379 1358 411 ad
1374 381 1402 411 d.
1426 381 1446 412 l.
1470 390 1497 412 2.
1518 379 1546 420 ἓ.
1563 389 1593 421 3.
1613 381 1643 423 dt
1661 380 1796 413 Grotius

930 420 969 451 de
986 420 1063 462 Jure
1080 421 1115 452 B.
1142 419 1229 455 &R
1256 421 1328 453 Lib.
1353 420 1392 454 II.
1419 422 1450 454 C.
1479 426 1525 456 18.
1551 420 1579 462 §.
1608 432 1655 454 10.
1681 424 1714 453 in
1733 422 1790 462 fin.

933 462 963 494 &
981 463 1035 494 alii
1055 471 1147 504 quam
1166 463 1293 503 plurimi
1319 463 1439 496 totiens
1462 463 1494 494 id
1510 462 1736 503 observarunt,
1761 472 1798 495 ut

932 503 1044 543 mirer,
1068 513 1136 535 eam
1163 513 1228 535 rem
1256 514 1320 536 non
1340 504 1557 543 observatam,
1582 503 1688 536 fraudi
1706 504 1800 537 fuisse

932 545 1071 587 quinque
1095 545 1197 584 magni
1222 545 1359 578 nominis
1387 545 1491 587 JCtis,
1517 546 1570 587 qui
1586 546 1680 578 Anno
1705 555 1799 587 1571.

933 587 965 618 in
984 586 1116 628 Anglia,
1143 587 1325 619 sententiam
1352 588 1474 629 rogati,
1498 597 1539 619 ex
1554 587 1626 628 Jure
1652 587 1798 619 Romano

933 627 987 660 res
1004 628 1160 660 ondcrunt
1174 628 1213 660 de
1229 629 1349 668 judicio
1365 629 1493 670 joannis
1512 629 1623 672 Leslaei
1635 653 1645 668 ,
1668 627 1800 670 Episco-

934 670 964 710 pi
982 638 1139 703 {offensis
1153 693 1163 708 ‚
1186 671 1238 710 qui
1268 670 1390 712 legatus
1415 678 1480 702 crat
1502 670 1636 709 Mariae,
1669 670 1714 702 Rc
1732 670 1799 701 inae

934 711 1051 744 Scotiae
1063 735 1072 751 ,
1094 712 1124 744 ὃ(
1140 712 1170 743 in
1188 711 1299 753 Anglia
1316 721 1363 743 res
1381 722 1480 744 novas
1497 712 1695 743 moliebatur.
1745 721 1802 748 on,-

934 752 1134 785 sultationem
1150 753 1282 784 exhibet
1301 753 1477 786 Camdcnus
1496 753 1612 785 Annal.
1637 753 1735 794 Atzgl.
1759 753 1799 784 ad

933 804 1045 826 annum
1074 797 1164 836 1571.
1185 801 1215 835 p.
1242 805 1278 826 m.
1307 804 1378 827 uolt
1402 795 1507 837 ἒβη.
1534 795 1638 827 Etiam
1657 795 1735 827 alios
1752 795 1799 826 in-

936 845 1046 868 cautos
1060 836 1187 877 decepit
1206 836 1283 868 illud
1300 836 1381 876 Juris
1400 837 1531 868 Romani
1549 836 1743 874 Decretum,
1764 838 1802 867 ut

935 877 1006 918 plus
1023 877 1116 909 semel
1130 887 1238 909 monet
1253 876 1463 919 XVicquefOrt
1475 888 1510 909 en
1521 878 1569 916 lim
1587 877 1800 919 Ambaffizcleur

935 918 1009 951 Lib.
1034 918 1057 951 I.
1085 918 1159 950 Seu.
1186 930 1237 959 27.
1256 924 1288 959 p.
1311 924 1384 960 817.
1409 924 1481 957 821.
1509 914 1637 962 39³]qu

979 959 1067 1005 Quin
1086 960 1117 992 δε
1135 960 1155 992 fi
1167 984 1175 999 ‚
1200 960 1283 1001 quod
1301 960 1434 992 Romani
1457 961 1607 993 dixerunt
1619 986 1628 998 ,
1641 962 1754 1000 palam
1772 961 1803 993 &

938 1002 1074 1034 rotunde
1089 1001 1237 1034 dixissent
1249 1001 1287 1032 de
1302 1001 1413 1042 legatis
1425 1009 1622 1045 externarum
1636 1003 1803 1041 Gentium,

938 1052 1003 1075 non
1022 1043 1094 1074 inde
1109 1043 1264 1074 continuo
1283 1042 1462 1074 efficeretur
1480 1043 1533 1084 lus
1552 1042 1715 1081 Gentium.
1749 1044 1803 1075 Sic

939 1084 985 1116 illi
1013 1083 1175 1126 saperent,
1200 1085 1356 1116 rationem
1387 1083 1471 1116 suam
1496 1082 1605 1117 secuth
1652 1086 1682 1118 Si
1711 1085 1804 1118 aliter

939 1125 1080 1167 saperent
1106 1126 1174 1158 aliae
1199 1125 1337 1165 Gentes,
1363 1125 1455 1157 aliam
1482 1126 1636 1158 rationem
1668 1126 1805 1164 sccutae,

938 1177 1106 1209 earumque
1121 1166 1288 1199 consensus
1299 1167 1488 1208 praevaleret
1498 1191 1507 1207 ,
1522 1168 1552 1199 id
1569 1167 1646 1200 effet
1654 1168 1707 1208 Jus
1720 1166 1805 1199 Gen-

941 1210 1039 1249 tium,
1063 1218 1105 1241 ex
1131 1218 1194 1250 quo
1216 1209 1254 1240 de
1272 1208 1346 1240 foro
1371 1209 1548 1250 legatorum
1575 1209 1710 1242 finienda
1729 1208 1808 1240 ell'et

940 1251 1082 1292 quaestio.
1115 1251 1175 1283 Sed
1201 1250 1272 1282 satis
1307 1250 1551 1290 animadvertis,
1574 1261 1643 1293 quae
1669 1250 1809 1283 Romani

939 1294 979 1324 de
1002 1293 1130 1335 legatis,
1154 1302 1214 1333 qua
1237 1291 1390 1331 subditis,
1416 1301 1588 1332 caverunt,
1613 1302 1676 1324 non
1699 1290 1806 1323 statim

940 1334 1002 1366 'esse
1021 1334 1244 1376 porrigendum
1263 1333 1456 1375 adlegatos,
1480 1344 1544 1366 non
1560 1333 1710 1374 subditos.
1756 1332 1808 1364 In·

941 1385 988 1408 ter
1007 1385 1156 1417 utrosque
1171 1375 1236 1407 fuit
1248 1375 1350 1416 aliqua
1361 1375 1553 1415 similitudO,
1567 1376 1597 1408 ὅτ.
1615 1376 1706 1413 inde,
1719 1373 1809 1417 ,quod

940 1418 978 1450 de
997 1418 1060 1449 illis
1075 1417 1284 1459 praedicatur,
1303 1416 1383 1458 saepe
1402 1417 1432 1448 δε
1451 1417 1550 1449 dehis
1588 1417 1729 1449 raedicari
1751 1425 1808 1457 po-

941 1467 1043 1498 terat,
1066 1467 1099 1491 at
1114 1468 1179 1491 non
1198 1457 1317 1498 semper
1338 1460 1367 1490 οἵ
1384 1458 1511 1499 ubique.
1557 1427 1640 1503 &uis
1657 1459 1718 1499 ajat
1738 1457 1808 1491 sub-

941 1501 1042 1533 ditum
1068 1500 1160 1532 unius
1185 1500 1325 1541 eJ'usdein
1349 1499 1504 1542 Principis
1531 1508 1593 1532 tam
1620 1501 1746 1543 prolixe
1760 1509 1809 1530 re-

940 1552 1057 1575 vocare
1074 1542 1203 1574 domum
1223 1540 1310 1583 polle
1323 1564 1333 1580 ,
1349 1550 1440 1582 quam
1457 1551 1521 1574 non
1539 1541 1724 1574 subditum?
1738 1541 1809 1583 quis

941 1584 1054 1617 Prince
1078 1594 1111 1621 s,
1135 1591 1207 1614 cum
1223 1583 1260 1614 ab
1277 1592 1316 1614 eo
1338 1583 1374 1615 fit
1391 1584 1494 1615 omnis
1508 1584 1700 1623 jurisdictio,
1727 1584 1809 1624 lega-

942 1633 1009 1657 tum
1021 1649 1030 1665 ,
1067 1626 1110 1658 ibi
1127 1624 1285 1657 subditum
1297 1648 1306 1663 ,
1332 1633 1396 1656 non
1415 1625 1542 1665 puniat,
1560 1625 1741 1666 ubicunque
1758 1627 1810 1655 de-

944 1667 1100 1709 liquerit?
1125 1667 1155 1699 &
1171 1665 1213 1698 fic
1237 1674 1304 1697 erat
1321 1667 1353 1698 in
1375 1666 1439 1710 illis
1455 1666 1669 1698 Romanorum
1688 1667 1810 1707 legatia:

943 1709 980 1742 In
1002 1707 1093 1741 causa
1117 1707 1206 1739 clviii
1230 1707 1325 1739 etiam
1353 1707 1569 1749 prospectum,
1595 1717 1633 1740 ne
1657 1708 1743 1749 quod
1772 1707 1811 1738 ad

945 1761 998 1790 ea,
1024 1753 1094 1793 quae
1112 1749 1142 1781 in
1164 1748 1228 1790 ipsa
1246 1749 1407 1790 legatione
1424 1749 1490 1780 aua
1508 1749 1591 1792 gella
1607 1757 1714 1786 erant,
1741 1748 1810 1781 sub-³

943 1793 1028 1824 ditus
1047 1791 1172 1824 subdito
1187 1791 1404 1822 conditionem
1422 1791 1515 1822 nimis
1542 1801 1669 1832 gravem
1695 1792 1725 1823 &
1751 1790 1811 1822 ini-

945 1844 1038 1875 quam
1056 1832 1207 1872 inferret,
1224 1831 1273 1864 sed
1287 1832 1307 1864 fi
1327 1832 1394 1864 haec
1413 1831 1635 1864 transferamus
1653 1832 1690 1865 ad
1706 1840 1811 1865 exter-

934 1877 1054 1907 narum
1078 1871 1231 1906 Gentium
1254 1874 1399 1915 legatos,
1422 1883 1487 1905 non
1513 1873 1676 1914 subditos,
1703 1875 1732 1907 ἃ
1758 1874 1814 1906 ubi

944 1927 985 1949 ex
1005 1915 1104 1948 tacito
1120 1914 1272 1947 Gentium
1299 1914 1452 1947 consensu
1470 1924 1519 1947 res
1535 1916 1657 1956 agitur,
1681 1916 1813 1949 omnino

944 1958 1070 2000 prolixe
1085 1956 1237 1988 fallimur.
1283 1956 1499 1989 Provinciales
1517 1957 1564 1988 illi
1582 1958 1612 1989 ἂ
1630 1958 1813 1999 Municipa-

945 2001 990 2032 les
1006 1998 1100 2041 legati
1113 2006 1235 2030 tantum
1253 2007 1316 2030 non
1334 2006 1424 2029 erant
1440 2006 1662 2039 procuratores
1682 2000 1711 2032 ὅ(
1728 2009 1813 2032 man-

945 2042 1075 2078 datarii,
1099 2040 1129 2072 δε
1148 2039 1209 2071 hoc
1235 2047 1338 2071 tamen
1357 2040 1395 2071 iis
1407 2061 1417 2077 ,
1441 2039 1479 2081 ad
1497 2039 1592 2071 instar
1610 2040 1813 2082 legatorum,

945 2084 1000 2124 qui
1023 2091 1099 2113 vere
1123 2080 1163 2113 fic
1191 2081 1362 2119 dicuntur,
1385 2080 1492 2112 datum
1509 2090 1595 2121 erat,
1621 2092 1656 2114 ut
1674 2083 1760 2120 quod
1776 2083 1815 2114 ad

945 2134 1000 2163 ea,
1023 2133 1092 2164 quae
1114 2131 1188 2154 ante
1204 2122 1395 2163 legationem
1416 2123 1659 2164 contraxerant,
1683 2123 1816 2156 domum

945 2174 1098 2198 revocare
1114 2163 1254 2205 possent,
1271 2163 1314 2196 fic
1332 2172 1368 2195 ut
1385 2164 1503 2205 legatio
1521 2165 1733 2198 creditoribus
1751 2175 1814 2198 nec

946 2215 1102 2245 noceret,
1143 2215 1202 2237 nec
1226 2204 1395 2246 prodesset.
1446 2205 1519 2237 Alia
1552 2207 1649 2239 etiam
1675 2207 1814 2240 Romani

946 2250 985 2281 de
1000 2248 1111 2290 legatis
1127 2245 1188 2278 suis
1205 2246 1457 2280 Provincialibus
1475 2247 1645 2287 dixerunt,
1661 2259 1731 2290 quae
1748 2248 1814 2280 fru-

949 2291 1009 2322 stra
1035 2289 1072 2321 ad
1096 2289 1217 2330 legatos
1243 2297 1445 2321 externarum
1465 2286 1619 2322 Gentium
1635 2289 1813 2323 transferas.

948 2331 1001 2365 De
1018 2339 1151 2363 numero
1170 2330 1348 2371 legatorum
1371 2340 1466 2362 nemo
1484 2340 1525 2363 ex
1547 2331 1620 2372 Jure
1638 2330 1791 2363 Gentium
1803 2348 1818 2369 5

948 2382 1002 2406 aut
1025 2370 1102 2411 usu,
1125 2372 1328 2412 quaeltionem
1351 2371 1553 2412 exspectabit.
1599 2372 1643 2404 Et
1659 2381 1732 2404 ante
1751 2372 1814 2404 Ve-

948 2414 1116 2457 spafianum
1126 2412 1252 2453 imperii
1267 2423 1393 2454 quoque
1403 2413 1537 2445 Romani
1546 2413 1703 2446 Civitates
1711 2436 1722 2452 ,
1734 2421 1817 2455 quot

948 2457 1092 2494 vellent,
1117 2454 1239 2495 legatos
1257 2454 1407 2486 videntur
1425 2454 1556 2493 mifissc3
1580 2462 1668 2486 certe
1685 2455 1817 2497 legatio·

948 2507 1021 2529 nem
1039 2496 1220 2536 Judaeorum
1243 2494 1280 2526 ad
1308 2494 1506 2536 Caligulam,
1529 2496 1580 2527 cui
1600 2497 1631 2528 δε
1655 2495 1748 2528 Philo
1764 2496 1815 2537 Ju-

949 2540 1035 2571 daeus
1060 2535 1228 2575 interfuit,
1250 2536 1388 2578 quinque
1415 2537 1546 2569 obivere
1563 2561 1573 2577 ,
1598 2537 1660 2569 vid.
1706 2537 1818 2570 Philo-

951 2589 1022 2612 nem
1044 2578 1112 2618 Jud.
1137 2579 1170 2609 de
1197 2578 1337 2620 legation.
1363 2579 1402 2609 ad
1431 2579 1534 2621 Cajum
1549 2584 1579 2619 p.
1603 2589 1642 2610 m.
1667 2584 1738 2620 870.
1763 2578 1815 2611 scd

951 2620 1153 2662 Vespasianus
1168 2641 1180 2657 ,
1209 2619 1460 2660 diligentiffimus
1485 2619 1714 2653 Paterfamilias
1731 2643 1743 2660 ,
1774 2620 1819 2652 E:

951 2662 1036 2695 dieto
1053 2660 1200 2692 omnibus
1221 2660 1416 2693 Civitatibus
1435 2661 1604 2703 praecepit,
1628 2671 1668 2694 ne
1690 2662 1815 2703 plures,

951 2713 1045 2746 quam
1063 2711 1168 2733 ternos
1180 2702 1303 2744 legatos
1320 2702 1449 2735 mittant
1467 2705 1530 2744 b.4.·
1555 2703 1583 2745 ἓ.
1593 2707 1624 2736 6.
1637 2703 1679 2745 ff.
1703 2704 1736 2734 de
1753 2703 1817 2735 Le-

949 2747 1063 2789 gurion.
1090 2742 1213 2775 scilicet
1233 2743 1415 2785 sumptuum
1438 2746 1691 2776 coercendorum
1710 2743 1819 2782 caula,

951 2792 1023 2819 cum
1048 2795 1199 2827 quaeque,
1224 2793 1261 2817 ut
1283 2785 1402 2817 ma'ore
1426 2789 1498 2818 cum
1524 2793 1674 2827 apparatu
1698 2785 1818 2817 Princi-

950 2838 1023 2871 pem
1039 2827 1176 2866 adirent,
1202 2827 1232 2859 in
1249 2827 1316 2867 ejus
1356 2836 1507 2866 onorem,
1533 2836 1568 2858 ut
1584 2823 1735 2858 credibile
1751 2826 1796 2858 est
1810 2839 1822 2864 ,·

952 2870 1080 2902 modum
1097 2868 1304 2900 excederent:
1323 2868 1434 2900 honori
1445 2869 1529 2900 enini
1545 2866 1745 2908 Principibus
1762 2868 1814 2899 da-

954 2913 1024 2950 tur,
1046 2910 1068 2943 fi
1094 2910 1132 2941 ad
1155 2919 1211 2941 eos
1238 2910 1338 2950 major
1355 2909 1531 2951 legatorum
1547 2910 1693 2940 numerus
1709 2909 1813 2942 mitta-

955 2961 1026 2991 tur,
1048 2951 1129 2983 ut&
1152 2959 1192 2982 ex
1217 2950 1390 2983 Plutarcho
1416 2950 1646 2992 intelligimus,
1670 2950 1701 2982 in
1718 2950 1818 2983 Libro

954 2995 988 3026 de
1009 2989 1195 3025 Garrzclitate
1213 2998 1245 3032 p.
1269 3002 1308 3023 m.
1332 3000 1405 3033 314.
1438 2990 1540 3022 Novo
1559 2991 1741 3034 ambitionis
1763 3001 1815 3033 ge-

953 3044 1029 3068 nere
1045 3032 1231 3067 Ludovicus
1246 3032 1337 3065 XIV.
1361 3031 1502 3073 Franciae
1518 3032 1605 3071 Rex,
1623 3042 1696 3064 cum
1711 3033 1749 3065 ad
1765 3043 1818 3073 pa·

955 3086 1024 3108 cern
1042 3073 1293 3114 Neomagensem
1309 3073 1517 3104 convenirent
1532 3074 1627 3114 legati
1637 3097 1649 3113 ,
1662 3073 1819 3113 defendit,

954 3116 1094 3150 Eieuori
1114 3114 1369 3152 Brandeburaico
1389 3113 1439 3154 jus
1458 3123 1520 3146 non
1543 3115 1625 3153 eise,
1647 3116 1704 3149 nili
1725 3126 1821 3156 unum

955 3159 1099 3227 legata&-
1111 3155 1268 3190 mittendi.
1288 3146 1385 3201 Quod
1399 3155 1500 3196 palam
1516 3155 1581 3197 Juri
1601 3155 1754 3190 Gentium
1774 3168 1820 3188 rc-
1876 3196 1881 3199 .

1077 3213 1080 3218 ·
1111 3205 1130 3228 2
1770 3202 1830 3238 pu*
