2008 3436
887 125 1044 176 (459)

235 428 1069 495 INSCRIPTIONES
1171 428 1681 494 CAPITUM.

330 617 359 650 C
381 617 408 649 A
432 618 456 650 P
480 617 513 650 U
537 617 571 650 T
639 617 664 651 Ι,
1014 625 1083 671 qqae
1100 625 1186 657 poen.
1207 615 1292 650 caus.
1307 618 1421 661 rehnq.
1444 627 1504 660 quae
1522 623 1704 662 utraqueex·

64 677 190 749 legata
206 710 295 745 poenae
304 704 420 736 nornine
440 711 519 733 manc
531 701 682 744 prohibita
693 712 790 742 ,nunc
1009 666 1152 707 Placatur·
1781 683 1845 715 450

149 755 234 786 licita
244 753 344 795 suff.
792 751 931 793 Pag.446
1230 750 1258 784 C
1282 752 1309 783 A
1332 752 1357 786 P
1379 752 1412 786 U
1432 753 1467 786 T
1532 752 1574 788 V.

310 852 337 886 C
362 853 389 886 A
412 852 435 885 P
459 852 491 885 U
514 853 546 885 T
613 853 627 885 I
652 850 676 887 L
975 833 1087 875 Rwsus
1103 837 1142 867 ad
1157 834 1186 868 d.
1209 834 1236 877 §.
1256 835 1314 867 ult.
1338 835 1383 868 vs.
1408 835 1519 870 Veluti
1536 837 1560 871 fi
1577 841 1659 881 quis.
1774 849 1839 884 453

63 947 114 978 Ad
138 945 165 988 §.
186 944 242 979 ult.
266 952 312 985 pr.
337 941 410 974 Inst.
434 941 473 973 dc
496 941 606 982 Legat.
852 945 924 978 ibid.
1217 918 1246 951 C
1269 918 1297 951 A
1320 918 1345 951 P
1367 918 1399 951 U
1421 920 1454 953 T
1523 921 1553 955 V
1575 921 1602 956 I.

968 1001 1028 1034 Ad.
1054 1002 1189 1035 eundem
1207 1002 1237 1045 §.
1260 1001 1307 1035 vs.
1331 1002 1398 1034 Aut
1412 1002 1435 1035 fi
1450 1004 1507 1038 ita.
1776 1015 1840 1050 455

1189 1084 1218 1118 C
1241 1086 1270 1117 A
1293 1085 1318 1117 P
1342 1085 1375 1118 U
1396 1085 1430 1118 T
1497 1087 1528 1119 V
1551 1088 1567 1120 I
1585 1087 1611 1122 Ι.

287 1045 524 1078 CAPUT
590 1045 692 1080 111.

59 1143 111 1175 Ad
132 1141 263 1173 eundem
286 1138 316 1180 §.
343 1136 387 1169 vs.
414 1137 521 1171 Poenae
544 1148 649 1171 autem
679 1140 780 1174 nomi-

101 1200 151 1224 nc.
859 1202 919 1234 447

296 1279 533 1314 CAPUT
598 1281 677 1315 IV.

965 1168 1027 1201 Aa.
1051 1168 1185 1202 cundem
1210 1168 1238 1211 §.
1264 1168 1312 1202 vs.
1335 1168 1379 1201 Et
1401 1170 1435 1203 In
1457 1177 1590 1205 tantum.
1774 1179 1839 1217 456

1171 1251 1200 1285 C
1223 1252 1249 1284 A
1274 1253 1299 1286 P
1323 1253 1354 1287 U
1377 1254 1412 1287 T
1475 1254 1506 1287 V
1528 1254 1545 1287 1
1567 1255 1582 1288 I
1603 1256 1630 1289 Ι.

965 1336 1078 1369 Iterum
1102 1337 1141 1370 ad
1163 1336 1297 1373 eundem
1321 1336 1352 1381 §.
1381 1337 1429 1373 vs.
1447 1338 1508 1375 Sed
1525 1338 1689 1383 hujusmos

58 1384 202 1429 Digreffio
228 1383 267 1416 ad
292 1380 330 1415 L.
360 1391 387 1416 1.
420 1382 451 1415 &
480 1381 520 1415 L.
547 1393 578 1416 2.
599 1381 635 1416 ff.
657 1381 696 1415 de
715 1380 779 1416 His
1005 1383 1048 1417 di.
1770 1397 1832 1433 457

856 2128 1000 2305 ἫἾυ

781 2181 801 2267 ‘Nl

719 2116 735 2123 „-
740 2150 867 2274 ΜΝ
