2008 3436
0 214 5 234 l

192 118 385 158 opusc.
438 114 511 157 DE
559 111 707 167 'JURE
759 112 1094 153 ()CC1DEND1
1145 114 1390 157 Llssnit'os
1457 119 1667 162 emi).

61 200 117 242 lii,
137 207 201 235 non
222 201 354 234 obscure
369 199 540 242 significare
557 199 705 237 Paulum,
729 196 807 228 olim
827 195 857 227 id
867 205 930 227 ma-

84 245 109 276 is
130 243 272 282 licuisse,
296 252 387 284 quam
405 241 460 274 suo
483 250 625 282 tempore
642 240 745 285 licere.
766 279 771 284 η
791 237 835 269 At
853 236 930 285 Pau:

70 295 94 317 o
111 285 304 326 petulantem
321 293 444 316 manum
466 283 609 314 admovit
637 280 852 328 'I'ribonianus
871 298 881 317 ‚
907 280 929 311 11

61 326 169 359 credas
196 326 350 358 Marcilio
367 348 376 365 ‚
410 323 591 365 Giplianio‚
617 321 765 368 Pithoeo,
792 319 927 351 Ritters-

62 368 152 401 hufio
168 368 205 399 iis
222 367 319 405 locis,
344 376 424 407 quos
441 365 528 406 supra
545 364 638 411 attuli
660 363 692 394 C.
710 361 749 408 Il.
774 371 832 402 pro
849 371 927 402 prae-

59 408 164 448 senti,
194 409 284 447 licet,
310 408 527 449 praeteritum,
559 406 685 442 licebat,
717 404 895 448 lupponens
916 423 926 441 ,

59 459 156 493 atque
171 451 214 482 ita
235 448 504 490 lurisprudentiam
524 445 567 477 sui
589 454 740 486 temporis
760 444 858 490 Paulo
877 453 925 490 ac-

60 485 275 524 commodans.
319 490 377 521 Sed
395 508 404 527 ,
438 488 458 520 fi
477 487 622 518 haetenus
647 485 728 517 recte
745 485 903 531 diiputavi
917 507 928 523 ,

59 543 125 566 non
145 533 203 564 alia
219 540 344 573 quoque
367 529 430 561 fuit
452 527 700 574 jurisprudentia
717 526 809 574 fauh.
828 536 900 572 aevo
915 550 925 565 ,

60 574 91 607 &
110 583 200 615 quam
219 573 304 604 nulla
322 571 444 603 ratione
459 570 526 607 illi,
550 579 630 610 quos
657 568 925 614 &ssya-hamstu-

59 615 196 652 ducant,
221 613 387 654 disputabo
409 612 511 652 Capite
531 613 672 652 proximo„
719 609 810 656 15¹¹}st
830 617 927 650 igitur

58 655 158 688 causae
176 654 256 694 fuit,
287 664 343 685 cur
361 653 637 691 &Vill'enbacliiuQ
669 651 716 683 his
736 656 806 693 ipris
821 651 926 682 aucto-

58 699 162 735 rinus,
186 705 273 728 certe
290 695 473 736 quibusdam
491 704 531 726 ex
554 694 619 733 bix,
644 694 723 740 (μὶ.
743 702 791 740 li.
813 692 928 738 retule-

59 739 102 773 rit
119 738 200 770 inter
218 737 403 769 Enublematu
432 736 615 768 Triboniam.
659 735 690 766 Si
713 735 751 766 de
765 743 833 775 Jure
850 741 928 765 Vltae

59 781 90 814 &
107 781 193 812 necis
205 802 215 818 ,
237 787 383 820 tanquam
400 778 519 817 dejure
536 776 683 808 obsoleto
695 801 704 815 ‚
724 777 874 822 loquutus
883 775 928 806 est

60 821 190 859 Paulus,
217 821 296 852 haud
315 820 406 851 aliter
423 820 546 859 dejure
560 819 689 859 antiquo
707 826 816 865 patria}
839 825 927 862 pote3

60 862 146 896 statis
164 863 315 904 loquutus
335 860 380 892 est
398 860 463 892 Dio
484 860 619 899 Caliius,
648 859 771 904 Ulpium
792 857 927 908 §nimuh

59 904 206 946 aequalis,
231 913 271 936 eo
292 903 387 939 loco,
408 911 500 942 quem
517 899 802 946 indicavitClar—iil.
816 898 926 931 Schul-

60 947 106 978 tin
132 946 179 977 ius
205 946 278 978 Not.
302 944 339 976 ad
366 943 468 975 collat.
495 943 568 975 LL.
594 941 720 982 fliosat'c.
745 940 781 975 (9⁹
799 941 927 971 Roman.

64 987 99 1020 T.
139 986 176 1018 V.
201 988 252 1019 loc.
279 992 307 1022 8.
335 986 363 1017 &
381 985 580 1025 Simplicius,
620 984 650 1014 C.
675 982 698 1014 l.
724 992 742 1013 a
760 982 927 1027 nie—lauda-

61 1037 129 1067 ωε,
165 1028 216 1060 ubi
239 1029 277 1059 de
308 1027 376 1067 jure
398 1025 561 1056 occidendi
588 1023 789 1069 &yendendi
810 1023 928 1073 llberos

59 1070 246 1102 nominatim
273 1068 337 1109 agit
353 1089 364 1105 ‚
391 1066 432 1098 sic
464 1066 586 1097 orditur
611 1067 815 1096 iententiam:
849 1071 879 1092 o»
900 1078 926 1092 ae

61 1121 174 1141 mmai
195 1112 353 1143 2‘r'·1²m«1m
373 1113 461 1143 naum,
490 1109 618 1149 antiquie
636 1116 702 1138 vero
728 1106 927 1152 Rornanorum

58 1152 176 1195 Leges,
197 1159 291 1192 atque
307 1150 349 1182 ita
366 1155 483 1192 porr03
508 1159 570 1181 non
599 1147 642 1179 sui
665 1155 816 1189 temporis
830 1147 926 1193 ¹Legi-

59 1195 117 1226 bus
137 1194 221 1225 illam
239 1192 367 1224 necandi
391 1191 506 1223 liberos
527 1190 714 1231 potestatem
738 1187 926 1227 adscribens,

55 1232 114 1269 -sed
129 1235 301 1264 ᾰωδιιιιπιῶι
318 1234 447 1274 antiquis
466 1232 673 1263 Romanorum.
705 1272 711 1276 Ι

54 1291 60 1296 ·
137 1276 219 1308 uidni
240 1276 287 1307 his
305 1274 432 1312 addam,
457 1273 540 1314 quod
558 1276 586 1304 dt
603 1272 772 1303 Balduinus
783 1271 928 1305 observat

57 1319 96 1351 ad
155 1318 193 1350 L.
218 1317 337 1349 Romuli
360 1317 387 1346 cl.
422 1316 454 1347 C.
478 1313 582 1346 XVII.
621 1313 653 1344 in
673 1321 793 1358 tantum
813 1314 925 1346 Roma—

58 1361 106 1393 nis
122 1359 342 1391 crudelitatem
374 1365 497 1398 patrum
523 1355 555 1387 in
585 1354 701 1386 liberos
719 1354 926 1400 displicuiss'e,

59 1411 115 1440 ut,
149 1401 170 1433 si
198 1408 285 1442 pater
312 1398 376 1440 ipse
398 1397 498 1429 filium
516 1396 708 1433 desertorem
725 1395 857 1443 offerat,

58 1443 133 1476 Pius
159 1452 222 1474 non
248 1441 352 1482 capite
376 1439 468 1480 plecti
497 1438 597 1470 filium
612 1460 624 1476 ‚
655 1436 753 1468 sedin
769 1438 926 1471 duriorem

59 1483 205 1516 militiam
229 1483 294 1514 dari
317 1480 437 1522 juss'erit
456 1503 467 1518 ,
499 1479 556 1511 hac
572 1480 716 1518 ratione,
740 1489 775 1510 ne
791 1482 927 1512 videatur

56 1530 142 1567 pater
160 1527 197 1556 ad
207 1524 385 1566 simplicium
401 1521 548 1562 obtuliffe,
568 1521 609 1553 fic
626 1522 709 1552 enim
728 1521 838 1553 Macer
857 1521 927 1557 scri,-

59 1566 119 1608 plit
137 1566 168 1598 in
191 1567 212 1599 l.
241 1576 287 1608 13.
313 1564 340 1606 §.
362 1565 417 1596 ult.
433 1563 473 1604 ff.
499 1565 532 1594 de
563 1563 610 1594 Re
632 1562 719 1593 milit.
745 1562 767 1608 si
784 1571 924 1604 patrem,

57 1608 115 1640 filii
133 1608 304 1639 delatorem
330 1615 393 1636 non
422 1605 496 1636 tulit
520 1603 562 1636 D.
581 1604 655 1635 Pius
670 1625 681 1642 ,
701 1603 796 1644 abiit,
822 1614 856 1636 ut
872 1614 924 1646 pa-

57 1657 157 1687 trem,
190 1649 247 1681 filii
274 1645 529 1684 interfectorem,
562 1645 691 1676 tulisset.
738 1644 826 1690 Qum
849 1646 924 1678 fiab

56 1690 114 1722 hac
134 1698 227 1721 aetate
244 1690 342 1721 aliena
358 1697 422 1719 non
445 1686 553 1718 fuiiset
579 1686 633 1718 illa
648 1686 817 1720 crudelitas
831 1713 841 1728 ,
862 1698 924 1729 quo

53 1731 172 1763 bonum
189 1740 255 1763 erat
266 1755 276 1770 ,
301 1738 336 1762 ut
351 1729 491 1772 Quintus
508 1729 693 1760 Saturninus
705 1752 714 1767 ,
761 1730 790 1761 ui
808 1729 862 1761 sub
873 1739 924 1761 eo·
941 1746 944 1748 ⁷

53 1772 125 1804 dem
141 1771 230 1804 Divo
260 1772 339 1810 Pio,
374 1771 426 1802 vel
454 1778 540 1801 certe
561 1768 615 1800 sub
631 1768 726 1802 Divis
771 1772 922 1811 ratribus,

55 1814 138 1845 vixit
167 1813 198 1845 in
229 1814 249 1844 l.
278 1818 326 1845 16.
356 1811 385 1853 §.
412 1821 441 1842 2.
468 1811 507 1851 ff.
543 1812 576 1841 de
611 1811 694 1842 Poen.
715 1813 923 1851 admoneret,

55 1854 209 1897 impunita
227 1854 289 1888 effe
310 1854 458 1892 verbera,
482 1863 499 1884 a
516 1852 649 1885 Parente
672 1853 778 1894 illata,
808 1855 880 1897 quia
894 1863 923 1886 e-

687 1945 1052 1984 CAPUT

1769 130 1841 172 353

973 197 1203 238 mendationis‚
1221 209 1285 231 non
1302 200 1423 246 injuriae
1438 205 1537 244 gratia
1553 202 1759 238 inferuntur?
1774 205 1845 238 Per·-

973 237 1061 270 missa
1079 248 1174 279 nece,
1210 240 1355 281 pei-mista
1381 244 1492 284 utique
1511 246 1640 278 verbera
1656 247 1749 280 fuiss'c
1760 270 1770 286 ‚
1793 256 1846 279 ne³

973 289 1026 312 mo
1046 278 1135 312 sanus
1152 281 1365 321 dubitaverit,
1387 293 1489 326 neque
1505 294 1590 326 erat,
1616 297 1650 319 ut
1660 289 1846 320 Saturninus

973 321 1004 353 id
1031 321 1089 352 alia
1116 323 1240 354 ratione
1254 319 1445 356 defenderet.
1492 327 1534 358 Et
1559 328 1633 368 quid
1653 329 1673 360 si
1691 330 1774 361 filius
1799 340 1848 371 pa-

972 370 1072 401 trem,
1094 373 1186 405 quem
1206 366 1348 397 venerari
1375 374 1523 408 oportet,
1550 371 1754 402 contumeliis
1771 371 1845 403 adfi-

971 404 1055 442 ciat,
1078 406 1107 436 ἃ
1127 406 1178 437 vel
1199 406 1309 446 impias
1334 418 1442 441 manus
1466 409 1493 440 ei
1515 409 1657 442 inferat?
1683 419 1759 442 tunc
1773 422 1844 453 pro-

970 445 1057 477 fecto
1085 447 1255 478 auctoritas
1275 449 1372 488 patris
1390 473 1399 488 ‚
1433 451 1463 482 ἂ
1483 451 1728 490 animadve-ism,
1751 454 1848 485 etiam

973 496 1068 527 usque
1087 488 1123 519 ad
1143 498 1270 528 necem,
1291 491 1459 531 valeret-,sl
1478 493 1599 524 valeret
1620 503 1766 534 unquam.
1792 494 1849 526 Ul-

971 529 1081 568 pianus
1100 537 1201 561 tamen
1223 531 1252 562 in
1278 532 1296 562 l.
1327 542 1354 565 1.
1378 532 1405 574 §.
1431 542 1458 565 2.
1478 533 1520 575 ff.
1543 536 1576 566 de
1602 534 1705 576 Objeq.
1720 541 1839 576 parem.

971 569 1007 603 ὅ)
1026 576 1107 610 patr.
1125 570 1220 612 preest.
1242 572 1281 603 de
1299 583 1332 605 ea
1366 575 1484 615 specie:
1514 576 1695 616 Praesetius,
1722 577 1843 618 inquit,

976 610 1052 642 Urbi
1079 613 1215 644 delicium
1235 636 1245 652 ,
1277 617 1314 646 ad
1336 617 1487 657 publicam
1508 619 1649 658 pietatem
1669 620 1843 658 peritiorem,

966 658 1018 692 pro
1036 655 1114 684 morlo
1131 665 1144 684 e
1156 654 1193 685 *ω
1212 657 1357 688 vindicat.
1383 659 1422 689 de
1438 659 1597 699 patribus,
1634 660 1687 701 qui
1703 660 1757 701 ipfi
1776 661 1843 692 vin—

971 693 1074 725 dicare
1093 696 1236 736 polerit,
1259 699 1338 730 nihil
1358 700 1399 731 ilii
1417 702 1594 742 quicquam.

1014 734 1194 768 Habeamus
1222 739 1318 780 igilur
1336 763 1346 778 ,
1375 742 1404 773 &
1422 741 1485 773 illis
1506 743 1702 784 [emporii-us
1722 743 1850 785 abrogae

974 783 1041 807 tum
1060 777 1153 809 fuiil‘e
1170 780 1220 819 jus
1236 781 1312 812 illud
1332 783 1407 814 vitre
1425 784 1453 815 ὥς
1473 785 1577 823 necis,
1609 785 1638 817 ἃ
1658 785 1737 817 hanc
1755 785 1846 817 abro-

971 818 1151 859 gationem,
1183 829 1218 852 ut
1245 822 1337 853 initio
1367 824 1528 865 dicebam,
1553 827 1689 866 primum
1710 827 1848 859 tribuen-

971 861 1041 890 dam
1058 861 1156 892 videri
1176 865 1335 903 moribus,
1347 866 1398 906 qui
1417 875 1433 897 a
1451 874 1534 898 tanta
1551 866 1717 909 asperitate
1735 869 1848 900 abhor=

972 904 1090 933 rebant.
1116 902 1216 935 Nulla
1234 903 1303 936 sane
1322 906 1410 945 Lex,
1433 909 1516 948 quod
1541 908 1632 941 sciam
1645 934 1654 949 ‚
1679 918 1750 941 ante
1759 909 1845 942 Con-

972 941 1140 975 stantinum
1167 945 1218 977 M.
1246 946 1395 979 diser-teo
1422 951 1503 981 viam
1527 951 1587 982 ivit
1610 951 1684 983 huic
1711 951 1846 991 sceleri,

972 987 1002 1015 ἃ
1019 984 1118 1024 banc,
1139 995 1203 1017 non
1222 988 1312 1019 aliam
1330 991 1451 1022 causam
1467 991 1528 1023 effe
1546 993 1678 1034 opinor,
1699 994 1784 1035 quod
1795 1003 1845 1035 pa-

972 1034 1054 1065 tres,
1086 1028 1139 1067 qui
1168 1027 1252 1060 filios
1277 1030 1399 1063 filiasve
1420 1034 1621 1072 occiderant,
1645 1044 1737 1076 poena
1750 1035 1846 1076 Legis

971 1066 1130 1108 Pompejoe
1147 1069 1187 1100 de
1205 1071 1400 1111 parricidiis,
1416 1081 1488 1104 ante
1505 1073 1748 1108 Constantinum
1760 1101 1769 1116 ,
1781 1086 1848 1109 non

969 1107 1090 1140 fuerint
1115 1110 1227 1151 puniti.
1276 1111 1309 1143 ld
1334 1113 1401 1153 jus,
1426 1115 1511 1155 quod
1529 1117 1670 1148 moribus
1685 1118 1818 1150 debetur
1833 1140 1844 1158 ,

970 1150 1121 1190 paulatim
1143 1151 1222 1183 solet
1242 1151 1380 1194 serpere,
1405 1156 1435 1187 ὅ(
1454 1156 1536 1188 vires
1554 1158 1715 1199 acquirere
1728 1159 1846 1200 eund03

971 1192 1052 1222 unde
1067 1202 1083 1223 a
1101 1192 1190 1224 licita
1208 1194 1380 1228 liberorum
1398 1197 1484 1228 caede
1512 1198 1548 1229 ad
1568 1199 1756 1232 ordinariam
1776 1210 1844 1242 par—

969 1233 1072 1264 ricidii
1088 1242 1212 1274 poenam
1232 1238 1387 1277 praempiti
1416 1237 1494 1270 saltu
1515 1247 1578 1271 non
1598 1250 1664 1273 erat
1679 1241 1844 1274 decurren-

969 1275 1042 1306 dum
1055 1297 1064 1313 ,
1091 1275 1244 1309 Adrianus
1260 1286 1347 1310 certe
1363 1288 1502 1321 patrem,
1526 1281 1761 1315 interfectorem
1773 1283 1845 1323 filii,

969 1316 1208 1357 deportatione,
1233 1329 1334 1360 neque
1354 1322 1454 1362 ultra,
1482 1324 1631 1365 punivit,
1655 1333 1690 1356 ut
1708 1325 1845 1357 vidimus

970 1367 1009 1389 ex
1035 1358 1054 1389 l.
1079 1366 1110 1399 5.
1128 1359 1168 1400 ff.
1192 1363 1226 1392 cle
1251 1361 1292 1393 L.
1313 1362 1444 1406 Pompej.
1465 1368 1498 1395 cle
1517 1367 1662 1406 parricid.
1686 1367 1745 1399 Sed
1758 1366 1844 1408 p0st⁴

884 1397 925 1430 D.
970 1409 1061 1440 quam
1088 1410 1194 1442 aperta
1216 1402 1302 1444 Lege
1324 1404 1493 1437 liberorum
1519 1407 1621 1439 caedes
1638 1417 1697 1450 pro
1714 1408 1842 1450 parrici-

970 1443 1024 1472 dio
1048 1441 1155 1474 ha:›ita
1179 1453 1218 1475 ez·
1241 1469 1250 1483 ‚
1281 1454 1357 1476 ecce
1382 1446 1411 1478 in
1435 1456 1555 1488 patrem
1597 1459 1701 1488 uoque
1717 1450 1845 1482 decreta

969 1484 1126 1524 parricidii
1148 1495 1240 1526 poena
1261 1509 1269 1524 ‚
1303 1490 1332 1519 ὰ
1352 1487 1391 1519 fic
1407 1490 1542 1529 primum
1593 1492 1791 1524 onuantinus
1812 1493 1844 1525 in

969 1525 989 1556 l.
1014 1535 1065 1557 un.
1093 1526 1124 1557 C.
1148 1528 1180 1558 de
1206 1527 1268 1558 His
1296 1538 1344 1569 qm
1374 1535 1513 1570 parentes
1534 1532 1582 1562 vel
1605 1542 1749 1565 LlnERos
1770 1536 1843 1565 occi-

967 1568 1096 1605 derunt,
1119 1577 1189 1609 quae
1209 1570 1249 1601 iic
1269 1569 1401 1611 incipit:
1429 1572 1460 1603 δι
1482 1575 1548 1614 quis
1565 1576 1701 1614 parentis
1720 1581 1772 1606 aut
1795 1584 1843 1608 Fr-

968 1617 1037 1646 L11,
1061 1615 1113 1639 aut
1136 1620 1249 1641 omnmo
1271 1611 1447 1651 adfeffloms
1469 1615 1550 1656 ejus,
1569 1625 1628 1657 qua·
1649 1619 1842 1658 nuncupatio-

966 1659 1002 1680 ne
1022 1652 1182 1690 parriczdz'i
1205 1655 1371 1684 continetur
1387 1677 1398 1691 ,
1430 1655 1504 1695 fata
1531 1660 1735 1697 properaverit
1773 1659 1838 1695 &c⁶

966 1690 1051 1722 Data
1068 1691 1113 1722 est
1133 1701 1168 1723 ea
1189 1693 1255 1725 Lex
1275 1697 1311 1725 ad
1331 1694 1490 1728 Vicarium
1510 1697 1650 1739 Africae,
1676 1701 1788 1733 namin
1800 1701 1842 1735 A-,

966 1731 1047 1764 frica
1071 1733 1265 1806 potiffimum
1295 1735 1379 1767 sedes
1404 1738 1497 1778 mali,
1531 1738 1571 1771 fic
1593 1749 1627 1771 ut
1645 1741 1690 1772 ini
1712 1751 1841 1784 quoque

967 1774 1053 1815 pium
1090 1776 1170 1806 uerit
1187 1776 1339 1808 mactandi·
1358 1777 1474 1811 liberos
1490 1781 1621 1822 impium
1638 1781 1784 1823 facinus,
1811 1785 1842 1817 δε

966 1815 1037 1846 data
1061 1815 1107 1848 est
1133 1826 1215 1848 anno
1238 1816 1488 1853 Christianorum
1515 1821 1728 1857 CCCXVIII.
1754 1826 1841 1868 quod

966 1856 1087 1890 notasse
1100 1858 1248 1901 deinceps
1263 1860 1325 1891 erit
1343 1861 1432 1894 utile.

1151 1950 1199 1990 V.

104 2034 438 2086 Depulsaemtiorzes,
464 2035 578 2081 quibus
604 2042 757 2073 utuntur,
785 2037 838 2081 qui
855 2034 920 2082 sub
946 2036 1150 2083 Papiniano,
1179 2037 1337 2088 Ulpiano,
1366 2036 1407 2082 &
1435 2043 1533 2078 Paulo
1551 2045 1612 2091 jus
1637 2047 1718 2081 vitae
1744 2041 1788 2086 &a

347 2087 433 2121 necis
461 2097 494 2119 m
521 2085 635 2119 lit-eros
663 2085 764 2119 adhuc
790 2089 949 2132 integrum
976 2088 1194 2136 illibatumque
1209 2089 1336 2137 stetisse
1360 2091 1547 2138 defendunt,

51 2205 56 2208 ψ
147 2183 180 2216 ix
205 2192 310 2225 operae
333 2182 378 2215 est
404 2181 484 2213 hanc
512 2179 697 2213 sententiam
717 2180 875 2222 refutare,
900 2183 922 2216 fi

166 2225 319 2258 Auctores
336 2226 459 2255 nom-os
479 2221 658 2262 sequamur,
670 2223 699 2254 δε
710 2233 838 2256 exteros
849 2234 922 2266 pau-

53 2269 148 2309 lisper
174 2266 358 2307 seponamus
372 2289 382 2305 ,
412 2264 514 2294 donec
537 2264 566 2294 dt
583 2264 622 2295 de
639 2264 686 2295 his
702 2265 808 2296 dicere
824 2276 921 2308 magis

50 2309 255 2341 commodum
274 2307 344 2337 erit.
390 2305 493 2337 Variis
511 2313 614 2336 autem
627 2307 822 2345 rationibus,
846 2317 921 2348 quas

49 2350 164 2384 adferri
184 2349 278 2380 video
292 2371 301 2385 ‚
324 2347 375 2378 vel
395 2345 459 2388 ipse
475 2347 571 2376 modo
585 2346 750 2378 defunctus
766 2347 851 2386 sum,
869 2349 920 2381 vel

51 2400 123 2425 ante
147 2399 199 2422 me
223 2388 389 2420 defunctus
412 2387 455 2419 est
483 2386 617 2426 „lacobus
639 2386 860 2421 Gothofredus
882 2391 921 2422 ad

50 2434 72 2466 1.
97 2432 184 2465 2.*C.
208 2431 262 2462 To.
287 2432 323 2467 a'e¹
345 2430 447 2461 Liber.
472 2427 549 2468 caujss
594 2427 729 2467 Dicam,
754 2440 846 2471 quam
864 2441 920 2472 po-

51 2482 120 2507 tero
138 2497 150 2513 ‚
179 2471 372 2510 brevissime,
404 2469 489 2512 quod
515 2469 648 2509 sufficit,
673 2479 732 2501 nec
753 2473 920 2513 quicquam

46 2524 187 2557 repetam
205 2524 244 2545 ex
267 2513 330 2552 liis,
365 2522 433 2553 quae
459 2511 540 2551 apud
561 2509 798 2544 Gothofredum
823 2514 916 2554 leges.

49 2556 159 2588 Miror
179 2555 248 2587 sane
270 2555 302 2587 in
328 2554 427 2591 lianc,
447 2561 539 2593 quam
558 2552 604 2584 illi
626 2561 773 2593 tuentur,
799 2553 919 2587 senten-

49 2598 124 2630 tiam
139 2597 284 2628 advocari
306 2594 411 2636 poss'e,
433 2594 531 2639 quod¹
545 2594 578 2625 C.
602 2593 658 2639 III.
683 2594 748 2635 ipse
763 2595 916 2636 dicebam,

49 2638 167 2679 Legem
192 2637 371 2679 Pompejam
394 2636 433 2668 de
452 2635 625 2677 parricidiis
641 2643 762 2677 patrem
782 2646 845 2669 non
863 2647 916 2679 pu-

50 2677 181 2716 nivisse,
214 2678 268 2718 qui
293 2678 408 2709 liberos
427 2676 603 2716 occiderit,
627 2678 703 2717 quin
724 2678 776 2709 vel
797 2680 915 2711 nuliam

46 2721 118 2761 eius
133 2719 176 2750 ibi
193 2719 384 2750 mentionem
406 2717 535 2750 exstare
581 2717 637 2750 Est
657 2719 688 2750 id
704 2719 893 2752 veriffimum
903 2743 915 2760 ,

50 2761 80 2794 &
100 2760 225 2802 quidem
241 2759 283 2790 ob
302 2769 367 2791 eam
388 2760 508 2792 causam
518 2782 530 2798 ,
553 2769 646 2801 quam
663 2760 706 2792 ibi
720 2761 807 2799 dixi,
829 2764 914 2803 quod

48 2811 162 2842 nempe
178 2800 319 2842 patribus
348 2801 482 2841 potestas
507 2802 672 2833 occidendi
696 2809 772 2838 tunc
790 2812 914 2846 compe-

50 2843 157 2880 tierit,
179 2844 248 2881 jure
261 2841 374 2880 licito,
399 2841 449 2874 sed
470 2843 544 2885 quid
569 2843 640 2874 inde
657 2845 694 2876 ad
712 2852 837 2877 aetatem
857 2846 912 2877 Pa-

47 2883 193 2925 piniani,
224 2881 351 2922 Ulpiani
370 2904 382 2920 ,
403 2883 490 2916 Pauli
501 2884 518 2916 ἱ)
551 2892 692 2925 tempora
708 2884 803 2927 Legis
821 2887 913 2919 Pom-

47 2924 126 2966 pejae
141 2924 171 2955 ὅ(
185 2932 313 2962 eorum,
338 2932 418 2964 quos
437 2925 530 2963 dico,
552 2924 705 2965 JCtorum
722 2936 786 2959 non
802 2928 910 2961 distin-

46 2974 162 3007 guere,
185 2964 216 2996 ὅ(
234 2963 388 2996 ducentos
405 2973 604 2998 trecentosve
618 2977 715 3000 annos
735 2968 848 3011 susque
858 2971 910 3003 de-

48 3015 110 3047 que
128 3005 257 3044 habere,
281 3005 355 3046 quid
365 3027 378 3044 ,
397 3005 549 3046 obsecro,
578 3008 634 3041 nifi
664 3018 749 3041 mera
765 3011 910 3045 confufio

47 3047 121 3080 est?

89 3087 142 3120 De
166 3087 326 3129 Papiniani
355 3095 449 3120 aetate
468 3089 638 3122 maximum
662 3091 727 3125 illis
747 3103 908 3134 argumen-

48 3139 115 3164 tum
135 3130 274 3170 praebet,
293 3129 379 3170 quod
395 3128 441 3161 est
456 3129 537 3175 apud
560 3130 664 3164 collat.
685 3133 758 3166 LL.
781 3136 907 3177 Mosaicz

47 3171 84 3206 ἐξ
104 3171 230 3202 Roman.
259 3170 292 3202 Τ.
316 3169 371 3202 IV.
396 3171 448 3202 loc.
475 3174 503 3204 8.
528 3172 674 3213 quodque
693 3173 782 3215 supra
798 3186 908 3218 repra:-

46 3211 166 3284 scn÷avi
193 3212 224 3284 ξ.
249 3210 303 3247 ΠΙ,
336 3209 478 3253 Fri-stra,
510 3211 613 3253 inquit
636 3213 781 3249 Pithoeus
797 3217 831 3251 in
846 3218 910 3251 No-

118 3263 171 3285 om.
211 3275 219 3284 .

965 2187 1021 2225 tis,
1048 2186 1218 2228 Papiniano
1235 2187 1292 2218 haec
1312 2186 1425 2230 queastio
1438 2189 1582 2231 propofita
1594 2191 1696 2234 fuzffet
1707 2217 1716 2233 ,
1734 2191 1765 2232 fi
1778 2199 1843 2227 ‘non

964 2229 1040 2258 idem
1066 2238 1172 2270 quoque
1195 2230 1246 2272 jus
1269 2240 1298 2260 eo
1321 2236 1443 2271 tempore
1461 2233 1632 2275 obtinuffit.
1678 2235 1738 2267 Sed
1755 2245 1841 2276 quae-

964 2268 1024 2301 stro
1042 2271 1233 2311 proponitur
1251 2280 1289 2302 ex
1308 2271 1394 2314 Lege
1409 2274 1507 2313 julia,
1532 2275 1561 2307 ὅ(
1580 2275 1750 2308 secundum
1761 2285 1840 2308 tem*

963 2320 1043 2352 pus,
1065 2321 1129 2352 quo
1148 2312 1214 2344 haec
1232 2313 1295 2344 lata
1309 2312 1354 2345 est
1366 2337 1376 2353 ‚
1406 2317 1558 2355 quaeritur
1582 2317 1687 2355 enim,
1707 2317 1760 2348 cui
1781 2318 1843 2349 bo—

959 2362 1013 2383 no·
1025 2354 1093 2385 Lex
1113 2353 1194 2393 Julia
1212 2355 1293 2395 patri
1310 2355 1454 2389 ,Videatur
1471 2357 1586 2389 dediss'e
1606 2358 1772 2389 arbitrium
1791 2360 1840 2390 vi-

965 2402 1004 2424 tae
1026 2395 1175 2435 necisque
1199 2396 1229 2427 in
1260 2395 1356 2427 filiam
1375 2419 1387 2435 ,
1417 2398 1503 2438 quod
1536 2404 1613 2430 tunc
1641 2399 1775 2431 habebat
1795 2409 1837 2432 ex

963 2434 1049 2476 Lege
1070 2435 1190 2477 Regia3
1215 2438 1245 2468 ὅ(
1257 2436 1390 2469 haber-at
1408 2448 1517 2471 revera
1532 2448 1610 2472 tunc
1628 2448 1728 2482 pater.
1773 2440 1832 2473 Di·
1887 2474 1889 2476 ,

962 2485 1061 2516 gnus,
1089 2487 1181 2518 quem
1206 2477 1393 2518 Papinianus
1419 2478 1521 2512 solvat
1538 2505 1548 2520 ,
1580 2481 1702 2515 nodus!
1736 2481 1835 2515 solvit

961 2525 1065 2549 autem
1083 2518 1330 2551 commodiffime
1341 2541 1350 2559 ‚
1373 2520 1395 2553 fi
1412 2521 1496 2553 recte
1522 2531 1594 2555 eum
1610 2523 1836 2566 interpretatus

962 2556 1028 2589 sum
1058 2561 1087 2591 dfi
1115 2560 1147 2591 C.
1171 2559 1227 2592 III.
1258 2570 1317 2592 nec
1340 2562 1404 2594 iilis
1426 2563 1593 2606 quicquam
1611 2565 1703 2598 addo.
1747 2565 1835 2597 Inter

962 2607 1088 2631 aetatem
1105 2600 1200 2674 Legis
1215 2602 1325 2642 Juliae,
1348 2606 1387 2634 de
1401 2613 1461 2645 qua
1484 2613 1572 2637 totus
1589 2606 1634 2638 ibi
1651 2605 1753 2639 sermo
1769 2606 1814 2638 est
1825 2629 1835 2645 ,

959 2642 989 2672 ἃ
1009 2648 1134 2674 aetatem
1177 2644 1330 2684 apiniani,
1355 2645 1394 2676 de
1415 2655 1474 2687 qua
1493 2656 1553 2679 nos
1575 2647 1696 2689 agimus
1710 2672 1720 2688 ,
1748 2656 1837 2680 tanta

957 2681 1020 2714 fuit
1039 2683 1241 2725 intercapedo
1258 2687 1410 2727 temporis
1422 2710 1431 2726 ‚
1457 2697 1492 2719 ut
1511 2689 1620 2721 anilla
1639 2690 1677 2720 ad
1690 2689 1770 2721 hanc
1778 2698 1831 2720 ne-v

957 2733 1011 2755 mo
1035 2725 1118 2756 reete
1144 2734 1363 2766 argumentum
1387 2729 1525 2761 duxerit.
1580 2730 1741 2772 Papiniani
1766 2730 1832 2771 qui·
1876 2741 1879 2746 ·

958 2765 1029 2797 dem
1048 2775 1141 2798 aetate
1156 2769 1237 2808 patri
1254 2768 1355 2800 adhuc
1371 2774 1574 2811 competebat
1592 2769 1729 2812 potestas
1745 2772 1832 2803 occi-

957 2807 1181 2849 deminuam,
1214 2808 1265 2841 sed
1286 2820 1349 2841 non
1377 2812 1575 2851 quamlibet,
1595 2812 1689 2842 etiam
1709 2812 1829 2845 nullam

957 2850 1000 2880 ob
1014 2848 1136 2881 causam
1150 2873 1160 2889 ,
1185 2851 1299 2883 nedum
1317 2851 1460 2883 idoneam
1474 2873 1483 2889 ,
1507 2861 1542 2884 ut
1562 2853 1630 2884 haec
1646 2852 1723 2884 olim
1740 2861 1828 2885 com-

955 2892 1092 2931 petierat
1108 2900 1148 2922 ex
1168 2892 1253 2933 Lege
1270 2892 1427 2932 Regia,at
1442 2892 1538 2924 filiam
1555 2893 1727 2925 adulteram
1747 2894 1825 2928 dun·

955 2939 1043 2963 taxat
1060 2955 1071 2971 ,
1100 2933 1194 2973 idque
1220 2942 1259 2964 ex
1286 2931 1355 2963 solo
1383 2932 1569 2974 praescripto
1600 2933 1695 2976 Legis
1710 2935 1824 2976 Juliae‚

953 2973 1217 3014 quemadmodum
1245 2972 1310 3014 ipse:
1335 2972 1520 3013 Papinianus
1546 2975 1577 3006 id
1595 2976 1736 3017 explicat
1751 2977 1783 3009 in
1804 2978 1826 3011 ἶ.

953 3024 1006 3047 20.
1028 3014 1064 3049 ὅ)
1084 3015 1105 3044 l.
1131 3014 1239 3086 22.fff.
1263 3015 1301 3045 ad
1325 3013 1364 3045 L.
1391 3014 1459 3055 Jul.
1481 3018 1515 3046 de
1535 3016 1662 3049 adulter.
1685 3017 1823 3065 QuaeJa—

951 3064 1052 3087 conus
1069 3053 1183 3086 Gotho
1199 3056 1293 3086 ‘redus
1305 3054 1344 3086 ad
1366 3055 1393 3086 d.
1418 3055 1437 3086 l.
1461 3066 1489 3088 2.
1515 3057 1597 3088 dixit
1625 3058 1663 3090 de
1676 3065 1824 3101 nimmia,

952 3105 1044 3136 quam
1062 3094 1093 3126 se
1111 3095 1257 3136 reperisse
1274 3096 1406 3136 pucabat
1430 3096 1512 3137 Juris
1550 3098 1652 3132 uidam
1669 3099 1824 3134 studiosus

951 3138 1034 3168 inter
1048 3135 1166 3177 Legem
1183 3137 1312 3178 Regiam
1333 3138 1363 3168 <St
1387 3137 1433 3169 Le
1454 3147 1504 3170 em
1527 3108 1647 3180 (Juliam
1672 3141 1710 3173 de
1737 3143 1823 3175 adul-

952 3178 1039 3209 teriis
1052 3201 1061 3217 ,
1086 3178 1107 3210 fi
1128 3187 1192 3209 non
1209 3178 1413 3219 intelligenda
1441 3188 1489 3212 int
1505 3180 1544 3212 de
1561 3180 1645 3224 Lege
1657 3182 1755 3223 Julia,
1777 3193 1833 3221 re*¹
1865 3193 1868 3196 ’

951 3217 1057 3261 spectu
1074 3219 1235 3292 Papiniassi
1247 3242 1258 3257 ‚
1281 3217 1387 3251 fateor
1405 3241 1416 3260 ,
1445 3231 1496 3254 me
1511 3221 1651 3263 nescire,
1670 3223 1746 3266 quid
1765 3225 1822 3257 fibi

1246 3270 1268 3301 y
1771 3276 1823 3299 voi
