2008 3436
207 95 494 147 QUAEST.
553 96 784 144 JURIS
839 96 1183 142 PUBLICI,
1233 99 1623 143 LIB.11.C.XV11.

20 174 61 222 §.⁴
80 181 133 218 6‘3.
161 175 265 208 Edieti
283 177 322 209 de
337 176 531 209 Criminibus
544 185 576 216 5.
596 175 654 223 Iul.
671 185 774 223 11570.
803 219 809 224 .

70 213 246 255 Holuandi,
278 219 332 259 qui
359 217 560 255 dissentiunt,
592 220 729 250 iuav1ter
758 217 896 259 philoso-

27 261 177 305 phantur.
221 259 321 299 Aiunt
337 268 468 300 nempe,
492 258 894 332 queniqueAEudice1113qiii

25 310 112 336 reum
127 300 164 332 in
180 300 313 333 exilium
329 299 455 332 damnat
467 322 478 339 ,
501 309 630 334 nomme
707 300 896 334 auctoritate

25 343 184 378 Ordinum
208 340 395 374 sententiam
421 341 545 381 dicere,
577 341 607 374 &
627 349 700 373 cum
726 342 839 389 horum
866 344 897 378 in

25 381 206 418 'universam
223 382 432 416 Hollandiam
453 383 491 415 fit
508 381 666 421 Potestas,
690 390 785 415 etiam
813 385 895 417 reue

23 436 61 460 ex
78 422 227 456 universa
242 423 415 457 Hollandia
438 424 592 470 relegare.⁸
631 422 674 456 Di
699 433 737 456 na
755 423 893 472 ipsorum

23 464 171 501 acumine
185 465 357 499 subtilitas!
383 466 502 498 Omnes
523 462 648 505 Judices
663 476 679 496 a
720 466 892 500 Ordinibus

23 510 72 552 jus
90 507 222 546 dicunt3
246 507 390 549 optime,
413 505 463 538 sed
483 505 505 539 ii
522 506 601 538 alter
619 507 650 539 in
675 506 803 540 alterius
832 517 892 540 ter-

24 549 142 584 ritorio
164 549 214 590 jus
244 549 354 587 dicat,
376 546 531 594 repulsam
560 548 680 580 laturus
707 548 751 581 est
781 551 893 590 procul

22 590 112 624 orsini
128 590 236 623 dubio.
273 589 438 631 Competit
454 588 630 630 jurisdictio
649 590 686 621 ab
702 590 893 633 Ordinibus,

22 631 78 666 sed
97 631 222 674 fingulis
236 631 396 673 Judicibus
412 631 446 662 in
469 639 509 661 eo
537 631 723 670 territorio,
747 634 832 674 quod
856 635 894 667 iis

21 673 217 714 adsignatum
231 672 295 712 est,
318 672 399 704 ultra
415 681 479 703 non
494 674 661 713 competit.
707 673 804 718 Quod
821 684 894 708 cum

21 715 60 748 in
77 714 189 747 ceteris
211 714 304 747 rebus
327 713 366 746 fit
389 712 608 754 certissimum,
640 715 680 746 dc
704 715 771 748 solo
794 717 894 749 exilio

18 766 84 789 vcur
99 765 195 797 nugas
217 755 342 788 agunt?
388 754 522 794 robent,
547 754 568 788 fi
590 757 724 797 polluit,
748 757 779 790 in
804 757 894 790 causa

27 797 115 831 exilii
134 781 295 838 Judicibus
313 797 345 828 in
399 796 536 828 ollandia
553 798 652 838 majus
673 798 838 840 imperium
849 809 894 831 cs-

22 839 56 875 se
75 838 246 878 tributum,
271 847 363 881 quam
387 838 419 870 in
436 838 505 869 aliis
528 838 765 881 quibuscunque
785 841 891 873 cauiis.

27 879 119 921 Apud
143 878 399 913 Mediolanenses
429 879 555 921 quidam
584 882 742 922 relegatus
765 891 806 914 ex
832 891 893 914 una

25 921 169 956 Civitate
182 921 327 954 censetur
344 930 472 963 quoque
490 921 647 963 relegatus
671 932 713 954 ex
731 931 801 955 toto
826 922 894 957 Du-

23 972 97 996 catu
108 986 118 1001 ,
142 963 406 1005 quemadmodum
422 961 658 1004 testaturjulius
673 963 785 996 Clarus
799 964 840 996 L.
850 965 890 997 V.

25 1005 55 1048 §⁴
82 1004 182 1036 Final.
235 1002 308 1044 uaelb.
327 1014 379 1045 71.
403 1015 436 1035 n.
458 1013 509 1035 11.
532 1003 584 1036 scd
605 1004 636 1036 in
663 1004 835 1038 Hollandia
859 1006 891 1038 id

18 1055 137 1078 verum
153 1055 171 1077 e
198 1055 216 1077 e
230 1041 408 1088 probabunt
425 1054 595 1087 nunquam.
625 1045 806 1093 Provocant
822 1048 889 1088 qui-

23 1087 96 1120 dem
114 1087 152 1119 ad
169 1087 337 1120 nonnullas
360 1086 478 1128 Leges,
503 1085 554 1117 sed
572 1096 624 1118 eas
648 1096 726 1118 mox
752 1088 817 1129 iple
840 1098 887 1120 re-

23 1127 180 1168 censeb0,
222 1135 258 1160 ut
288 1126 474 1165 ostendam,
516 1136 586 1167 quae
614 1127 657 1159 ibi
689 1127 885 1168 statuuntur,

24 1179 89 1204 non
111 1179 169 1212 pro
192 1169 321 1211 regula,
343 1178 375 1200 at
401 1177 461 1210 pro
485 1169 729 1211 exceptionibus
749 1170 811 1202 ess'e
833 1171 886 1202 ha-

23 1211 139 1246 benda.

66 1251 192 1294 Nempe
209 1260 246 1285 ut
258 1251 339 1295 apud
353 1251 513 1285 Romanos
531 1253 713 1295 quibusdam
732 1255 895 1296 permitte-

20 1294 116 1327 batur
131 1294 227 1327 etiam
243 1302 332 1327 extra
352 1294 546 1327 territorium
562 1295 650 1327 suum
675 1296 831 1337 relegare,
857 1304 893 1328 ut

24 1335 209 1370 Praefidibus
223 1336 384 1378 Syriarum
401 1334 432 1366 ὃς
450 1334 620 1368 Daciarum
638 1336 658 1367 l.
676 1345 704 1377 7.
729 1338 756 1377 §.
785 1347 832 1378 14.
851 1337 891 1384 ff.

22 1378 60 1410 ‘de
78 1377 191 1410 interd.
211 1377 248 1413 ὅ)
264 1377 355 1418 releg.
378 1375 422 1408 fic
446 1376 477 1408 &
492 1377 589 1418 olim,
616 1378 646 1410 ὅ(
671 1378 765 1410 hodie
787 1379 892 1421 Magi-

18 1419 170 1454 ‘stratibus
184 1419 344 1452 nonnullis
358 1417 515 1450 indultum
531 1418 598 1458 est,
628 1419 691 1452 five
707 1421 894 1461 generaliter

21 1460 58 1494 in
84 1460 231 1493 omnibus
257 1458 389 1492 omnino
413 1459 535 1498 causis,
564 1461 629 1493 five
655 1459 830 1503 specialiter
859 1463 892 1494 in

23 1501 237 1534 atrocioribus
257 1501 288 1534 ὅ(
303 1499 401 1541 magis
421 1499 645 1542 frequentatis,
671 1511 707 1534 ut
730 1504 825 1536 etiam
845 1503 891 1536 ul-

22 1545 73 1576 'tra
92 1552 186 1585 quam
206 1543 256 1583 jus
282 1542 410 1580 dicunt,
434 1542 571 1583 relegare
593 1544 645 1576 vel
669 1544 834 1592 deportare
854 1545 891 1577 li-

22 1592 117 1624 teat,
147 1584 198 1617 sed
223 1586 291 1616 haec
318 1582 380 1615 effe
409 1591 451 1614 ex
468 1584 637 1627 privilegio
663 1586 754 1628 ipiius
774 1586 892 1618 Princi-

49 1626 94 1665 is,
116 1626 262 1667 exempla
287 1624 446 1667 sequentia
465 1623 537 1657 satis
560 1624 711 1668 superque
729 1627 890 1668 persuade-

21 1635 113 1702 ξηαπ.
125 1667 289 1708 Philippus
300 1666 486 1707 Burgundus
494 1666 666 1707 diplomate
676 1668 732 1701 suo
745 1678 792 1710 14.
803 1670 890 1712 Sept.

25 1716 120 1749 1447.
141 1708 303 1749 Judicibus
320 1707 480 1740 Hornanis
497 1709 722 1751 perinifit(4),
738 1712 784 1742 die
801 1711 890 1742 rebel-

25 1749 94 1788 len,
116 1751 162 1781 die
183 1751 257 1781 daar
273 1755 337 1780 zoen
351 1759 473 1787 waren,
498 1750 543 1781 die
560 1751 644 1792 werf
662 1762 706 1783 om
721 1752 800 1794 deser
814 1752 888 1793 sake

24 1791 109 1823 wille
121 1813 133 1830 ,
153 1792 216 1822 drie
244 1791 305 1821 ‘aar
323 1796 349 1822 te
373 1792 489 1822 hannem
504 1797 556 1832 ayt
573 1792 708 1824 Holland
724 1804 760 1825 en
784 1794 887 1826 Vries-

21 1832 105 1865 land.
154 1832 198 1864 Et
255 1832 357 1864 arolus
386 1832 495 1864 Audax
520 1833 689 1876 privilegio
708 1858 719 1874 ‚
749 1835 833 1876 quod
858 1846 887 1867 2.

21 1873 109 1916 Sept.
138 1877 229 1915 1462.
255 1873 447 1905 Enchusanis
457 1873 535 1915 (5),
559 1875 590 1907 ἃ.
606 1876 718 1909 eodem
734 1877 786 1909 die
803 1876 889 1909 Hor-

19 1916 110 1948 nanis
127 1914 207 1957 (6),
230 1916 261 1948 &
276 1913 567 1948 Grootebroekanis
585 1917 644 1959 (7)
655 1918 758 1959 dedit,
780 1918 890 1951 iisdem

19 1956 153 1998 largitus
172 1955 237 1996 est,
269 1963 304 1987 ut
325 1955 474 1997 quosdam
493 1980 504 1996 ,
535 1957 580 1989 ibi
602 1967 888 2000 commemoratos,

19 1997 52 2030 in
70 1998 202 2031 exilium
220 1998 294 2030 dare
310 1997 452 2038 possent,
476 2000 539 2030 niet
557 1999 654 2032 alleen
677 2002 723 2032 uit
746 2002 792 2032 die
823 2002 888 2033 Ste-

17 2040 74 2071 den
101 2049 138 2070 en
167 2039 241 2071 haar
265 2041 406 2080 vrssmn,
437 2049 522 2071 maczr
547 2042 596 2073 ook
618 2048 671 2083 uyt
696 2043 745 2073 het
771 2041 888 2086 Ooster-

18 2080 200 2122 ballitfihap
225 2091 292 2113 van»
313 2078 582 2121 Wst-Vriesland.
642 2083 702 2116 Sed
731 2083 800 2116 haec
824 2085 891 2126 qui-

17 2121 90 2154 dem
118 2121 190 2154 sunt
215 2121 380 2163 privilegia
403 2124 612 2165 temporalia,
642 2134 773 2166 quaeque
797 2127 890 2158 unice

18 2163 183 2203 pertinent
199 2164 237 2195 ad
259 2164 392 2202 noxios,
416 2163 455 2195 de
479 2165 589 2206 quibus
611 2165 653 2198 ibi
682 2168 806 2208 agitur,
829 2167 890 2200 alia

17 2211 128 2235 autem
149 2204 272 2237 exstant
297 2204 462 2246 privilegia
486 2207 642 2247 generalia
663 2208 694 2241 ἀ
719 2217 886 2250 perpetua,

17 2244 136 2286 quibus
158 2245 395 2286 Magistratibus
429 2248 589 2281 nonnullis
620 2248 729 2281 datum
755 2250 821 2290 est,
853 2260 888 2282 ut

16 2286 116 2324 etiam
134 2295 224 2318 extra
240 2285 318 2319 fines
327 2286 475 2319 territorii
493 2287 538 2320 sui
556 2299 759 2332 quoscunque
774 2292 889 2326 noxios

16 2326 136 2368 poffint
158 2327 357 2368 proscribere.
402 2326 456 2359 De
473 2328 673 2364 Leidenfibus
694 2341 889 2367 memoratur

17 2367 78 2410 (8)
104 2367 229 2401 Alberti
258 2368 369 2401 Bavari
394 2369 616 2412 privilegium,
647 2383 712 2414 quo
742 2374 780 2406 iis
804 2385 886 2408 anno

20 2417 114 2452 1343.
141 2409 324 2442 conceffiss'e
344 2409 479 2450 dicitur,
508 2420 561 2452 ut,
586 2414 698 2455 quibus
719 2415 774 2456 ipfi
800 2416 886 2449 Urbe

17 2447 70 2490 ‚sua
94 2450 328 2483 interdixiffent
342 2473 355 2489 ‚
383 2451 436 2482 vel
467 2452 499 2485 in
525 2462 710 2496 perpetuum
727 2480 737 2495 ,
769 2458 822 2490 vel
846 2458 885 2491 ad

19 2499 163 2533 vtempus,
189 2491 336 2525 universo
365 2491 503 2526 Comitis
528 2494 663 2536 Imperio
685 2496 886 2532 interdictum

18 2531 106 2566 effet.
151 2533 250 2581 Quod
275 2533 297 2566 fi
322 2533 385 2573 fit,
423 2533 539 2567 inutile
558 2537 724 2569 videbatur
747 2538 885 2583 Philippi

20 2567 180 2616 Burgundi
197 2574 421 2617 privilegium,
444 2584 508 2616 quo
527 2577 645 2618 14.Jul.
662 2588 752 2621 1434.
775 2581 886 2614 iisdem

58 2615 157 2648 ,rmifit
172 2616 251 2659 (9),
274 2624 310 2648 ut
324 2626 390 2649 non
404 2615 554 2650 duntaxat
569 2628 610 2651 ex
630 2619 687 2652 suo
704 2622 884 2663 territorio,

19 2623 70 2688 Peed
91 2656 123 2689 &
145 2666 187 2690 ex
210 2666 279 2689 tota
305 2657 483 2700 Rynlandia
505 2660 536 2691 &
561 2661 725 2693 territorio
750 2662 885 2706 Hagano

19 2696 148 2731 exilium
162 2698 286 2740 possent
305 2697 448 2731 statuere.
494 2700 592 2745 Quod
608 2703 763 2743 posterius
786 2705 884 2746 privi-

19 2732 137 2779 legium
160 2739 361 2773 confirmavit
384 2739 517 2772 Carolus
543 2742 581 2775 V.
617 2754 665 2782 19.
694 2744 756 2786 Jul.
792 2756 885 2788 1541.

19 2777 109 2853 gp).
156 2781 245 2813 Utile
262 2779 307 2812 est
321 2781 484 2822 privilegia
503 2792 616 2824 augere
639 2786 669 2818 ὅ(
695 2789 884 2828 extendere,

85 2819 272 2864 restringere
292 2822 465 2861 nonlicet,
488 2824 545 2857 nifi
562 2826 595 2860 in
614 2827 743 2861 modum
767 2838 880 2871 poenae.

81 2952 122 2991 4)
143 2951 315 2990 Handvesten
327 2963 380 2983 van
395 2955 486 2985 Hoom
504 2966 586 2995 p.91.
608 2960 635 2989 &
653 2969 700 2996 92.

80 2992 118 3030 5)
137 2990 306 3030 Handvesten
323 3002 376 3021 van
387 2993 538 3034 Encbuffen
556 3007 584 3035 p.
594 3006 640 3034 33.
659 2999 686 3028 δι
706 3007 752 3037 34.

83 3030 305 3068 6)Handvesten
320 3040 373 3059 van
387 3032 478 3062 Hoom
498 3043 525 3071 p.
534 3043 580 3070 95·
602 3037 628 3066 &
647 3041 694 3071 96.

104 3069 117 3106 )
138 3068 308 3107 Handvesten
321 3078 374 3098 van
392 3071 559 3101 Grootebroek
571 3083 598 3111 p.
608 3084 654 3112 ²4—
677 3075 758 3112 διας.

135 3107 216 3143 Apud
232 3109 399 3138 Matthaeum
417 3109 447 3138 de
459 3109 619 3142 Criminibus
631 3114 667 3144 L.
680 3114 820 3146 XLVIII.
843 3117 881 3147 T.

23 3153 72 3175 20.
94 3146 128 3174 C.
139 3153 164 3179 3.
186 3153 250 3182 n.7.
584 3164 594 3169 -

60 3183 121 3222 (9)
141 3183 236 3214 Exstat
251 3185 280 3214 id
293 3185 473 3224 privilegium
488 3187 563 3226 apud
578 3169 634 3221 van
651 3190 795 3223 Leeuwen
809 3192 845 3223 ad
859 3192 885 3230 ς.

1731 116 1796 152 27¹

939 175 992 208 De
1009 185 1043 206 re
1060 176 1122 216 ipsa
1141 177 1266 210 interim
1285 181 1416 214 constat.
1450 183 1502 215 De
1522 185 1799 218 Amstcrdammcn-

939 217 1019 249 sibus
1037 217 1104 248 haec
1125 218 1300 251 observavi.
1325 222 1450 268 .Quum
1475 235 1582 258 corum
1607 228 1803 259 territorium

938 258 1016 290 olim
1035 259 1126 290 valde
1140 259 1217 291 esset
1232 261 1415 302 angustum,
1440 264 1588 299 Albcrtus
1607 269 1741 300 Bavurus
1751 278 1801 300 an-

938 309 981 331 no
1007 304 1096 342 1387.
1122 301 1160 332 iis
1181 302 1332 334 conceliit
1354 304 1454 344 (ιι),
1486 314 1521 337 ut
1546 308 1620 339 illud
1643 311 1802 350 porrigere

939 340 1052 373 liceret
1070 341 1108 372 ad
1124 351 1222 383 usque
1239 351 1367 377 centum
1408 346 1532 378 erucas
1556 347 1678 381 Deinde
1697 349 1801 382 Muxi-

938 381 1085 414 milianus
1100 383 1129 415 &
1147 383 1310 426 Philippus
1325 389 1355 417 6.
1375 386 1468 419 hebr.
1490 393 1579 428 1488.
1597 389 1800 422 Amilcrdam-

937 423 1091 455 menlibus
1108 425 1307 467 privilegium
1334 427 1487 460 dederunt
1512 429 1595 471 (12)
1613 453 1622 469 ,
1654 442 1720 462 ‘uuor
1735 433 1803 471 sim-

935 465 1066 512 derlinge
1082 467 1178 507 gracie
1201 467 1217 507 (
1230 467 1272 500 iic
1286 468 1370 501 enim
1386 469 1500 502 habent
1524 471 1648 512 verba)
1671 481 1705 502 ut
1724 473 1801 504 faci-

933 508 1068 538 norolos
1096 508 1128 539 in
1151 508 1282 541 exilium
1302 509 1376 542 dare
1405 511 1529 552 poll'ent
1555 512 1638 544 ultra
1663 514 1799 553 perticas

935 547 1024 579 mille
1047 548 1078 580 δι
1096 556 1225 581 centum
1245 558 1333 583 extra
1355 551 1470 584 Urbem
1496 552 1578 586 suam
1592 576 1603 592 ,
1625 555 1713 586 mille
1733 564 1800 595 pcr-

937 589 1011 620 ticis
1026 588 1068 621 fic
1083 589 1196 622 additis
1212 591 1310 632 priori
1335 594 1517 635 privilegio.
1561 594 1705 627 Tandem
1731 595 1803 626 Am-

936 628 1190 663 sterdammenses
1215 632 1254 663 ab
1281 632 1474 675 Imperatore
1498 635 1616 668 Carolo
1638 637 1678 668 V.
1703 636 1801 678 petie„

937 680 1032 710 runt,
1056 680 1092 703 ut
1112 672 1167 704 fibi
1192 674 1302 706 liceret
1323 675 1519 710 facinorosos
1544 678 1574 710 in
1599 678 1731 710 exilium
1752 678 1803 708 da-

936 721 1042 744 mnare
1057 713 1095 745 ad
1112 723 1210 755 usque
1229 716 1288 747 tria
1305 718 1451 750 milliaria
1464 742 1475 758 ,
1500 718 1550 751 sed
1574 729 1638 752 non
1657 719 1802 764 obtinue7

936 761 1010 785 runt
1038 754 1094 787 nis1
1118 756 1155 787 ad
1177 766 1273 789 unum
1296 759 1450 796 milliare,
1485 760 1579 801 idque
1608 770 1645 794 ex
1672 759 1803 803 ‘speciali

937 796 1099 836 gratia,ut
1115 797 1219 830 rursus
1237 798 1329 830 habet
1339 800 1445 832 Caroli
1456 802 1656 844 privilegium
1668 805 1698 833 6.
1709 801 1801 833 Febr.

942 845 1032 878 1544.
1055 837 1146 879 (13).
1191 839 1240 871 An
1257 849 1327 881 quce
1343 841 1453 873 iimilia
1471 843 1599 875 aliarum
1619 844 1650 876 in
1669 842 1804 888 Hollan-

936 878 986 908 dia
1006 878 1138 910 Urbium
1150 880 1317 923 privilegia
1329 883 1473 923 exstent,
1496 894 1555 917 nec
1570 884 1653 925 seio,
1678 893 1735 916 nec
1746 885 1802 915 lci-

936 928 970 950 rc
986 920 1122 952 multum
1137 921 1276 955 interest.

978 961 1103 993 Moneo
1119 971 1242 1003 autem,
1267 974 1306 996 ne
1328 966 1360 998 in
1378 966 1515 1000 animum
1539 977 1627 1001 tuum
1650 968 1802 1004 inducas.

934 1009 970 1033 ut
985 1003 1128 1035 nonnulli
1147 1003 1228 1046 (14)
1246 1005 1394 1040 induxere
1410 1007 1441 1039 in
1461 1008 1546 1042 suum
1559 1033 1568 1048 ‚
1591 1011 1645 1042 illa
1667 1009 1801 1041 Urbium

932 1044 1099 1085 privilegia
1115 1044 1266 1078 duntaxat
1279 1047 1342 1078 ess'e
1356 1048 1562 1092 intelligenda
1578 1051 1617 1083 de
1642 1052 1699 1089 iis,
1722 1059 1803 1092 quos

929 1085 1057 1125 proprie
1080 1086 1248 1117 interdictos
1265 1089 1457 1128 appellamus
1473 1113 1485 1130 ,
1514 1093 1545 1124 δε
1568 1093 1695 1134 quidem
1720 1092 1801 1131 ejus-

930 1125 1017 1156 modi
1032 1126 1236 1166 interdictos,
1260 1130 1389 1170 quibus,
1413 1141 1453 1163 ne
1478 1132 1564 1165 forte
1589 1136 1695 1166 turbas
1715 1133 1802 1164 cxci-

935 1173 1022 1205 tent,
1043 1176 1107 1200 non
1121 1167 1265 1208 Judices,
1290 1169 1343 1203 sed
1357 1171 1512 1206 Consules
1527 1175 1579 1207 vel
1600 1174 1804 1216 Magistratus

935 1208 1069 1240 Urbium
1088 1209 1264 1252 imperant,
1297 1219 1352 1253 ut,
1382 1213 1465 1247 salva
1487 1215 1740 1253 existimatione,
1761 1224 1801 1248 ex

936 1248 1125 1290 Hollandia‚
1139 1260 1193 1283 aut
1206 1262 1269 1294 quo
1286 1254 1349 1286 alio
1369 1257 1549 1296 territorio,
1564 1257 1664 1289 abell'e
1678 1257 1801 1296 velint,

935 1291 1067 1324 omnino
1084 1293 1167 1325 enim
1185 1293 1359 1335 loquuntur
1376 1296 1431 1328 illa
1446 1299 1609 1339 privilegia
1625 1299 1664 1330 de
1681 1298 1804 1331 facino-

936 1332 1032 1371 rosis,
1054 1333 1087 1366 in
1100 1343 1178 1375 quos
1200 1334 1266 1367 sola
1281 1336 1447 1378 judicum,
1469 1349 1532 1372 non
1552 1340 1723 1373 Consulum
1747 1339 1801 1371 vel

935 1373 1181 1415 lelagistratuum
1198 1375 1243 1408 est
1257 1377 1407 1418 potestas.
1438 1379 1582 1421 Deinde,
1605 1390 1802 1424 quaecunque

935 1416 1103 1457 privilegia
1130 1416 1195 1458 ipse
1219 1419 1304 1458 vidi,
1336 1429 1492 1463 concepta
1516 1422 1588 1455 sunt
1613 1425 1652 1456 de
1681 1425 1802 1462 exilio,

933 1458 1064 1498 proprie
1080 1457 1123 1490 fic
1142 1459 1246 1499 disto,
1270 1471 1332 1492 van
1353 1464 1468 1494 hanaen
1479 1487 1490 1503 ‚
1514 1465 1665 1508 hallingen
1680 1477 1716 1498 en
1731 1468 1802 1498 ban-

935 1498 1144 1539 niſjementen,
1175 1510 1245 1541 quae
1270 1502 1378 1543 utique
1400 1504 1438 1536 ab
1464 1503 1686 1540 interditstione
1716 1509 1805 1542 diffe-

936 1548 1018 1572 runt.
1064 1540 1250 1574 Interdictio
1279 1543 1334 1575 illa
1360 1544 1536 1581 Consulum
1562 1549 1614 1581 vel
1638 1550 1804 1592 Magistra-

935 1588 1022 1613 tuum
1038 1583 1144 1623 potius
1157 1582 1203 1615 est
1219 1585 1394 1626 coercitio,
1418 1595 1454 1620 ut
1471 1588 1514 1620 ita
1536 1589 1656 1630 dicam,
1682 1592 1805 1631 civilis,

934 1623 976 1668 ob
995 1631 1114 1666 metum
1132 1625 1185 1657 vel
1213 1624 1424 1667 suspicionem
1449 1629 1578 1669 delicti,
1602 1641 1693 1673 quam
1709 1642 1804 1674 poena

931 1664 1123 1711 criminalis,
1146 1666 1188 1698 ob
1208 1666 1308 1708 ipsum
1322 1668 1483 1703 delictum.
1527 1671 1653 1706 Excute
1669 1674 1724 1707 illa
1742 1674 1802 1707 Ur-

931 1704 1018 1738 bium
1049 1707 1214 1749 privilegia
1227 1730 1239 1747 ,
1274 1709 1305 1741 &
1336 1710 1518 1752 miraberis,
1556 1714 1803 1757 homunciones,

931 1746 1012 1778 male
1041 1747 1204 1781 consultos
1222 1773 1232 1789 ,
1263 1756 1386 1784 tantum
1414 1753 1548 1795 ineptire
1575 1756 1735 1798 potuisse,
1766 1766 1804 1791 ut

931 1787 1095 1821 sententiae
1112 1789 1194 1830 suae,
1219 1791 1357 1832 alioquin
1377 1793 1516 1835 labanti,
1539 1795 1744 1839 succurrant,
1769 1800 1802 1832 id

932 1828 995 1867 est,
1005 1838 1041 1862 ut
1057 1830 1220 1871 Judicibus
1235 1842 1359 1866 maneat
1376 1835 1496 1879 integra
1505 1847 1544 1872 ex
1559 1838 1703 1872 universa
1718 1840 1802 1874 Hol-

932 1870 1035 1903 landia
1049 1873 1234 1914 deportandi
1253 1874 1400 1909 facultas.

974 1913 1094 1956 Regula
1110 1914 1206 1956 igitur
1222 1915 1286 1962 est,
1310 1919 1465 1953 neminem
1492 1928 1578 1955 extra
1607 1924 1804 1959 territorium

931 1955 1020 1988 suum
1041 1957 1188 1998 cuiquam
1202 1967 1298 1990 noxm
1307 1960 1439 1994 exilium
1455 1962 1593 1996 indicere
1602 1965 1687 2007 poss‘e
1699 1989 1709 2005 ,
1719 1976 1801 1998 eam-

932 2006 990 2038 que
1007 1998 1146 2039 regulam
1165 2005 1228 2032 tam
1252 1999 1284 2031 in
1307 2000 1516 2044 Provinciali,
1542 2015 1632 2047 quam
1654 2007 1799 2041 inferiori

931 2038 1042 2079 judice
1059 2041 1208 2081 probavit
1224 2040 1388 2084 Philippus
1402 2044 1443 2077 II.
1467 2045 1498 2077 in
1517 2048 1544 2079 d.
1574 2047 1603 2089 §.
1619 2052 1671 2090 63.
1695 2049 1799 2081 Edict.

932 2079 972 2111 de
991 2080 1122 2114 Crimin.
1161 2080 1340 2116 Habuimus
1360 2085 1422 2125 jam
1448 2086 1571 2128 aliquot
1595 2090 1804 2130 exceptiones

932 2131 974 2153 ex
992 2121 1118 2163 speciali
1144 2124 1333 2165 privilegiO,
1357 2127 1432 2160 alias
1451 2127 1620 2170 suggerunt
1643 2131 1712 2163 aliae
1740 2132 1801 2164 Le-

931 2173 1002 2204 ges,
1027 2165 1161 2197 maxime
1176 2165 1208 2197 in
1222 2167 1431 2202 atrocioribus
1447 2171 1478 2202 ὅς
1503 2172 1600 2213 magis
1620 2171 1802 2213 frequenta.-

934 2205 974 2237 tis
988 2205 1120 2239 delictis.
1166 2206 1271 2249 Atque
1285 2208 1330 2239 ita
1348 2209 1380 2242 in
1401 2210 1570 2252 Maiestate
1592 2213 1665 2245 laesa
1686 2215 1716 2247 ὃς
1737 2215 1801 2247 hae-

931 2245 988 2279 refi
1009 2249 1246 2289 quibuscunque
1268 2248 1429 2289 Judicibus
1442 2276 1452 2292 ,
1488 2263 1621 2295 quorum
1641 2265 1677 2286 ea
1700 2255 1739 2287 de
1764 2265 1800 2288 re

929 2288 1103 2329 jurisdictio
1127 2289 1191 2330 est,
1213 2289 1236 2322 fi
1257 2291 1301 2322 rei
1319 2300 1375 2332 per
1398 2296 1630 2327 contumaciam
1654 2295 1800 2329 absentes

931 2329 1049 2370 essent,
1080 2341 1120 2364 ex
1147 2340 1238 2370 toto,
1264 2333 1351 2373 quod
1373 2334 1445 2366 Rex
1466 2335 1687 2378 Hispaniarum
1706 2338 1800 2370 habe-

928 2371 1001 2412 bat,
1026 2373 1137 2415 Belgio
1153 2373 1340 2415 deportandi
1362 2375 1548 2409 facultatem
1570 2378 1656 2410 dedit
1678 2379 1743 2420 ipse
1762 2380 1799 2412 il-

927 2414 958 2446 le
980 2414 1143 2456 Philippus
1161 2414 1202 2447 11.
1225 2415 1257 2447 in
1275 2416 1304 2447 d.
1329 2416 1358 2458 §.
1381 2421 1432 2458 63.
1467 2419 1498 2450 ἀ
1519 2419 1622 2458 addit,
1645 2419 1795 2460 siquidem

928 2455 1019 2487 exilii
1038 2465 1165 2496 poenam
1183 2465 1225 2488 ex
1244 2463 1315 2488 toto
1328 2458 1438 2498 Belgio
1462 2459 1557 2491 alicui
1585 2460 1703 2491 delicto
1726 2461 1796 2495 Lex

928 2495 1092 2535 statuerit,
1116 2506 1227 2530 omnes
1239 2497 1385 2537 Judices,
1408 2500 1459 2540 qui
1483 2509 1603 2532 merum
1628 2501 1797 2543 imperium

928 2538 1063 2578 habent,
1088 2548 1128 2571 ex
1145 2545 1219 2570 toto
1236 2538 1349 2579 Belgio
1364 2540 1527 2582 deportare
1544 2541 1643 2582 poffe.
1686 2543 1730 2575 Et
1748 2553 1797 2575 re-

928 2579 998 2617 Cte,
1040 2579 1168 2612 uoniam
1185 2579 1264 2611 illud
1284 2579 1416 2612 exilium
1434 2591 1499 2614 non
1519 2589 1582 2615 tam
1600 2592 1642 2615 ex
1657 2584 1794 2625 potesta-

929 2628 961 2651 te
975 2620 1014 2661 Ju
1038 2621 1114 2660 icis,
1138 2629 1230 2662 quam
1248 2631 1287 2654 ex
1306 2622 1443 2663 generali
1469 2622 1564 2665 Legis
1583 2624 1624 2656 im
1650 2626 1718 2657 erio
1740 2636 1794 2658 va-

926 2662 982 2694 let.
1026 2661 1184 2703 Perpetuo
1203 2671 1330 2704 quoque
1348 2663 1406 2695 usu
1419 2672 1583 2706 receptum
1599 2675 1616 2697 e
1655 2689 1667 2705 ,
1690 2675 1726 2699 ut
1744 2667 1796 2708 Ju-

927 2702 1005 2735 dicis
1043 2702 1174 2743 mestas,
1200 2704 1232 2735 in
1253 2704 1454 2738 decernendo
1477 2706 1596 2746 exilio,
1620 2708 1795 2741 comitetur

928 2753 1005 2785 pote
1021 2746 1117 2777 tatem
1143 2744 1239 2786 Legis
1263 2746 1296 2778 in
1320 2746 1513 2789 adfignandis
1539 2749 1627 2780 exilii
1654 2749 1790 2787 finibus;

927 2786 1019 2827 plane
1034 2793 1070 2817 ut
1104 2786 1185 2819 udex
1204 2787 1288 2819 recte
1313 2787 1534 2828 impunitatem
1556 2789 1697 2821 criminis
1721 2799 1793 2831 pro-

926 2828 1051 2868 mittit,
1112 2828 1182 2860 haec
1197 2838 1239 2861 ex
1254 2828 1319 2871 ipsa
1335 2828 1420 2870 Lege
1439 2827 1625 2869 descendat,
1647 2831 1795 2904 queqliad-

1661 2881 1715 2905 mo
1738 2882 1790 2905 um

927 2962 954 2998 3.
974 2961 1090 3001 consuet.
1104 2961 1237 2999 Rynzana.

963 3001 1044 3038 (10)
1063 3001 1197 3037 Repertor.
1214 3000 1300 3029 Curia*
1311 2999 1386 3029 Hon.
1406 3008 1433 3037 p.
1444 3007 1490 3035 42.
1510 2999 1546 3029 A.
1567 2998 1593 3028 &
1612 3000 1646 3029 Β.

988 3040 1042 3075 11)
1062 3036 1234 3076 Handvesten
1248 3047 1302 3068 van
1315 3035 1480 3075 Amsterdam
1491 3042 1573 3074 1663.
1591 3047 1619 3076 p.
1629 3041 1658 3069 6.

989 3077 1046 3114 12)
1065 3076 1165 3106 Ibidem
1178 3086 1206 3114 p.
1216 3083 1264 3112 42.

965 3116 1046 3152 (13)
1067 3115 1168 3144 Ibidem
1188 3124 1216 3152 p.
1233 3118 1280 3144 62.

966 3153 1049 3191 (14)
1070 3154 1135 3183 Van
1152 3154 1296 3184 Leeuwen
1312 3153 1410 3189 etalii,
1431 3160 1506 3191 quos
1521 3152 1579 3184 dixi
1596 3162 1663 3186 n.1.
