2008 3436
859 96 877 151 (
909 109 980 150 33¹
1020 98 1038 152 )
1441 143 1446 149 .

105 189 1829 248 {biassffissffissffissffissffletffifffflffiffissffissffieffissxeffiMeta{efflei

81 323 93 335 ,
165 309 293 342 η,
342 296 422 339 se
471 302 505 342 3
525 318 567 334 ψ
616 288 696 343 a?
745 290 842 346 ἐκ
892 288 972 338 &a
1023 289 1120 336 aa
1170 289 1251 339 {ae
1300 290 1396 348 a&
1446 293 1528 342 ’eae
1577 298 1670 362 asle
1777 255 1826 365 ξς

49 322 97 366 3³³
147 325 297 393 “gii->315
341 343 421 393 ἐξ
475 332 566 390 i*
615 340 695 389 zita
751 345 842 387 {alt-:is
893 338 973 387 Ψ
1035 348 1119 385 1*
1168 340 1250 389 ff,
1313 347 1396 389 l*
1446 345 1527 393 ἐὴ
1585 316 1729 392 aare&
1778 387 1824 430 {a

7 457 11 462 ⁴
51 436 896 491 ffiss’ffissffissfflssfflssffissffiffibffissssa
912 436 1827 492 ffissffissxeuffissffiabsfflffissxeffl

198 581 439 683 ,AD
557 577 1659 686 LECTOREM.

146 780 165 789 .-
219 760 304 823 §ge
328 760 432 797 rebus
457 760 608 807 mancipi
633 757 671 795 &
696 769 761 794 nec
786 755 938 802 mancipi
964 756 1127 794 tractatio
1154 759 1299 796 obscura
1324 761 1374 798 est
1401 761 1437 798 ἃ
1466 761 1636 806 difficilis,
1662 763 1750 800 adeo
1766 776 1827 802 ve-

64 820 77 832 ⁰
170 813 173 818 ’
238 822 266 850 x·
299 810 379 846 rusti
401 811 487 857 Juris
512 808 549 846 ὅ(
574 809 640 844 aevi
666 806 865 854 ignorantia
890 806 1027 852 subegit
1055 808 1324 853 pulcherrimam
1354 813 1553 849 materiem.
1607 814 1694 850 Cum
1721 814 1826 861 Justi-

56 866 63 874 ²
88 876 93 886 ·
138 864 146 865 ’
201 869 215 887 ὲ
250 851 257 887 -“
299 861 441 904 nianus,
468 858 631 906 quicquid
657 857 729 903 ejus
755 854 983 892 distissffloffls
1011 855 1079 899 est,
1115 857 1317 903 sustulisset,
1352 861 1596 898 Tribonianus
1633 875 1750 909 operae
1775 864 1827 899 es-

53 892 60 906 ,
140 932 154 942 ,
212 903 215 907 ’
298 908 329 944 se
357 920 426 944 non
453 909 610 956 putavit,
648 917 807 942 veterum
840 905 1007 951 thorum
1034 906 1111 941 loca
1128 933 1140 951 ‚
1167 919 1241 954 quae
1269 908 1337 944 hoc
1363 912 1536 957 agebant,
1563 913 1748 950 Pandeffis
1772 912 1826 948 in-

139 971 171 982 ‚.
194 947 268 978 Γ
298 959 404 994 serere
425 985 434 1000 ,
466 956 503 992 ὅς
537 966 653 992 tamen
687 966 729 990 ea
760 955 930 998 inseruit,
966 966 1042 1001 quae
1080 955 1150 991 fine
1186 968 1254 1002 ope
1279 958 1354 1005 ejus
1382 960 1537 997 scientiae
1562 962 1730 1008 explicari
1755 972 1828 999 non

47 1008 196 1056 poss'unt.
225 1008 307 1043 hinc
332 1007 396 1042 illae
421 1006 617 1051 lachrymae.
672 1004 725 1039 Ex
750 1004 903 1049 reliquiis
930 1003 1059 1050 igitur,
1086 1017 1162 1052 quae
1187 1006 1273 1041 alibi
1299 1019 1513 1052 occurrunt,
1539 1021 1699 1047 veterum
1717 1011 1826 1059 JCto-

48 1070 150 1099 rum,
177 1057 361 1104 paucisque
387 1054 462 1091 aliis
488 1055 632 1089 aliorum
660 1052 852 1089 Annorum
886 1051 1095 1089 testimoniis
1117 1082 1127 1098 ‚
1162 1056 1314 1091 eruenda
1339 1057 1389 1093 est
1414 1060 1567 1106 antiquae
1592 1060 1691 1106 hujus
1718 1061 1827 1108 Juris.

48 1106 240 1154 prudentiae
266 1104 446 1151 cogniti03
472 1104 615 1140 mirarer
642 1104 744 1145 sane,
771 1102 864 1139 illam
892 1113 1025 1145 rerum,
1052 1102 1090 1139 ὅ(
1113 1104 1220 1150 juris,
1246 1104 1328 1140 inde
1353 1106 1522 1152 oriundi,
1549 1108 1826 1156 distinctionem,

46 1166 120 1202 quae
153 1155 189 1190 in
223 1153 339 1190 medio
371 1153 450 1189 foro
482 1153 518 1188 δι
553 1155 611 1189 usu
642 1153 824 1188 hominum
859 1151 1072 1195 obtinebat,
1109 1164 1185 1200 quae
1212 1153 1247 1189 in
1272 1154 1416 1202 judiciis
1441 1156 1479 1192 ἃ
1505 1160 1730 1196 commerciis
1756 1159 1827 1196 fre-

45 1204 295 1251 quentabatur,
332 1204 422 1250 apud
455 1204 540 1241 alios
573 1203 624 1239 rei
656 1203 828 1238 Romanae
860 1199 1052 1244 Amores,
1082 1213 1151 1238 non
1176 1203 1254 1250 plus
1279 1203 1412 1242 laudari
1438 1205 1476 1241 <Sc
1503 1207 1676 1254 describi,
1703 1209 1727 1245 fi
1752 1221 1825 1246 non

45 1253 187 1295 scirem,
220 1253 318 1289 omni
353 1261 458 1288 aetate
479 1279 489 1295 ,
524 1251 670 1295 veteri,
703 1262 816 1293 nova,
842 1251 891 1287 ita
923 1260 1164 1297 comparatum
1192 1251 1314 1297 fuiffe,
1345 1263 1383 1290 ut
1410 1267 1479 1302 quo
1504 1257 1615 1304 magis
1640 1270 1694 1295 res
1718 1261 1827 1308 vulgo

44 1301 131 1339 effet
153 1312 236 1338 nota
260 1300 297 1337 &
322 1302 380 1337 usu
408 1301 649 1348 frequentata,
681 1311 725 1335 eo
760 1300 871 1336 minus
902 1300 1010 1336 literis
1035 1301 1200 1337 mandata
1227 1301 1264 1337 δε
1291 1303 1333 1339 ad
1361 1305 1603 1351 posteritatem
1627 1319 1827 1358 propagata

43 1350 162 1388 fuiss'et
186 1351 325 1392 inutili,
362 1358 400 1386 ut
434 1350 586 1386 creditur
607 1375 620 1394 ,
655 1360 782 1397 opera:
817 1359 920 1397 atque
945 1348 968 1384 fi
993 1349 1051 1393 id,
1078 1350 1171 1396 quod
1196 1361 1291 1388 nunc
1316 1364 1440 1390 omnes
1467 1355 1605 1401 sciunt,
1632 1358 1825 1396 obliterata

45 1402 122 1450 ejus
147 1400 197 1436 rei
229 1400 396 1436 memoria
413 1427 422 1443 ‚
449 1399 554 1435 etiam
579 1398 707 1445 posteri
733 1398 818 1434 scire
851 1399 987 1445 poffint.
1039 1400 1094 1434 Ita
1121 1409 1238 1436 tamen
1263 1401 1414 1448 vivitur,
1443 1403 1479 1442 δι
1506 1403 1589 1443 inde
1617 1416 1689 1445 tarn
1715 1409 1826 1446 altum

40 1449 138 1498 apud
164 1449 350 1496 plerosque
376 1448 420 1484 de
443 1450 547 1484 rebus
572 1448 725 1495 mancipi
750 1446 786 1483 <Sc
813 1459 879 1484 nec
903 1449 1079 1496 mancipi,
1107 1449 1152 1484 de
1178 1449 1336 1489 dominio
1361 1452 1556 1503 QuiritarIO
1581 1454 1619 1492 ἃ
1643 1458 1826 1494 Bonitario

41 1499 228 1536 filentium.
281 1498 399 1534 Placet
424 1498 510 1535 mihi
535 1509 580 1534 ex
608 1497 686 1545 iplis
724 1497 878 1533 tenebris
911 1499 1025 1534 lucem
1063 1510 1243 1546 quaerere,
1267 1500 1305 1537 δι
1331 1502 1554 1550 periclitari,
1579 1507 1738 1553 nunquid
1763 1518 1828 1552 cof

34 1549 113 1597 «piis
135 1547 358 1596 undiquaque
383 1547 571 1584 contraffis
596 1547 762 1584 illustrare
785 1546 906 1595 poffim
930 1547 1097 1593 sublime,
1124 1548 1149 1585 fi
1172 1548 1267 1596 quod
1294 1550 1388 1588 aliud
1415 1553 1490 1599 est,
1515 1565 1774 1603 argumentum.
1820 1598 1822 1600 ,

92 1648 182 1692 Sed,
208 1649 360 1697 inquies,
386 1649 442 1685 cui
468 1650 564 1685 bono
588 1649 648 1685 illa
673 1648 763 1695 Juris
788 1646 914 1684 vetusti
940 1648 1112 1685 scientia?
1138 1649 1231 1701 Quid
1260 1650 1389 1687 attinet
1412 1653 1732 1700 Jurisprudentiae‚
1755 1655 1826 1694 dui

43 1695 130 1733 dum
154 1697 314 1744 sepustae,
341 1698 476 1735 cineres
501 1709 672 1741 movere,
696 1696 734 1733 δε
760 1697 794 1733 in
822 1709 863 1733 eo
887 1697 995 1734 bonas
1021 1698 1123 1734 horas
1150 1699 1322 1746 perdere?
1347 1701 1544 1740 itascilicet
1571 1704 1824 1753 philosophan-

43 1754 123 1790 tur,
146 1748 204 1794 qui
229 1747 409 1793 nesciunt,
435 1760 504 1796 quo
528 1748 642 1794 pretio
669 1746 830 1782 habenda
853 1745 917 1782 fint
943 1755 1106 1783 veterum
1131 1748 1299 1795 JCtorurn
1328 1750 1561 1799 Fragmenta,
1589 1754 1649 1801 qui
1675 1765 1744 1790 non
1770 1756 1824 1792 di.

37 1794 207 1832 dicerunt
239 1809 283 1833 ex
319 1796 398 1844 ipfis
428 1797 588 1834 fontibus
620 1808 744 1844 aquam
780 1795 957 1841 limpidam
983 1796 1150 1841 haurire,
1185 1799 1244 1835 sed
1273 1800 1449 1837 turbidam
1476 1802 1609 1839 malunt
1636 1815 1681 1840 ex
1707 1804 1825 1841 1)οὲὶο-

42 1856 134 1890 rum,
162 1857 247 1894 quos
272 1857 419 1890 vocant,
447 1846 716 1883 Commentariis
742 1844 779 1881 (Sc
804 1845 1008 1891 Responfis:
1036 1847 1075 1881 In
1101 1846 1174 1893 ipso
1202 1848 1285 1894 Jure
1312 1849 1503 1895 Romano,
1529 1863 1597 1900 quo
1622 1852 1728 1890 hodie
1756 1855 1823 1891 uti-

44 1904 122 1930 mur
147 1906 191 1931 ex
218 1895 474 1943 compositione
499 1896 731 1937 Triboniani,
763 1895 942 1932 innumera
975 1896 1092 1941 capita
1124 1896 1220 1940 sunt,
1260 1897 1304 1933 de
1332 1910 1479 1944 quorum
1505 1900 1678 1938 sententia
1702 1902 1825 1950 despe-

45 1945 190 1980 randum
217 1944 323 1988 esset,
349 1945 372 1981 fi
399 1945 517 1981 fuisset
541 1946 669 1992 absque
695 1945 749 1980 his
776 1945 866 1991 Juris
890 1944 993 1991 prisci
1019 1945 1174 1991 reliquiis
1190 1944 1226 1981 ἃ
1244 1946 1422 1993 subsidiis,
1449 1950 1532 1997 quin
1556 1950 1581 1985 fi
1607 1950 1725 1987 fuiffet
1746 1954 1823 1990 abs-

45 2004 111 2040 que
135 1995 200 2030 hac
225 2007 339 2032 rerum
365 1993 582 2041 mancipi&
612 2005 678 2030 nec
711 1994 867 2040 mancipi
899 1994 1053 2030 scientia.
1114 1996 1200 2031 Non
1234 1997 1426 2033 recensebo
1467 2010 1596 2046 magna
1634 2000 1823 2048 Nomina,

44 2053 121 2090 quae
147 2043 233 2088 hac,
260 2055 329 2080 non
358 2045 424 2080 alia
451 2054 526 2080 arte
550 2043 654 2080 famae
677 2044 744 2080 suae
770 2043 1043 2086 consuluerunt,
1078 2043 1115 2080 <Sc
1148 2045 1382 2082 obscurissima
1414 2048 1570 2096 alioquin
1608 2050 1686 2086 loca
1724 2051 1823 2087 nullo

45 2093 194 2138 negotio
219 2093 438 2140 interpretati
473 2094 550 2130 sunt
568 2121 578 2137 ,
612 2093 763 2129 laudabo
800 2093 916 2139 potius
954 2093 1034 2128 Viri
1059 2093 1148 2129 Clar.
1178 2095 1324 2131 Antonii
1351 2096 1560 2146 Schultingii
1577 2125 1587 2141 ,
1613 2100 1714 2146 §Juris
1739 2101 1823 2137 Pro-

44 2139 180 2176 fefforis
211 2142 245 2177 in
279 2143 472 2178 Academia
497 2142 614 2179 vicina
633 2169 647 2187 ,
682 2151 848 2178 aeternum
886 2153 996 2188 opus,
1031 2143 1123 2189 quod
1159 2155 1269 2189 nuper
1296 2144 1428 2190 edidit,
1453 2145 1490 2182 &
1515 2146 1822 2195 Jurisprudentiam

46 2190 396 2237 Ante-justinianeum
421 2191 601 2237 inscripsit.
650 2192 702 2227 Eo
730 2203 858 2239 opere,
893 2191 985 2238 quod
1024 2203 1130 2227 nemo
1164 2202 1235 2228 tam
1268 2193 1414 2238 sedulo,
1455 2205 1528 2232 tam
1560 2197 1664 2234 doffte
1688 2199 1823 2245 praesti-

46 2248 156 2280 terat,
185 2251 306 2276 omnes
333 2241 423 2286 Juris
447 2241 579 2275 veteris
603 2241 766 2288 reliquias
793 2242 957 2288 collegit,
984 2240 1021 2275 ἃ
1046 2243 1162 2285 Notis,
1192 2241 1215 2277 si
1239 2254 1306 2278 non
1331 2244 1430 2290 justis
1456 2246 1753 2294 Commentariis,
1777 2249 1820 2285 il-

47 2287 226 2334 lustravit,
257 2288 294 2325 ἃ
318 2288 412 2326 simul
427 2289 610 2337 probavit,
637 2302 739 2339 quam
764 2291 858 2327 utilis
884 2290 923 2326 fit
947 2291 1046 2326 labor
1062 2317 1073 2336 ,
1099 2292 1159 2340 qui
1186 2291 1223 2328 in
1249 2292 1301 2329 his
1327 2294 1431 2330 rebus
1456 2296 1610 2342 ponitur.

95 2386 174 2432 Ipse
199 2387 339 2434 quidem
366 2390 514 2435 primum
541 2389 786 2426 constitueram
815 2391 987 2437 explicare
1013 2391 1191 2438 integrum
1219 2391 1362 2428 Titulum
1387 2393 1483 2428 XIX.
1509 2393 1640 2442 Fragm.
1668 2397 1820 2444 Ulpiani,

42 2444 150 2483 ,atque
170 2437 259 2472 adeo
293 2438 351 2474 sex
383 2440 506 2476 modos
538 2439 740 2486 acquirendi
772 2439 953 2484 dominii,
986 2452 1073 2489 quos
1105 2441 1162 2476 ille
1195 2441 1372 2485 recenset,
1399 2441 1436 2478 ἃ
1464 2443 1627 2481 conferre
1653 2457 1733 2482 cum
1758 2447 1820 2484 sex

41 2484 177 2528 modis,
203 2487 324 2533 quibus
350 2488 546 2524 dominium
572 2488 705 2536 acquiri
730 2488 861 2535 scripsit
888 2491 1004 2526 Varro
1030 2491 1070 2524 L.
1098 2491 1142 2524 11.
1171 2491 1207 2526 de
1231 2490 1282 2525 Re
1308 2490 1428 2538 rustica
1454 2493 1489 2528 C.
1512 2506 1568 2529 10.
1621 2495 1819 2533 Constitue-

41 2544 120 2569 cam
145 2540 326 2583 utrumque
351 2538 602 2584 Fragmentum
621 2565 631 2582 ,
667 2537 761 2585 quod
793 2539 828 2574 de
864 2541 1102 2586 mancipatione
1128 2538 1164 2575 ἃ
1191 2542 1224 2575 in
1243 2541 1320 2587 jure
1345 2540 1477 2589 cffone
1504 2544 1605 2579 nobis
1631 2545 1786 2591 superest
1803 2572 1819 2591 ‚

47 2581 157 2618 Notis
183 2583 366 2629 illustrare,
394 2585 431 2622 ἃ
455 2586 619 2634 quicquid
645 2588 777 2634 uspiam
801 2588 846 2624 de
872 2598 1016 2635 utraque
1042 2588 1263 2625 solemnitate
1297 2592 1470 2633 occurrit,
1497 2602 1665 2630 excutere
1694 2593 1732 2631 ἃ
1757 2606 1818 2630 an-

48 2640 194 2674 notare,
221 2633 278 2670 sed
303 2635 384 2672 talia
409 2635 640 2673 meditantem
673 2638 844 2683 praevenit
886 2637 1050 2674 industria
1083 2637 1120 2672 δε
1156 2638 1307 2674 eruditio
1345 2640 1549 2686 Clariffimi,
1576 2655 1679 2689 quem
1707 2644 1817 2679 modo

45 2679 255 2724 laubabam,
283 2683 361 2719 Viri
388 2686 537 2722 Antonii
562 2685 792 2734 Schultingii,
818 2687 1049 2734 qui‘plurima
1073 2688 1282 2735 occupavit,
1319 2699 1396 2735 quae
1428 2691 1514 2727 mihi
1548 2692 1584 2727 in
1609 2691 1817 2739 Adversariis·

49 2739 130 2764 nata
156 2741 264 2766 erant.
318 2733 452 2783 Quare,
479 2745 614 2772 mutato
639 2735 799 2779 consilio,
827 2737 904 2772 vela
930 2736 1169 2772 contrahenda
1202 2737 1270 2773 effe
1301 2748 1392 2774 ratus
1418 2741 1513 2783 sum,
1540 2752 1605 2776 nec
1629 2742 1815 2788 quicquam

48 2779 135 2813 mihi
159 2779 328 2826 reliquum
351 2781 418 2818 esse
442 2785 560 2830 volui,
586 2795 688 2831 quam
715 2794 961 2833 argumentum
987 2787 1024 2821 de
1049 2788 1143 2821 rebus
1170 2789 1311 2833 mancipi
1336 2786 1374 2822 ἃ
1400 2800 1457 2823 nec
1482 2791 1645 2835 mancipi.
1674 2790 1718 2825 de
1744 2803 1814 2839 quo

49 2825 122 2872 ipse
147 2827 336 2874 parciffime
360 2830 460 2873 dixit.
513 2834 630 2870 Facile
663 2835 816 2881 patietur
849 2836 916 2871 Vir
947 2836 1171 2878 Clariffimus,
1206 2836 1229 2871 sl
1254 2836 1291 2872 <Sc
1318 2848 1386 2883 ego
1412 2838 1602 2884 symbolam
1631 2838 1814 2877 conferam

50 2874 93 2908 ad
121 2879 235 2920 partes
259 2878 422 2922 quasdam
445 2883 573 2920 veter'is
599 2884 888 2932 Jurisprudentiae
914 2885 1218 2932 interpretandas,
1245 2895 1328 2931 quas
1352 2885 1425 2930 ipse
1446 2886 1501 2921 vel
1529 2885 1666 2931 omisit,
1696 2889 1751 2925 vel
1776 2903 1814 2926 a.

48 2923 151 2966 liter,
175 2935 216 2960 ac
241 2927 324 2963 mihi
356 2928 515 2966 videatur
531 2959 541 2974 ‚
573 2933 822 2980 interpretatus
846 2933 908 2971 est.
963 2935 1067 2973 Hanc
1093 2934 1291 2970 libertatem
1317 2934 1470 2979 petimus
1503 2934 1732 2984 dabimusque
1757 2940 1810 2977 vi-

51 2971 171 3008 ciffim.
227 2974 302 3020 Ita,
326 2976 474 3023 Lector,
497 2981 587 3017 vale.

1044 3241 1172 3284 Tt2
1623 3247 1814 3296 COR-
