<?xml version="1.0" encoding="UTF-8"?>
<!DOCTYPE html PUBLIC "-//W3C//DTD XHTML 1.0 Transitional//EN"
    "http://www.w3.org/TR/xhtml1/DTD/xhtml1-transitional.dtd">
<html xmlns="http://www.w3.org/1999/xhtml" xml:lang="en" lang="en">
 <head>
  <title>
</title>
<meta http-equiv="Content-Type" content="text/html;charset=utf-8" />
  <meta name='ocr-system' content='tesseract 3.04.00' />
  <meta name='ocr-capabilities' content='ocr_page ocr_carea ocr_par ocr_line ocrx_word'/>
</head>
<body>
  <div class='ocr_page' id='page_1' title='image "./corneliivanbynke00bijn_0916.png"; bbox 0 0 2008 3436; ppageno 0'>
   <div class='ocr_carea' id='block_1_1' title="bbox 149 104 817 158">
    <p class='ocr_par' dir='ltr' id='par_1_1' title="bbox 149 104 817 158">
     <span class='ocr_line' id='line_1_1' title="bbox 149 104 817 158; baseline -0.007 -14"><span class='ocrx_word' id='word_1_1' title='bbox 149 120 221 154; x_wconf 84' lang='lat'>454</span> <span class='ocrx_word' id='word_1_2' title='bbox 420 104 817 158; x_wconf 63' lang='lat' dir='ltr'><strong>CORNELII</strong></span> 
     </span>
    </p>
   </div>
   <div class='ocr_carea' id='block_1_2' title="bbox 138 191 1034 3114">
    <p class='ocr_par' dir='ltr' id='par_1_2' title="bbox 149 191 1018 1385">
     <span class='ocr_line' id='line_1_2' title="bbox 151 191 1009 235; baseline -0.006 -8"><span class='ocrx_word' id='word_1_3' title='bbox 151 196 304 235; x_wconf 73' lang='lat' dir='ltr'>vendere,</span> <span class='ocrx_word' id='word_1_4' title='bbox 320 195 373 227; x_wconf 78' lang='lat' dir='ltr'>vel</span> <span class='ocrx_word' id='word_1_5' title='bbox 391 195 465 227; x_wconf 88' lang='lat' dir='ltr'>alias</span> <span class='ocrx_word' id='word_1_6' title='bbox 479 204 520 226; x_wconf 85' lang='lat' dir='ltr'>ex</span> <span class='ocrx_word' id='word_1_7' title='bbox 534 195 627 226; x_wconf 88' lang='lat' dir='ltr'>animi</span> <span class='ocrx_word' id='word_1_8' title='bbox 647 193 690 226; x_wconf 88' lang='lat' dir='ltr'>sui</span> <span class='ocrx_word' id='word_1_9' title='bbox 708 191 880 230; x_wconf 86' lang='lat' dir='ltr'>sententia,</span> <span class='ocrx_word' id='word_1_10' title='bbox 903 192 941 223; x_wconf 88' lang='lat' dir='ltr'>de</span> <span class='ocrx_word' id='word_1_11' title='bbox 960 200 1009 222; x_wconf 86' lang='lat' dir='ltr'>na-</span> 
     </span>
     <span class='ocr_line' id='line_1_3' title="bbox 151 233 1010 278; baseline -0.007 -10"><span class='ocrx_word' id='word_1_12' title='bbox 151 247 192 268; x_wconf 87' lang='lat' dir='ltr'>ve</span> <span class='ocrx_word' id='word_1_13' title='bbox 210 238 337 278; x_wconf 73' lang='lat' dir='ltr'>ejusque</span> <span class='ocrx_word' id='word_1_14' title='bbox 363 246 458 269; x_wconf 88' lang='lat' dir='ltr'>onere</span> <span class='ocrx_word' id='word_1_15' title='bbox 482 236 634 273; x_wconf 84' lang='lat' dir='ltr'>statuere,</span> <span class='ocrx_word' id='word_1_16' title='bbox 659 233 869 273; x_wconf 71' lang='lat' dir='ltr'>seexpensas,</span> <span class='ocrx_word' id='word_1_17' title='bbox 893 234 924 264; x_wconf 88' lang='lat' dir='ltr'>in</span> <span class='ocrx_word' id='word_1_18' title='bbox 944 242 1010 263; x_wconf 78' lang='lat' dir='ltr'>eam</span> 
     </span>
     <span class='ocr_line' id='line_1_4' title="bbox 151 273 1008 319; baseline -0.007 -9"><span class='ocrx_word' id='word_1_19' title='bbox 151 288 218 310; x_wconf 85' lang='lat' dir='ltr'>rem</span> <span class='ocrx_word' id='word_1_20' title='bbox 234 277 349 316; x_wconf 67' lang='lat' dir='ltr'>factas,</span> <span class='ocrx_word' id='word_1_21' title='bbox 374 286 568 319; x_wconf 79' lang='lat' dir='ltr'>quantocyus</span> <span class='ocrx_word' id='word_1_22' title='bbox 583 276 641 307; x_wconf 78' lang='lat' dir='ltr'>effe</span> <span class='ocrx_word' id='word_1_23' title='bbox 663 273 880 312; x_wconf 83' lang='lat' dir='ltr'>restituturoS,</span> <span class='ocrx_word' id='word_1_24' title='bbox 903 283 1008 314; x_wconf 85' lang='lat' dir='ltr'>quum-</span> 
     </span>
     <span class='ocr_line' id='line_1_5' title="bbox 151 314 1008 360; baseline -0.007 -9"><span class='ocrx_word' id='word_1_25' title='bbox 151 329 212 360; x_wconf 85' lang='lat' dir='ltr'>que</span> <span class='ocrx_word' id='word_1_26' title='bbox 229 320 272 350; x_wconf 85' lang='lat' dir='ltr'>ita</span> <span class='ocrx_word' id='word_1_27' title='bbox 287 318 478 351; x_wconf 83' lang='lat' dir='ltr'>mandassent</span> <span class='ocrx_word' id='word_1_28' title='bbox 507 317 590 359; x_wconf 86' lang='lat' dir='ltr'>quod</span> <span class='ocrx_word' id='word_1_29' title='bbox 614 316 652 347; x_wconf 79' lang='lat' dir='ltr'>ad</span> <span class='ocrx_word' id='word_1_30' title='bbox 669 324 779 347; x_wconf 88' lang='lat' dir='ltr'>navem</span> <span class='ocrx_word' id='word_1_31' title='bbox 805 316 834 346; x_wconf 72' lang='lat' dir='ltr'>&lt;St</span> <span class='ocrx_word' id='word_1_32' title='bbox 852 325 950 353; x_wconf 85' lang='lat' dir='ltr'>onus,</span> <span class='ocrx_word' id='word_1_33' title='bbox 978 314 1008 344; x_wconf 67' lang='grc' dir='ltr'><strong>ἄ</strong></span> 
     </span>
     <span class='ocr_line' id='line_1_6' title="bbox 152 354 1011 402; baseline -0.007 -11"><span class='ocrx_word' id='word_1_34' title='bbox 152 360 258 402; x_wconf 80' lang='lat' dir='ltr'>postea</span> <span class='ocrx_word' id='word_1_35' title='bbox 282 360 524 398; x_wconf 71' lang='lat' dir='ltr'>intellexissent,</span> <span class='ocrx_word' id='word_1_36' title='bbox 557 367 668 389; x_wconf 86' lang='lat' dir='ltr'>navem</span> <span class='ocrx_word' id='word_1_37' title='bbox 689 355 782 387; x_wconf 74' lang='lat' dir='ltr'>fuiil&#39;e</span> <span class='ocrx_word' id='word_1_38' title='bbox 809 366 957 393; x_wconf 79' lang='lat' dir='ltr'>vacuam,</span> <span class='ocrx_word' id='word_1_39' title='bbox 980 354 1011 385; x_wconf 83' lang='lat' dir='ltr'>id</span> 
     </span>
     <span class='ocr_line' id='line_1_7' title="bbox 149 396 1010 442; baseline -0.008 -9"><span class='ocrx_word' id='word_1_40' title='bbox 149 402 329 434; x_wconf 82' lang='lat' dir='ltr'>mandatum</span> <span class='ocrx_word' id='word_1_41' title='bbox 351 411 400 442; x_wconf 78' lang='lat'>27.</span> <span class='ocrx_word' id='word_1_42' title='bbox 424 401 503 433; x_wconf 85' lang='lat' dir='ltr'>Dec.</span> <span class='ocrx_word' id='word_1_43' title='bbox 532 407 622 439; x_wconf 80' lang='lat'><em>1721.</em></span> <span class='ocrx_word' id='word_1_44' title='bbox 644 396 833 438; x_wconf 85' lang='lat' dir='ltr'>restringunt</span> <span class='ocrx_word' id='word_1_45' title='bbox 854 398 890 428; x_wconf 85' lang='lat' dir='ltr'>ad</span> <span class='ocrx_word' id='word_1_46' title='bbox 913 396 1010 427; x_wconf 84' lang='lat' dir='ltr'>solam</span> 
     </span>
     <span class='ocr_line' id='line_1_8' title="bbox 152 437 1008 482; baseline -0.007 -8"><span class='ocrx_word' id='word_1_47' title='bbox 152 452 277 475; x_wconf 77' lang='lat' dir='ltr'>navem.</span> <span class='ocrx_word' id='word_1_48' title='bbox 308 443 397 474; x_wconf 90' lang='lat' dir='ltr'>Tota</span> <span class='ocrx_word' id='word_1_49' title='bbox 418 442 486 473; x_wconf 81' lang='lat' dir='ltr'>fere</span> <span class='ocrx_word' id='word_1_50' title='bbox 502 441 614 482; x_wconf 75' lang='lat' dir='ltr'>hyeme</span> <span class='ocrx_word' id='word_1_51' title='bbox 629 438 802 470; x_wconf 86' lang='lat' dir='ltr'>laboratum</span> <span class='ocrx_word' id='word_1_52' title='bbox 817 437 880 476; x_wconf 83' lang='lat' dir='ltr'>cst,</span> <span class='ocrx_word' id='word_1_53' title='bbox 907 446 941 468; x_wconf 84' lang='lat' dir='ltr'>ut</span> <span class='ocrx_word' id='word_1_54' title='bbox 957 446 1008 468; x_wconf 83' lang='lat' dir='ltr'>na-</span> 
     </span>
     <span class='ocr_line' id='line_1_9' title="bbox 152 479 1009 518; baseline -0.005 -5"><span class='ocrx_word' id='word_1_55' title='bbox 152 484 203 515; x_wconf 85' lang='lat' dir='ltr'>vis</span> <span class='ocrx_word' id='word_1_56' title='bbox 223 483 413 515; x_wconf 88' lang='lat' dir='ltr'>effoderetur</span> <span class='ocrx_word' id='word_1_57' title='bbox 440 483 470 514; x_wconf 85' lang='lat'>&amp;</span> <span class='ocrx_word' id='word_1_58' title='bbox 491 492 520 513; x_wconf 80' lang='lat' dir='ltr'>in</span> <span class='ocrx_word' id='word_1_59' title='bbox 547 489 630 512; x_wconf 90' lang='lat' dir='ltr'>mare</span> <span class='ocrx_word' id='word_1_60' title='bbox 655 479 874 518; x_wconf 79' lang='lat' dir='ltr'>deduceretur,</span> <span class='ocrx_word' id='word_1_61' title='bbox 899 479 928 510; x_wconf 64' lang='grc' dir='ltr'>ὃς</span> <span class='ocrx_word' id='word_1_62' title='bbox 943 486 1009 509; x_wconf 84' lang='lat' dir='ltr'>tan-</span> 
     </span>
     <span class='ocr_line' id='line_1_10' title="bbox 151 519 1012 561; baseline -0.009 -4"><span class='ocrx_word' id='word_1_63' title='bbox 151 525 223 557; x_wconf 80' lang='lat' dir='ltr'>dem</span> <span class='ocrx_word' id='word_1_64' title='bbox 253 524 360 556; x_wconf 67' lang='lat' dir='ltr'>effossi</span> <span class='ocrx_word' id='word_1_65' title='bbox 384 525 413 556; x_wconf 63' lang='grc' dir='ltr'>ἀ</span> <span class='ocrx_word' id='word_1_66' title='bbox 441 522 570 554; x_wconf 61' lang='lat' dir='ltr'>deaut-”ta</span> <span class='ocrx_word' id='word_1_67' title='bbox 603 519 851 553; x_wconf 85' lang='lat' dir='ltr'>Amsterdamum</span> <span class='ocrx_word' id='word_1_68' title='bbox 882 519 1012 561; x_wconf 78' lang='lat' dir='ltr'>appellit</span> 
     </span>
     <span class='ocr_line' id='line_1_11' title="bbox 154 561 1011 609; baseline -0.008 -11"><span class='ocrx_word' id='word_1_69' title='bbox 154 576 205 598; x_wconf 79' lang='lat'>12.</span> <span class='ocrx_word' id='word_1_70' title='bbox 230 566 288 606; x_wconf 89' lang='lat' dir='ltr'>Jul.</span> <span class='ocrx_word' id='word_1_71' title='bbox 317 575 407 605; x_wconf 80' lang='lat'><em>1722.</em></span> <span class='ocrx_word' id='word_1_72' title='bbox 431 565 539 609; x_wconf 84' lang='lat' dir='ltr'>Quum</span> <span class='ocrx_word' id='word_1_73' title='bbox 558 562 743 594; x_wconf 79' lang='lat' dir='ltr'>affecu1·atus</span> <span class='ocrx_word' id='word_1_74' title='bbox 767 561 804 592; x_wconf 85' lang='lat' dir='ltr'>ab</span> <span class='ocrx_word' id='word_1_75' title='bbox 828 561 1011 592; x_wconf 67' lang='lat' dir='ltr'>affectu-ato-</span> 
     </span>
     <span class='ocr_line' id='line_1_12' title="bbox 150 601 1012 646; baseline -0.007 -8"><span class='ocrx_word' id='word_1_76' title='bbox 150 607 239 639; x_wconf 76' lang='lat' dir='ltr'>ribus</span> <span class='ocrx_word' id='word_1_77' title='bbox 254 606 368 638; x_wconf 86' lang='lat' dir='ltr'>frustra</span> <span class='ocrx_word' id='word_1_78' title='bbox 395 611 551 646; x_wconf 77' lang='lat' dir='ltr'><strong>repeteret</strong></span> <span class='ocrx_word' id='word_1_79' title='bbox 572 602 735 644; x_wconf 77' lang='lat' dir='ltr'>expensas,</span> <span class='ocrx_word' id='word_1_80' title='bbox 758 602 791 634; x_wconf 87' lang='lat' dir='ltr'>in</span> <span class='ocrx_word' id='word_1_81' title='bbox 817 601 1012 633; x_wconf 81' lang='lat' dir='ltr'>effoffionem</span> 
     </span>
     <span class='ocr_line' id='line_1_13' title="bbox 153 642 1013 683; baseline -0.008 -4"><span class='ocrx_word' id='word_1_82' title='bbox 153 649 185 680; x_wconf 86' lang='lat'>&amp;</span> <span class='ocrx_word' id='word_1_83' title='bbox 205 648 422 679; x_wconf 65' lang='lat' dir='ltr'>deduftionem</span> <span class='ocrx_word' id='word_1_84' title='bbox 442 645 557 683; x_wconf 64' lang='lat' dir='ltr'>saetas,</span> <span class='ocrx_word' id='word_1_85' title='bbox 580 655 632 676; x_wconf 86' lang='lat' dir='ltr'>cos</span> <span class='ocrx_word' id='word_1_86' title='bbox 651 653 690 675; x_wconf 92' lang='lat' dir='ltr'>eo</span> <span class='ocrx_word' id='word_1_87' title='bbox 713 643 841 675; x_wconf 89' lang='lat' dir='ltr'>nomine</span> <span class='ocrx_word' id='word_1_88' title='bbox 861 642 1013 675; x_wconf 84' lang='lat' dir='ltr'>convenit</span> 
     </span>
     <span class='ocr_line' id='line_1_14' title="bbox 151 683 1013 730; baseline -0.008 -10"><span class='ocrx_word' id='word_1_89' title='bbox 151 690 233 730; x_wconf 80' lang='lat' dir='ltr'>apud</span> <span class='ocrx_word' id='word_1_90' title='bbox 250 689 394 728; x_wconf 78' lang='lat' dir='ltr'>judices,</span> <span class='ocrx_word' id='word_1_91' title='bbox 419 687 472 728; x_wconf 87' lang='lat' dir='ltr'>qui</span> <span class='ocrx_word' id='word_1_92' title='bbox 494 687 532 717; x_wconf 85' lang='lat' dir='ltr'>de</span> <span class='ocrx_word' id='word_1_93' title='bbox 552 687 643 717; x_wconf 88' lang='lat' dir='ltr'>rebus</span> <span class='ocrx_word' id='word_1_94' title='bbox 663 685 826 716; x_wconf 83' lang='lat' dir='ltr'>maritimis</span> <span class='ocrx_word' id='word_1_95' title='bbox 847 683 1013 716; x_wconf 84' lang='lat' dir='ltr'>Rotterda-</span> 
     </span>
     <span class='ocr_line' id='line_1_15' title="bbox 149 723 1013 769; baseline -0.008 -8"><span class='ocrx_word' id='word_1_96' title='bbox 149 731 196 762; x_wconf 84' lang='lat' dir='ltr'>mi</span> <span class='ocrx_word' id='word_1_97' title='bbox 222 731 270 769; x_wconf 83' lang='lat' dir='ltr'>jus</span> <span class='ocrx_word' id='word_1_98' title='bbox 291 729 408 760; x_wconf 82' lang='lat' dir='ltr'>dieunt.</span> <span class='ocrx_word' id='word_1_99' title='bbox 453 728 537 765; x_wconf 80' lang='lat' dir='ltr'>Rei,</span> <span class='ocrx_word' id='word_1_100' title='bbox 570 726 668 768; x_wconf 83' lang='lat' dir='ltr'>probe</span> <span class='ocrx_word' id='word_1_101' title='bbox 696 726 809 767; x_wconf 79' lang='lat' dir='ltr'>gnari,</span> <span class='ocrx_word' id='word_1_102' title='bbox 841 726 935 756; x_wconf 85' lang='lat' dir='ltr'>etiam</span> <span class='ocrx_word' id='word_1_103' title='bbox 958 723 1013 755; x_wconf 87' lang='lat' dir='ltr'>sibi</span> 
     </span>
     <span class='ocr_line' id='line_1_16' title="bbox 152 765 1013 807; baseline -0.007 -6"><span class='ocrx_word' id='word_1_104' title='bbox 152 770 275 802; x_wconf 85' lang='lat' dir='ltr'>obstare</span> <span class='ocrx_word' id='word_1_105' title='bbox 293 770 354 801; x_wconf 91' lang='lat' dir='ltr'>duo</span> <span class='ocrx_word' id='word_1_106' title='bbox 370 770 423 801; x_wconf 88' lang='lat' dir='ltr'>illa</span> <span class='ocrx_word' id='word_1_107' title='bbox 443 769 605 807; x_wconf 84' lang='lat' dir='ltr'>mandata,</span> <span class='ocrx_word' id='word_1_108' title='bbox 627 769 656 800; x_wconf 85' lang='lat'>&amp;</span> <span class='ocrx_word' id='word_1_109' title='bbox 672 767 765 799; x_wconf 80' lang='lat' dir='ltr'>fidem</span> <span class='ocrx_word' id='word_1_110' title='bbox 793 767 835 798; x_wconf 92' lang='lat' dir='ltr'>ibi</span> <span class='ocrx_word' id='word_1_111' title='bbox 857 767 959 797; x_wconf 89' lang='lat' dir='ltr'>datam</span> <span class='ocrx_word' id='word_1_112' title='bbox 974 765 1013 795; x_wconf 89' lang='lat' dir='ltr'>de</span> 
     </span>
     <span class='ocr_line' id='line_1_17' title="bbox 152 806 1014 851; baseline -0.006 -9"><span class='ocrx_word' id='word_1_113' title='bbox 152 811 353 843; x_wconf 75' lang='lat' dir='ltr'>refundendis</span> <span class='ocrx_word' id='word_1_114' title='bbox 378 819 580 851; x_wconf 79' lang='lat' dir='ltr'>quantocyus</span> <span class='ocrx_word' id='word_1_115' title='bbox 610 808 750 849; x_wconf 80' lang='lat' dir='ltr'>expensis</span> <span class='ocrx_word' id='word_1_116' title='bbox 772 831 781 847; x_wconf 94' lang='lat'>,</span> <span class='ocrx_word' id='word_1_117' title='bbox 813 806 955 839; x_wconf 81' lang='lat' dir='ltr'>adversus</span> <span class='ocrx_word' id='word_1_118' title='bbox 978 815 1014 836; x_wconf 87' lang='lat' dir='ltr'>ea</span> 
     </span>
     <span class='ocr_line' id='line_1_18' title="bbox 150 847 1014 892; baseline -0.008 -8"><span class='ocrx_word' id='word_1_119' title='bbox 150 853 324 892; x_wconf 77' lang='lat' dir='ltr'>implorant</span> <span class='ocrx_word' id='word_1_120' title='bbox 342 851 572 884; x_wconf 83' lang='lat' dir='ltr'>restitutionem</span> <span class='ocrx_word' id='word_1_121' title='bbox 601 851 633 882; x_wconf 88' lang='lat' dir='ltr'>in</span> <span class='ocrx_word' id='word_1_122' title='bbox 661 851 827 890; x_wconf 83' lang='lat' dir='ltr'>integrum.</span> <span class='ocrx_word' id='word_1_123' title='bbox 879 848 938 880; x_wconf 87' lang='lat' dir='ltr'>Sed</span> <span class='ocrx_word' id='word_1_124' title='bbox 969 847 1014 878; x_wconf 91' lang='lat' dir='ltr'>illi</span> 
     </span>
     <span class='ocr_line' id='line_1_19' title="bbox 153 888 1014 934; baseline -0.008 -9"><span class='ocrx_word' id='word_1_125' title='bbox 153 894 275 934; x_wconf 66' lang='lat' dir='ltr'>Judices</span> <span class='ocrx_word' id='word_1_126' title='bbox 302 902 352 934; x_wconf 84' lang='lat'>27.</span> <span class='ocrx_word' id='word_1_127' title='bbox 384 895 457 933; x_wconf 86' lang='lat' dir='ltr'>Apr.</span> <span class='ocrx_word' id='word_1_128' title='bbox 491 902 580 933; x_wconf 73' lang='lat'>1724.</span> <span class='ocrx_word' id='word_1_129' title='bbox 614 891 725 931; x_wconf 70' lang='lat' dir='ltr'>rejetla</span> <span class='ocrx_word' id='word_1_130' title='bbox 750 889 952 921; x_wconf 85' lang='lat' dir='ltr'>restitutione</span> <span class='ocrx_word' id='word_1_131' title='bbox 982 888 1014 919; x_wconf 90' lang='lat' dir='ltr'>in</span> 
     </span>
     <span class='ocr_line' id='line_1_20' title="bbox 152 931 1013 976; baseline -0.007 -10"><span class='ocrx_word' id='word_1_132' title='bbox 152 936 333 976; x_wconf 80' lang='lat' dir='ltr'>integrum,</span> <span class='ocrx_word' id='word_1_133' title='bbox 358 934 577 966; x_wconf 87' lang='lat' dir='ltr'>assecuratorcs</span> <span class='ocrx_word' id='word_1_134' title='bbox 603 933 812 964; x_wconf 86' lang='lat' dir='ltr'>condemnant</span> <span class='ocrx_word' id='word_1_135' title='bbox 834 931 871 961; x_wconf 86' lang='lat' dir='ltr'>ad</span> <span class='ocrx_word' id='word_1_136' title='bbox 894 939 1013 970; x_wconf 76' lang='lat' dir='ltr'>repara-</span> 
     </span>
     <span class='ocr_line' id='line_1_21' title="bbox 153 971 1012 1016; baseline -0.005 -10"><span class='ocrx_word' id='word_1_137' title='bbox 153 976 273 1008; x_wconf 88' lang='lat' dir='ltr'>tionem</span> <span class='ocrx_word' id='word_1_138' title='bbox 287 976 412 1015; x_wconf 85' lang='lat' dir='ltr'>damni,</span> <span class='ocrx_word' id='word_1_139' title='bbox 435 984 566 1016; x_wconf 86' lang='lat' dir='ltr'>eamque</span> <span class='ocrx_word' id='word_1_140' title='bbox 583 973 763 1005; x_wconf 84' lang='lat' dir='ltr'>sententiam</span> <span class='ocrx_word' id='word_1_141' title='bbox 791 971 884 1004; x_wconf 88' lang='lat' dir='ltr'>Curia</span> <span class='ocrx_word' id='word_1_142' title='bbox 902 971 1012 1010; x_wconf 88' lang='lat' dir='ltr'>proba-</span> 
     </span>
     <span class='ocr_line' id='line_1_22' title="bbox 154 1013 1013 1057; baseline -0.005 -11"><span class='ocrx_word' id='word_1_143' title='bbox 154 1018 206 1048; x_wconf 78' lang='lat' dir='ltr'>vit</span> <span class='ocrx_word' id='word_1_144' title='bbox 231 1022 280 1051; x_wconf 83' lang='lat'>28.</span> <span class='ocrx_word' id='word_1_145' title='bbox 313 1017 380 1056; x_wconf 83' lang='lat' dir='ltr'>Jan.</span> <span class='ocrx_word' id='word_1_146' title='bbox 416 1021 507 1057; x_wconf 81' lang='lat'>1728.</span> <span class='ocrx_word' id='word_1_147' title='bbox 542 1015 764 1056; x_wconf 84' lang='lat' dir='ltr'>Appellatione</span> <span class='ocrx_word' id='word_1_148' title='bbox 797 1014 835 1044; x_wconf 89' lang='lat' dir='ltr'>ad</span> <span class='ocrx_word' id='word_1_149' title='bbox 865 1013 1013 1044; x_wconf 80' lang='lat' dir='ltr'>Senatum</span> 
     </span>
     <span class='ocr_line' id='line_1_23' title="bbox 152 1053 1014 1098; baseline -0.008 -8"><span class='ocrx_word' id='word_1_150' title='bbox 152 1056 251 1098; x_wconf 70' lang='lat' dir='ltr'>satta,</span> <span class='ocrx_word' id='word_1_151' title='bbox 275 1058 482 1096; x_wconf 77' lang='lat' dir='ltr'>ass&#39;ecuratus,</span> <span class='ocrx_word' id='word_1_152' title='bbox 505 1056 772 1093; x_wconf 88' lang='lat' dir='ltr'>animadvertens,</span> <span class='ocrx_word' id='word_1_153' title='bbox 793 1053 1014 1085; x_wconf 82' lang='lat' dir='ltr'>assecuratores</span> 
     </span>
     <span class='ocr_line' id='line_1_24' title="bbox 154 1094 1013 1139; baseline -0.008 -7"><span class='ocrx_word' id='word_1_154' title='bbox 154 1100 244 1132; x_wconf 78' lang='lat' dir='ltr'>litem</span> <span class='ocrx_word' id='word_1_155' title='bbox 262 1100 382 1131; x_wconf 78' lang='lat' dir='ltr'>trahere</span> <span class='ocrx_word' id='word_1_156' title='bbox 394 1122 404 1138; x_wconf 90' lang='lat'>,</span> <span class='ocrx_word' id='word_1_157' title='bbox 427 1100 507 1139; x_wconf 84' lang='lat' dir='ltr'>apud</span> <span class='ocrx_word' id='word_1_158' title='bbox 524 1099 671 1130; x_wconf 85' lang='lat' dir='ltr'>Senatum</span> <span class='ocrx_word' id='word_1_159' title='bbox 687 1097 890 1137; x_wconf 72' lang='lat' dir='ltr'>Supremam,</span> <span class='ocrx_word' id='word_1_160' title='bbox 916 1094 1013 1134; x_wconf 85' lang='lat' dir='ltr'>impe-</span> 
     </span>
     <span class='ocr_line' id='line_1_25' title="bbox 155 1135 1016 1177; baseline -0.01 -4"><span class='ocrx_word' id='word_1_161' title='bbox 155 1149 234 1173; x_wconf 85' lang='lat' dir='ltr'>trata</span> <span class='ocrx_word' id='word_1_162' title='bbox 253 1141 285 1172; x_wconf 88' lang='lat' dir='ltr'>in</span> <span class='ocrx_word' id='word_1_163' title='bbox 303 1141 381 1171; x_wconf 87' lang='lat' dir='ltr'>hanc</span> <span class='ocrx_word' id='word_1_164' title='bbox 397 1150 461 1172; x_wconf 88' lang='lat' dir='ltr'>rem</span> <span class='ocrx_word' id='word_1_165' title='bbox 481 1139 594 1176; x_wconf 76' lang='lat' dir='ltr'>venia,</span> <span class='ocrx_word' id='word_1_166' title='bbox 617 1139 711 1168; x_wconf 84' lang='lat' dir='ltr'>etiam</span> <span class='ocrx_word' id='word_1_167' title='bbox 737 1137 831 1177; x_wconf 87' lang='lat' dir='ltr'>petiit</span> <span class='ocrx_word' id='word_1_168' title='bbox 855 1135 960 1166; x_wconf 78' lang='lat' dir='ltr'>usuras</span> <span class='ocrx_word' id='word_1_169' title='bbox 985 1143 1016 1164; x_wconf 91' lang='lat' dir='ltr'>e-</span> 
     </span>
     <span class='ocr_line' id='line_1_26' title="bbox 155 1175 1015 1223; baseline -0.01 -9"><span class='ocrx_word' id='word_1_170' title='bbox 155 1184 206 1223; x_wconf 80' lang='lat' dir='ltr'>jus</span> <span class='ocrx_word' id='word_1_171' title='bbox 230 1182 374 1222; x_wconf 71' lang='lat' dir='ltr'>pecuniae</span> <span class='ocrx_word' id='word_1_172' title='bbox 395 1204 405 1220; x_wconf 88' lang='lat'>,</span> <span class='ocrx_word' id='word_1_173' title='bbox 435 1181 466 1212; x_wconf 89' lang='lat' dir='ltr'>in</span> <span class='ocrx_word' id='word_1_174' title='bbox 492 1190 581 1221; x_wconf 87' lang='lat' dir='ltr'>quam</span> <span class='ocrx_word' id='word_1_175' title='bbox 606 1178 824 1222; x_wconf 71' lang='lat' dir='ltr'>assecuratores</span> <span class='ocrx_word' id='word_1_176' title='bbox 851 1183 939 1207; x_wconf 88' lang='lat' dir='ltr'>erant</span> <span class='ocrx_word' id='word_1_177' title='bbox 965 1175 1015 1205; x_wconf 90' lang='lat' dir='ltr'>da-</span> 
     </span>
     <span class='ocr_line' id='line_1_27' title="bbox 155 1217 1016 1261; baseline -0.01 -6"><span class='ocrx_word' id='word_1_178' title='bbox 155 1224 302 1261; x_wconf 77' lang='lat' dir='ltr'>mnati‚a</span> <span class='ocrx_word' id='word_1_179' title='bbox 320 1232 424 1260; x_wconf 74' lang='lat' dir='ltr'>mora,</span> <span class='ocrx_word' id='word_1_180' title='bbox 438 1222 614 1261; x_wconf 79' lang='lat' dir='ltr'>inquiebat,</span> <span class='ocrx_word' id='word_1_181' title='bbox 635 1219 687 1249; x_wconf 68' lang='lat' dir='ltr'>vel</span> <span class='ocrx_word' id='word_1_182' title='bbox 708 1218 816 1249; x_wconf 78' lang='lat' dir='ltr'>saltem</span> <span class='ocrx_word' id='word_1_183' title='bbox 832 1227 848 1248; x_wconf 88' lang='lat' dir='ltr'>a</span> <span class='ocrx_word' id='word_1_184' title='bbox 865 1217 921 1248; x_wconf 86' lang='lat' dir='ltr'>lite</span> <span class='ocrx_word' id='word_1_185' title='bbox 941 1225 1016 1247; x_wconf 89' lang='lat' dir='ltr'>con-</span> 
     </span>
     <span class='ocr_line' id='line_1_28' title="bbox 156 1258 1018 1302; baseline -0.01 -6"><span class='ocrx_word' id='word_1_186' title='bbox 156 1263 277 1296; x_wconf 86' lang='lat' dir='ltr'>testata.</span> <span class='ocrx_word' id='word_1_187' title='bbox 322 1264 427 1295; x_wconf 84' lang='lat' dir='ltr'>Etiam</span> <span class='ocrx_word' id='word_1_188' title='bbox 450 1263 476 1292; x_wconf 88' lang='lat' dir='ltr'>ei</span> <span class='ocrx_word' id='word_1_189' title='bbox 503 1260 646 1302; x_wconf 80' lang='lat' dir='ltr'>petitioni</span> <span class='ocrx_word' id='word_1_190' title='bbox 672 1258 896 1290; x_wconf 85' lang='lat' dir='ltr'>contradicitur</span> <span class='ocrx_word' id='word_1_191' title='bbox 914 1280 923 1294; x_wconf 90' lang='lat'>‚</span> <span class='ocrx_word' id='word_1_192' title='bbox 948 1258 1018 1297; x_wconf 89' lang='lat' dir='ltr'>quia</span> 
     </span>
     <span class='ocr_line' id='line_1_29' title="bbox 156 1297 1016 1346; baseline -0.01 -9"><span class='ocrx_word' id='word_1_193' title='bbox 156 1305 213 1346; x_wconf 83' lang='lat' dir='ltr'>ipsi</span> <span class='ocrx_word' id='word_1_194' title='bbox 242 1305 315 1337; x_wconf 82' lang='lat' dir='ltr'>sorti</span> <span class='ocrx_word' id='word_1_195' title='bbox 340 1303 625 1335; x_wconf 75' lang='lat' dir='ltr'>contradicebatur.</span> <span class='ocrx_word' id='word_1_196' title='bbox 678 1299 850 1342; x_wconf 66' lang='lat' dir='ltr'>Quaesitum</span> <span class='ocrx_word' id='word_1_197' title='bbox 881 1297 926 1329; x_wconf 83' lang='lat' dir='ltr'>cst</span> <span class='ocrx_word' id='word_1_198' title='bbox 955 1298 1016 1338; x_wconf 87' lang='lat' dir='ltr'>pri-</span> 
     </span>
     <span class='ocr_line' id='line_1_30' title="bbox 155 1342 760 1385; baseline -0.008 -7"><span class='ocrx_word' id='word_1_199' title='bbox 155 1356 242 1379; x_wconf 74' lang='lat' dir='ltr'>mum</span> <span class='ocrx_word' id='word_1_200' title='bbox 263 1347 300 1376; x_wconf 88' lang='lat' dir='ltr'>de</span> <span class='ocrx_word' id='word_1_201' title='bbox 317 1355 348 1376; x_wconf 91' lang='lat' dir='ltr'>re</span> <span class='ocrx_word' id='word_1_202' title='bbox 366 1345 428 1385; x_wconf 85' lang='lat' dir='ltr'>ipsa</span> <span class='ocrx_word' id='word_1_203' title='bbox 438 1366 448 1382; x_wconf 94' lang='lat'>,</span> <span class='ocrx_word' id='word_1_204' title='bbox 470 1343 583 1375; x_wconf 83' lang='lat' dir='ltr'>deinde</span> <span class='ocrx_word' id='word_1_205' title='bbox 598 1343 636 1374; x_wconf 90' lang='lat' dir='ltr'>de</span> <span class='ocrx_word' id='word_1_206' title='bbox 652 1342 760 1374; x_wconf 80' lang='lat' dir='ltr'>usuris,</span> 
     </span>
    </p>

    <p class='ocr_par' dir='ltr' id='par_1_3' title="bbox 157 1380 1025 1921">
     <span class='ocr_line' id='line_1_31' title="bbox 198 1380 1019 1426; baseline -0.009 -7"><span class='ocrx_word' id='word_1_207' title='bbox 198 1386 429 1419; x_wconf 82' lang='lat' dir='ltr'>Assecuratores</span> <span class='ocrx_word' id='word_1_208' title='bbox 458 1385 555 1417; x_wconf 86' lang='lat' dir='ltr'>tribus</span> <span class='ocrx_word' id='word_1_209' title='bbox 577 1384 768 1426; x_wconf 70' lang='lat' dir='ltr'>potissimum</span> <span class='ocrx_word' id='word_1_210' title='bbox 791 1380 1019 1413; x_wconf 76' lang='lat' dir='ltr'>defensionibus</span> 
     </span>
     <span class='ocr_line' id='line_1_32' title="bbox 157 1423 1019 1466; baseline -0.009 -6"><span class='ocrx_word' id='word_1_211' title='bbox 157 1428 332 1461; x_wconf 80' lang='lat' dir='ltr'>utebantur.</span> <span class='ocrx_word' id='word_1_212' title='bbox 378 1427 517 1458; x_wconf 89' lang='lat' dir='ltr'>Primum</span> <span class='ocrx_word' id='word_1_213' title='bbox 531 1426 673 1466; x_wconf 85' lang='lat' dir='ltr'>ajebant,</span> <span class='ocrx_word' id='word_1_214' title='bbox 693 1425 759 1455; x_wconf 90' lang='lat' dir='ltr'>vim</span> <span class='ocrx_word' id='word_1_215' title='bbox 785 1424 935 1463; x_wconf 85' lang='lat' dir='ltr'>majorem</span> <span class='ocrx_word' id='word_1_216' title='bbox 949 1445 958 1461; x_wconf 88' lang='lat'>‚</span> <span class='ocrx_word' id='word_1_217' title='bbox 982 1423 1019 1452; x_wconf 88' lang='lat' dir='ltr'>de</span> 
     </span>
     <span class='ocr_line' id='line_1_33' title="bbox 157 1464 1018 1510; baseline -0.009 -9"><span class='ocrx_word' id='word_1_218' title='bbox 157 1479 217 1510; x_wconf 81' lang='lat' dir='ltr'>qua</span> <span class='ocrx_word' id='word_1_219' title='bbox 232 1469 318 1508; x_wconf 82' lang='lat' dir='ltr'><strong>dixi,</strong></span> <span class='ocrx_word' id='word_1_220' title='bbox 343 1467 506 1505; x_wconf 83' lang='lat' dir='ltr'>accidiss&#39;e,</span> <span class='ocrx_word' id='word_1_221' title='bbox 529 1475 693 1507; x_wconf 81' lang='lat' dir='ltr'>antequam</span> <span class='ocrx_word' id='word_1_222' title='bbox 710 1464 798 1497; x_wconf 82' lang='lat' dir='ltr'>navis</span> <span class='ocrx_word' id='word_1_223' title='bbox 814 1464 952 1496; x_wconf 75' lang='lat' dir='ltr'>Nar-vam</span> <span class='ocrx_word' id='word_1_224' title='bbox 969 1472 1018 1509; x_wconf 82' lang='lat' dir='ltr'>ap-</span> 
     </span>
     <span class='ocr_line' id='line_1_34' title="bbox 157 1506 1019 1552; baseline -0.009 -10"><span class='ocrx_word' id='word_1_225' title='bbox 157 1510 304 1552; x_wconf 84' lang='lat' dir='ltr'>pulisset,</span> <span class='ocrx_word' id='word_1_226' title='bbox 329 1509 451 1542; x_wconf 91' lang='lat' dir='ltr'>scilicet</span> <span class='ocrx_word' id='word_1_227' title='bbox 467 1511 504 1549; x_wconf 72' lang='lat' dir='ltr'>by</span> <span class='ocrx_word' id='word_1_228' title='bbox 521 1510 554 1539; x_wconf 81' lang='lat' dir='ltr'>de</span> <span class='ocrx_word' id='word_1_229' title='bbox 571 1508 765 1544; x_wconf 76' lang='lat' dir='ltr'>Zee-mund,</span> <span class='ocrx_word' id='word_1_230' title='bbox 788 1506 840 1545; x_wconf 89' lang='lat' dir='ltr'>qui</span> <span class='ocrx_word' id='word_1_231' title='bbox 859 1506 948 1537; x_wconf 83' lang='lat' dir='ltr'>locus</span> <span class='ocrx_word' id='word_1_232' title='bbox 965 1513 1019 1535; x_wconf 86' lang='lat' dir='ltr'>tri-</span> 
     </span>
     <span class='ocr_line' id='line_1_35' title="bbox 157 1546 1019 1588; baseline -0.009 -5"><span class='ocrx_word' id='word_1_233' title='bbox 157 1553 216 1584; x_wconf 87' lang='lat' dir='ltr'>bus</span> <span class='ocrx_word' id='word_1_234' title='bbox 231 1550 300 1583; x_wconf 89' lang='lat' dir='ltr'>fere</span> <span class='ocrx_word' id='word_1_235' title='bbox 318 1550 432 1583; x_wconf 84' lang='lat' dir='ltr'>Leucis</span> <span class='ocrx_word' id='word_1_236' title='bbox 447 1560 464 1581; x_wconf 88' lang='lat' dir='ltr'>a</span> <span class='ocrx_word' id='word_1_237' title='bbox 479 1550 586 1582; x_wconf 84' lang='lat' dir='ltr'>Narva</span> <span class='ocrx_word' id='word_1_238' title='bbox 601 1549 711 1587; x_wconf 88' lang='lat' dir='ltr'>distat,</span> <span class='ocrx_word' id='word_1_239' title='bbox 737 1549 767 1580; x_wconf 71' lang='grc' dir='ltr'>ὅ(</span> <span class='ocrx_word' id='word_1_240' title='bbox 790 1547 821 1578; x_wconf 91' lang='lat' dir='ltr'>se</span> <span class='ocrx_word' id='word_1_241' title='bbox 847 1546 1019 1588; x_wconf 86' lang='lat' dir='ltr'>periculum</span> 
     </span>
     <span class='ocr_line' id='line_1_36' title="bbox 158 1588 1023 1633; baseline -0.01 -7"><span class='ocrx_word' id='word_1_242' title='bbox 158 1602 225 1626; x_wconf 90' lang='lat' dir='ltr'>non</span> <span class='ocrx_word' id='word_1_243' title='bbox 251 1591 433 1633; x_wconf 75' lang='lat' dir='ltr'>suscepisse,</span> <span class='ocrx_word' id='word_1_244' title='bbox 456 1592 513 1624; x_wconf 85' lang='lat' dir='ltr'>nisi</span> <span class='ocrx_word' id='word_1_245' title='bbox 537 1591 575 1623; x_wconf 87' lang='lat' dir='ltr'>ab</span> <span class='ocrx_word' id='word_1_246' title='bbox 603 1591 679 1623; x_wconf 88' lang='lat' dir='ltr'>urbe</span> <span class='ocrx_word' id='word_1_247' title='bbox 702 1589 819 1622; x_wconf 78' lang='lat' dir='ltr'>Narva.</span> <span class='ocrx_word' id='word_1_248' title='bbox 865 1588 924 1620; x_wconf 88' lang='lat' dir='ltr'>Sed</span> <span class='ocrx_word' id='word_1_249' title='bbox 945 1595 1023 1617; x_wconf 91' lang='lat' dir='ltr'>vero</span> 
     </span>
     <span class='ocr_line' id='line_1_37' title="bbox 159 1627 1025 1674; baseline -0.009 -8"><span class='ocrx_word' id='word_1_250' title='bbox 159 1633 343 1671; x_wconf 85' lang='lat' dir='ltr'>constabat,</span> <span class='ocrx_word' id='word_1_251' title='bbox 367 1643 480 1666; x_wconf 84' lang='lat' dir='ltr'>navem</span> <span class='ocrx_word' id='word_1_252' title='bbox 505 1633 627 1673; x_wconf 82' lang='lat' dir='ltr'>plenam</span> <span class='ocrx_word' id='word_1_253' title='bbox 644 1656 653 1672; x_wconf 89' lang='lat'>‚</span> <span class='ocrx_word' id='word_1_254' title='bbox 681 1638 807 1674; x_wconf 88' lang='lat' dir='ltr'>propter</span> <span class='ocrx_word' id='word_1_255' title='bbox 832 1629 962 1667; x_wconf 85' lang='lat' dir='ltr'>brevia,</span> <span class='ocrx_word' id='word_1_256' title='bbox 987 1627 1025 1658; x_wconf 86' lang='lat' dir='ltr'>ad</span> 
     </span>
     <span class='ocr_line' id='line_1_38' title="bbox 159 1672 1023 1715; baseline -0.01 -7"><span class='ocrx_word' id='word_1_257' title='bbox 159 1677 269 1709; x_wconf 89' lang='lat' dir='ltr'>urbem</span> <span class='ocrx_word' id='word_1_258' title='bbox 285 1674 424 1707; x_wconf 88' lang='lat' dir='ltr'>Narvam</span> <span class='ocrx_word' id='word_1_259' title='bbox 443 1675 617 1715; x_wconf 88' lang='lat' dir='ltr'>applicare,</span> <span class='ocrx_word' id='word_1_260' title='bbox 633 1682 735 1714; x_wconf 88' lang='lat' dir='ltr'>neque</span> <span class='ocrx_word' id='word_1_261' title='bbox 747 1672 820 1705; x_wconf 91' lang='lat' dir='ltr'>inde</span> <span class='ocrx_word' id='word_1_262' title='bbox 835 1672 929 1703; x_wconf 89' lang='lat' dir='ltr'>etiam</span> <span class='ocrx_word' id='word_1_263' title='bbox 950 1678 1023 1715; x_wconf 41' lang='lat' dir='ltr'>c-um</span> 
     </span>
     <span class='ocr_line' id='line_1_39' title="bbox 159 1712 1021 1761; baseline -0.009 -12"><span class='ocrx_word' id='word_1_264' title='bbox 159 1727 256 1750; x_wconf 89' lang='lat' dir='ltr'>onere</span> <span class='ocrx_word' id='word_1_265' title='bbox 272 1716 435 1757; x_wconf 77' lang='lat' dir='ltr'>enavigare</span> <span class='ocrx_word' id='word_1_266' title='bbox 453 1715 539 1761; x_wconf 63' lang='lat' dir='ltr'>posse</span> <span class='ocrx_word' id='word_1_267' title='bbox 551 1739 560 1754; x_wconf 88' lang='lat'>,</span> <span class='ocrx_word' id='word_1_268' title='bbox 581 1725 659 1747; x_wconf 87' lang='lat' dir='ltr'>onus</span> <span class='ocrx_word' id='word_1_269' title='bbox 675 1715 771 1756; x_wconf 86' lang='lat' dir='ltr'>igitur</span> <span class='ocrx_word' id='word_1_270' title='bbox 785 1712 945 1754; x_wconf 77' lang='lat' dir='ltr'>exponi&amp;</span> <span class='ocrx_word' id='word_1_271' title='bbox 965 1720 1021 1757; x_wconf 69' lang='lat' dir='ltr'>1m3</span> 
     </span>
     <span class='ocr_line' id='line_1_40' title="bbox 159 1752 1021 1801; baseline -0.009 -11"><span class='ocrx_word' id='word_1_272' title='bbox 159 1759 238 1801; x_wconf 79' lang='lat' dir='ltr'>poni</span> <span class='ocrx_word' id='word_1_273' title='bbox 256 1759 288 1790; x_wconf 87' lang='lat' dir='ltr'>in</span> <span class='ocrx_word' id='word_1_274' title='bbox 305 1757 371 1799; x_wconf 90' lang='lat' dir='ltr'>ipso</span> <span class='ocrx_word' id='word_1_275' title='bbox 388 1756 516 1789; x_wconf 87' lang='lat' dir='ltr'>flumine</span> <span class='ocrx_word' id='word_1_276' title='bbox 536 1759 572 1798; x_wconf 69' lang='lat' dir='ltr'>by</span> <span class='ocrx_word' id='word_1_277' title='bbox 592 1758 624 1788; x_wconf 77' lang='lat' dir='ltr'>cle</span> <span class='ocrx_word' id='word_1_278' title='bbox 645 1756 823 1788; x_wconf 65' lang='lat' dir='ltr'>Zea-mund</span> <span class='ocrx_word' id='word_1_279' title='bbox 835 1777 844 1792; x_wconf 85' lang='lat'><em>‚</em></span> <span class='ocrx_word' id='word_1_280' title='bbox 870 1753 900 1785; x_wconf 66' lang='grc' dir='ltr'>ὅ(</span> <span class='ocrx_word' id='word_1_281' title='bbox 914 1752 955 1783; x_wconf 80' lang='lat' dir='ltr'>fic</span> <span class='ocrx_word' id='word_1_282' title='bbox 977 1752 1021 1783; x_wconf 75' lang='lat' dir='ltr'>lbi</span> 
     </span>
     <span class='ocr_line' id='line_1_41' title="bbox 158 1794 1020 1845; baseline -0.009 -14"><span class='ocrx_word' id='word_1_283' title='bbox 158 1807 315 1842; x_wconf 85' lang='lat' dir='ltr'>perpetuo</span> <span class='ocrx_word' id='word_1_284' title='bbox 331 1797 385 1831; x_wconf 87' lang='lat' dir='ltr'>usu</span> <span class='ocrx_word' id='word_1_285' title='bbox 403 1798 527 1830; x_wconf 88' lang='lat' dir='ltr'>servari.</span> <span class='ocrx_word' id='word_1_286' title='bbox 573 1798 668 1845; x_wconf 84' lang='lat' dir='ltr'>Quod</span> <span class='ocrx_word' id='word_1_287' title='bbox 688 1797 716 1841; x_wconf 25' lang='lat' dir='ltr'>sik</span> <span class='ocrx_word' id='word_1_288' title='bbox 729 1796 765 1829; x_wconf 90' lang='lat' dir='ltr'>sit</span> <span class='ocrx_word' id='word_1_289' title='bbox 778 1819 789 1835; x_wconf 89' lang='lat'>,</span> <span class='ocrx_word' id='word_1_290' title='bbox 812 1795 883 1827; x_wconf 87' lang='lat' dir='ltr'>satis</span> <span class='ocrx_word' id='word_1_291' title='bbox 908 1794 1020 1839; x_wconf 79' lang='lat' dir='ltr'>intelli-</span> 
     </span>
     <span class='ocr_line' id='line_1_42' title="bbox 159 1836 1022 1883; baseline -0.012 -8"><span class='ocrx_word' id='word_1_292' title='bbox 159 1842 308 1883; x_wconf 80' lang='lat' dir='ltr'>ligimus,</span> <span class='ocrx_word' id='word_1_293' title='bbox 331 1841 374 1872; x_wconf 53' lang='grc' dir='ltr'>,ἐν</span> <span class='ocrx_word' id='word_1_294' title='bbox 396 1840 574 1872; x_wconf 71' lang='lat' dir='ltr'>Zee-murzd</span> <span class='ocrx_word' id='word_1_295' title='bbox 601 1839 662 1871; x_wconf 81' lang='lat' dir='ltr'>ess&#39;e</span> <span class='ocrx_word' id='word_1_296' title='bbox 694 1836 917 1871; x_wconf 86' lang='lat' dir='ltr'>recensendum</span> <span class='ocrx_word' id='word_1_297' title='bbox 940 1842 1022 1866; x_wconf 86' lang='lat' dir='ltr'>mter</span> 
     </span>
     <span class='ocr_line' id='line_1_43' title="bbox 161 1876 1023 1921; baseline -0.01 -6"><span class='ocrx_word' id='word_1_298' title='bbox 161 1883 236 1916; x_wconf 73' lang='lat' dir='ltr'>loca</span> <span class='ocrx_word' id='word_1_299' title='bbox 251 1881 368 1914; x_wconf 88' lang='lat' dir='ltr'>Narvae</span> <span class='ocrx_word' id='word_1_300' title='bbox 379 1882 501 1921; x_wconf 86' lang='lat' dir='ltr'>vicina,</span> <span class='ocrx_word' id='word_1_301' title='bbox 517 1882 546 1913; x_wconf 68' lang='grc' dir='ltr'>ὅς</span> <span class='ocrx_word' id='word_1_302' title='bbox 558 1880 761 1913; x_wconf 84' lang='lat' dir='ltr'>affecuratum</span> <span class='ocrx_word' id='word_1_303' title='bbox 778 1886 845 1910; x_wconf 90' lang='lat' dir='ltr'>erat</span> <span class='ocrx_word' id='word_1_304' title='bbox 861 1887 921 1908; x_wconf 79' lang='lat' dir='ltr'>van</span> <span class='ocrx_word' id='word_1_305' title='bbox 940 1876 1023 1908; x_wconf 79' lang='lat' dir='ltr'>Nar-</span> 
     </span>
    </p>

    <p class='ocr_par' dir='ltr' id='par_1_4' title="bbox 138 1918 1034 3114">
     <span class='ocr_line' id='line_1_44' title="bbox 138 1918 1022 1965; baseline -0.009 -9"><span class='ocrx_word' id='word_1_306' title='bbox 138 1926 141 1929; x_wconf 82' lang='grc'><strong>’</strong></span> <span class='ocrx_word' id='word_1_307' title='bbox 162 1935 203 1956; x_wconf 69' lang='lat' dir='ltr'>va</span> <span class='ocrx_word' id='word_1_308' title='bbox 218 1934 254 1956; x_wconf 78' lang='lat' dir='ltr'>en</span> <span class='ocrx_word' id='word_1_309' title='bbox 274 1924 332 1955; x_wconf 77' lang='lat' dir='ltr'>alle</span> <span class='ocrx_word' id='word_1_310' title='bbox 349 1924 606 1965; x_wconf 74' lang='lat' dir='ltr'>circumjacentien</span> <span class='ocrx_word' id='word_1_311' title='bbox 621 1932 682 1953; x_wconf 75' lang='lat' dir='ltr'>van</span> <span class='ocrx_word' id='word_1_312' title='bbox 701 1922 779 1953; x_wconf 79' lang='lat' dir='ltr'>dien.</span> <span class='ocrx_word' id='word_1_313' title='bbox 823 1918 949 1951; x_wconf 81' lang='lat' dir='ltr'>Deinde</span> <span class='ocrx_word' id='word_1_314' title='bbox 962 1918 1022 1958; x_wconf 85' lang='lat' dir='ltr'>aJ&#39;e-</span> 
     </span>
     <span class='ocr_line' id='line_1_45' title="bbox 160 1960 1022 2006; baseline -0.008 -9"><span class='ocrx_word' id='word_1_315' title='bbox 160 1965 241 1997; x_wconf 75' lang='lat' dir='ltr'>bant</span> <span class='ocrx_word' id='word_1_316' title='bbox 256 1988 267 2004; x_wconf 97' lang='lat'>,</span> <span class='ocrx_word' id='word_1_317' title='bbox 288 1965 462 2006; x_wconf 87' lang='lat' dir='ltr'>periculum</span> <span class='ocrx_word' id='word_1_318' title='bbox 481 1965 519 1996; x_wconf 87' lang='lat' dir='ltr'>ad</span> <span class='ocrx_word' id='word_1_319' title='bbox 535 1963 566 1995; x_wconf 93' lang='lat' dir='ltr'>se</span> <span class='ocrx_word' id='word_1_320' title='bbox 579 1973 641 1996; x_wconf 92' lang='lat' dir='ltr'>non</span> <span class='ocrx_word' id='word_1_321' title='bbox 657 1963 814 2004; x_wconf 88' lang='lat' dir='ltr'>pertinere</span> <span class='ocrx_word' id='word_1_322' title='bbox 826 1984 835 1999; x_wconf 92' lang='lat'>,</span> <span class='ocrx_word' id='word_1_323' title='bbox 854 1960 909 1992; x_wconf 84' lang='lat' dir='ltr'>nisi</span> <span class='ocrx_word' id='word_1_324' title='bbox 927 1960 1022 2005; x_wconf 82' lang='lat' dir='ltr'>prius-</span> 
     </span>
     <span class='ocr_line' id='line_1_46' title="bbox 163 2001 1022 2047; baseline -0.008 -9"><span class='ocrx_word' id='word_1_325' title='bbox 163 2016 256 2047; x_wconf 84' lang='lat' dir='ltr'>quam</span> <span class='ocrx_word' id='word_1_326' title='bbox 280 2006 368 2038; x_wconf 89' lang='lat' dir='ltr'>navis</span> <span class='ocrx_word' id='word_1_327' title='bbox 393 2006 514 2038; x_wconf 87' lang='lat' dir='ltr'>onerari</span> <span class='ocrx_word' id='word_1_328' title='bbox 537 2013 642 2046; x_wconf 89' lang='lat' dir='ltr'>coepta</span> <span class='ocrx_word' id='word_1_329' title='bbox 668 2003 759 2041; x_wconf 72' lang='lat' dir='ltr'>esset,</span> <span class='ocrx_word' id='word_1_330' title='bbox 786 2002 838 2034; x_wconf 90' lang='lat' dir='ltr'>sed</span> <span class='ocrx_word' id='word_1_331' title='bbox 858 2001 960 2042; x_wconf 82' lang='lat' dir='ltr'>ajebat</span> <span class='ocrx_word' id='word_1_332' title='bbox 978 2010 1022 2031; x_wconf 88' lang='lat' dir='ltr'>m-</span> 
     </span>
     <span class='ocr_line' id='line_1_47' title="bbox 162 2040 1024 2086; baseline -0.01 -5"><span class='ocrx_word' id='word_1_333' title='bbox 162 2048 372 2081; x_wconf 76' lang='lat' dir='ltr'>strumentum</span> <span class='ocrx_word' id='word_1_334' title='bbox 388 2046 636 2084; x_wconf 82' lang='lat' dir='ltr'>assecurationis,</span> <span class='ocrx_word' id='word_1_335' title='bbox 645 2044 804 2086; x_wconf 83' lang='lat' dir='ltr'>postquam</span> <span class='ocrx_word' id='word_1_336' title='bbox 816 2044 904 2075; x_wconf 85' lang='lat' dir='ltr'>navis</span> <span class='ocrx_word' id='word_1_337' title='bbox 919 2040 1024 2083; x_wconf 74' lang='lat' dir='ltr'>instrui</span> 
     </span>
     <span class='ocr_line' id='line_1_48' title="bbox 164 2085 1022 2130; baseline -0.009 -9"><span class='ocrx_word' id='word_1_338' title='bbox 164 2096 272 2130; x_wconf 85' lang='lat' dir='ltr'>coepta</span> <span class='ocrx_word' id='word_1_339' title='bbox 300 2087 398 2125; x_wconf 76' lang='lat' dir='ltr'>esset,</span> <span class='ocrx_word' id='word_1_340' title='bbox 432 2097 472 2118; x_wconf 78' lang='lat' dir='ltr'>na</span> <span class='ocrx_word' id='word_1_341' title='bbox 497 2089 548 2119; x_wconf 78' lang='lat' dir='ltr'>dat</span> <span class='ocrx_word' id='word_1_342' title='bbox 569 2089 616 2119; x_wconf 70' lang='lat' dir='ltr'>het</span> <span class='ocrx_word' id='word_1_343' title='bbox 628 2088 715 2128; x_wconf 82' lang='lat' dir='ltr'>schip</span> <span class='ocrx_word' id='word_1_344' title='bbox 735 2087 821 2117; x_wconf 70' lang='lat' dir='ltr'>zoude</span> <span class='ocrx_word' id='word_1_345' title='bbox 848 2085 953 2115; x_wconf 74' lang='lat' dir='ltr'>hebben</span> <span class='ocrx_word' id='word_1_346' title='bbox 976 2086 1022 2114; x_wconf 78' lang='lat' dir='ltr'>he-</span> 
     </span>
     <span class='ocr_line' id='line_1_49' title="bbox 164 2124 1024 2174; baseline -0.007 -13"><span class='ocrx_word' id='word_1_347' title='bbox 164 2139 281 2174; x_wconf 77' lang='lat' dir='ltr'>gomzen</span> <span class='ocrx_word' id='word_1_348' title='bbox 299 2134 326 2160; x_wconf 80' lang='lat' dir='ltr'>te</span> <span class='ocrx_word' id='word_1_349' title='bbox 346 2130 518 2170; x_wconf 59' lang='lat' dir='ltr'>equiperem</span> <span class='ocrx_word' id='word_1_350' title='bbox 539 2129 625 2160; x_wconf 90' lang='lat' dir='ltr'>navis</span> <span class='ocrx_word' id='word_1_351' title='bbox 641 2135 744 2159; x_wconf 89' lang='lat' dir='ltr'>autem</span> <span class='ocrx_word' id='word_1_352' title='bbox 769 2127 858 2167; x_wconf 86' lang='lat' dir='ltr'>plene</span> <span class='ocrx_word' id='word_1_353' title='bbox 877 2124 1024 2156; x_wconf 59' lang='lat' dir='ltr'>instrusta</span> 
     </span>
     <span class='ocr_line' id='line_1_50' title="bbox 162 2168 1030 2211; baseline -0.008 -8"><span class='ocrx_word' id='word_1_354' title='bbox 162 2181 250 2205; x_wconf 84' lang='lat' dir='ltr'>nunc</span> <span class='ocrx_word' id='word_1_355' title='bbox 268 2178 397 2206; x_wconf 88' lang='lat' dir='ltr'>venerat</span> <span class='ocrx_word' id='word_1_356' title='bbox 416 2179 514 2211; x_wconf 85' lang='lat' dir='ltr'>prope</span> <span class='ocrx_word' id='word_1_357' title='bbox 537 2169 675 2201; x_wconf 86' lang='lat' dir='ltr'>Narvam</span> <span class='ocrx_word' id='word_1_358' title='bbox 690 2191 700 2207; x_wconf 94' lang='lat'>,</span> <span class='ocrx_word' id='word_1_359' title='bbox 722 2177 780 2200; x_wconf 90' lang='lat' dir='ltr'>nec</span> <span class='ocrx_word' id='word_1_360' title='bbox 801 2168 883 2198; x_wconf 88' lang='lat' dir='ltr'>ultra</span> <span class='ocrx_word' id='word_1_361' title='bbox 904 2175 1030 2207; x_wconf 81' lang='lat' dir='ltr'>progre-</span> 
     </span>
     <span class='ocr_line' id='line_1_51' title="bbox 162 2208 1030 2254; baseline -0.009 -9"><span class='ocrx_word' id='word_1_362' title='bbox 162 2213 197 2245; x_wconf 84' lang='lat' dir='ltr'>di</span> <span class='ocrx_word' id='word_1_363' title='bbox 223 2218 365 2254; x_wconf 86' lang='lat' dir='ltr'>poterat,</span> <span class='ocrx_word' id='word_1_364' title='bbox 389 2210 497 2243; x_wconf 84' lang='lat' dir='ltr'>ficum</span> <span class='ocrx_word' id='word_1_365' title='bbox 515 2220 610 2243; x_wconf 89' lang='lat' dir='ltr'>onere</span> <span class='ocrx_word' id='word_1_366' title='bbox 625 2208 802 2241; x_wconf 86' lang='lat' dir='ltr'>revertendi</span> <span class='ocrx_word' id='word_1_367' title='bbox 823 2208 958 2239; x_wconf 88' lang='lat' dir='ltr'>animum</span> <span class='ocrx_word' id='word_1_368' title='bbox 980 2208 1030 2238; x_wconf 76' lang='lat' dir='ltr'>lia-</span> 
     </span>
     <span class='ocr_line' id='line_1_52' title="bbox 164 2249 1030 2292; baseline -0.009 -5"><span class='ocrx_word' id='word_1_369' title='bbox 164 2255 275 2291; x_wconf 85' lang='lat' dir='ltr'>beret,</span> <span class='ocrx_word' id='word_1_370' title='bbox 299 2262 340 2284; x_wconf 88' lang='lat' dir='ltr'>ex</span> <span class='ocrx_word' id='word_1_371' title='bbox 361 2261 400 2283; x_wconf 90' lang='lat' dir='ltr'>eo</span> <span class='ocrx_word' id='word_1_372' title='bbox 420 2252 516 2292; x_wconf 78' lang='lat' dir='ltr'>igitur</span> <span class='ocrx_word' id='word_1_373' title='bbox 533 2260 672 2291; x_wconf 85' lang='lat' dir='ltr'>tempore</span> <span class='ocrx_word' id='word_1_374' title='bbox 695 2249 870 2291; x_wconf 78' lang='lat' dir='ltr'>periculum</span> <span class='ocrx_word' id='word_1_375' title='bbox 896 2249 933 2280; x_wconf 87' lang='lat' dir='ltr'>ad</span> <span class='ocrx_word' id='word_1_376' title='bbox 956 2249 1030 2280; x_wconf 78' lang='lat' dir='ltr'>affe-</span> 
     </span>
     <span class='ocr_line' id='line_1_53' title="bbox 166 2289 1026 2337; baseline -0.008 -10"><span class='ocrx_word' id='word_1_377' title='bbox 166 2302 330 2328; x_wconf 87' lang='lat' dir='ltr'>curatores</span> <span class='ocrx_word' id='word_1_378' title='bbox 346 2293 531 2334; x_wconf 84' lang='lat' dir='ltr'>pertinebat.</span> <span class='ocrx_word' id='word_1_379' title='bbox 577 2293 664 2337; x_wconf 84' lang='lat' dir='ltr'>Quin</span> <span class='ocrx_word' id='word_1_380' title='bbox 691 2292 733 2324; x_wconf 87' lang='lat' dir='ltr'>fic</span> <span class='ocrx_word' id='word_1_381' title='bbox 758 2291 804 2323; x_wconf 90' lang='lat' dir='ltr'>illi</span> <span class='ocrx_word' id='word_1_382' title='bbox 825 2289 878 2331; x_wconf 83' lang='lat' dir='ltr'>ipsi</span> <span class='ocrx_word' id='word_1_383' title='bbox 901 2299 1026 2331; x_wconf 86' lang='lat' dir='ltr'>quoque</span> 
     </span>
     <span class='ocr_line' id='line_1_54' title="bbox 166 2331 1026 2377; baseline -0.009 -7"><span class='ocrx_word' id='word_1_384' title='bbox 166 2336 327 2377; x_wconf 83' lang='lat' dir='ltr'>sapiebant</span> <span class='ocrx_word' id='word_1_385' title='bbox 338 2356 349 2372; x_wconf 93' lang='lat'>,</span> <span class='ocrx_word' id='word_1_386' title='bbox 373 2333 499 2375; x_wconf 87' lang='lat' dir='ltr'>profeffi</span> <span class='ocrx_word' id='word_1_387' title='bbox 515 2333 651 2366; x_wconf 90' lang='lat' dir='ltr'>seeundo</span> <span class='ocrx_word' id='word_1_388' title='bbox 666 2332 811 2364; x_wconf 83' lang='lat' dir='ltr'>mandato</span> <span class='ocrx_word' id='word_1_389' title='bbox 825 2354 833 2370; x_wconf 92' lang='lat'>‚</span> <span class='ocrx_word' id='word_1_390' title='bbox 859 2331 895 2362; x_wconf 86' lang='lat' dir='ltr'>ad</span> <span class='ocrx_word' id='word_1_391' title='bbox 913 2340 1026 2362; x_wconf 87' lang='lat' dir='ltr'>navem</span> 
     </span>
     <span class='ocr_line' id='line_1_55' title="bbox 164 2372 1024 2416; baseline -0.009 -6"><span class='ocrx_word' id='word_1_392' title='bbox 164 2378 285 2412; x_wconf 81' lang='lat' dir='ltr'>solam,</span> <span class='ocrx_word' id='word_1_393' title='bbox 307 2384 434 2416; x_wconf 85' lang='lat' dir='ltr'>eamque</span> <span class='ocrx_word' id='word_1_394' title='bbox 450 2374 552 2406; x_wconf 83' lang='lat' dir='ltr'>adhue</span> <span class='ocrx_word' id='word_1_395' title='bbox 572 2384 721 2413; x_wconf 86' lang='lat' dir='ltr'>vacuam,</span> <span class='ocrx_word' id='word_1_396' title='bbox 744 2374 878 2414; x_wconf 87' lang='lat' dir='ltr'>primum</span> <span class='ocrx_word' id='word_1_397' title='bbox 903 2372 1024 2403; x_wconf 86' lang='lat' dir='ltr'>manda-</span> 
     </span>
     <span class='ocr_line' id='line_1_56' title="bbox 164 2412 1027 2457; baseline -0.009 -6"><span class='ocrx_word' id='word_1_398' title='bbox 164 2427 237 2451; x_wconf 79' lang='lat' dir='ltr'>tum</span> <span class='ocrx_word' id='word_1_399' title='bbox 251 2417 312 2449; x_wconf 76' lang='lat' dir='ltr'>esse</span> <span class='ocrx_word' id='word_1_400' title='bbox 328 2416 591 2457; x_wconf 77' lang='lat' dir='ltr'>restringendum,</span> <span class='ocrx_word' id='word_1_401' title='bbox 615 2416 660 2447; x_wconf 85' lang='lat' dir='ltr'>ita</span> <span class='ocrx_word' id='word_1_402' title='bbox 676 2415 759 2447; x_wconf 88' lang='lat' dir='ltr'>enim</span> <span class='ocrx_word' id='word_1_403' title='bbox 774 2414 946 2455; x_wconf 80' lang='lat' dir='ltr'>putabant,</span> <span class='ocrx_word' id='word_1_404' title='bbox 963 2412 1027 2445; x_wconf 89' lang='lat' dir='ltr'>sese</span> 
     </span>
     <span class='ocr_line' id='line_1_57' title="bbox 167 2455 1032 2499; baseline -0.008 -7"><span class='ocrx_word' id='word_1_405' title='bbox 167 2460 229 2492; x_wconf 80' lang='lat' dir='ltr'>effe</span> <span class='ocrx_word' id='word_1_406' title='bbox 255 2459 434 2499; x_wconf 85' lang='lat' dir='ltr'>obligatos,</span> <span class='ocrx_word' id='word_1_407' title='bbox 467 2464 631 2499; x_wconf 86' lang='lat' dir='ltr'>antequam</span> <span class='ocrx_word' id='word_1_408' title='bbox 661 2456 750 2488; x_wconf 88' lang='lat' dir='ltr'>navis</span> <span class='ocrx_word' id='word_1_409' title='bbox 780 2455 900 2486; x_wconf 81' lang='lat' dir='ltr'>onerari</span> <span class='ocrx_word' id='word_1_410' title='bbox 928 2463 1032 2495; x_wconf 79' lang='lat' dir='ltr'>coepta</span> 
     </span>
     <span class='ocr_line' id='line_1_58' title="bbox 166 2495 1032 2536; baseline -0.007 -4"><span class='ocrx_word' id='word_1_411' title='bbox 166 2501 256 2533; x_wconf 77' lang='lat' dir='ltr'>esset.</span> <span class='ocrx_word' id='word_1_412' title='bbox 302 2499 459 2531; x_wconf 90' lang='lat' dir='ltr'>Postrema</span> <span class='ocrx_word' id='word_1_413' title='bbox 477 2497 717 2530; x_wconf 85' lang='lat' dir='ltr'>assecuratorum</span> <span class='ocrx_word' id='word_1_414' title='bbox 733 2495 889 2534; x_wconf 87' lang='lat' dir='ltr'>defensio,</span> <span class='ocrx_word' id='word_1_415' title='bbox 913 2505 972 2536; x_wconf 85' lang='lat' dir='ltr'>qua</span> <span class='ocrx_word' id='word_1_416' title='bbox 990 2504 1032 2527; x_wconf 91' lang='lat' dir='ltr'>ta-</span> 
     </span>
     <span class='ocr_line' id='line_1_59' title="bbox 159 2535 1030 2580; baseline -0.008 -6"><span class='ocrx_word' id='word_1_417' title='bbox 159 2551 244 2574; x_wconf 68' lang='lat' dir='ltr'>vmen</span> <span class='ocrx_word' id='word_1_418' title='bbox 259 2541 340 2580; x_wconf 83' lang='lat' dir='ltr'>apud</span> <span class='ocrx_word' id='word_1_419' title='bbox 357 2539 457 2572; x_wconf 88' lang='lat' dir='ltr'>solum</span> <span class='ocrx_word' id='word_1_420' title='bbox 473 2539 621 2571; x_wconf 84' lang='lat' dir='ltr'>Senatum</span> <span class='ocrx_word' id='word_1_421' title='bbox 649 2538 838 2577; x_wconf 75' lang='lat' dir='ltr'>utebantur,</span> <span class='ocrx_word' id='word_1_422' title='bbox 861 2545 926 2569; x_wconf 86' lang='lat' dir='ltr'>erat</span> <span class='ocrx_word' id='word_1_423' title='bbox 944 2546 984 2568; x_wconf 82' lang='lat' dir='ltr'>ex</span> <span class='ocrx_word' id='word_1_424' title='bbox 1003 2535 1030 2577; x_wconf 84' lang='lat'>§.</span> 
     </span>
     <span class='ocr_line' id='line_1_60' title="bbox 171 2578 1032 2623; baseline -0.006 -10"><span class='ocrx_word' id='word_1_425' title='bbox 171 2593 224 2623; x_wconf 78' lang='lat'>47.</span> <span class='ocrx_word' id='word_1_426' title='bbox 248 2581 284 2616; x_wconf 73' lang='lat'>&amp;⁴</span> <span class='ocrx_word' id='word_1_427' title='bbox 308 2591 358 2621; x_wconf 82' lang='lat'>49.</span> <span class='ocrx_word' id='word_1_428' title='bbox 384 2580 426 2612; x_wconf 89' lang='lat' dir='ltr'>R.</span> <span class='ocrx_word' id='word_1_429' title='bbox 459 2580 505 2612; x_wconf 92' lang='lat' dir='ltr'>N.</span> <span class='ocrx_word' id='word_1_430' title='bbox 535 2587 626 2620; x_wconf 88' lang='lat' dir='ltr'>atque</span> <span class='ocrx_word' id='word_1_431' title='bbox 649 2580 695 2612; x_wconf 93' lang='lat' dir='ltr'>illi</span> <span class='ocrx_word' id='word_1_432' title='bbox 722 2580 808 2619; x_wconf 84' lang='lat' dir='ltr'>ajunt</span> <span class='ocrx_word' id='word_1_433' title='bbox 825 2602 835 2616; x_wconf 72' lang='lat'>,</span> <span class='ocrx_word' id='word_1_434' title='bbox 858 2578 1032 2619; x_wconf 87' lang='lat' dir='ltr'>periculum</span> 
     </span>
     <span class='ocr_line' id='line_1_61' title="bbox 169 2618 1034 2659; baseline -0.007 -3"><span class='ocrx_word' id='word_1_435' title='bbox 169 2621 405 2656; x_wconf 79' lang='lat' dir='ltr'>assecurationis</span> <span class='ocrx_word' id='word_1_436' title='bbox 422 2621 531 2652; x_wconf 83' lang='lat' dir='ltr'>durare</span> <span class='ocrx_word' id='word_1_437' title='bbox 550 2642 562 2658; x_wconf 88' lang='lat'>,</span> <span class='ocrx_word' id='word_1_438' title='bbox 584 2620 685 2652; x_wconf 89' lang='lat' dir='ltr'>donec</span> <span class='ocrx_word' id='word_1_439' title='bbox 699 2630 778 2652; x_wconf 88' lang='lat' dir='ltr'>onus</span> <span class='ocrx_word' id='word_1_440' title='bbox 798 2619 896 2650; x_wconf 89' lang='lat' dir='ltr'>fuerit</span> <span class='ocrx_word' id='word_1_441' title='bbox 917 2618 1034 2659; x_wconf 84' lang='lat' dir='ltr'>exposi-</span> 
     </span>
     <span class='ocr_line' id='line_1_62' title="bbox 171 2660 1031 2699; baseline -0.007 -3"><span class='ocrx_word' id='word_1_442' title='bbox 171 2674 242 2697; x_wconf 86' lang='lat' dir='ltr'>tum</span> <span class='ocrx_word' id='word_1_443' title='bbox 263 2664 295 2695; x_wconf 92' lang='lat' dir='ltr'>in</span> <span class='ocrx_word' id='word_1_444' title='bbox 318 2663 393 2695; x_wconf 90' lang='lat' dir='ltr'>loco</span> <span class='ocrx_word' id='word_1_445' title='bbox 409 2661 580 2699; x_wconf 86' lang='lat' dir='ltr'>destinato,</span> <span class='ocrx_word' id='word_1_446' title='bbox 603 2661 677 2699; x_wconf 86' lang='lat' dir='ltr'>vel,</span> <span class='ocrx_word' id='word_1_447' title='bbox 700 2660 721 2692; x_wconf 89' lang='lat' dir='ltr'>si</span> <span class='ocrx_word' id='word_1_448' title='bbox 744 2661 863 2691; x_wconf 88' lang='lat' dir='ltr'>interea</span> <span class='ocrx_word' id='word_1_449' title='bbox 890 2669 953 2691; x_wconf 90' lang='lat' dir='ltr'>non</span> <span class='ocrx_word' id='word_1_450' title='bbox 980 2668 1031 2690; x_wconf 84' lang='lat' dir='ltr'>cx-</span> 
     </span>
     <span class='ocr_line' id='line_1_63' title="bbox 171 2699 1034 2746; baseline -0.009 -8"><span class='ocrx_word' id='word_1_451' title='bbox 171 2714 328 2746; x_wconf 78' lang='lat' dir='ltr'>ponatur,</span> <span class='ocrx_word' id='word_1_452' title='bbox 349 2702 441 2736; x_wconf 85' lang='lat' dir='ltr'><strong>XIV.</strong></span> <span class='ocrx_word' id='word_1_453' title='bbox 464 2703 530 2733; x_wconf 84' lang='lat' dir='ltr'>dies</span> <span class='ocrx_word' id='word_1_454' title='bbox 544 2701 612 2742; x_wconf 89' lang='lat' dir='ltr'>post</span> <span class='ocrx_word' id='word_1_455' title='bbox 629 2700 787 2742; x_wconf 85' lang='lat' dir='ltr'>appulsum</span> <span class='ocrx_word' id='word_1_456' title='bbox 807 2700 905 2731; x_wconf 82' lang='lat' dir='ltr'>navis.</span> <span class='ocrx_word' id='word_1_457' title='bbox 942 2699 1034 2731; x_wconf 89' lang='lat' dir='ltr'>Unde</span> 
     </span>
     <span class='ocr_line' id='line_1_64' title="bbox 170 2740 1034 2783; baseline -0.007 -5"><span class='ocrx_word' id='word_1_458' title='bbox 170 2746 371 2783; x_wconf 79' lang='lat' dir='ltr'>efficiebant,</span> <span class='ocrx_word' id='word_1_459' title='bbox 390 2743 412 2776; x_wconf 88' lang='lat' dir='ltr'><strong>fi</strong></span> <span class='ocrx_word' id='word_1_460' title='bbox 428 2744 516 2776; x_wconf 85' lang='lat' dir='ltr'>navis</span> <span class='ocrx_word' id='word_1_461' title='bbox 536 2743 663 2775; x_wconf 81' lang='lat' dir='ltr'>Revalia</span> <span class='ocrx_word' id='word_1_462' title='bbox 684 2742 721 2774; x_wconf 88' lang='lat' dir='ltr'>ad</span> <span class='ocrx_word' id='word_1_463' title='bbox 744 2740 882 2774; x_wconf 86' lang='lat' dir='ltr'>Narvam</span> <span class='ocrx_word' id='word_1_464' title='bbox 905 2740 942 2771; x_wconf 88' lang='lat' dir='ltr'>ab</span> <span class='ocrx_word' id='word_1_465' title='bbox 965 2741 1034 2772; x_wconf 88' lang='lat' dir='ltr'>aliis</span> 
     </span>
     <span class='ocr_line' id='line_1_65' title="bbox 169 2782 1034 2822; baseline -0.008 -4"><span class='ocrx_word' id='word_1_466' title='bbox 169 2786 432 2820; x_wconf 81' lang='lat' dir='ltr'>assecuratoribus</span> <span class='ocrx_word' id='word_1_467' title='bbox 450 2784 524 2817; x_wconf 86' lang='lat' dir='ltr'>esset</span> <span class='ocrx_word' id='word_1_468' title='bbox 543 2783 706 2815; x_wconf 83' lang='lat' dir='ltr'>affecurata</span> <span class='ocrx_word' id='word_1_469' title='bbox 720 2806 730 2822; x_wconf 83' lang='lat'>,</span> <span class='ocrx_word' id='word_1_470' title='bbox 755 2782 867 2814; x_wconf 88' lang='lat' dir='ltr'>horum</span> <span class='ocrx_word' id='word_1_471' title='bbox 891 2782 1034 2822; x_wconf 80' lang='lat' dir='ltr'>periculo</span> 
     </span>
     <span class='ocr_line' id='line_1_66' title="bbox 170 2823 1034 2866; baseline -0.009 -6"><span class='ocrx_word' id='word_1_472' title='bbox 170 2828 264 2861; x_wconf 79' lang='lat' dir='ltr'>fuisse</span> <span class='ocrx_word' id='word_1_473' title='bbox 282 2837 395 2860; x_wconf 89' lang='lat' dir='ltr'>navem</span> <span class='ocrx_word' id='word_1_474' title='bbox 407 2849 419 2865; x_wconf 91' lang='lat'>,</span> <span class='ocrx_word' id='word_1_475' title='bbox 441 2827 471 2859; x_wconf 76' lang='grc' dir='ltr'>δι</span> <span class='ocrx_word' id='word_1_476' title='bbox 488 2826 654 2864; x_wconf 88' lang='lat' dir='ltr'>damnum,</span> <span class='ocrx_word' id='word_1_477' title='bbox 677 2824 762 2866; x_wconf 89' lang='lat' dir='ltr'>quod</span> <span class='ocrx_word' id='word_1_478' title='bbox 778 2830 937 2864; x_wconf 88' lang='lat' dir='ltr'>pateretur</span> <span class='ocrx_word' id='word_1_479' title='bbox 954 2823 1034 2853; x_wconf 87' lang='lat' dir='ltr'>intra</span> 
     </span>
     <span class='ocr_line' id='line_1_67' title="bbox 171 2864 1031 2909; baseline -0.01 -7"><span class='ocrx_word' id='word_1_480' title='bbox 171 2869 266 2903; x_wconf 89' lang='lat' dir='ltr'>XIV.</span> <span class='ocrx_word' id='word_1_481' title='bbox 288 2869 355 2900; x_wconf 89' lang='lat' dir='ltr'>dies</span> <span class='ocrx_word' id='word_1_482' title='bbox 370 2867 438 2909; x_wconf 82' lang='lat' dir='ltr'>post</span> <span class='ocrx_word' id='word_1_483' title='bbox 461 2866 622 2909; x_wconf 86' lang='lat' dir='ltr'>appulsum</span> <span class='ocrx_word' id='word_1_484' title='bbox 642 2865 680 2898; x_wconf 86' lang='lat' dir='ltr'>ad</span> <span class='ocrx_word' id='word_1_485' title='bbox 696 2864 835 2897; x_wconf 86' lang='lat' dir='ltr'>Narvam</span> <span class='ocrx_word' id='word_1_486' title='bbox 848 2887 858 2903; x_wconf 88' lang='lat'>‚</span> <span class='ocrx_word' id='word_1_487' title='bbox 881 2872 983 2904; x_wconf 85' lang='lat' dir='ltr'>neque</span> <span class='ocrx_word' id='word_1_488' title='bbox 1003 2873 1031 2894; x_wconf 78' lang='lat' dir='ltr'>a·</span> 
     </span>
     <span class='ocr_line' id='line_1_68' title="bbox 170 2902 1031 2948; baseline -0.009 -6"><span class='ocrx_word' id='word_1_489' title='bbox 170 2911 232 2942; x_wconf 87' lang='lat' dir='ltr'>deo</span> <span class='ocrx_word' id='word_1_490' title='bbox 249 2910 281 2942; x_wconf 92' lang='lat' dir='ltr'>se</span> <span class='ocrx_word' id='word_1_491' title='bbox 300 2910 396 2941; x_wconf 88' lang='lat' dir='ltr'>teneri</span> <span class='ocrx_word' id='word_1_492' title='bbox 413 2909 452 2940; x_wconf 90' lang='lat' dir='ltr'>de</span> <span class='ocrx_word' id='word_1_493' title='bbox 471 2917 510 2940; x_wconf 90' lang='lat' dir='ltr'>eo</span> <span class='ocrx_word' id='word_1_494' title='bbox 528 2908 662 2946; x_wconf 84' lang='lat' dir='ltr'>damno,</span> <span class='ocrx_word' id='word_1_495' title='bbox 683 2906 767 2948; x_wconf 87' lang='lat' dir='ltr'>quod</span> <span class='ocrx_word' id='word_1_496' title='bbox 791 2904 906 2937; x_wconf 90' lang='lat' dir='ltr'>accidit</span> <span class='ocrx_word' id='word_1_497' title='bbox 923 2902 1031 2946; x_wconf 89' lang='lat' dir='ltr'>postri-</span> 
     </span>
     <span class='ocr_line' id='line_1_69' title="bbox 169 2944 1030 2992; baseline -0.008 -9"><span class='ocrx_word' id='word_1_498' title='bbox 169 2952 221 2983; x_wconf 83' lang='lat' dir='ltr'>die</span> <span class='ocrx_word' id='word_1_499' title='bbox 237 2950 306 2992; x_wconf 89' lang='lat' dir='ltr'>post</span> <span class='ocrx_word' id='word_1_500' title='bbox 326 2949 508 2991; x_wconf 88' lang='lat' dir='ltr'>appulsum,</span> <span class='ocrx_word' id='word_1_501' title='bbox 530 2949 602 2990; x_wconf 85' lang='lat' dir='ltr'>quia</span> <span class='ocrx_word' id='word_1_502' title='bbox 632 2948 771 2980; x_wconf 85' lang='lat' dir='ltr'>inaudita</span> <span class='ocrx_word' id='word_1_503' title='bbox 794 2956 842 2979; x_wconf 90' lang='lat' dir='ltr'>res</span> <span class='ocrx_word' id='word_1_504' title='bbox 873 2944 934 2985; x_wconf 88' lang='lat' dir='ltr'>est,</span> <span class='ocrx_word' id='word_1_505' title='bbox 959 2945 1030 2977; x_wconf 80' lang='lat' dir='ltr'>affe—</span> 
     </span>
     <span class='ocr_line' id='line_1_70' title="bbox 165 2987 1031 3024; baseline -0.007 0"><span class='ocrx_word' id='word_1_506' title='bbox 165 3000 315 3024; x_wconf 77' lang='lat' dir='ltr'>curatum</span> <span class='ocrx_word' id='word_1_507' title='bbox 331 2990 476 3022; x_wconf 85' lang='lat' dir='ltr'>adversus</span> <span class='ocrx_word' id='word_1_508' title='bbox 502 2989 642 3023; x_wconf 87' lang='lat' dir='ltr'>diversos</span> <span class='ocrx_word' id='word_1_509' title='bbox 665 2989 884 3021; x_wconf 79' lang='lat' dir='ltr'>affecuratores</span> <span class='ocrx_word' id='word_1_510' title='bbox 908 2987 947 3019; x_wconf 91' lang='lat' dir='ltr'>de</span> <span class='ocrx_word' id='word_1_511' title='bbox 967 2996 1031 3019; x_wconf 93' lang='lat' dir='ltr'>uno</span> 
     </span>
     <span class='ocr_line' id='line_1_71' title="bbox 170 3028 1031 3074; baseline -0.005 -11"><span class='ocrx_word' id='word_1_512' title='bbox 170 3033 344 3074; x_wconf 87' lang='lat' dir='ltr'>eodemque</span> <span class='ocrx_word' id='word_1_513' title='bbox 359 3033 471 3063; x_wconf 81' lang='lat' dir='ltr'>damno</span> <span class='ocrx_word' id='word_1_514' title='bbox 486 3031 620 3072; x_wconf 80' lang='lat' dir='ltr'>experiri</span> <span class='ocrx_word' id='word_1_515' title='bbox 637 3031 722 3073; x_wconf 76' lang='lat' dir='ltr'>posse</span> <span class='ocrx_word' id='word_1_516' title='bbox 737 3030 768 3062; x_wconf 90' lang='lat' dir='ltr'>in</span> <span class='ocrx_word' id='word_1_517' title='bbox 785 3029 926 3062; x_wconf 86' lang='lat' dir='ltr'>solidum.</span> <span class='ocrx_word' id='word_1_518' title='bbox 971 3028 1031 3061; x_wconf 90' lang='lat' dir='ltr'>Sed</span> 
     </span>
     <span class='ocr_line' id='line_1_72' title="bbox 172 3070 1030 3114; baseline -0.003 -9"><span class='ocrx_word' id='word_1_519' title='bbox 172 3075 200 3105; x_wconf 77' lang='lat' dir='ltr'>cl.</span> <span class='ocrx_word' id='word_1_520' title='bbox 225 3073 274 3114; x_wconf 81' lang='lat'>§§.</span> <span class='ocrx_word' id='word_1_521' title='bbox 298 3083 349 3113; x_wconf 82' lang='lat'>47.</span> <span class='ocrx_word' id='word_1_522' title='bbox 379 3073 415 3108; x_wconf 55' lang='grc' dir='ltr'>ὅ)</span> <span class='ocrx_word' id='word_1_523' title='bbox 436 3082 488 3113; x_wconf 83' lang='lat'>49.</span> <span class='ocrx_word' id='word_1_524' title='bbox 518 3073 673 3105; x_wconf 85' lang='lat' dir='ltr'>definiunt</span> <span class='ocrx_word' id='word_1_525' title='bbox 696 3072 845 3104; x_wconf 84' lang='lat' dir='ltr'>duntaxat</span> <span class='ocrx_word' id='word_1_526' title='bbox 865 3094 875 3110; x_wconf 91' lang='lat'>,</span> <span class='ocrx_word' id='word_1_527' title='bbox 909 3070 1030 3111; x_wconf 87' lang='lat' dir='ltr'>quando</span> 
     </span>
    </p>
   </div>
   <div class='ocr_carea' id='block_1_3' title="bbox 883 111 988 140">
    <p class='ocr_par' dir='ltr' id='par_1_5' title="bbox 883 111 988 140">
     <span class='ocr_line' id='line_1_73' title="bbox 883 111 988 140; baseline 0.01 -1"><span class='ocrx_word' id='word_1_528' title='bbox 883 111 988 140; x_wconf 85' lang='lat' dir='ltr'>VAN</span> 
     </span>
    </p>
   </div>
   <div class='ocr_carea' id='block_1_4' title="bbox 210 3193 818 3235">
    <p class='ocr_par' dir='ltr' id='par_1_6' title="bbox 210 3193 818 3235">
     <span class='ocr_line' id='line_1_74' title="bbox 210 3193 818 3235; baseline 0.008 -10"><span class='ocrx_word' id='word_1_529' title='bbox 210 3193 273 3233; x_wconf 82' lang='lat'>(1)</span> <span class='ocrx_word' id='word_1_530' title='bbox 293 3193 403 3235; x_wconf 76' lang='lat' dir='ltr'>Observ.</span> <span class='ocrx_word' id='word_1_531' title='bbox 425 3193 539 3228; x_wconf 68' lang='lat' dir='ltr'>Tuomst.</span> <span class='ocrx_word' id='word_1_532' title='bbox 562 3193 594 3226; x_wconf 91' lang='lat' dir='ltr'>T.</span> <span class='ocrx_word' id='word_1_533' title='bbox 614 3194 665 3230; x_wconf 79' lang='lat' dir='ltr'>XI.</span> <span class='ocrx_word' id='word_1_534' title='bbox 686 3203 713 3230; x_wconf 73' lang='lat' dir='ltr'>n.</span> <span class='ocrx_word' id='word_1_535' title='bbox 734 3200 818 3233; x_wconf 70' lang='grc'><strong><em>2554-</em></strong></span> 
     </span>
    </p>
   </div>
   <div class='ocr_carea' id='block_1_5' title="bbox 1051 101 1657 139">
    <p class='ocr_par' dir='ltr' id='par_1_7' title="bbox 1051 101 1657 139">
     <span class='ocr_line' id='line_1_75' title="bbox 1051 101 1657 139; baseline -0.002 0"><span class='ocrx_word' id='word_1_536' title='bbox 1051 101 1657 139; x_wconf 83' lang='lat' dir='ltr'>BYNKERSHOEK</span> 
     </span>
    </p>
   </div>
   <div class='ocr_carea' id='block_1_6' title="bbox 1052 189 1922 1628">
    <p class='ocr_par' dir='ltr' id='par_1_8' title="bbox 1052 189 1915 970">
     <span class='ocr_line' id='line_1_76' title="bbox 1053 189 1908 233; baseline 0.004 -12"><span class='ocrx_word' id='word_1_537' title='bbox 1053 191 1225 231; x_wconf 83' lang='lat' dir='ltr'>periculum</span> <span class='ocrx_word' id='word_1_538' title='bbox 1244 190 1375 229; x_wconf 79' lang='lat' dir='ltr'>desinat,</span> <span class='ocrx_word' id='word_1_539' title='bbox 1399 198 1462 221; x_wconf 82' lang='lat' dir='ltr'>non</span> <span class='ocrx_word' id='word_1_540' title='bbox 1480 189 1604 230; x_wconf 83' lang='lat' dir='ltr'>quando</span> <span class='ocrx_word' id='word_1_541' title='bbox 1619 189 1767 231; x_wconf 81' lang='lat' dir='ltr'>incipiat,</span> <span class='ocrx_word' id='word_1_542' title='bbox 1790 190 1828 223; x_wconf 85' lang='lat' dir='ltr'>de</span> <span class='ocrx_word' id='word_1_543' title='bbox 1846 201 1908 233; x_wconf 83' lang='lat' dir='ltr'>quo</span> 
     </span>
     <span class='ocr_line' id='line_1_77' title="bbox 1054 230 1908 274; baseline 0.004 -12"><span class='ocrx_word' id='word_1_544' title='bbox 1054 232 1122 263; x_wconf 87' lang='lat' dir='ltr'>solo</span> <span class='ocrx_word' id='word_1_545' title='bbox 1148 232 1200 262; x_wconf 91' lang='lat' dir='ltr'>hic</span> <span class='ocrx_word' id='word_1_546' title='bbox 1219 232 1434 272; x_wconf 63' lang='lat' dir='ltr'>quaerebatur,</span> <span class='ocrx_word' id='word_1_547' title='bbox 1459 230 1487 261; x_wconf 55' lang='grc' dir='ltr'>δέ</span> <span class='ocrx_word' id='word_1_548' title='bbox 1509 231 1679 270; x_wconf 86' lang='lat' dir='ltr'>loquuntur</span> <span class='ocrx_word' id='word_1_549' title='bbox 1699 231 1737 262; x_wconf 92' lang='lat' dir='ltr'>de</span> <span class='ocrx_word' id='word_1_550' title='bbox 1753 242 1830 263; x_wconf 85' lang='lat' dir='ltr'>nave</span> <span class='ocrx_word' id='word_1_551' title='bbox 1846 235 1908 274; x_wconf 88' lang='lat' dir='ltr'>plc-</span> 
     </span>
     <span class='ocr_line' id='line_1_78' title="bbox 1054 270 1908 314; baseline 0.004 -11"><span class='ocrx_word' id='word_1_552' title='bbox 1054 282 1091 303; x_wconf 86' lang='lat' dir='ltr'>na</span> <span class='ocrx_word' id='word_1_553' title='bbox 1105 272 1210 312; x_wconf 77' lang='lat' dir='ltr'>ejusve</span> <span class='ocrx_word' id='word_1_554' title='bbox 1225 282 1338 311; x_wconf 89' lang='lat' dir='ltr'>onere,</span> <span class='ocrx_word' id='word_1_555' title='bbox 1364 273 1393 304; x_wconf 69' lang='grc' dir='ltr'>ἃ,</span> <span class='ocrx_word' id='word_1_556' title='bbox 1414 271 1465 302; x_wconf 78' lang='lat' dir='ltr'>hic</span> <span class='ocrx_word' id='word_1_557' title='bbox 1484 270 1630 312; x_wconf 82' lang='lat' dir='ltr'>agebatur</span> <span class='ocrx_word' id='word_1_558' title='bbox 1646 271 1685 302; x_wconf 89' lang='lat' dir='ltr'>de</span> <span class='ocrx_word' id='word_1_559' title='bbox 1700 282 1779 304; x_wconf 84' lang='lat' dir='ltr'>nave</span> <span class='ocrx_word' id='word_1_560' title='bbox 1796 283 1908 314; x_wconf 82' lang='lat' dir='ltr'>vacua,</span> 
     </span>
     <span class='ocr_line' id='line_1_79' title="bbox 1052 310 1909 355; baseline 0.002 -11"><span class='ocrx_word' id='word_1_561' title='bbox 1052 313 1074 345; x_wconf 87' lang='lat' dir='ltr'><strong>fi</strong></span> <span class='ocrx_word' id='word_1_562' title='bbox 1091 314 1128 344; x_wconf 88' lang='lat' dir='ltr'>de</span> <span class='ocrx_word' id='word_1_563' title='bbox 1143 313 1209 344; x_wconf 91' lang='lat' dir='ltr'>sola</span> <span class='ocrx_word' id='word_1_564' title='bbox 1232 323 1312 344; x_wconf 88' lang='lat' dir='ltr'>nave</span> <span class='ocrx_word' id='word_1_565' title='bbox 1332 312 1431 344; x_wconf 87' lang='lat' dir='ltr'>sermo</span> <span class='ocrx_word' id='word_1_566' title='bbox 1454 312 1509 347; x_wconf 76' lang='lat' dir='ltr'>sit,</span> <span class='ocrx_word' id='word_1_567' title='bbox 1535 310 1636 343; x_wconf 85' lang='lat' dir='ltr'>statim</span> <span class='ocrx_word' id='word_1_568' title='bbox 1659 312 1729 353; x_wconf 90' lang='lat' dir='ltr'>post</span> <span class='ocrx_word' id='word_1_569' title='bbox 1749 315 1909 355; x_wconf 87' lang='lat' dir='ltr'>appulsum</span> 
     </span>
     <span class='ocr_line' id='line_1_80' title="bbox 1053 353 1908 394; baseline 0.004 -9"><span class='ocrx_word' id='word_1_570' title='bbox 1053 354 1084 385; x_wconf 92' lang='lat' dir='ltr'>in</span> <span class='ocrx_word' id='word_1_571' title='bbox 1111 354 1218 386; x_wconf 87' lang='lat' dir='ltr'>locum</span> <span class='ocrx_word' id='word_1_572' title='bbox 1244 353 1429 386; x_wconf 88' lang='lat' dir='ltr'>destinatum</span> <span class='ocrx_word' id='word_1_573' title='bbox 1459 353 1634 394; x_wconf 90' lang='lat' dir='ltr'>periculum</span> <span class='ocrx_word' id='word_1_574' title='bbox 1670 353 1908 388; x_wconf 77' lang='lat' dir='ltr'>assccuratorum</span> 
     </span>
     <span class='ocr_line' id='line_1_81' title="bbox 1053 393 1908 438; baseline 0.002 -12"><span class='ocrx_word' id='word_1_575' title='bbox 1053 395 1185 432; x_wconf 83' lang='lat' dir='ltr'>definit,</span> <span class='ocrx_word' id='word_1_576' title='bbox 1207 402 1242 425; x_wconf 83' lang='lat' dir='ltr'>ut</span> <span class='ocrx_word' id='word_1_577' title='bbox 1265 394 1352 435; x_wconf 88' lang='lat' dir='ltr'>supra</span> <span class='ocrx_word' id='word_1_578' title='bbox 1378 395 1533 436; x_wconf 79' lang='lat' dir='ltr'>disputavi</span> <span class='ocrx_word' id='word_1_579' title='bbox 1566 394 1598 426; x_wconf 90' lang='lat' dir='ltr'>C.</span> <span class='ocrx_word' id='word_1_580' title='bbox 1623 393 1661 425; x_wconf 89' lang='grc' dir='ltr'>ΙΙ.</span> <span class='ocrx_word' id='word_1_581' title='bbox 1685 395 1726 435; x_wconf 83' lang='lat' dir='ltr'>vs.</span> <span class='ocrx_word' id='word_1_582' title='bbox 1751 395 1822 426; x_wconf 80' lang='lat' dir='ltr'>Hoec</span> <span class='ocrx_word' id='word_1_583' title='bbox 1847 398 1908 438; x_wconf 79' lang='lat' dir='ltr'>qui-</span> 
     </span>
     <span class='ocr_line' id='line_1_82' title="bbox 1052 434 1912 480; baseline 0.005 -14"><span class='ocrx_word' id='word_1_584' title='bbox 1052 437 1123 467; x_wconf 80' lang='lat' dir='ltr'>dem.</span> <span class='ocrx_word' id='word_1_585' title='bbox 1147 434 1260 467; x_wconf 86' lang='lat' dir='ltr'>frustra</span> <span class='ocrx_word' id='word_1_586' title='bbox 1277 436 1372 476; x_wconf 85' lang='lat' dir='ltr'>igitur</span> <span class='ocrx_word' id='word_1_587' title='bbox 1393 435 1463 467; x_wconf 84' lang='lat' dir='ltr'>haec</span> <span class='ocrx_word' id='word_1_588' title='bbox 1480 435 1705 468; x_wconf 87' lang='lat' dir='ltr'>adferebantur.</span> <span class='ocrx_word' id='word_1_589' title='bbox 1750 435 1835 480; x_wconf 84' lang='lat' dir='ltr'>Quin</span> <span class='ocrx_word' id='word_1_590' title='bbox 1852 445 1912 470; x_wconf 84' lang='lat' dir='ltr'>nee</span> 
     </span>
     <span class='ocr_line' id='line_1_83' title="bbox 1055 476 1908 515; baseline 0.002 -7"><span class='ocrx_word' id='word_1_591' title='bbox 1055 477 1161 515; x_wconf 88' lang='lat' dir='ltr'>navis,</span> <span class='ocrx_word' id='word_1_592' title='bbox 1185 485 1244 508; x_wconf 89' lang='lat' dir='ltr'>nee</span> <span class='ocrx_word' id='word_1_593' title='bbox 1276 485 1393 508; x_wconf 86' lang='lat' dir='ltr'>merces</span> <span class='ocrx_word' id='word_1_594' title='bbox 1419 477 1470 509; x_wconf 88' lang='lat' dir='ltr'>bic</span> <span class='ocrx_word' id='word_1_595' title='bbox 1497 485 1583 508; x_wconf 89' lang='lat' dir='ltr'>erant</span> <span class='ocrx_word' id='word_1_596' title='bbox 1606 476 1781 508; x_wconf 81' lang='lat' dir='ltr'>assecuratae</span> <span class='ocrx_word' id='word_1_597' title='bbox 1807 477 1908 510; x_wconf 88' lang='lat' dir='ltr'>Reva-</span> 
     </span>
     <span class='ocr_line' id='line_1_84' title="bbox 1056 516 1908 556; baseline 0 -6"><span class='ocrx_word' id='word_1_598' title='bbox 1056 519 1097 550; x_wconf 89' lang='lat' dir='ltr'>lia</span> <span class='ocrx_word' id='word_1_599' title='bbox 1111 517 1150 548; x_wconf 86' lang='lat' dir='ltr'>ad</span> <span class='ocrx_word' id='word_1_600' title='bbox 1176 517 1334 556; x_wconf 87' lang='lat' dir='ltr'>Narvarn,</span> <span class='ocrx_word' id='word_1_601' title='bbox 1359 517 1380 549; x_wconf 84' lang='lat' dir='ltr'>si</span> <span class='ocrx_word' id='word_1_602' title='bbox 1404 516 1552 556; x_wconf 75' lang='lat' dir='ltr'>fuissent,</span> <span class='ocrx_word' id='word_1_603' title='bbox 1576 518 1607 549; x_wconf 70' lang='grc' dir='ltr'>ἃ</span> <span class='ocrx_word' id='word_1_604' title='bbox 1631 517 1740 549; x_wconf 86' lang='lat' dir='ltr'>diversi</span> <span class='ocrx_word' id='word_1_605' title='bbox 1762 516 1908 550; x_wconf 77' lang='lat' dir='ltr'>assecura-</span> 
     </span>
     <span class='ocr_line' id='line_1_85' title="bbox 1056 558 1909 600; baseline 0.001 -10"><span class='ocrx_word' id='word_1_606' title='bbox 1056 567 1138 591; x_wconf 86' lang='lat' dir='ltr'>tores</span> <span class='ocrx_word' id='word_1_607' title='bbox 1158 558 1294 590; x_wconf 90' lang='lat' dir='ltr'>invicem</span> <span class='ocrx_word' id='word_1_608' title='bbox 1315 559 1353 589; x_wconf 90' lang='lat' dir='ltr'>de</span> <span class='ocrx_word' id='word_1_609' title='bbox 1375 568 1414 589; x_wconf 93' lang='lat' dir='ltr'>eo</span> <span class='ocrx_word' id='word_1_610' title='bbox 1440 559 1554 590; x_wconf 87' lang='lat' dir='ltr'>damno</span> <span class='ocrx_word' id='word_1_611' title='bbox 1582 559 1767 599; x_wconf 72' lang='lat' dir='ltr'>litigassent,</span> <span class='ocrx_word' id='word_1_612' title='bbox 1791 560 1909 600; x_wconf 82' lang='lat' dir='ltr'>potuis-</span> 
     </span>
     <span class='ocr_line' id='line_1_86' title="bbox 1055 599 1910 640; baseline 0.004 -9"><span class='ocrx_word' id='word_1_613' title='bbox 1055 600 1100 632; x_wconf 89' lang='lat' dir='ltr'>set</span> <span class='ocrx_word' id='word_1_614' title='bbox 1115 599 1300 631; x_wconf 72' lang='lat' dir='ltr'>affectu-atus</span> <span class='ocrx_word' id='word_1_615' title='bbox 1316 599 1490 640; x_wconf 61' lang='lat' dir='ltr'>exspcstare</span> <span class='ocrx_word' id='word_1_616' title='bbox 1517 607 1665 631; x_wconf 89' lang='lat' dir='ltr'>eventum</span> <span class='ocrx_word' id='word_1_617' title='bbox 1689 599 1754 639; x_wconf 81' lang='lat' dir='ltr'>ejus</span> <span class='ocrx_word' id='word_1_618' title='bbox 1774 600 1860 638; x_wconf 87' lang='lat' dir='ltr'>litis,</span> <span class='ocrx_word' id='word_1_619' title='bbox 1879 602 1910 634; x_wconf 71' lang='grc' dir='ltr'>ἀ</span> 
     </span>
     <span class='ocr_line' id='line_1_87' title="bbox 1058 639 1910 681; baseline 0.002 -9"><span class='ocrx_word' id='word_1_620' title='bbox 1058 650 1136 673; x_wconf 90' lang='lat' dir='ltr'>tunc</span> <span class='ocrx_word' id='word_1_621' title='bbox 1149 641 1339 680; x_wconf 88' lang='lat' dir='ltr'>convenire,</span> <span class='ocrx_word' id='word_1_622' title='bbox 1364 641 1416 681; x_wconf 85' lang='lat' dir='ltr'>qui</span> <span class='ocrx_word' id='word_1_623' title='bbox 1433 641 1534 672; x_wconf 53' lang='lat' dir='ltr'>victus</span> <span class='ocrx_word' id='word_1_624' title='bbox 1551 639 1636 672; x_wconf 78' lang='lat' dir='ltr'>esset.</span> <span class='ocrx_word' id='word_1_625' title='bbox 1680 640 1740 672; x_wconf 86' lang='lat' dir='ltr'>Sed</span> <span class='ocrx_word' id='word_1_626' title='bbox 1755 640 1776 673; x_wconf 86' lang='lat' dir='ltr'><strong>fi</strong></span> <span class='ocrx_word' id='word_1_627' title='bbox 1797 642 1846 673; x_wconf 87' lang='lat' dir='ltr'>vel</span> <span class='ocrx_word' id='word_1_628' title='bbox 1863 642 1910 674; x_wconf 83' lang='lat' dir='ltr'>illi</span> 
     </span>
     <span class='ocr_line' id='line_1_88' title="bbox 1057 680 1909 723; baseline 0 -9"><span class='ocrx_word' id='word_1_629' title='bbox 1057 682 1106 723; x_wconf 80' lang='lat'>§§.</span> <span class='ocrx_word' id='word_1_630' title='bbox 1137 691 1188 723; x_wconf 82' lang='lat'>47.</span> <span class='ocrx_word' id='word_1_631' title='bbox 1218 681 1254 716; x_wconf 66' lang='grc' dir='ltr'>ὅ)</span> <span class='ocrx_word' id='word_1_632' title='bbox 1273 691 1323 721; x_wconf 79' lang='lat'>49.</span> <span class='ocrx_word' id='word_1_633' title='bbox 1358 682 1394 713; x_wconf 88' lang='lat' dir='ltr'>ad</span> <span class='ocrx_word' id='word_1_634' title='bbox 1416 681 1495 713; x_wconf 86' lang='lat' dir='ltr'>hanc</span> <span class='ocrx_word' id='word_1_635' title='bbox 1530 680 1664 722; x_wconf 89' lang='lat' dir='ltr'>speciem</span> <span class='ocrx_word' id='word_1_636' title='bbox 1692 682 1909 723; x_wconf 88' lang='lat' dir='ltr'>pertinerent,</span> 
     </span>
     <span class='ocr_line' id='line_1_89' title="bbox 1057 722 1912 764; baseline 0.001 -9"><span class='ocrx_word' id='word_1_637' title='bbox 1057 723 1205 764; x_wconf 87' lang='lat' dir='ltr'>quicquid</span> <span class='ocrx_word' id='word_1_638' title='bbox 1229 723 1271 754; x_wconf 91' lang='lat' dir='ltr'>ibi</span> <span class='ocrx_word' id='word_1_639' title='bbox 1295 723 1428 762; x_wconf 90' lang='lat' dir='ltr'>dicitur,</span> <span class='ocrx_word' id='word_1_640' title='bbox 1451 732 1515 754; x_wconf 88' lang='lat' dir='ltr'>non</span> <span class='ocrx_word' id='word_1_641' title='bbox 1541 723 1631 754; x_wconf 86' lang='lat' dir='ltr'>aliter</span> <span class='ocrx_word' id='word_1_642' title='bbox 1653 722 1795 764; x_wconf 81' lang='lat' dir='ltr'>obtinet,</span> <span class='ocrx_word' id='word_1_643' title='bbox 1820 733 1912 764; x_wconf 88' lang='lat' dir='ltr'>quam</span> 
     </span>
     <span class='ocr_line' id='line_1_90' title="bbox 1056 764 1912 805; baseline 0 -8"><span class='ocrx_word' id='word_1_644' title='bbox 1056 765 1078 797; x_wconf 89' lang='lat' dir='ltr'><strong>fi</strong></span> <span class='ocrx_word' id='word_1_645' title='bbox 1101 774 1165 796; x_wconf 90' lang='lat' dir='ltr'>non</span> <span class='ocrx_word' id='word_1_646' title='bbox 1190 773 1301 795; x_wconf 89' lang='lat' dir='ltr'>contra</span> <span class='ocrx_word' id='word_1_647' title='bbox 1326 764 1447 805; x_wconf 59' lang='lat' dir='ltr'>pastum</span> <span class='ocrx_word' id='word_1_648' title='bbox 1477 764 1514 795; x_wconf 82' lang='lat' dir='ltr'>sit</span> <span class='ocrx_word' id='word_1_649' title='bbox 1535 785 1547 801; x_wconf 86' lang='lat'>,</span> <span class='ocrx_word' id='word_1_650' title='bbox 1569 773 1639 795; x_wconf 88' lang='lat' dir='ltr'>nam</span> <span class='ocrx_word' id='word_1_651' title='bbox 1665 772 1776 796; x_wconf 86' lang='lat' dir='ltr'>contra</span> <span class='ocrx_word' id='word_1_652' title='bbox 1799 764 1912 805; x_wconf 82' lang='lat' dir='ltr'>pacisci</span> 
     </span>
     <span class='ocr_line' id='line_1_91' title="bbox 1056 804 1911 847; baseline -0.001 -10"><span class='ocrx_word' id='word_1_653' title='bbox 1056 805 1143 847; x_wconf 77' lang='lat' dir='ltr'>poss&#39;e</span> <span class='ocrx_word' id='word_1_654' title='bbox 1167 805 1324 846; x_wconf 87' lang='lat' dir='ltr'>permittit</span> <span class='ocrx_word' id='word_1_655' title='bbox 1352 805 1553 836; x_wconf 83' lang='lat' dir='ltr'>intermedius</span> <span class='ocrx_word' id='word_1_656' title='bbox 1579 805 1605 846; x_wconf 82' lang='lat'>§.</span> <span class='ocrx_word' id='word_1_657' title='bbox 1630 810 1683 845; x_wconf 87' lang='lat'>48.</span> <span class='ocrx_word' id='word_1_658' title='bbox 1717 804 1780 836; x_wconf 88' lang='lat' dir='ltr'>Hic</span> <span class='ocrx_word' id='word_1_659' title='bbox 1808 815 1911 838; x_wconf 83' lang='lat' dir='ltr'>autem</span> 
     </span>
     <span class='ocr_line' id='line_1_92' title="bbox 1056 845 1915 887; baseline -0.001 -9"><span class='ocrx_word' id='word_1_660' title='bbox 1056 847 1243 879; x_wconf 88' lang='lat' dir='ltr'>nominatim</span> <span class='ocrx_word' id='word_1_661' title='bbox 1261 846 1383 886; x_wconf 69' lang='lat' dir='ltr'>pactum</span> <span class='ocrx_word' id='word_1_662' title='bbox 1401 855 1485 885; x_wconf 86' lang='lat' dir='ltr'>erat,</span> <span class='ocrx_word' id='word_1_663' title='bbox 1509 845 1684 887; x_wconf 88' lang='lat' dir='ltr'>periculum</span> <span class='ocrx_word' id='word_1_664' title='bbox 1698 847 1915 887; x_wconf 82' lang='lat' dir='ltr'>incepturum,</span> 
     </span>
     <span class='ocr_line' id='line_1_93' title="bbox 1056 886 1914 929; baseline 0.001 -10"><span class='ocrx_word' id='word_1_665' title='bbox 1056 886 1217 929; x_wconf 89' lang='lat' dir='ltr'>postquam</span> <span class='ocrx_word' id='word_1_666' title='bbox 1235 888 1323 918; x_wconf 86' lang='lat' dir='ltr'>navis</span> <span class='ocrx_word' id='word_1_667' title='bbox 1338 886 1444 919; x_wconf 86' lang='lat' dir='ltr'>instrui</span> <span class='ocrx_word' id='word_1_668' title='bbox 1462 896 1566 927; x_wconf 83' lang='lat' dir='ltr'>coepta</span> <span class='ocrx_word' id='word_1_669' title='bbox 1581 887 1674 927; x_wconf 73' lang='lat' dir='ltr'>esset,</span> <span class='ocrx_word' id='word_1_670' title='bbox 1698 888 1798 920; x_wconf 89' lang='lat' dir='ltr'>multo</span> <span class='ocrx_word' id='word_1_671' title='bbox 1818 887 1914 929; x_wconf 82' lang='lat' dir='ltr'>igitur</span> 
     </span>
     <span class='ocr_line' id='line_1_94' title="bbox 1056 927 1675 970; baseline 0 -9"><span class='ocrx_word' id='word_1_672' title='bbox 1056 930 1152 969; x_wconf 82' lang='lat' dir='ltr'>magis</span> <span class='ocrx_word' id='word_1_673' title='bbox 1168 927 1238 969; x_wconf 89' lang='lat' dir='ltr'>post</span> <span class='ocrx_word' id='word_1_674' title='bbox 1253 937 1363 960; x_wconf 87' lang='lat' dir='ltr'>navem</span> <span class='ocrx_word' id='word_1_675' title='bbox 1380 929 1471 970; x_wconf 86' lang='lat' dir='ltr'>plene</span> <span class='ocrx_word' id='word_1_676' title='bbox 1487 928 1675 961; x_wconf 70' lang='lat' dir='ltr'>insti-uttam.</span> 
     </span>
    </p>

    <p class='ocr_par' dir='ltr' id='par_1_9' title="bbox 1055 969 1919 1380">
     <span class='ocr_line' id='line_1_95' title="bbox 1098 969 1914 1014; baseline 0.001 -13"><span class='ocrx_word' id='word_1_677' title='bbox 1098 970 1205 1014; x_wconf 85' lang='lat' dir='ltr'>Quare</span> <span class='ocrx_word' id='word_1_678' title='bbox 1223 979 1330 1001; x_wconf 88' lang='lat' dir='ltr'>omnes</span> <span class='ocrx_word' id='word_1_679' title='bbox 1347 970 1414 1001; x_wconf 82' lang='lat' dir='ltr'>illas</span> <span class='ocrx_word' id='word_1_680' title='bbox 1431 969 1624 1003; x_wconf 85' lang='lat' dir='ltr'>defensiones</span> <span class='ocrx_word' id='word_1_681' title='bbox 1651 971 1780 1003; x_wconf 90' lang='lat' dir='ltr'>Senatus</span> <span class='ocrx_word' id='word_1_682' title='bbox 1799 971 1914 1011; x_wconf 84' lang='lat' dir='ltr'>impro-</span> 
     </span>
     <span class='ocr_line' id='line_1_96' title="bbox 1055 1010 1917 1050; baseline 0 -7"><span class='ocrx_word' id='word_1_683' title='bbox 1055 1012 1160 1050; x_wconf 78' lang='lat' dir='ltr'>bavit,</span> <span class='ocrx_word' id='word_1_684' title='bbox 1185 1012 1214 1042; x_wconf 71' lang='lat' dir='ltr'>&lt;Sc</span> <span class='ocrx_word' id='word_1_685' title='bbox 1231 1011 1318 1042; x_wconf 88' lang='lat' dir='ltr'>simul</span> <span class='ocrx_word' id='word_1_686' title='bbox 1336 1010 1543 1050; x_wconf 82' lang='lat' dir='ltr'>existimavit,</span> <span class='ocrx_word' id='word_1_687' title='bbox 1561 1021 1632 1043; x_wconf 88' lang='lat' dir='ltr'>cum</span> <span class='ocrx_word' id='word_1_688' title='bbox 1649 1013 1744 1044; x_wconf 84' lang='lat' dir='ltr'>etiam</span> <span class='ocrx_word' id='word_1_689' title='bbox 1759 1011 1821 1045; x_wconf 89' lang='lat' dir='ltr'>fine</span> <span class='ocrx_word' id='word_1_690' title='bbox 1838 1013 1917 1043; x_wconf 63' lang='lat' dir='ltr'>duo⁴</span> 
     </span>
     <span class='ocr_line' id='line_1_97' title="bbox 1056 1052 1917 1093; baseline 0.001 -9"><span class='ocrx_word' id='word_1_691' title='bbox 1056 1054 1134 1092; x_wconf 87' lang='lat' dir='ltr'>bus,</span> <span class='ocrx_word' id='word_1_692' title='bbox 1157 1062 1226 1093; x_wconf 73' lang='lat' dir='ltr'>quaz</span> <span class='ocrx_word' id='word_1_693' title='bbox 1254 1052 1341 1090; x_wconf 79' lang='lat' dir='ltr'>dixi,</span> <span class='ocrx_word' id='word_1_694' title='bbox 1365 1053 1516 1085; x_wconf 83' lang='lat' dir='ltr'>mandatis</span> <span class='ocrx_word' id='word_1_695' title='bbox 1539 1052 1756 1085; x_wconf 84' lang='lat' dir='ltr'>assecuratores</span> <span class='ocrx_word' id='word_1_696' title='bbox 1776 1062 1917 1085; x_wconf 84' lang='lat' dir='ltr'>teneren-</span> 
     </span>
     <span class='ocr_line' id='line_1_98' title="bbox 1058 1093 1916 1133; baseline 0 -8"><span class='ocrx_word' id='word_1_697' title='bbox 1058 1102 1108 1125; x_wconf 91' lang='lat' dir='ltr'>tur</span> <span class='ocrx_word' id='word_1_698' title='bbox 1121 1117 1130 1132; x_wconf 90' lang='lat'>‚</span> <span class='ocrx_word' id='word_1_699' title='bbox 1155 1093 1301 1124; x_wconf 89' lang='lat' dir='ltr'>inutilem</span> <span class='ocrx_word' id='word_1_700' title='bbox 1318 1093 1379 1125; x_wconf 79' lang='lat' dir='ltr'>effe</span> <span class='ocrx_word' id='word_1_701' title='bbox 1395 1094 1640 1133; x_wconf 83' lang='lat' dir='ltr'>disputationem</span> <span class='ocrx_word' id='word_1_702' title='bbox 1658 1094 1696 1125; x_wconf 86' lang='lat' dir='ltr'>de</span> <span class='ocrx_word' id='word_1_703' title='bbox 1714 1093 1916 1126; x_wconf 85' lang='lat' dir='ltr'>restitutione</span> 
     </span>
     <span class='ocr_line' id='line_1_99' title="bbox 1061 1135 1916 1174; baseline 0.002 -9"><span class='ocrx_word' id='word_1_704' title='bbox 1061 1135 1092 1165; x_wconf 93' lang='lat' dir='ltr'>in</span> <span class='ocrx_word' id='word_1_705' title='bbox 1111 1136 1265 1174; x_wconf 76' lang='lat' dir='ltr'>integrum</span> <span class='ocrx_word' id='word_1_706' title='bbox 1281 1143 1392 1165; x_wconf 88' lang='lat' dir='ltr'>contra</span> <span class='ocrx_word' id='word_1_707' title='bbox 1417 1135 1469 1165; x_wconf 87' lang='lat' dir='ltr'>illa</span> <span class='ocrx_word' id='word_1_708' title='bbox 1495 1136 1648 1166; x_wconf 70' lang='lat' dir='ltr'>mandata.</span> <span class='ocrx_word' id='word_1_709' title='bbox 1693 1135 1724 1167; x_wconf 82' lang='lat' dir='ltr'>Si</span> <span class='ocrx_word' id='word_1_710' title='bbox 1749 1143 1851 1167; x_wconf 85' lang='lat' dir='ltr'>tamen</span> <span class='ocrx_word' id='word_1_711' title='bbox 1875 1135 1916 1166; x_wconf 88' lang='lat' dir='ltr'>de</span> 
     </span>
     <span class='ocr_line' id='line_1_100' title="bbox 1059 1173 1916 1216; baseline 0.001 -10"><span class='ocrx_word' id='word_1_712' title='bbox 1059 1184 1094 1206; x_wconf 86' lang='lat' dir='ltr'>ea</span> <span class='ocrx_word' id='word_1_713' title='bbox 1112 1174 1312 1215; x_wconf 86' lang='lat' dir='ltr'>judicandum</span> <span class='ocrx_word' id='word_1_714' title='bbox 1326 1173 1450 1210; x_wconf 75' lang='lat' dir='ltr'>fuiss&#39;cc,</span> <span class='ocrx_word' id='word_1_715' title='bbox 1475 1176 1626 1216; x_wconf 86' lang='lat' dir='ltr'>plerisque</span> <span class='ocrx_word' id='word_1_716' title='bbox 1652 1176 1849 1208; x_wconf 67' lang='lat' dir='ltr'>Senator-ibus</span> <span class='ocrx_word' id='word_1_717' title='bbox 1868 1177 1916 1207; x_wconf 91' lang='lat' dir='ltr'>vi-</span> 
     </span>
     <span class='ocr_line' id='line_1_101' title="bbox 1059 1214 1917 1255; baseline 0.001 -8"><span class='ocrx_word' id='word_1_718' title='bbox 1059 1216 1207 1253; x_wconf 85' lang='lat' dir='ltr'>debatur,</span> <span class='ocrx_word' id='word_1_719' title='bbox 1232 1215 1350 1246; x_wconf 87' lang='lat' dir='ltr'>nullam</span> <span class='ocrx_word' id='word_1_720' title='bbox 1369 1238 1379 1253; x_wconf 96' lang='lat'>,</span> <span class='ocrx_word' id='word_1_721' title='bbox 1409 1214 1483 1246; x_wconf 83' lang='lat' dir='ltr'>satis</span> <span class='ocrx_word' id='word_1_722' title='bbox 1512 1216 1655 1247; x_wconf 85' lang='lat' dir='ltr'>idoneam</span> <span class='ocrx_word' id='word_1_723' title='bbox 1671 1240 1680 1255; x_wconf 89' lang='lat'>‚</span> <span class='ocrx_word' id='word_1_724' title='bbox 1709 1216 1917 1248; x_wconf 82' lang='lat' dir='ltr'>restitutionis</span> 
     </span>
     <span class='ocr_line' id='line_1_102' title="bbox 1060 1254 1915 1298; baseline 0.004 -11"><span class='ocrx_word' id='word_1_725' title='bbox 1060 1255 1182 1288; x_wconf 85' lang='lat' dir='ltr'>causam</span> <span class='ocrx_word' id='word_1_726' title='bbox 1206 1254 1345 1294; x_wconf 84' lang='lat' dir='ltr'>adferri,</span> <span class='ocrx_word' id='word_1_727' title='bbox 1371 1263 1457 1287; x_wconf 89' lang='lat' dir='ltr'>certe</span> <span class='ocrx_word' id='word_1_728' title='bbox 1488 1256 1599 1287; x_wconf 77' lang='lat' dir='ltr'>idonea</span> <span class='ocrx_word' id='word_1_729' title='bbox 1622 1266 1685 1289; x_wconf 86' lang='lat' dir='ltr'>non</span> <span class='ocrx_word' id='word_1_730' title='bbox 1711 1265 1777 1288; x_wconf 88' lang='lat' dir='ltr'>erat</span> <span class='ocrx_word' id='word_1_731' title='bbox 1792 1281 1801 1295; x_wconf 93' lang='lat'>‚</span> <span class='ocrx_word' id='word_1_732' title='bbox 1824 1267 1915 1298; x_wconf 85' lang='lat' dir='ltr'>quam</span> 
     </span>
     <span class='ocr_line' id='line_1_103' title="bbox 1061 1296 1919 1335; baseline 0.001 -6"><span class='ocrx_word' id='word_1_733' title='bbox 1061 1297 1156 1330; x_wconf 87' lang='lat' dir='ltr'>solam</span> <span class='ocrx_word' id='word_1_734' title='bbox 1175 1296 1358 1328; x_wconf 86' lang='lat' dir='ltr'>adferebant</span> <span class='ocrx_word' id='word_1_735' title='bbox 1374 1296 1613 1335; x_wconf 64' lang='lat' dir='ltr'>ailitem-atores,</span> <span class='ocrx_word' id='word_1_736' title='bbox 1635 1298 1666 1328; x_wconf 89' lang='lat' dir='ltr'>se</span> <span class='ocrx_word' id='word_1_737' title='bbox 1687 1307 1725 1330; x_wconf 81' lang='lat' dir='ltr'>cx</span> <span class='ocrx_word' id='word_1_738' title='bbox 1741 1298 1861 1330; x_wconf 88' lang='lat' dir='ltr'>incuria</span> <span class='ocrx_word' id='word_1_739' title='bbox 1873 1299 1919 1330; x_wconf 81' lang='lat' dir='ltr'>ita</span> 
     </span>
     <span class='ocr_line' id='line_1_104' title="bbox 1061 1337 1919 1380; baseline 0 -9"><span class='ocrx_word' id='word_1_740' title='bbox 1061 1337 1223 1371; x_wconf 79' lang='lat' dir='ltr'>mandasle.</span> <span class='ocrx_word' id='word_1_741' title='bbox 1270 1337 1367 1380; x_wconf 85' lang='lat' dir='ltr'>Quod</span> <span class='ocrx_word' id='word_1_742' title='bbox 1389 1337 1409 1369; x_wconf 85' lang='lat' dir='ltr'>si</span> <span class='ocrx_word' id='word_1_743' title='bbox 1434 1338 1489 1377; x_wconf 87' lang='lat' dir='ltr'>fit,</span> <span class='ocrx_word' id='word_1_744' title='bbox 1515 1339 1646 1377; x_wconf 86' lang='lat' dir='ltr'>habent,</span> <span class='ocrx_word' id='word_1_745' title='bbox 1670 1339 1753 1379; x_wconf 86' lang='lat' dir='ltr'>quod</span> <span class='ocrx_word' id='word_1_746' title='bbox 1778 1339 1832 1371; x_wconf 87' lang='lat' dir='ltr'>fibi</span> <span class='ocrx_word' id='word_1_747' title='bbox 1862 1339 1919 1371; x_wconf 86' lang='lat' dir='ltr'>im-</span> 
     </span>
    </p>

    <p class='ocr_par' dir='ltr' id='par_1_10' title="bbox 1078 1379 1917 1419">
     <span class='ocr_line' id='line_1_105' title="bbox 1078 1379 1917 1419; baseline 0.002 -8"><span class='ocrx_word' id='word_1_748' title='bbox 1078 1388 1174 1411; x_wconf 82' lang='lat' dir='ltr'>.utent</span> <span class='ocrx_word' id='word_1_749' title='bbox 1187 1403 1196 1418; x_wconf 91' lang='lat'>,</span> <span class='ocrx_word' id='word_1_750' title='bbox 1221 1380 1251 1411; x_wconf 76' lang='lat' dir='ltr'>&lt;St</span> <span class='ocrx_word' id='word_1_751' title='bbox 1271 1379 1303 1410; x_wconf 87' lang='lat' dir='ltr'>in</span> <span class='ocrx_word' id='word_1_752' title='bbox 1319 1379 1475 1419; x_wconf 82' lang='lat' dir='ltr'>posterum</span> <span class='ocrx_word' id='word_1_753' title='bbox 1490 1379 1609 1411; x_wconf 87' lang='lat' dir='ltr'>discant</span> <span class='ocrx_word' id='word_1_754' title='bbox 1638 1381 1760 1412; x_wconf 87' lang='lat' dir='ltr'>cautius</span> <span class='ocrx_word' id='word_1_755' title='bbox 1777 1380 1917 1413; x_wconf 81' lang='lat' dir='ltr'>mercari.</span> 
     </span>
    </p>

    <p class='ocr_par' dir='ltr' id='par_1_11' title="bbox 1061 1420 1922 1628">
     <span class='ocr_line' id='line_1_106' title="bbox 1096 1420 1921 1460; baseline 0 -8"><span class='ocrx_word' id='word_1_756' title='bbox 1096 1430 1113 1452; x_wconf 92' lang='lat' dir='ltr'>e</span> <span class='ocrx_word' id='word_1_757' title='bbox 1139 1420 1264 1458; x_wconf 83' lang='lat' dir='ltr'>usuris,</span> <span class='ocrx_word' id='word_1_758' title='bbox 1293 1429 1332 1452; x_wconf 88' lang='lat' dir='ltr'>an</span> <span class='ocrx_word' id='word_1_759' title='bbox 1359 1420 1480 1454; x_wconf 91' lang='lat' dir='ltr'>scilicet</span> <span class='ocrx_word' id='word_1_760' title='bbox 1501 1421 1689 1452; x_wconf 85' lang='lat' dir='ltr'>deberentur</span> <span class='ocrx_word' id='word_1_761' title='bbox 1707 1444 1716 1460; x_wconf 94' lang='lat'>,</span> <span class='ocrx_word' id='word_1_762' title='bbox 1747 1421 1921 1454; x_wconf 85' lang='lat' dir='ltr'>laboratum</span> 
     </span>
     <span class='ocr_line' id='line_1_107' title="bbox 1061 1458 1921 1502; baseline 0 -8"><span class='ocrx_word' id='word_1_763' title='bbox 1061 1472 1125 1494; x_wconf 86' lang='lat' dir='ltr'>non</span> <span class='ocrx_word' id='word_1_764' title='bbox 1148 1460 1192 1492; x_wconf 92' lang='lat' dir='ltr'>est</span> <span class='ocrx_word' id='word_1_765' title='bbox 1210 1485 1219 1500; x_wconf 88' lang='lat'>‚</span> <span class='ocrx_word' id='word_1_766' title='bbox 1253 1470 1348 1502; x_wconf 87' lang='lat' dir='ltr'>quum</span> <span class='ocrx_word' id='word_1_767' title='bbox 1375 1460 1471 1493; x_wconf 68' lang='lat' dir='ltr'>usurae</span> <span class='ocrx_word' id='word_1_768' title='bbox 1500 1461 1664 1502; x_wconf 87' lang='lat' dir='ltr'>sequantur</span> <span class='ocrx_word' id='word_1_769' title='bbox 1689 1461 1804 1494; x_wconf 88' lang='lat' dir='ltr'>sortem</span> <span class='ocrx_word' id='word_1_770' title='bbox 1824 1486 1834 1501; x_wconf 85' lang='lat'>,</span> <span class='ocrx_word' id='word_1_771' title='bbox 1868 1458 1921 1494; x_wconf 81' lang='lat' dir='ltr'>sed</span> 
     </span>
     <span class='ocr_line' id='line_1_108' title="bbox 1063 1501 1919 1544; baseline 0 -10"><span class='ocrx_word' id='word_1_772' title='bbox 1063 1511 1194 1544; x_wconf 84' lang='lat' dir='ltr'>quatuor</span> <span class='ocrx_word' id='word_1_773' title='bbox 1210 1503 1374 1534; x_wconf 85' lang='lat' dir='ltr'>Senatores</span> <span class='ocrx_word' id='word_1_774' title='bbox 1393 1501 1560 1542; x_wconf 86' lang='lat' dir='ltr'>putabant,</span> <span class='ocrx_word' id='word_1_775' title='bbox 1585 1511 1634 1535; x_wconf 85' lang='lat' dir='ltr'>eas</span> <span class='ocrx_word' id='word_1_776' title='bbox 1661 1512 1724 1535; x_wconf 91' lang='lat' dir='ltr'>non</span> <span class='ocrx_word' id='word_1_777' title='bbox 1752 1504 1811 1536; x_wconf 80' lang='lat' dir='ltr'>effe</span> <span class='ocrx_word' id='word_1_778' title='bbox 1834 1503 1919 1544; x_wconf 83' lang='lat' dir='ltr'>adju-</span> 
     </span>
     <span class='ocr_line' id='line_1_109' title="bbox 1065 1543 1921 1582; baseline 0.001 -7"><span class='ocrx_word' id='word_1_779' title='bbox 1065 1544 1210 1576; x_wconf 84' lang='lat' dir='ltr'>dicandas</span> <span class='ocrx_word' id='word_1_780' title='bbox 1240 1543 1295 1576; x_wconf 76' lang='lat' dir='ltr'>nisi</span> <span class='ocrx_word' id='word_1_781' title='bbox 1321 1553 1338 1574; x_wconf 88' lang='lat' dir='ltr'>a</span> <span class='ocrx_word' id='word_1_782' title='bbox 1366 1543 1424 1576; x_wconf 83' lang='lat' dir='ltr'>lite</span> <span class='ocrx_word' id='word_1_783' title='bbox 1450 1543 1648 1582; x_wconf 85' lang='lat' dir='ltr'>contestata,</span> <span class='ocrx_word' id='word_1_784' title='bbox 1673 1544 1724 1576; x_wconf 88' lang='lat' dir='ltr'>sex</span> <span class='ocrx_word' id='word_1_785' title='bbox 1749 1545 1800 1576; x_wconf 87' lang='lat' dir='ltr'>alii</span> <span class='ocrx_word' id='word_1_786' title='bbox 1824 1555 1843 1577; x_wconf 92' lang='lat' dir='ltr'>a</span> <span class='ocrx_word' id='word_1_787' title='bbox 1864 1545 1921 1577; x_wconf 79' lang='lat' dir='ltr'>lite</span> 
     </span>
     <span class='ocr_line' id='line_1_110' title="bbox 1067 1585 1922 1628; baseline 0.001 -11"><span class='ocrx_word' id='word_1_788' title='bbox 1067 1594 1175 1624; x_wconf 83' lang='lat' dir='ltr'>mota,</span> <span class='ocrx_word' id='word_1_789' title='bbox 1200 1593 1236 1616; x_wconf 87' lang='lat' dir='ltr'>ut</span> <span class='ocrx_word' id='word_1_790' title='bbox 1258 1585 1353 1616; x_wconf 86' lang='lat' dir='ltr'>etiam</span> <span class='ocrx_word' id='word_1_791' title='bbox 1378 1592 1466 1616; x_wconf 88' lang='lat' dir='ltr'>erant</span> <span class='ocrx_word' id='word_1_792' title='bbox 1492 1587 1611 1625; x_wconf 69' lang='lat' dir='ltr'>petitae.</span> <span class='ocrx_word' id='word_1_793' title='bbox 1663 1585 1841 1628; x_wconf 83' lang='lat' dir='ltr'>Utrumque</span> <span class='ocrx_word' id='word_1_794' title='bbox 1864 1585 1922 1619; x_wconf 88' lang='lat' dir='ltr'>usu</span> 
     </span>
    </p>
   </div>
   <div class='ocr_carea' id='block_1_7' title="bbox 1066 1626 1978 1667">
    <p class='ocr_par' dir='ltr' id='par_1_12' title="bbox 1066 1626 1978 1667">
     <span class='ocr_line' id='line_1_111' title="bbox 1066 1626 1978 1667; baseline 0 -8"><span class='ocrx_word' id='word_1_795' title='bbox 1066 1628 1229 1665; x_wconf 85' lang='lat' dir='ltr'>servatur,</span> <span class='ocrx_word' id='word_1_796' title='bbox 1254 1634 1346 1667; x_wconf 91' lang='lat' dir='ltr'>prout</span> <span class='ocrx_word' id='word_1_797' title='bbox 1365 1635 1520 1666; x_wconf 82' lang='lat' dir='ltr'>concepta</span> <span class='ocrx_word' id='word_1_798' title='bbox 1540 1626 1610 1658; x_wconf 89' lang='lat' dir='ltr'>sunt</span> <span class='ocrx_word' id='word_1_799' title='bbox 1631 1627 1724 1659; x_wconf 86' lang='lat' dir='ltr'>verba</span> <span class='ocrx_word' id='word_1_800' title='bbox 1749 1627 1866 1667; x_wconf 89' lang='lat' dir='ltr'>libelli,</span> <span class='ocrx_word' id='word_1_801' title='bbox 1890 1628 1922 1660; x_wconf 83' lang='lat'>&amp;</span> <span class='ocrx_word' id='word_1_802' title='bbox 1973 1633 1978 1635; x_wconf 54' lang='lat'><strong><em>⁴</em></strong></span> 
     </span>
    </p>
   </div>
   <div class='ocr_carea' id='block_1_8' title="bbox 1067 1667 1921 1701">
    <p class='ocr_par' dir='ltr' id='par_1_13' title="bbox 1067 1667 1921 1701">
     <span class='ocr_line' id='line_1_112' title="bbox 1067 1667 1921 1701; baseline 0.001 -1"><span class='ocrx_word' id='word_1_803' title='bbox 1067 1668 1138 1701; x_wconf 81' lang='lat' dir='ltr'>sane</span> <span class='ocrx_word' id='word_1_804' title='bbox 1154 1668 1233 1699; x_wconf 89' lang='lat' dir='ltr'>inter</span> <span class='ocrx_word' id='word_1_805' title='bbox 1252 1669 1341 1699; x_wconf 88' lang='lat' dir='ltr'>litem</span> <span class='ocrx_word' id='word_1_806' title='bbox 1361 1676 1478 1699; x_wconf 85' lang='lat' dir='ltr'>motam</span> <span class='ocrx_word' id='word_1_807' title='bbox 1503 1668 1533 1699; x_wconf 67' lang='grc' dir='ltr'>δι</span> <span class='ocrx_word' id='word_1_808' title='bbox 1558 1667 1762 1700; x_wconf 86' lang='lat' dir='ltr'>contestatam</span> <span class='ocrx_word' id='word_1_809' title='bbox 1788 1677 1850 1700; x_wconf 91' lang='lat' dir='ltr'>non</span> <span class='ocrx_word' id='word_1_810' title='bbox 1875 1667 1921 1701; x_wconf 89' lang='lat' dir='ltr'>est</span> 
     </span>
    </p>
   </div>
   <div class='ocr_carea' id='block_1_9' title="bbox 1044 1709 1923 1751">
    <p class='ocr_par' dir='ltr' id='par_1_14' title="bbox 1044 1709 1923 1751">
     <span class='ocr_line' id='line_1_113' title="bbox 1044 1709 1923 1751; baseline 0.001 -10"><span class='ocrx_word' id='word_1_811' title='bbox 1044 1733 1045 1736; x_wconf 20' lang='grc' dir='ltr'>η</span> <span class='ocrx_word' id='word_1_812' title='bbox 1066 1717 1150 1741; x_wconf 87' lang='lat' dir='ltr'>tanta</span> <span class='ocrx_word' id='word_1_813' title='bbox 1165 1709 1363 1751; x_wconf 85' lang='lat' dir='ltr'>intercapedo</span> <span class='ocrx_word' id='word_1_814' title='bbox 1384 1709 1533 1749; x_wconf 80' lang='lat' dir='ltr'>temporis</span> <span class='ocrx_word' id='word_1_815' title='bbox 1546 1732 1556 1747; x_wconf 87' lang='lat'>‚</span> <span class='ocrx_word' id='word_1_816' title='bbox 1580 1717 1615 1740; x_wconf 90' lang='lat' dir='ltr'>ut</span> <span class='ocrx_word' id='word_1_817' title='bbox 1632 1709 1670 1740; x_wconf 91' lang='lat' dir='ltr'>de</span> <span class='ocrx_word' id='word_1_818' title='bbox 1688 1719 1722 1742; x_wconf 86' lang='lat' dir='ltr'>ea</span> <span class='ocrx_word' id='word_1_819' title='bbox 1745 1709 1923 1742; x_wconf 84' lang='lat' dir='ltr'>differentia</span> 
     </span>
    </p>
   </div>
   <div class='ocr_carea' id='block_1_10' title="bbox 1065 1750 1930 2949">
    <p class='ocr_par' dir='ltr' id='par_1_15' title="bbox 1065 1750 1924 2079">
     <span class='ocr_line' id='line_1_114' title="bbox 1065 1750 1924 1791; baseline 0.001 -9"><span class='ocrx_word' id='word_1_820' title='bbox 1065 1751 1211 1790; x_wconf 83' lang='lat' dir='ltr'>disputari</span> <span class='ocrx_word' id='word_1_821' title='bbox 1237 1757 1398 1790; x_wconf 84' lang='lat' dir='ltr'>oporteat,</span> <span class='ocrx_word' id='word_1_822' title='bbox 1419 1752 1493 1789; x_wconf 86' lang='lat' dir='ltr'>vel,</span> <span class='ocrx_word' id='word_1_823' title='bbox 1514 1751 1596 1790; x_wconf 88' lang='lat' dir='ltr'>quod</span> <span class='ocrx_word' id='word_1_824' title='bbox 1621 1750 1732 1791; x_wconf 89' lang='lat' dir='ltr'>sciam,</span> <span class='ocrx_word' id='word_1_825' title='bbox 1755 1751 1786 1782; x_wconf 89' lang='lat' dir='ltr'>in</span> <span class='ocrx_word' id='word_1_826' title='bbox 1809 1751 1924 1783; x_wconf 86' lang='lat' dir='ltr'>Senatu</span> 
     </span>
     <span class='ocr_line' id='line_1_115' title="bbox 1065 1791 1923 1835; baseline 0 -12"><span class='ocrx_word' id='word_1_827' title='bbox 1065 1801 1199 1835; x_wconf 77' lang='lat' dir='ltr'>unquam</span> <span class='ocrx_word' id='word_1_828' title='bbox 1217 1792 1406 1831; x_wconf 81' lang='lat' dir='ltr'>disputatum</span> <span class='ocrx_word' id='word_1_829' title='bbox 1429 1791 1476 1823; x_wconf 87' lang='lat' dir='ltr'>iit.</span> <span class='ocrx_word' id='word_1_830' title='bbox 1522 1791 1669 1835; x_wconf 87' lang='lat' dir='ltr'>Quatuor</span> <span class='ocrx_word' id='word_1_831' title='bbox 1689 1793 1735 1825; x_wconf 89' lang='lat' dir='ltr'>illi</span> <span class='ocrx_word' id='word_1_832' title='bbox 1760 1792 1923 1824; x_wconf 81' lang='lat' dir='ltr'>Senatores</span> 
     </span>
     <span class='ocr_line' id='line_1_116' title="bbox 1065 1831 1923 1872; baseline 0.001 -8"><span class='ocrx_word' id='word_1_833' title='bbox 1065 1833 1231 1865; x_wconf 82' lang='lat' dir='ltr'>censebant</span> <span class='ocrx_word' id='word_1_834' title='bbox 1247 1856 1256 1872; x_wconf 92' lang='lat'>‚</span> <span class='ocrx_word' id='word_1_835' title='bbox 1288 1842 1374 1864; x_wconf 89' lang='lat' dir='ltr'>reum</span> <span class='ocrx_word' id='word_1_836' title='bbox 1410 1831 1473 1864; x_wconf 88' lang='lat' dir='ltr'>sola</span> <span class='ocrx_word' id='word_1_837' title='bbox 1500 1833 1749 1865; x_wconf 63' lang='lat' dir='ltr'>contradictione</span> <span class='ocrx_word' id='word_1_838' title='bbox 1773 1831 1923 1865; x_wconf 87' lang='lat' dir='ltr'>constitui</span> 
     </span>
     <span class='ocr_line' id='line_1_117' title="bbox 1065 1872 1924 1915; baseline -0.001 -9"><span class='ocrx_word' id='word_1_839' title='bbox 1065 1875 1099 1906; x_wconf 89' lang='lat' dir='ltr'>in</span> <span class='ocrx_word' id='word_1_840' title='bbox 1130 1883 1215 1905; x_wconf 87' lang='lat' dir='ltr'>mora</span> <span class='ocrx_word' id='word_1_841' title='bbox 1234 1896 1246 1913; x_wconf 86' lang='lat'>,</span> <span class='ocrx_word' id='word_1_842' title='bbox 1276 1874 1410 1915; x_wconf 88' lang='lat' dir='ltr'>ideoque</span> <span class='ocrx_word' id='word_1_843' title='bbox 1431 1875 1519 1905; x_wconf 88' lang='lat' dir='ltr'>litem</span> <span class='ocrx_word' id='word_1_844' title='bbox 1544 1874 1746 1906; x_wconf 86' lang='lat' dir='ltr'>contestatam</span> <span class='ocrx_word' id='word_1_845' title='bbox 1773 1873 1835 1906; x_wconf 79' lang='lat' dir='ltr'>esse</span> <span class='ocrx_word' id='word_1_846' title='bbox 1859 1872 1924 1914; x_wconf 83' lang='lat' dir='ltr'>spe-</span> 
     </span>
     <span class='ocr_line' id='line_1_118' title="bbox 1065 1915 1919 1955; baseline 0 -8"><span class='ocrx_word' id='word_1_847' title='bbox 1065 1916 1224 1953; x_wconf 71' lang='lat' dir='ltr'>&amp;andam3</span> <span class='ocrx_word' id='word_1_848' title='bbox 1248 1916 1299 1947; x_wconf 91' lang='lat' dir='ltr'>alii</span> <span class='ocrx_word' id='word_1_849' title='bbox 1316 1915 1385 1953; x_wconf 79' lang='lat' dir='ltr'>sex,</span> <span class='ocrx_word' id='word_1_850' title='bbox 1406 1915 1470 1948; x_wconf 89' lang='lat' dir='ltr'>imo</span> <span class='ocrx_word' id='word_1_851' title='bbox 1487 1915 1741 1955; x_wconf 85' lang='lat' dir='ltr'>interpellatione</span> <span class='ocrx_word' id='word_1_852' title='bbox 1756 1915 1919 1955; x_wconf 74' lang='lat' dir='ltr'>iudiciali,</span> 
     </span>
     <span class='ocr_line' id='line_1_119' title="bbox 1067 1954 1922 1996; baseline -0.001 -8"><span class='ocrx_word' id='word_1_853' title='bbox 1067 1957 1096 1988; x_wconf 70' lang='grc' dir='ltr'>δε</span> <span class='ocrx_word' id='word_1_854' title='bbox 1109 1979 1119 1993; x_wconf 84' lang='lat'>,</span> <span class='ocrx_word' id='word_1_855' title='bbox 1142 1956 1164 1988; x_wconf 88' lang='lat' dir='ltr'>si</span> <span class='ocrx_word' id='word_1_856' title='bbox 1178 1966 1248 1988; x_wconf 84' lang='lat' dir='ltr'>reus</span> <span class='ocrx_word' id='word_1_857' title='bbox 1265 1956 1462 1996; x_wconf 88' lang='lat' dir='ltr'>contradicat</span> <span class='ocrx_word' id='word_1_858' title='bbox 1473 1979 1483 1995; x_wconf 89' lang='lat'>,</span> <span class='ocrx_word' id='word_1_859' title='bbox 1506 1957 1543 1987; x_wconf 87' lang='lat' dir='ltr'>ad</span> <span class='ocrx_word' id='word_1_860' title='bbox 1560 1965 1628 1988; x_wconf 85' lang='lat' dir='ltr'>eam</span> <span class='ocrx_word' id='word_1_861' title='bbox 1645 1954 1718 1989; x_wconf 87' lang='lat' dir='ltr'>tunc</span> <span class='ocrx_word' id='word_1_862' title='bbox 1735 1955 1854 1988; x_wconf 82' lang='lat' dir='ltr'>causam</span> <span class='ocrx_word' id='word_1_863' title='bbox 1875 1965 1922 1987; x_wconf 91' lang='lat' dir='ltr'>re-</span> 
     </span>
     <span class='ocr_line' id='line_1_120' title="bbox 1067 1995 1920 2039; baseline 0 -11"><span class='ocrx_word' id='word_1_864' title='bbox 1067 1997 1158 2029; x_wconf 87' lang='lat' dir='ltr'>trahi.</span> <span class='ocrx_word' id='word_1_865' title='bbox 1203 1996 1303 2039; x_wconf 88' lang='lat' dir='ltr'>Atque</span> <span class='ocrx_word' id='word_1_866' title='bbox 1325 1997 1368 2028; x_wconf 87' lang='lat' dir='ltr'>ita</span> <span class='ocrx_word' id='word_1_867' title='bbox 1390 1997 1427 2028; x_wconf 91' lang='lat' dir='ltr'>de</span> <span class='ocrx_word' id='word_1_868' title='bbox 1446 1997 1592 2029; x_wconf 87' lang='lat' dir='ltr'>omnibus</span> <span class='ocrx_word' id='word_1_869' title='bbox 1618 1998 1790 2038; x_wconf 82' lang='lat' dir='ltr'>judicatum</span> <span class='ocrx_word' id='word_1_870' title='bbox 1820 1995 1864 2030; x_wconf 89' lang='lat' dir='ltr'>est</span> <span class='ocrx_word' id='word_1_871' title='bbox 1887 2003 1920 2037; x_wconf 86' lang='lat'>5.</span> 
     </span>
     <span class='ocr_line' id='line_1_121' title="bbox 1068 2038 1367 2079; baseline -0.003 -9"><span class='ocrx_word' id='word_1_872' title='bbox 1068 2039 1151 2070; x_wconf 83' lang='lat' dir='ltr'><em>Nov.</em></span> <span class='ocrx_word' id='word_1_873' title='bbox 1178 2047 1266 2079; x_wconf 78' lang='lat'><em>1729.</em></span> <span class='ocrx_word' id='word_1_874' title='bbox 1290 2038 1331 2077; x_wconf 80' lang='lat'>(1</span> <span class='ocrx_word' id='word_1_875' title='bbox 1349 2038 1367 2079; x_wconf 90' lang='lat'><em>)</em></span> 
     </span>
    </p>

    <p class='ocr_par' dir='ltr' id='par_1_16' title="bbox 1067 2079 1930 2949">
     <span class='ocr_line' id='line_1_122' title="bbox 1110 2079 1924 2122; baseline 0 -10"><span class='ocrx_word' id='word_1_876' title='bbox 1110 2079 1314 2120; x_wconf 79' lang='lat' dir='ltr'>Medioburgi</span> <span class='ocrx_word' id='word_1_877' title='bbox 1331 2083 1361 2110; x_wconf 90' lang='lat'>6.</span> <span class='ocrx_word' id='word_1_878' title='bbox 1387 2079 1463 2120; x_wconf 81' lang='lat' dir='ltr'>Apr.</span> <span class='ocrx_word' id='word_1_879' title='bbox 1492 2089 1580 2121; x_wconf 82' lang='lat'><em>1725.</em></span> <span class='ocrx_word' id='word_1_880' title='bbox 1604 2080 1802 2112; x_wconf 84' lang='lat' dir='ltr'>affecuratum</span> <span class='ocrx_word' id='word_1_881' title='bbox 1825 2079 1870 2112; x_wconf 85' lang='lat' dir='ltr'>est</span> <span class='ocrx_word' id='word_1_882' title='bbox 1890 2085 1924 2122; x_wconf 90' lang='lat' dir='ltr'>op</span> 
     </span>
     <span class='ocr_line' id='line_1_123' title="bbox 1067 2121 1924 2163; baseline -0.001 -10"><span class='ocrx_word' id='word_1_883' title='bbox 1067 2122 1123 2153; x_wconf 82' lang='lat' dir='ltr'>alle</span> <span class='ocrx_word' id='word_1_884' title='bbox 1141 2122 1280 2163; x_wconf 79' lang='lat' dir='ltr'>goederen</span> <span class='ocrx_word' id='word_1_885' title='bbox 1302 2130 1337 2152; x_wconf 82' lang='lat' dir='ltr'>en</span> <span class='ocrx_word' id='word_1_886' title='bbox 1359 2121 1640 2162; x_wconf 77' lang='lat' dir='ltr'>Coopnmns&#39;chappen</span> <span class='ocrx_word' id='word_1_887' title='bbox 1653 2143 1663 2159; x_wconf 88' lang='lat'>,</span> <span class='ocrx_word' id='word_1_888' title='bbox 1687 2121 1862 2163; x_wconf 67' lang='lat' dir='ltr'>bederffelyk</span> <span class='ocrx_word' id='word_1_889' title='bbox 1889 2121 1924 2162; x_wconf 84' lang='lat' dir='ltr'>of</span> 
     </span>
     <span class='ocr_line' id='line_1_124' title="bbox 1074 2162 1929 2204; baseline 0.001 -11"><span class='ocrx_word' id='word_1_890' title='bbox 1074 2162 1284 2203; x_wconf 68' lang='lat' dir='ltr'>onheclerffelyk</span> <span class='ocrx_word' id='word_1_891' title='bbox 1299 2184 1311 2200; x_wconf 87' lang='lat'>,</span> <span class='ocrx_word' id='word_1_892' title='bbox 1341 2163 1386 2193; x_wconf 79' lang='lat' dir='ltr'>die</span> <span class='ocrx_word' id='word_1_893' title='bbox 1415 2172 1478 2192; x_wconf 81' lang='lat' dir='ltr'>men</span> <span class='ocrx_word' id='word_1_894' title='bbox 1507 2164 1640 2194; x_wconf 75' lang='lat' dir='ltr'>hehoorde</span> <span class='ocrx_word' id='word_1_895' title='bbox 1669 2168 1696 2193; x_wconf 79' lang='lat' dir='ltr'>te</span> <span class='ocrx_word' id='word_1_896' title='bbox 1718 2172 1835 2194; x_wconf 79' lang='lat' dir='ltr'>noemen</span> <span class='ocrx_word' id='word_1_897' title='bbox 1851 2185 1862 2202; x_wconf 91' lang='lat'>,</span> <span class='ocrx_word' id='word_1_898' title='bbox 1893 2162 1929 2204; x_wconf 82' lang='lat' dir='ltr'>of</span> 
     </span>
     <span class='ocr_line' id='line_1_125' title="bbox 1073 2204 1927 2246; baseline 0.001 -11"><span class='ocrx_word' id='word_1_899' title='bbox 1073 2206 1135 2235; x_wconf 74' lang='lat' dir='ltr'>niet</span> <span class='ocrx_word' id='word_1_900' title='bbox 1151 2209 1177 2234; x_wconf 79' lang='lat' dir='ltr'>te</span> <span class='ocrx_word' id='word_1_901' title='bbox 1191 2213 1327 2241; x_wconf 75' lang='lat' dir='ltr'>noemen,</span> <span class='ocrx_word' id='word_1_902' title='bbox 1351 2213 1411 2234; x_wconf 80' lang='lat' dir='ltr'>van</span> <span class='ocrx_word' id='word_1_903' title='bbox 1433 2204 1466 2233; x_wconf 80' lang='lat' dir='ltr'>de</span> <span class='ocrx_word' id='word_1_904' title='bbox 1490 2204 1562 2234; x_wconf 77' lang='lat' dir='ltr'>Stad</span> <span class='ocrx_word' id='word_1_905' title='bbox 1590 2204 1673 2246; x_wconf 83' lang='lat' dir='ltr'>Brug</span> <span class='ocrx_word' id='word_1_906' title='bbox 1696 2214 1710 2235; x_wconf 86' lang='lat' dir='ltr'>e</span> <span class='ocrx_word' id='word_1_907' title='bbox 1732 2214 1767 2235; x_wconf 84' lang='lat' dir='ltr'>en</span> <span class='ocrx_word' id='word_1_908' title='bbox 1790 2204 1848 2237; x_wconf 76' lang='lat' dir='ltr'>alla</span> <span class='ocrx_word' id='word_1_909' title='bbox 1871 2205 1927 2236; x_wconf 78' lang='lat' dir='ltr'>cir·</span> 
     </span>
     <span class='ocr_line' id='line_1_126' title="bbox 1074 2213 1926 2286; baseline 0.001 -10"><span class='ocrx_word' id='word_1_910' title='bbox 1074 2245 1284 2286; x_wconf 76' lang='lat' dir='ltr'>cwnjacemien</span> <span class='ocrx_word' id='word_1_911' title='bbox 1297 2254 1358 2276; x_wconf 74' lang='lat' dir='ltr'>van</span> <span class='ocrx_word' id='word_1_912' title='bbox 1373 2246 1440 2275; x_wconf 81' lang='lat' dir='ltr'>dien</span> <span class='ocrx_word' id='word_1_913' title='bbox 1461 2244 1561 2277; x_wconf 86' lang='lat' dir='ltr'>TOT</span> <span class='ocrx_word' id='word_1_914' title='bbox 1577 2244 1639 2276; x_wconf 78' lang='lat' dir='ltr'>DE</span> <span class='ocrx_word' id='word_1_915' title='bbox 1666 2213 1814 2278; x_wconf 47' lang='lat' dir='ltr'>sffIVIER</span> <span class='ocrx_word' id='word_1_916' title='bbox 1834 2243 1926 2278; x_wconf 91' lang='lat' dir='ltr'>VAN</span> 
     </span>
     <span class='ocr_line' id='line_1_127' title="bbox 1068 2285 1926 2330; baseline 0.001 -13"><span class='ocrx_word' id='word_1_917' title='bbox 1068 2285 1260 2318; x_wconf 82' lang='lat' dir='ltr'>NANTES.</span> <span class='ocrx_word' id='word_1_918' title='bbox 1292 2285 1398 2330; x_wconf 86' lang='lat' dir='ltr'>Quum</span> <span class='ocrx_word' id='word_1_919' title='bbox 1424 2286 1536 2324; x_wconf 83' lang='lat' dir='ltr'>navis,</span> <span class='ocrx_word' id='word_1_920' title='bbox 1568 2285 1727 2318; x_wconf 87' lang='lat' dir='ltr'>frumento</span> <span class='ocrx_word' id='word_1_921' title='bbox 1751 2287 1782 2318; x_wconf 70' lang='grc' dir='ltr'>ὅ(</span> <span class='ocrx_word' id='word_1_922' title='bbox 1807 2285 1926 2318; x_wconf 80' lang='lat' dir='ltr'>hordeo</span> 
     </span>
     <span class='ocr_line' id='line_1_128' title="bbox 1070 2326 1926 2367; baseline 0.002 -10"><span class='ocrx_word' id='word_1_923' title='bbox 1070 2327 1196 2365; x_wconf 85' lang='lat' dir='ltr'>onusta,</span> <span class='ocrx_word' id='word_1_924' title='bbox 1222 2327 1303 2359; x_wconf 85' lang='lat' dir='ltr'>salva</span> <span class='ocrx_word' id='word_1_925' title='bbox 1324 2326 1510 2367; x_wconf 75' lang='lat' dir='ltr'>perveniss&#39;et</span> <span class='ocrx_word' id='word_1_926' title='bbox 1532 2327 1569 2359; x_wconf 89' lang='lat' dir='ltr'>ad</span> <span class='ocrx_word' id='word_1_927' title='bbox 1594 2326 1725 2359; x_wconf 89' lang='lat' dir='ltr'>fluvium</span> <span class='ocrx_word' id='word_1_928' title='bbox 1749 2326 1926 2366; x_wconf 78' lang='lat' dir='ltr'>Nannetis,</span> 
     </span>
     <span class='ocr_line' id='line_1_129' title="bbox 1069 2368 1924 2410; baseline 0 -11"><span class='ocrx_word' id='word_1_929' title='bbox 1069 2377 1129 2400; x_wconf 90' lang='lat' dir='ltr'>nee</span> <span class='ocrx_word' id='word_1_930' title='bbox 1150 2376 1276 2410; x_wconf 87' lang='lat' dir='ltr'>propter</span> <span class='ocrx_word' id='word_1_931' title='bbox 1292 2368 1400 2400; x_wconf 88' lang='lat' dir='ltr'>brevia</span> <span class='ocrx_word' id='word_1_932' title='bbox 1416 2368 1445 2399; x_wconf 69' lang='grc' dir='ltr'>ἃ</span> <span class='ocrx_word' id='word_1_933' title='bbox 1460 2369 1535 2400; x_wconf 86' lang='lat' dir='ltr'>vada</span> <span class='ocrx_word' id='word_1_934' title='bbox 1558 2368 1595 2400; x_wconf 89' lang='lat' dir='ltr'>ad</span> <span class='ocrx_word' id='word_1_935' title='bbox 1621 2368 1717 2409; x_wconf 84' lang='lat' dir='ltr'>ipsam</span> <span class='ocrx_word' id='word_1_936' title='bbox 1739 2368 1856 2400; x_wconf 89' lang='lat' dir='ltr'>Urbem</span> <span class='ocrx_word' id='word_1_937' title='bbox 1874 2377 1924 2409; x_wconf 88' lang='lat' dir='ltr'>ap-</span> 
     </span>
     <span class='ocr_line' id='line_1_130' title="bbox 1069 2409 1925 2451; baseline -0.002 -9"><span class='ocrx_word' id='word_1_938' title='bbox 1069 2412 1277 2451; x_wconf 81' lang='lat' dir='ltr'>propinquare</span> <span class='ocrx_word' id='word_1_939' title='bbox 1300 2409 1403 2450; x_wconf 87' lang='lat' dir='ltr'>posset</span> <span class='ocrx_word' id='word_1_940' title='bbox 1419 2432 1428 2448; x_wconf 86' lang='lat'>‚</span> <span class='ocrx_word' id='word_1_941' title='bbox 1450 2418 1484 2440; x_wconf 80' lang='lat' dir='ltr'>nt</span> <span class='ocrx_word' id='word_1_942' title='bbox 1506 2419 1662 2451; x_wconf 88' lang='lat' dir='ltr'>nunquam</span> <span class='ocrx_word' id='word_1_943' title='bbox 1688 2409 1811 2450; x_wconf 79' lang='lat' dir='ltr'>possunt</span> <span class='ocrx_word' id='word_1_944' title='bbox 1831 2417 1925 2440; x_wconf 84' lang='lat' dir='ltr'>naves</span> 
     </span>
     <span class='ocr_line' id='line_1_131' title="bbox 1074 2449 1923 2492; baseline -0.004 -8"><span class='ocrx_word' id='word_1_945' title='bbox 1074 2453 1223 2492; x_wconf 80' lang='lat' dir='ltr'>majores,</span> <span class='ocrx_word' id='word_1_946' title='bbox 1247 2460 1327 2482; x_wconf 88' lang='lat' dir='ltr'>onus</span> <span class='ocrx_word' id='word_1_947' title='bbox 1344 2451 1515 2490; x_wconf 83' lang='lat' dir='ltr'>exponitur</span> <span class='ocrx_word' id='word_1_948' title='bbox 1533 2451 1565 2482; x_wconf 89' lang='lat' dir='ltr'>in</span> <span class='ocrx_word' id='word_1_949' title='bbox 1585 2451 1660 2482; x_wconf 83' lang='lat' dir='ltr'>duas</span> <span class='ocrx_word' id='word_1_950' title='bbox 1687 2450 1844 2482; x_wconf 84' lang='lat' dir='ltr'>naviculas</span> <span class='ocrx_word' id='word_1_951' title='bbox 1865 2449 1923 2481; x_wconf 80' lang='lat' dir='ltr'>mi-</span> 
     </span>
     <span class='ocr_line' id='line_1_132' title="bbox 1073 2490 1927 2531; baseline -0.004 -6"><span class='ocrx_word' id='word_1_952' title='bbox 1073 2503 1166 2526; x_wconf 88' lang='lat' dir='ltr'>nores</span> <span class='ocrx_word' id='word_1_953' title='bbox 1180 2515 1191 2531; x_wconf 87' lang='lat'>,</span> <span class='ocrx_word' id='word_1_954' title='bbox 1214 2501 1249 2525; x_wconf 89' lang='lat' dir='ltr'>ut</span> <span class='ocrx_word' id='word_1_955' title='bbox 1273 2493 1320 2524; x_wconf 83' lang='lat' dir='ltr'>hae</span> <span class='ocrx_word' id='word_1_956' title='bbox 1343 2491 1502 2524; x_wconf 86' lang='lat' dir='ltr'>deferrent</span> <span class='ocrx_word' id='word_1_957' title='bbox 1524 2492 1561 2523; x_wconf 89' lang='lat' dir='ltr'>ad</span> <span class='ocrx_word' id='word_1_958' title='bbox 1589 2492 1696 2523; x_wconf 88' lang='lat' dir='ltr'>urbem</span> <span class='ocrx_word' id='word_1_959' title='bbox 1718 2490 1894 2524; x_wconf 89' lang='lat' dir='ltr'>Nannetem</span> <span class='ocrx_word' id='word_1_960' title='bbox 1914 2496 1927 2529; x_wconf 79' lang='lat'>,</span> 
     </span>
     <span class='ocr_line' id='line_1_133' title="bbox 1073 2531 1926 2575; baseline -0.004 -9"><span class='ocrx_word' id='word_1_961' title='bbox 1073 2534 1123 2567; x_wconf 89' lang='lat' dir='ltr'>sed</span> <span class='ocrx_word' id='word_1_962' title='bbox 1144 2544 1200 2575; x_wconf 86' lang='lat' dir='ltr'>per</span> <span class='ocrx_word' id='word_1_963' title='bbox 1224 2532 1462 2574; x_wconf 86' lang='lat' dir='ltr'>tempestatem,</span> <span class='ocrx_word' id='word_1_964' title='bbox 1486 2533 1590 2564; x_wconf 91' lang='lat' dir='ltr'>subito</span> <span class='ocrx_word' id='word_1_965' title='bbox 1617 2541 1777 2572; x_wconf 84' lang='lat' dir='ltr'>exortam,</span> <span class='ocrx_word' id='word_1_966' title='bbox 1800 2531 1926 2564; x_wconf 87' lang='lat' dir='ltr'>navicu-</span> 
     </span>
     <span class='ocr_line' id='line_1_134' title="bbox 1074 2572 1928 2618; baseline -0.004 -11"><span class='ocrx_word' id='word_1_967' title='bbox 1074 2576 1113 2618; x_wconf 62' lang='lat' dir='ltr'>lae</span> <span class='ocrx_word' id='word_1_968' title='bbox 1135 2576 1197 2607; x_wconf 88' lang='lat' dir='ltr'>illae</span> <span class='ocrx_word' id='word_1_969' title='bbox 1222 2575 1416 2615; x_wconf 75' lang='lat' dir='ltr'>naufragium</span> <span class='ocrx_word' id='word_1_970' title='bbox 1442 2573 1532 2613; x_wconf 64' lang='lat' dir='ltr'>passae</span> <span class='ocrx_word' id='word_1_971' title='bbox 1556 2573 1646 2612; x_wconf 90' lang='lat' dir='ltr'>sunt,</span> <span class='ocrx_word' id='word_1_972' title='bbox 1667 2581 1817 2614; x_wconf 87' lang='lat' dir='ltr'>corrupto</span> <span class='ocrx_word' id='word_1_973' title='bbox 1835 2572 1928 2606; x_wconf 87' lang='lat' dir='ltr'>maxi-</span> 
     </span>
     <span class='ocr_line' id='line_1_135' title="bbox 1075 2614 1928 2656; baseline -0.005 -8"><span class='ocrx_word' id='word_1_974' title='bbox 1075 2626 1156 2648; x_wconf 88' lang='lat' dir='ltr'>mam</span> <span class='ocrx_word' id='word_1_975' title='bbox 1176 2625 1294 2656; x_wconf 77' lang='lat' dir='ltr'>partem</span> <span class='ocrx_word' id='word_1_976' title='bbox 1318 2616 1480 2648; x_wconf 85' lang='lat' dir='ltr'>frumento</span> <span class='ocrx_word' id='word_1_977' title='bbox 1506 2615 1536 2646; x_wconf 77' lang='grc' dir='ltr'>δι</span> <span class='ocrx_word' id='word_1_978' title='bbox 1557 2615 1687 2647; x_wconf 87' lang='lat' dir='ltr'>hordeo.</span> <span class='ocrx_word' id='word_1_979' title='bbox 1730 2614 1928 2646; x_wconf 77' lang='lat' dir='ltr'>Ass‘ecuratus</span> 
     </span>
     <span class='ocr_line' id='line_1_136' title="bbox 1075 2654 1928 2698; baseline -0.002 -10"><span class='ocrx_word' id='word_1_980' title='bbox 1075 2658 1154 2698; x_wconf 83' lang='lat' dir='ltr'>apud</span> <span class='ocrx_word' id='word_1_981' title='bbox 1179 2657 1301 2697; x_wconf 77' lang='lat' dir='ltr'>judices</span> <span class='ocrx_word' id='word_1_982' title='bbox 1321 2656 1514 2694; x_wconf 84' lang='lat' dir='ltr'>maritimos,</span> <span class='ocrx_word' id='word_1_983' title='bbox 1539 2656 1590 2697; x_wconf 90' lang='lat' dir='ltr'>qui</span> <span class='ocrx_word' id='word_1_984' title='bbox 1612 2655 1816 2696; x_wconf 84' lang='lat' dir='ltr'>Medioburgi</span> <span class='ocrx_word' id='word_1_985' title='bbox 1841 2654 1928 2694; x_wconf 85' lang='lat' dir='ltr'>sunt,</span> 
     </span>
     <span class='ocr_line' id='line_1_137' title="bbox 1076 2694 1928 2739; baseline -0.004 -10"><span class='ocrx_word' id='word_1_986' title='bbox 1076 2699 1140 2739; x_wconf 78' lang='lat' dir='ltr'>agit</span> <span class='ocrx_word' id='word_1_987' title='bbox 1159 2707 1269 2729; x_wconf 87' lang='lat' dir='ltr'>contra</span> <span class='ocrx_word' id='word_1_988' title='bbox 1300 2697 1517 2729; x_wconf 74' lang='lat' dir='ltr'>affectu-atores</span> <span class='ocrx_word' id='word_1_989' title='bbox 1551 2697 1588 2728; x_wconf 88' lang='lat' dir='ltr'>ad</span> <span class='ocrx_word' id='word_1_990' title='bbox 1622 2695 1845 2730; x_wconf 87' lang='lat' dir='ltr'>resarciendum</span> <span class='ocrx_word' id='word_1_991' title='bbox 1876 2694 1928 2726; x_wconf 83' lang='lat' dir='ltr'>da-</span> 
     </span>
     <span class='ocr_line' id='line_1_138' title="bbox 1077 2735 1930 2780; baseline -0.004 -9"><span class='ocrx_word' id='word_1_992' title='bbox 1077 2749 1194 2771; x_wconf 84' lang='lat' dir='ltr'>mnum.</span> <span class='ocrx_word' id='word_1_993' title='bbox 1219 2739 1262 2770; x_wconf 85' lang='lat' dir='ltr'>Hi</span> <span class='ocrx_word' id='word_1_994' title='bbox 1279 2747 1393 2780; x_wconf 83' lang='lat' dir='ltr'>negant</span> <span class='ocrx_word' id='word_1_995' title='bbox 1421 2737 1450 2769; x_wconf 88' lang='lat' dir='ltr'>se</span> <span class='ocrx_word' id='word_1_996' title='bbox 1472 2739 1591 2778; x_wconf 84' lang='lat' dir='ltr'>teneri,</span> <span class='ocrx_word' id='word_1_997' title='bbox 1617 2747 1712 2779; x_wconf 90' lang='lat' dir='ltr'>quum</span> <span class='ocrx_word' id='word_1_998' title='bbox 1729 2737 1815 2769; x_wconf 89' lang='lat' dir='ltr'>navis</span> <span class='ocrx_word' id='word_1_999' title='bbox 1832 2735 1930 2768; x_wconf 84' lang='lat' dir='ltr'>fuerit</span> 
     </span>
     <span class='ocr_line' id='line_1_139' title="bbox 1077 2776 1926 2818; baseline -0.005 -7"><span class='ocrx_word' id='word_1_1000' title='bbox 1077 2778 1184 2812; x_wconf 87' lang='lat' dir='ltr'>onusta</span> <span class='ocrx_word' id='word_1_1001' title='bbox 1199 2778 1360 2811; x_wconf 78' lang='lat' dir='ltr'>frumento</span> <span class='ocrx_word' id='word_1_1002' title='bbox 1380 2779 1409 2810; x_wconf 60' lang='grc' dir='ltr'>ἃ</span> <span class='ocrx_word' id='word_1_1003' title='bbox 1433 2779 1568 2818; x_wconf 69' lang='lat' dir='ltr'>hordeo,</span> <span class='ocrx_word' id='word_1_1004' title='bbox 1593 2788 1652 2811; x_wconf 87' lang='lat' dir='ltr'>nec</span> <span class='ocrx_word' id='word_1_1005' title='bbox 1671 2779 1740 2810; x_wconf 86' lang='lat' dir='ltr'>illas</span> <span class='ocrx_word' id='word_1_1006' title='bbox 1762 2777 1878 2818; x_wconf 84' lang='lat' dir='ltr'>species</span> <span class='ocrx_word' id='word_1_1007' title='bbox 1893 2776 1926 2808; x_wconf 89' lang='lat' dir='ltr'>in</span> 
     </span>
     <span class='ocr_line' id='line_1_140' title="bbox 1078 2815 1926 2861; baseline -0.005 -9"><span class='ocrx_word' id='word_1_1008' title='bbox 1078 2820 1240 2853; x_wconf 70' lang='lat' dir='ltr'>conti-astu</span> <span class='ocrx_word' id='word_1_1009' title='bbox 1253 2821 1312 2852; x_wconf 74' lang='lat' dir='ltr'>effe</span> <span class='ocrx_word' id='word_1_1010' title='bbox 1329 2819 1500 2860; x_wconf 56' lang='lat' dir='ltr'>expreffm,</span> <span class='ocrx_word' id='word_1_1011' title='bbox 1525 2829 1560 2851; x_wconf 89' lang='lat' dir='ltr'>ut</span> <span class='ocrx_word' id='word_1_1012' title='bbox 1581 2827 1705 2861; x_wconf 84' lang='lat' dir='ltr'>oportet</span> <span class='ocrx_word' id='word_1_1013' title='bbox 1720 2827 1760 2850; x_wconf 84' lang='lat' dir='ltr'>ex</span> <span class='ocrx_word' id='word_1_1014' title='bbox 1777 2817 1805 2858; x_wconf 87' lang='lat'>§.</span> <span class='ocrx_word' id='word_1_1015' title='bbox 1827 2826 1857 2858; x_wconf 88' lang='lat'>7.</span> <span class='ocrx_word' id='word_1_1016' title='bbox 1876 2815 1926 2848; x_wconf 91' lang='lat' dir='ltr'>M.</span> 
     </span>
     <span class='ocr_line' id='line_1_141' title="bbox 1076 2857 1928 2902; baseline -0.005 -8"><span class='ocrx_word' id='word_1_1017' title='bbox 1076 2861 1200 2894; x_wconf 87' lang='lat' dir='ltr'>Deinde</span> <span class='ocrx_word' id='word_1_1018' title='bbox 1228 2862 1342 2901; x_wconf 82' lang='lat' dir='ltr'>ajunt,</span> <span class='ocrx_word' id='word_1_1019' title='bbox 1376 2860 1405 2891; x_wconf 83' lang='lat' dir='ltr'>sc</span> <span class='ocrx_word' id='word_1_1020' title='bbox 1441 2870 1503 2894; x_wconf 73' lang='lat' dir='ltr'>nori</span> <span class='ocrx_word' id='word_1_1021' title='bbox 1534 2861 1619 2893; x_wconf 84' lang='lat' dir='ltr'>aliud</span> <span class='ocrx_word' id='word_1_1022' title='bbox 1648 2859 1817 2902; x_wconf 88' lang='lat' dir='ltr'>periculum</span> <span class='ocrx_word' id='word_1_1023' title='bbox 1844 2858 1874 2889; x_wconf 87' lang='lat' dir='ltr'>in</span> <span class='ocrx_word' id='word_1_1024' title='bbox 1896 2857 1928 2890; x_wconf 89' lang='lat' dir='ltr'>se</span> 
     </span>
     <span class='ocr_line' id='line_1_142' title="bbox 1075 2898 1929 2949; baseline -0.007 -14"><span class='ocrx_word' id='word_1_1025' title='bbox 1075 2901 1256 2949; x_wconf 77' lang='lat' dir='ltr'>suscepisse,</span> <span class='ocrx_word' id='word_1_1026' title='bbox 1278 2911 1369 2943; x_wconf 87' lang='lat' dir='ltr'>quam</span> <span class='ocrx_word' id='word_1_1027' title='bbox 1386 2903 1468 2942; x_wconf 87' lang='lat' dir='ltr'>quod</span> <span class='ocrx_word' id='word_1_1028' title='bbox 1484 2912 1600 2935; x_wconf 87' lang='lat' dir='ltr'>merces</span> <span class='ocrx_word' id='word_1_1029' title='bbox 1621 2908 1756 2934; x_wconf 89' lang='lat' dir='ltr'>maneret</span> <span class='ocrx_word' id='word_1_1030' title='bbox 1779 2908 1874 2939; x_wconf 88' lang='lat' dir='ltr'>usque</span> <span class='ocrx_word' id='word_1_1031' title='bbox 1891 2898 1929 2930; x_wconf 82' lang='lat' dir='ltr'>ad</span> 
     </span>
    </p>
   </div>
   <div class='ocr_carea' id='block_1_11' title="bbox 1074 2939 1952 2980">
    <p class='ocr_par' dir='ltr' id='par_1_17' title="bbox 1074 2939 1952 2980">
     <span class='ocr_line' id='line_1_143' title="bbox 1074 2939 1952 2980; baseline -0.005 -4"><span class='ocrx_word' id='word_1_1032' title='bbox 1074 2943 1204 2976; x_wconf 74' lang='lat' dir='ltr'>fluwum</span> <span class='ocrx_word' id='word_1_1033' title='bbox 1223 2942 1376 2975; x_wconf 82' lang='lat' dir='ltr'>Nannetis</span> <span class='ocrx_word' id='word_1_1034' title='bbox 1389 2965 1398 2980; x_wconf 96' lang='lat'>,</span> <span class='ocrx_word' id='word_1_1035' title='bbox 1422 2949 1462 2973; x_wconf 79' lang='lat' dir='ltr'>tot·</span> <span class='ocrx_word' id='word_1_1036' title='bbox 1479 2945 1513 2974; x_wconf 77' lang='lat' dir='ltr'>de</span> <span class='ocrx_word' id='word_1_1037' title='bbox 1531 2944 1641 2975; x_wconf 82' lang='lat' dir='ltr'>Rivier</span> <span class='ocrx_word' id='word_1_1038' title='bbox 1657 2951 1717 2974; x_wconf 85' lang='lat' dir='ltr'>van</span> <span class='ocrx_word' id='word_1_1039' title='bbox 1738 2940 1874 2980; x_wconf 66' lang='lat' dir='ltr'>Names,</span> <span class='ocrx_word' id='word_1_1040' title='bbox 1898 2939 1929 2972; x_wconf 69' lang='grc' dir='ltr'>ἃς</span> <span class='ocrx_word' id='word_1_1041' title='bbox 1947 2968 1952 2972; x_wconf 86' lang='grc'>.</span> 
     </span>
    </p>
   </div>
   <div class='ocr_carea' id='block_1_12' title="bbox 1073 2979 1930 3110">
    <p class='ocr_par' dir='ltr' id='par_1_18' title="bbox 1073 2979 1930 3110">
     <span class='ocr_line' id='line_1_144' title="bbox 1073 2979 1930 3025; baseline -0.006 -8"><span class='ocrx_word' id='word_1_1042' title='bbox 1073 2993 1183 3017; x_wconf 87' lang='lat' dir='ltr'>navem</span> <span class='ocrx_word' id='word_1_1043' title='bbox 1198 2983 1240 3015; x_wconf 90' lang='lat' dir='ltr'>ibi</span> <span class='ocrx_word' id='word_1_1044' title='bbox 1260 2984 1430 3025; x_wconf 79' lang='lat' dir='ltr'>pervenisse</span> <span class='ocrx_word' id='word_1_1045' title='bbox 1445 2983 1560 3016; x_wconf 82' lang='lat' dir='ltr'>salvam</span> <span class='ocrx_word' id='word_1_1046' title='bbox 1584 2985 1614 3017; x_wconf 90' lang='lat'>&amp;</span> <span class='ocrx_word' id='word_1_1047' title='bbox 1636 2983 1835 3016; x_wconf 84' lang='lat' dir='ltr'>incolumem.</span> <span class='ocrx_word' id='word_1_1048' title='bbox 1880 2979 1930 3022; x_wconf 67' lang='lat' dir='ltr'>Ju‘·</span> 
     </span>
     <span class='ocr_line' id='line_1_145' title="bbox 1073 3021 1930 3068; baseline -0.005 -10"><span class='ocrx_word' id='word_1_1049' title='bbox 1073 3027 1157 3058; x_wconf 85' lang='lat' dir='ltr'>dices</span> <span class='ocrx_word' id='word_1_1050' title='bbox 1174 3025 1322 3058; x_wconf 85' lang='lat' dir='ltr'>maritimi</span> <span class='ocrx_word' id='word_1_1051' title='bbox 1343 3030 1372 3060; x_wconf 85' lang='lat'>8.</span> <span class='ocrx_word' id='word_1_1052' title='bbox 1396 3025 1462 3066; x_wconf 79' lang='lat' dir='ltr'>Jan.</span> <span class='ocrx_word' id='word_1_1053' title='bbox 1485 3035 1573 3068; x_wconf 80' lang='lat'>1727.</span> <span class='ocrx_word' id='word_1_1054' title='bbox 1600 3025 1630 3057; x_wconf 76' lang='grc' dir='ltr'>δε</span> <span class='ocrx_word' id='word_1_1055' title='bbox 1649 3023 1775 3058; x_wconf 82' lang='lat' dir='ltr'>Scabini</span> <span class='ocrx_word' id='word_1_1056' title='bbox 1795 3021 1930 3054; x_wconf 85' lang='lat' dir='ltr'>Middel-</span> 
     </span>
     <span class='ocr_line' id='line_1_146' title="bbox 1073 3063 1926 3110; baseline -0.009 -9"><span class='ocrx_word' id='word_1_1057' title='bbox 1073 3066 1238 3110; x_wconf 84' lang='lat' dir='ltr'>burgenses</span> <span class='ocrx_word' id='word_1_1058' title='bbox 1258 3077 1290 3110; x_wconf 83' lang='lat'>3.</span> <span class='ocrx_word' id='word_1_1059' title='bbox 1313 3066 1391 3109; x_wconf 81' lang='lat' dir='ltr'>Maj.</span> <span class='ocrx_word' id='word_1_1060' title='bbox 1420 3072 1509 3107; x_wconf 79' lang='lat'><em>1728.</em></span> <span class='ocrx_word' id='word_1_1061' title='bbox 1531 3065 1697 3104; x_wconf 82' lang='lat' dir='ltr'>secundum</span> <span class='ocrx_word' id='word_1_1062' title='bbox 1724 3063 1926 3097; x_wconf 79' lang='lat' dir='ltr'>ass&#39;ecuratum</span> 
     </span>
    </p>
   </div>
   <div class='ocr_carea' id='block_1_13' title="bbox 1880 3103 1932 3145">
    <p class='ocr_par' dir='ltr' id='par_1_19' title="bbox 1880 3103 1932 3145">
     <span class='ocr_line' id='line_1_147' title="bbox 1880 3103 1932 3145; baseline 0 -10"><span class='ocrx_word' id='word_1_1063' title='bbox 1880 3103 1932 3145; x_wconf 66' lang='lat' dir='ltr'>jus</span> 
     </span>
    </p>
   </div>
   <div class='ocr_carea' id='block_1_14' title="bbox 1982 2727 2008 2848">
    <p class='ocr_par' dir='ltr' id='par_1_20' title="bbox 1982 2727 2008 2848">
     <span class='ocr_line' id='line_1_148' title="bbox 1982 2727 2008 2848; textangle 90"><span class='ocrx_word' id='word_1_1064' title='bbox 1982 2748 2008 2848; x_wconf 52' lang='lat' dir='ltr'>suc.-</span> <span class='ocrx_word' id='word_1_1065' title='bbox 2000 2727 2001 2732; x_wconf 58' lang='lat'><em>„</em></span> 
     </span>
    </p>
   </div>
  </div>
 </body>
</html>
