2008 3436
219 114 661 158 OBSERVATIONUM
714 113 848 162 jerus
890 111 1103 149 ROMANi
1144 113 1230 147 Llss.
1258 114 1322 150 111.
1357 115 1518 153 evin.
1546 117 1607 152 ix.

46 214 109 247 que
131 202 319 236 doffissimos
344 212 408 235 non
427 201 487 233 alia
510 198 576 232 fere
594 195 684 230 causa
706 206 736 243 in
757 194 910 241 Horatios

50 246 225 287 insurgere,
256 256 347 293 quam
373 243 458 286 quod
477 242 554 274 illud
572 243 703 285 iiiiimur
717 240 754 285 lit
774 238 908 268 reseren-

47 291 122 324 dum
139 288 176 320 ad
195 286 280 319 Pauli
299 287 428 322 ἡυπψω
444 308 455 322 ,
476 293 570 325 quum
589 283 625 315 sit
637 279 844 326 verissimum,
863 287 908 310 re-

47 332 97 363 eie
120 329 195 361 illud
216 329 389 371 explicari,
422 335 456 358 ut
484 324 658 367 explicavit
674 320 857 366 Pancirolus
878 321 907 350 d.

48 374 89 406 L.
107 372 146 404 ll.
172 370 296 403 Variar.
316 370 399 403 Lect.
424 369 453 401 C,
475 377 526 408 27,
550 366 699 398 videlicet
716 387 726 403 ,
751 371 787 394 ut
806 369 849 393 ait
874 361 908 393 il-

47 416 99 454 ie,
132 412 265 446 aunam
288 414 406 456 legendo
420 422 431 448 3
458 418 551 450 atque
576 408 620 439 ita
643 408 777 438 vidimus
804 427 814 442 ,
846 403 909 435 hoc

47 457 110 496 est,
134 454 369 487 observavimus
386 455 416 487 in
434 450 572 484 Historia
586 473 594 487 ,
619 449 789 491 reperimus
806 447 837 477 in
849 445 908 476 An-

46 498 167 530 nalibus
183 497 370 539 tergeminos
386 493 539 528 Horatios
557 493 616 524 ἃς,
663 490 806 527 Vellem,
825 485 910 532 quod
952 496 971 528 q

47 538 230 572 Pancirolus
245 538 345 577 dixit,
378 535 535 579 proball'et
560 542 707 575 quoque,
731 539 809 576 tune
825 537 910 560 cmm

44 591 79 612 ea
95 589 187 622 opera
206 579 373 621 potuissem
394 576 588 620 supersedere
606 585 615 613 ;
645 575 675 606 dt
693 572 763 618 sane
779 571 909 615 dignum

44 622 88 654 est
103 621 234 664 probare
246 644 257 660 ,
303 631 375 652 uum
392 620 421 652 id
441 629 504 651 nou
522 616 800 660 animadverterint
818 612 884 658 Viri
898 634 909 649 ,

68 663 96 695 ui
123 663 264 704 alioquin
319 663 402 694 atine
425 667 608 697 noverunt,
637 666 676 704 ⁸ut
703 665 756 698 qui
775 661 907 695 optimc.

44 674 238 746 {lomponius
263 705 293 736 in
319 705 338 735 l.
360 714 429 744 1²3·
445 703 493 743 ff.
517 701 559 733 V.
582 701 612 731 S.
636 707 679 730 ita
704 696 799 728 verba
813 703 909 741 quan-

43 747 146 789 doque
161 746 265 778 efferri
293 745 447 784 ostendit,
482 752 516 775 ut
535 752 603 784 quae
622 740 661 771 de
676 736 820 785 praesenti
839 745 909 777 pro-

43 789 106 821 lata
121 789 227 820 credas
237 811 247 825 ,
259 788 453 829 praeteritum
468 794 569 817 tamen
589 781 908 834 tempus'lignincent.

44 830 148 871 Atque
167 830 209 862 ita
229 829 416 870 juviinianus
441 828 471 859 in
504 827 524 858 l.
551 835 576 857 1.
607 833 655 871 pr.
693 824 729 868 ς..
751 825 786 852 de
819 817 907 860 Offic.

43 872 141 907 Praef.
161 870 353 903 Praecstrfc.
379 869 590 901 Vandalorum
614 875 645 896 in
661 864 769 910 Africa
785 860 910 907 furores

44 923 240 952 memorans,
265 921 426 949 vinnius,
452 910 571 950 inquit,
605 905 908 950 venerabileshvzrosl,

45 958 97 997 qni
114 954 240 996 alyrfffis
257 956 404 985 radicitus
420 952 616 991 lfnguisjnas
635 954 740 988 poenas
758 945 908 990 miserabi-

46 1000 116 1028 liter
145 997 350 1037 loquebamur.
410 992 452 1024 Et
477 991 694 1023 Tertullianus
726 989 760 1018 de
783 985 908 1033 Pallio:

49 1038 164 1070 limas
179 1045 368 1073 sPEcTARF„
394 1037 469 1075 qum!
486 1034 601 1064 Caecs‘vm
619 1031 749 1062 Severus
761 1033 906 1074 graviter

44 1080 171 1110 Senatui
195 1076 334 1118 impr-effi!
355 1099 365 1114 ‚
395 1082 531 1107 matrona
549 1073 614 1113 sine
628 1072 708 1113 stola
731 1071 904 1110 inpublico.

43 1119 142 1159 Nam,
175 1119 195 1151 si
219 1119 287 1161 quis
313 1118 418 1150 tricari
443 1117 476 1149 ’δε
501 1117 552 1148 hie
568 1115 685 1160 vellet,
710 1112 794 1154 quod
814 1112 907 1152 longe

41 1169 108 1193 erat
128 1161 324 1202 praeteritum
344 1184 353 1199 ,
376 1159 509 1200 amplius
534 1156 660 1199 speftari
678 1164 742 1200 non
758 1160 904 1205 poterat,

42 1201 93 1234 sed
106 1212 203 1241 vero,
226 1202 309 1244 quod
326 1201 429 1232 oculis
457 1199 601 1240 usurpare
625 1206 689 1229 non
707 1196 843 1240 licceat,
869 1193 905 1239 li-

41 1243 132 1276 cebat
151 1243 213 1275 fide
227 1243 384 1275 historica.
417 1240 530 1283 Neque
546 1240 623 1272 adeo
640 1236 790 1284 josephus
811 1234 907 1279 Scali-

40 1295 94 1327 ger
117 1296 157 1317 cx
173 1295 212 1317 eo
224 1308 234 1323 ‚
259 1284 342 1327 quod
359 1283 479 1316 Austor
499 1280 704 1331 Traugoediae,
729 1288 799 1325 quae
815 1277 894 1308 Octa

41 1330 96 1358 via
116 1326 316 1366 inscribitur,
340 1326 421 1366 vers.
446 1333 515 1365 2531.
542 1324 577 1358 &
600 1328 731 1364 232.1ta
746 1326 824 1361 ajat:

262 1368 407 1399 Vidimus
428 1367 495 1398 coelo
511 1368 606 1408 jubar

120 1409 262 1445 Ardens.
286 1410 433 1442 Comeram
449 1410 582 1450 pandere
605 1404 746 1446 infestam
759 1405 871 1451 farem.

40 1462 124 1492 non,
155 1451 299 1494 inquam,
331 1461 371 1483 ex
391 1461 431 1483 eo
453 1450 490 1482 ad
508 1451 585 1481 bunc
599 1450 652 1480 loc.
677 1455 749 1479 tuto
765 1443 901 1491 college-

40 1495 99 1534 rit,
124 1493 291 1526 Austorem
302 1493 385 1525 illius
399 1492 578 1534 Tragoediae
594 1489 673 1522 illud
687 1489 769 1534 fidus
782 1485 903 1535 Vldffle:

40 1535 132 1577 Apud
147 1534 278 1567 Veteres
293 1536 383 1579 plura
408 1535 478 1567 loca
500 1532 686 1571 observavi,
712 1530 764 1562 ubi
780 1529 903 1575 videndi

40 1587 109 1610 vox
125 1587 187 1610 non
200 1576 261 1609 sem
304 1589 318 1610 r
334 1576 438 1610 oculis
452 1576 619 1614 tribuitur,
646 1573 697 1605 sed
716 1574 746 1604 ὅ(
765 1570 901 1619 auribus,

41 1621 72 1653 ot
95 1619 261 1652 narrationi
287 1630 322 1652 us
340 1630 350 1658 ;
384 1619 428 1650 ita
442 1617 579 1650 Tacitus
596 1617 629 1649 in
647 1623 717 1648 vita
738 1613 849 1657 Agrzc.
871 1612 903 1644 C.

39 1661 144 1694 XLV.
168 1661 198 1693 ὅ(
233 1661 315 1695 assim
331 1660 394 1694 alii.

83 1670 282 1735 Deindeliion
301 1703 410 1735 ferunt
435 1701 591 1734 Horatios
609 1701 785 1746 Senatores„
811 1706 906 1745 quare

38 1753 93 1777 eos
102 1744 217 1777 Senatu
226 1753 356 1776 movent
365 1769 374 1784 ‚
389 1743 407 1776 s
404 1742 526 1775 uffestis
539 1743 607 1775 aliis
616 1767 625 1783 ‚
636 1751 730 1784 atque
742 1741 789 1772 his
797 1747 903 1786 etiam,

37 1786 77 1818 de
92 1785 204 1828 quibus
218 1795 282 1818 non
310 1786 409 1828 magis
434 1783 575 1824 constat,
600 1786 768 1817 Senatores
791 1780 903 1829 suisse,

39 1835 131 1874 quarn
147 1826 186 1858 de
202 1826 356 1860 Horatiis.
402 1827 461 1859 Sed
477 1836 534 1858 cur
552 1826 648 1858 Paulo
659 1849 670 1865 ,
694 1826 725 1857 id
744 1824 904 1870 adfirman-

39 1875 65 1900 ti
84 1891 95 1907 ,
124 1878 188 1900 non
212 1868 367 1901 credimus
384 1869 401 1901 ἶ)
433 1870 568 1900 maxime
598 1877 670 1899 cum
693 1866 904 1916 Horatiorum

38 1918 112 1951 gens
125 1909 222 1942 fuerit
240 1909 392 1950 Patricia,
417 1909 447 1941 ἃ
470 1909 526 1942 soli
549 1909 675 1941 Patricii
703 1908 781 1940 olim
800 1916 832 1938 in
852 1911 903 1952 Se-

40 1959 146 1983 natum
163 1951 245 1983 lecti.
291 1951 401 1989 Addo,
425 1960 465 1982 ex
484 1951 581 1983 Livio
603 1951 698 1982 etiam
713 1973 724 1989 ,
749 1949 780 1981 δε
799 1946 903 1994 *Fastis

42 1991 201 2031 constare,
224 1992 416 2025 eir-Horatia
433 2001 526 2034 gente
540 1992 692 2033 plurimos
712 1990 821 2032 primis
833 1989 903 2036 Rei-

63 2033 173 2065 ublicae
201 2034 422 2076 temporibus,
462 2033 637 2066 Consulatu
664 2041 790 2075 quoque
810 2029 904 2062 fuisse

41 2041 175 2106 fundos.
255 2075 306 2107 uid
322 2076 418 2117 igitur
435 2075 524 2108 obest
535 2097 545 2113 ,
568 2075 737 2117 quominus
757 2073 815 2105 hos
833 2071 902 2118 Ho-

41 2114 138 2147 ratios
165 2116 196 2148 ἀ
246 2125 387 2149 enatores
410 2115 502 2149 fuisse
532 2116 694 2148 credamus
714 2116 730 2148 ἱ)
764 2114 808 2146 Et
828 2113 904 2155 quid

44 2156 139 2188 etiam
164 2156 278 2197 obest,
314 2167 370 2190 cur
401 2167 464 2190 non
495 2158 569 2190 illos
596 2159 761 2190 Senatores
789 2155 904 2187 Paulus

41 2196 259 2235 redegdixerit
277 2199 386 2231 cinfios
407 2220 417 2236 ‚
438 2199 559 2241 vulgari
581 2200 703 2237 verbo,
725 2207 785 2240 pro
806 2207 902 2228 urma-

41 2241 101 2275 εἰς,
125 2238 156 2270 &
178 2242 208 2270 in
230 2239 336 2281 hostem
358 2243 403 2272 ire
419 2241 562 2282 paratis?
578 2240 738 2283 Exprimit
760 2248 826 2285 rem
847 2248 902 2270 no-

39 2289 131 2318 vam,
154 2281 319 2315 Senatores
341 2281 486 2320 scilicet,
509 2281 652 2314 homines
677 2289 774 2313 tantae
797 2281 902 2321 digna-

39 2321 155 2360 tionis,
179 2332 251 2354 cum
270 2322 420 2356 Curiatiis
435 2323 631 2365 congressos,
654 2332 711 2364 pro
731 2322 829 2355 salute
845 2321 902 2368 Po-

58 2362 103 2394 vuli
119 2362 271 2404 Romani,
296 2365 389 2406 idque
402 2364 553 2406 exprimit
573 2375 633 2396 una
651 2373 754 2403 voce,
778 2362 830 2395 sed
846 2372 902 2408 m.¹‘

51 2403 140 2443 itari,
162 2403 215 2436 sed
233 2414 326 2447 apta,
351 2407 381 2439 &
399 2415 469 2448 quae
485 2404 598 2437 sufficit
614 2404 820 2447 significandae
838 2413 901 2450 rei,

39 2453 130 2488 quam
150 2445 254 2478 dicere
272 2448 388 2480 voluit.
433 2446 597 2479 Possumus
613 2447 655 2479 sic
673 2447 809 2478 retinere
823 2454 900 2477 anti-

37 2495 127 2527 quam
142 2486 325 2528 mellonem,
351 2489 380 2521 δε
406 2488 644 2527 Florentinam,
668 2488 803 2529 reliquas
828 2495 901 2518 tuto

38 2527 206 2567 omittere,
225 2529 255 2561 ἃ
271 2529 360 2562 simul
375 2539 503 2572 parcere
523 2530 814 2569 emendationibus,
827 2538 901 2560 cum

646 2621 1004 2656 CAPUT

952 191 1104 231 Heraldi,
1129 198 1196 225 tum
1215 193 1294 225 aliis.

995 233 1095 266 Porro
1114 233 1244 266 Paulus:
1267 236 1323 270 Seri
1342 235 1378 271 δ’
1393 237 1509 270 Laelius
1526 239 1653 278 scribit,
1666 239 1702 280 se
1718 237 1824 280 vidfffe

951 278 984 308 in
1001 275 1121 308 Palatio
1137 279 1290 309 mulierem
1306 279 1430 310 liberam
1446 303 1454 317 ‚
1478 290 1541 321 quae
1570 286 1605 314 ab
1631 283 1825 315 Alexandria

952 318 1096 360 pertinaci
1112 316 1174 358 ess,
1194 325 1227 350 ut
1244 320 1407 353 Hilariano
1423 321 1628 363 ostenderetur
1651 336 1716 356 cnm
1735 327 1826 366 quin·

952 371 1008 403 que
1023 361 1127 392 liberis
1139 385 1148 399 ,
1173 370 1211 393 ex
1231 366 1341 403 qulbus
1356 372 1488 405 quatuor
1505 366 1600 398 eodem
1619 373 1746 408 tempore
1760 369 1826 400 eni-

952 413 992 434 xu
1009 426 1017 441 ,
1040 404 1141 444 inqu-ic
1159 426 1169 442 ,
1193 406 1350 437 <liceantur
1372 430 1380 443 ,
1403 408 1546 448 quintum
1564 408 1628 450 post
1658 411 1734 440 diem
1749 419 1825 451 qua-

952 448 1042 486 drage
1057 455 1157 477 imum.
1204 444 1256 478 De
1275 445 1538 489 super-foetatione
1555 461 1619 482 non
1639 460 1725 492 agani
1736 473 1747 489 ,
1770 461 1823 489 ne,

976 487 1036 518 tio-i
1057 487 1244 526 abominor,
1269 498 1341 521 cuin
1358 490 1497 522 Medicis
1513 492 1604 524 nobis
1627 502 1675 524 res
1701 492 1760 532 sit3
1784 502 1826 525 cx

952 529 1133 560 horninibus
1152 528 1251 561 nostri
1270 529 1334 563 sori
1350 531 1388 563 de
1407 542 1443 563 ea
1463 533 1530 574 egit
1548 533 1684 565 Budaeus
1701 534 1732 566 in
1758 535 1827 566 An-

952 578 1014 603 non.
1038 571 1074 602 ad
1098 573 1125 601 l).
1153 572 1193 602 L.
1218 570 1377 605 Caeterum
1398 574 1528 606 Criticis
1550 576 1676 616 prolixa
1691 575 1742 608 hic
1762 586 1828 608 rur--

953 611 1003 644 sus
1022 612 1231 644 calumniandi
1249 615 1394 647 materies
1410 615 1475 654 est,
1488 615 1539 647 scd
1558 618 1640 649 recte
1662 616 1692 649 se
1711 618 1828 650 liabent

953 654 1069 685 omnia.
1096 655 1232 693 Laelius,
1253 663 1290 686 ut
1308 656 1423 698 legitur
1437 657 1612 691 Florentiae
1624 682 1634 698 ,
1659 659 1827 700 legendum

952 694 1021 733 est,
1046 705 1104 727 nec
1120 696 1185 727 ulla
1205 697 1305 736 ratio,
1329 707 1386 730 cur
1406 699 1521 732 Laelius
1550 709 1692 732 mutetur
1713 701 1744 733 in
1768 702 1824 733 ΑΕ·

953 739 1013 768 lius
1025 761 1033 773 ,
1056 737 1108 769 vel
1126 738 1157 769 in
1180 740 1297 780 (injus,
1315 749 1499 782 quamquam
1516 751 1627 774 verum
1644 742 1827 783 fit,Gajum

952 788 1077 820 quoquc
1097 779 1174 810 bane
1195 781 1358 812 mulierem
1376 783 1484 814 videre
1499 784 1636 825 potuisse
1644 807 1654 822 ,
1679 794 1749 816 nam
1775 783 1828 816 sua

953 828 1046 852 aetate
1062 820 1099 851 ad
1114 820 1308 854 Hadrianum
1332 824 1510 864 perductam
1536 825 1598 858 esse
1624 827 1633 858 i
1659 825 1689 858 se
1709 836 1828 858 memo-

953 869 1000 892 rat
1017 862 1048 892 in
1068 862 1088 892 l.
1114 871 1140 901 7.
1161 868 1212 902 pr.
1227 863 1267 904 ff.
1291 875 1325 895 «e
1348 865 1422 898 Rei.
1446 869 1514 898 dub.
1560 867 1596 900 In
1649 876 1768 910 <gypto
1798 868 1829 900 &

954 902 1179 949 hunc-partum
1196 903 1247 936 sibi
1268 914 1426 940 narratum
1451 907 1559 941 scribit
1579 909 1719 950 Julianus
1745 910 1777 941 in
1804 910 1828 941 l.

952 947 1004 984 36.
1020 945 1060 984 ff.
1083 949 1117 975 de
1141 946 1225 976 ὁόίιιι
1261 949 1290 978 ἃ
1306 949 1359 980 alii
1377 959 1503 991 quoque
1521 951 1674 982 Auctor-es
1683 960 1751 982 eam
1760 960 1828 984 rem

952 986 1053 1016 literis
1079 986 1109 1017 ἃ
1137 986 1315 1027 posteritati
1343 993 1539 1024 mandarunt.
1622 1002 1695 1024 uum
1720 1000 1828 1024 autem

953 1026 1020 1057 haec
1036 1027 1149 1058 mulier
1170 1029 1304 1060 Romam
1322 1033 1469 1071 perducta
1486 1033 1585 1065 fuerit
1596 1044 1680 1075 ,quo
1694 1033 1828 1066 Hadria-

949 1077 993 1098 no
1015 1068 1231 1101 ostenderetur
1246 1069 1398 1104 foecunda
1414 1081 1533 1115 mater,
1559 1084 1674 1116 praeter
1694 1075 1827 1108 Hadria-

949 1117 1023 1140 num
1035 1110 1138 1150 piures
1146 1120 1213 1142 eam
1223 1111 1334 1144 vidisse
1344 1122 1467 1146 certum
1477 1115 1542 1154 est,
1563 1117 1593 1148 dt
1610 1127 1667 1148 cur
1682 1126 1748 1148 non
1760 1117 1829 1150 Lae-

950 1151 1030 1188 lius,
1054 1152 1106 1192 qui
1126 1151 1156 1182 id
1175 1151 1312 1186 scribit?
1335 1157 1445 1197 potuit
1464 1157 1535 1189 &is
1552 1158 1663 1190 vidisse
1683 1181 1693 1196 ,
1720 1160 1829 1199 potuit

953 1190 1124 1236 &§GaJus,
1148 1202 1334 1235 quamquam
1352 1196 1382 1229 se
1404 1197 1516 1230 vidisse
1538 1198 1637 1240 Gajus
1663 1209 1728 1231 non
1751 1210 1828 1241 prae-

952 1234 1015 1264 erle
1032 1233 1175 1266 adfirmet
1191 1246 1221 1267 m
1240 1243 1268 1267 a.
1292 1238 1313 1269 l.
1340 1249 1367 1278 7.
1390 1247 1439 1280 pr.
1457 1240 1496 1282 ff.
1520 1243 1554 1273 de
1576 1241 1653 1273 Reb.
1676 1243 1744 1273 dub.
1759 1242 1827 1274 Lae-

952 1274 986 1306 lii
1004 1276 1225 1309 auctoritatem
1243 1277 1326 1311 idem
1349 1280 1463 1313 Paulus
1482 1282 1618 1315 advocat
1634 1283 1667 1315 in
1690 1285 1710 1316 l.
1721 1294 1772 1325 43.
1783 1283 1829 1325 ff.

951 1322 985 1347 ae
1007 1318 1129 1350 Hiered.
1155 1322 1247 1359 petit.
1278 1321 1464 1355 Pancirolus
1479 1330 1538 1363 eo,
1562 1335 1655 1366 quem
1673 1326 1762 1364 dixi,
1781 1327 1827 1358 10-

949 1367 989 1389 co
1006 1358 1098 1390 hunc
1112 1360 1260 1406 'Laelium
1285 1372 1449 1405 perperam
1473 1366 1602 1398 videtur
1628 1367 1828 1399 confundere

948 1409 1021 1431 cum
1041 1400 1141 1447 Laelio
1158 1402 1287 1443 Felice,
1311 1407 1363 1446 qui
1385 1407 1423 1438 ad
1449 1406 1492 1450 Q.
1510 1408 1661 1441 Mucium
1683 1408 1829 1451 scripsit,

948 1441 979 1473 ἃ
1001 1451 1091 1483 cujus
1118 1445 1264 1477 meminit
1295 1446 1421 1480 Gellius
1443 1449 1536 1482 Noet.
1557 1451 1659 1482 Amic.
1682 1451 1723 1483 L.
1748 1451 1828 1483 XV.

948 1483 980 1515 C.
1005 1494 1057 1524 27.
1102 1485 1262 1519 Caeterum
1286 1489 1370 1530 quod
1394 1489 1597 1533 Capitolinus
1618 1493 1650 1525 in
1671 1493 1831 1525 Antonino

946 1526 1001 1558 Pio
1025 1527 1057 1558 C.
1081 1526 1140 1559 IX.
1166 1526 1286 1571 scripsit
1305 1553 1318 1569 ,
1345 1533 1412 1575 ejus
1442 1536 1624 1575 temporibus
1647 1545 1705 1567 uno
1731 1542 1830 1576 partu

947 1569 1086 1616 mulieris
1103 1572 1237 1612 quinque
1251 1579 1356 1612 pueros
1373 1577 1467 1607 editos
1485 1575 1557 1617 effe,
1580 1576 1617 1608 ad
1629 1576 1711 1609 hanc
1727 1576 1829 1619 ipsam

948 1610 1111 1658 historiam
1126 1611 1268 1645 referunt
1287 1614 1356 1648 Viri
1370 1616 1475 1657 doffi,
1500 1618 1537 1650 ad
1553 1627 1678 1660 parturn
1704 1618 1837 1651 scilicet&

948 1653 1090 1685 mulieris
1108 1653 1345 1698 Alexandrinae,
1372 1660 1425 1691 cui
1447 1660 1590 1701 Serapias
1608 1670 1725 1701 nomen
1749 1660 1828 1693 fuis-

949 1694 980 1726 se
997 1695 1080 1726 dixit
1105 1694 1204 1736 Gajus
1224 1698 1255 1729 in
1277 1701 1307 1730 ci.
1331 1702 1351 1731 l.
1376 1710 1392 1742 7
1422 1702 1464 1744 ff.
1488 1704 1523 1734 de
1545 1702 1621 1734 Reb.
1643 1704 1713 1735 dub.
1737 1703 1768 1735 ὅ(
1792 1703 1828 1735 fi-

948 1736 1015 1768 mul
1028 1736 1178 1769 accusant
1196 1740 1470 1776 anachronismum
1489 1743 1683 1785 Capitolini,
1707 1744 1762 1786 qui
1788 1744 1829 1775 de

949 1778 1115 1811 Antonino
1139 1779 1222 1811 dixit
1241 1804 1253 1820 ,
1287 1785 1371 1824 quod
1394 1785 1433 1816 de
1460 1785 1624 1818 Hadriano
1645 1786 1752 1818 dicere
1776 1786 1828 1817 de—

948 1820 1070 1852 buill'et.
1117 1820 1166 1852 Ita
1182 1821 1384 1858 Casaubonus
1399 1827 1439 1858 ad
1459 1829 1489 1859 d.
1514 1827 1546 1859 C.
1569 1827 1630 1860 IX.
1657 1828 1688 1860 ὃς
1710 1827 1828 1859 Fabro-

951 1870 1001 1895 tus
1021 1862 1152 1894 Exercii
1191 1864 1231 1897 H.
1252 1869 1286 1897 de
1309 1867 1446 1901 Numero
1468 1871 1634 1911 puerperii.
1680 1869 1740 1902 Sed
1768 1868 1828 1900 Ca-

949 1905 1124 1946 pitolinus,
1148 1905 1170 1937 fi
1188 1906 1263 1947 quid
1276 1907 1408 1948 judico,
1432 1910 1529 1942 facile
1549 1910 1672 1943 absolvi
1689 1910 1823 1953 poterit.

948 1945 1026 1978 Non
1042 1946 1188 1986 constat,
1213 1957 1284 1979 eum
1304 1950 1391 1991 loqui
1411 1952 1450 1983 de
1467 1953 1579 1984 codem
1599 1960 1691 1994 partu
1715 1952 1826 1984 mulie—

947 1988 989 2020 ris
999 1988 1220 2020 Alexandrinae
1231 2011 1243 2027 ,
1267 1994 1376 2032 potuit
1394 1991 1488 2025 fuiss'e
1503 1995 1600 2033 alius,
1625 1993 1826 2035 quemadmo-

945 2030 1020 2061 dum
1038 2032 1067 2062 ἃ
1081 2031 1172 2072 plura
1189 2029 1336 2064 feruntur
1360 2035 1506 2076 exempla
1533 2036 1702 2067 mulierum
1718 2058 1729 2074 ,
1754 2045 1825 2077 quae

945 2071 1084 2113 quinque
1102 2072 1218 2117 liberos
1235 2083 1300 2105 uno
1319 2083 1410 2115 partu
1436 2077 1538 2109 enixae
1565 2076 1646 2109 sunt.
1691 2077 1746 2109 Sin
1772 2086 1825 2108 au-

948 2121 1012 2144 tem
1030 2113 1081 2144 vel
1098 2122 1234 2145 maxnne
1253 2115 1431 2157 constaret,
1456 2118 1494 2150 ad
1514 2119 1644 2151 eandem
1658 2117 1823 2150 foeminam

946 2154 1113 2196 respexisse
1130 2154 1349 2196 Capitolinum
1366 2183 1375 2198 ,
1408 2169 1473 2191 non
1490 2159 1569 2191 dicit
1587 2183 1599 2199 ,
1624 2159 1661 2192 ad
1686 2159 1821 2191 Antoni—

945 2206 1021 2228 num
1047 2205 1115 2227 eam
1137 2196 1231 2228 fuisse
1254 2199 1434 2240 perduCtam
1448 2224 1459 2239 ,
1493 2202 1578 2243 quod
1600 2202 1639 2233 de
1661 2201 1824 2233 Hadriano

945 2238 1057 2269 dicunt
1071 2238 1143 2278 alii,
1168 2237 1219 2270 sed
1243 2243 1310 2283 ejus
1335 2245 1514 2283 temporzhus
1534 2244 1618 2275 hunc
1635 2249 1761 2285 partum
1773 2251 1822 2273 ac—

945 2279 1073 2318 cidisse,
1097 2279 1182 2321 quod
1199 2289 1311 2314 verum
1326 2283 1387 2315 ess'e
1403 2283 1531 2325 potest,
1542 2285 1572 2316 ὃς
1589 2284 1678 2316 fimul
1696 2293 1822 2322 verum,

945 2321 1025 2353 hanc
1048 2321 1144 2363 ipsam
1170 2324 1335 2355 mulierem
1363 2324 1525 2357 Hadriano
1544 2325 1638 2357 fuisse
1654 2324 1819 2358 ostensam.

944 2362 1054 2404 thue
1071 2365 1149 2395 adeo
1172 2373 1235 2396 non
1257 2364 1294 2396 sit
1314 2366 1437 2398 necesse
1456 2362 1526 2398 heic
1553 2367 1761 2399 commentari
1784 2367 1824 2398 de

945 2406 1150 2437 commutatis
1168 2405 1335 2448 aliquando
1360 2409 1442 2449 apud
1458 2408 1591 2441 Veteres
1613 2408 1764 2441 Hadriani
1791 2408 1823 2440 δε

943 2445 1098 2478 Antonini
1127 2448 1309 2479 nominibus
1327 2472 1337 2487 ‚
1368 2450 1421 2481 vel
1451 2459 1525 2481 cum
1551 2451 1695 2482 Samuele
1713 2449 1822 2482 Petito

946 2488 1078 2520 Observ.
1108 2488 1153 2520 L:
1170 2488 1211 2521 Π.
1242 2490 1273 2521 C.
1298 2500 1330 2532 3.
1353 2488 1540 2530 subsistere,
1566 2492 1596 2525 &
1619 2491 1699 2527 nihil
1730 2491 1818 2532 quic-

944 2539 1036 2571 quam
1051 2530 1191 2563 definire.

1104 2623 1190 2659 IX.

446 2707 624 2756 Leviffima
649 2710 825 2746 emendacio
851 2709 890 2744 L.
918 2720 977 2753 52.
1001 2710 1032 2759 §.
1057 2722 1089 2747 2.
1115 2710 1152 2747 ff.
1180 2724 1245 2760 pro
1270 2714 1387 2750 Socio.

75 2807 77 2809 '
128 2802 248 2844 lpianus
265 2813 304 2834 ex
322 2803 416 2837 Celso
432 2805 528 2838 docet
543 2807 574 2838 in
594 2806 615 2838 l.
625 2816 677 2846 52.
700 2806 728 2849 §.
741 2817 769 2839 2.
788 2806 828 2848 ff.
844 2812 900 2846 pro

148 2845 209 2875 Soc.
233 2843 389 2877 subsistere
427 2856 528 2888 uoque
543 2847 744 2888 societatem,
757 2849 778 2881 si
798 2847 899 2880 socio-

16 2902 19 2905 -
39 2893 108 2916 rum
124 2885 204 2917 alter
221 2887 392 2924 rem,alter
422 2888 506 2920 olam
521 2897 621 2921 artem
640 2891 670 2922 ὅ(
687 2899 814 2932 operam
823 2899 897 2921 con-

38 2925 142 2964 ferat,
163 2927 269 2963 velut,
289 2927 411 2969 inquit,
430 2933 598 2970 cum'pecus
613 2934 644 2962 in
665 2942 813 2964 commune
829 2939 896 2972 pas-

40 2970 165 2999 cendum
181 2992 189 3004 .
230 2976 281 3000 aut
305 2979 410 3009 agrum
426 2972 550 3011 politori
572 2975 676 3005 damus
698 2976 730 3005 in
749 2984 899 3005 commune

40 3012 206 3050 quer-endis
218 3009 386 3050 fruffibus.
429 3012 464 3045 In
485 3013 631 3056 Vulgatis
656 3015 761 3048 Libris
779 3015 826 3047 est
840 3016 899 3054 pol-

40 3052 187 3083 venatori
207 3074 217 3088 ‚
241 3052 321 3091 apud
340 3051 553 3086 Haloandrum
576 3057 740 3096 pollicitori
758 3081 769 3097 ‚
793 3057 900 3089 eadem

40 3091 193 3124 stntentia
208 3117 218 3132 ,
250 3092 301 3125 sed
325 3093 448 3135 peffima
466 3094 497 3126 δι
522 3105 631 3137 parum
647 3097 770 3131 Latina.
815 3098 900 3130 Tau-

39 3134 148 3165 rellius
171 3133 341 3167 Florentiae
359 3135 506 3174 petitori,
529 3137 559 3170 &
582 3138 624 3170 fic
646 3149 772 3181 quoque
797 3139 901 3172 Vinti-

40 3175 158 3207 millius
189 3175 296 3208 Parilis
324 3181 559 3224 1548..praeter
584 3179 638 3211 has
661 3181 812 3213 lectiones
838 3190 903 3212 uon

40 3215 91 3249 est
103 3216 163 3250 alia
190 3216 226 3249 'm-
246 3216 350 3250 Libris
373 3227 462 3251 meis.
513 3219 646 3253 Budaeus
664 3245 673 3260 ,
705 3221 783 3254 usus>
803 3222 906 3254 Libro

942 2809 1094 2851 vulgato,
1119 2819 1179 2851 pro
1200 2811 1414 2851 pollicitatori,
1438 2809 1523 2851 quod
1542 2809 1586 2840 ibi
1603 2807 1668 2848 est,
1686 2811 1717 2843 δε
1732 2810 1817 2843 reCle

942 2851 1066 2892 rejicit,
1090 2860 1155 2882 non
1174 2852 1258 2883 reete
1276 2851 1458 2890 substituit,
1481 2852 1634 2882 colendum
1643 2852 1815 2890 ricemeri,

941 2892 972 2924 id
992 2891 1057 2930 est,
1075 2892 1202 2924 ‘colono
1218 2894 1369 2934 partiario
1388 2914 1400 2930 ,
1432 2893 1571 2935 plui-lmo
1613 2893 1757 2926 omnium
1777 2894 1814 2926 li-

942 2933 1065 2965 citanti.
1103 2933 1272 2965 Existimat
1287 2934 1429 2974 scilicet,
1455 2934 1646 2976 compendio
1663 2934 1816 2977 scriptum

942 2974 1036 3006 fuiss'e
1052 2975 1108 3006 col.
1129 2976 1278 3006 licitatori
1292 2999 1301 3013 ‚
1330 2975 1360 3006 <St
1376 2976 1448 3007 inde
1464 2980 1573 3008 natum
1595 2977 1817 3017 pollicitatori3

943 3015 994 3048 sed
1014 3017 1072 3047 hac
1091 3015 1244 3049 sententia
1268 3026 1331 3049 non
1355 3017 1484 3049 utimur.
1531 3017 1690 3051 Antonius
1708 3019 1815 3062 Augu-

944 3056 1042 3088 stinus
1059 3056 1228 3090 lectionem
1243 3057 1268 3089 F
1272 3057 1460 3091 lorentinam
1477 3057 1620 3092 defendit
1639 3061 1679 3093 L.
1688 3059 1744 3094 IV.
1771 3062 1814 3094 E-

943 3100 1040 3129 men'd.
1066 3098 1097 3130 C.
1119 3109 1149 3135 9.
1176 3100 1208 3131 δε
1225 3099 1381 3140 politores
1400 3100 1462 3133 esse
1482 3099 1591 3133 scribit
1605 3125 1617 3142 ,
1640 3103 1694 3144 qui
1723 3113 1816 3144 agros

944 3140 1093 3170 excolere
1116 3148 1210 3182 atque
1233 3141 1336 3182 polire
1361 3142 1596 3175 consueverunt
1614 3168 1624 3184 ‚
1657 3144 1817 3177 advocato
1846 3175 1851 3177 .

947 3178 1060 3212 Nonio
1079 3181 1241 3214 Marcello
1254 3205 1263 3221 ,
1296 3182 1348 3225 qui
1367 3184 1529 3216 Politiones
1548 3184 1610 3217 esse
1626 3186 1710 3218 dixit
1727 3197 1812 3228 agro-

947 3233 1022 3256 rum
1046 3224 1149 3255 calcus
1171 3225 1335 3266 diligentes
1348 3247 1360 3264 ,
1385 3233 1422 3259 ut
1452 3227 1550 3267 polica*
1568 3231 1667 3262 onznia
1683 3229 1812 3260 dicimur

1714 3272 1816 3303 excul-
