2008 3436
419 111 818 147 CORNELII

163 195 336 266 &ticianum
357 192 389 223 in
411 191 625 231 Icaromenipp.
655 196 686 231 p.
703 201 742 222 m.
769 194 842 228 689.
887 190 935 222 Ad
959 200 1024 223 rem

191 236 310 267 laccus:

243 289 328 298 .--.-.

163 128 208 153 22
892 122 1002 147 VAN

454 274 636 305 tantumdem
657 280 690 305 ut
709 280 807 313 peccet
830 275 979 314 idemque,

243 314 308 359 Qui
330 321 445 346 teneros
470 316 568 346 caules
591 316 684 345 alieni
696 316 831 355 fregerit
853 317 952 352 horti,

242 358 286 389 Et
309 358 362 398 qui
381 356 545 388 nodamus
566 356 791 396 Divumsacra
813 356 944 397 legerit?

159 398 235 440 quin
249 399 373 441 potius:

451 456 537 464 -—-·
558 456 643 462 —-—-
664 437 738 477 adsit

243 482 365 524 Regula
378 505 386 516 ,
402 483 535 521 peccatis
551 490 613 520 qztoe
625 486 727 519 poenas
741 482 854 521 irroget
870 490 979 522 aequczs.

163 523 287 564 AEquas
311 522 432 554 scilicet
454 531 511 562 pro
534 521 656 552 ratione
672 523 811 562 peccati,
836 522 916 561 sive,
941 529 977 552 ut
995 521 1026 552 in

164 565 288 597 scholis
309 563 507 601 balbutiunt,
523 564 716 602 geometrice:
736 572 867 603 peccata
881 563 965 594 enim
981 562 1026 593 in-

162 606 268 637 vicem
289 604 372 646 paria
397 603 458 634 effe
475 626 484 641 ,
516 603 600 644 quod
625 602 824 644 Philosophis
845 603 1028 644 quibusdam

163 647 285 688 placuit
302 669 310 684 ,
343 644 532 675 Auctoribus
554 643 666 675 nostris
688 653 844 684 nunquam
866 643 911 675 est
929 643 1026 674 credi-

164 695 242 719 tum.
288 685 387 717 Valde
409 685 539 716 incivile
561 684 605 716 est
619 709 628 724 ,
661 692 696 716 ut
719 686 788 725 quis
818 685 859 716 ob
881 685 1028 726 gallinam

164 727 335 769 surreptam
358 734 411 757 aut
435 735 545 767 aquam
568 736 662 757 manu
678 725 765 757 forte
779 725 916 757 haustam
932 725 1027 755 actio-

164 779 204 802 ne
226 768 304 800 furti
326 768 507 806 damnetur,
539 768 569 799 &
583 767 716 806 famam,
742 767 809 798 vita
832 776 943 798 contra
957 765 1027 796 cha·

162 820 245 849 ram,
270 809 386 850 perdat.
432 807 520 847 Nec,
546 817 581 839 ut
601 809 662 839 hoc
678 809 795 847 evites,
821 808 929 839 licebit
945 806 1026 837 dice-

162 861 214 890 re,
245 850 374 882 dandam
395 850 539 890 equidem
561 849 638 881 furti
660 849 832 888 astionem,
864 848 915 881 sed
933 857 1026 889 pecu-

161 892 289 924 niariam
303 891 473 930 duntaxat,
499 900 562 922 non
581 891 675 921 etiam
691 890 856 929 infamem,
882 888 1024 931 quemad-

160 933 291 966 modum
314 933 345 964 in
371 932 478 963 tutelae
501 932 621 972 judicio
644 930 745 962 visum
771 930 835 962 fuit
848 930 1026 968 nonnullis,

164 975 194 1006 ὃς
208 974 241 1005 111
255 973 397 1015 deposito
412 973 436 1004 F
439 972 578 1004 rancisco
593 972 747 1005 Connano
768 973 926 1004 Commem.
948 972 1026 1012 Jur.

165 1016 234 1047 Civ.
258 1015 297 1046 L.
311 1014 381 1046 VII.
409 1015 442 1046 C.
461 1024 491 1054 4.
517 1024 605 1053 nam,
631 1014 798 1055 quominus
814 1014 843 1045 id
857 1013 1027 1055 procedat,

162 1056 244 1088 facit
266 1055 344 1088 furti
365 1055 523 1087 damnatio
547 1055 707 1096 legitima,
733 1055 774 1086 ob
791 1065 883 1095 quam
898 1064 961 1085 non
978 1053 1028 1084 ad-

163 1098 270 1130 hibito
288 1122 298 1137 ,
329 1097 382 1138 qui
404 1097 435 1128 id
458 1096 599 1135 molliat,
630 1095 743 1135 judicis
763 1096 894 1127 arbitrio
910 1118 918 1134 ,
949 1093 1029 1125 furti

163 1139 343 1170 damnatum
366 1137 506 1179 sequitur
527 1136 655 1169 infamia
668 1160 678 1175 ‚
718 1144 753 1167 ut
774 1135 888 1168 diserte
911 1134 1029 1177 scripsit

165 1181 279 1213 Macer
301 1181 333 1211 in
363 1180 383 1211 l.
403 1184 452 1219 653.
473 1179 512 1220 ff.
537 1181 571 1210 de
591 1178 680 1210 Furt.
711 1178 776 1209 imo
800 1186 911 1209 contra
934 1177 1028 1208 ratio-

164 1231 238 1253 nem
251 1221 344 1261 iuris,
370 1221 400 1251 in
415 1221 484 1252 aliis
497 1229 654 1261 receptam
665 1243 673 1257 ,
700 1218 828 1250 infamia
845 1228 909 1250 non
923 1218 1028 1249 remit-

164 1270 267 1302 tetur,
298 1262 320 1294 fi
346 1262 384 1293 de
406 1261 477 1292 fure
499 1262 636 1302 iniquius
660 1259 802 1291 statuerit
815 1260 931 1300 Judex,
956 1266 1031 1300 puta

157 1303 186 1336 fi
202 1313 260 1335 nec
276 1302 475 1335 manifestum
491 1303 523 1334 in
540 1302 747 1344 quadruplum
759 1301 919 1333 damnavit
942 1301 963 1332 1.
981 1309 1029 1342 13.

164 1346 197 1386 §.
213 1355 243 1385 7.
262 1345 303 1386 ff.
325 1346 360 1376 de
376 1345 437 1375 His
458 1346 511 1385 qui
526 1351 587 1375 not.
603 1344 662 1382 inf.

209 1386 364 1433 Quamvis
378 1386 475 1427 igitur
490 1386 670 1426 largiamur,
694 1383 816 1417 furtum
830 1385 925 1416 etiam
939 1384 1029 1416 mini-

164 1437 292 1461 morum
306 1426 386 1466 esse,
412 1428 441 1459 ὃς
457 1436 514 1468 pro
528 1436 567 1458 eo
584 1426 668 1458 recte
682 1425 847 1467 disputass'e
861 1425 903 1458 D.
916 1425 1030 1457 Hiero-

165 1478 296 1511 nymum
312 1468 344 1500 in
370 1468 402 1500 C.
419 1479 450 1508 4.
476 1469 507 1499 C.
522 1467 613 1499 XIV.
638 1468 680 1512 Q,
697 1471 726 1498 6.
756 1477 820 1499 non
838 1475 941 1499 tamen
955 1476 1030 1497 con-

167 1512 258 1543 tinuo
274 1510 441 1550 largimur,
466 1510 508 1541 ob
525 1519 579 1548 ea,
604 1518 673 1550 quae
693 1509 813 1540 minimi
830 1507 916 1547 sunt,
936 1507 1030 1539 afflo-

169 1562 240 1585 nem
263 1550 341 1582 furti
366 1551 512 1582 dandam:
545 1550 638 1592 quin,
665 1560 737 1581 cum
756 1548 896 1591 nuspiam
912 1549 943 1579 id
959 1547 1031 1580 scri-

166 1602 258 1636 ptum
273 1591 391 1631 exstet,
417 1592 603 1633 denegamus
617 1592 743 1632 potius3
768 1598 803 1621 ut
820 1591 849 1622 ἃ
867 1589 971 1623 Zafius
980 1589 1032 1621 de-

168 1635 296 1676 negavit
322 1635 353 1666 in
377 1634 486 1665 Parat.
503 1637 537 1665 de
555 1632 625 1664 Dol.
642 1633 711 1664 mal.
742 1642 774 1664 n.
797 1641 845 1668 19.
870 1631 906 1667 ὅ)
928 1641 977 1663 20.

159 1676 275 1717 fingul.
292 1676 381 1717 Resp.
407 1676 445 1707 L.
463 1675 503 1707 II.
531 1676 562 1707 C.
581 1679 631 1706 26.
656 1675 688 1707 Si
701 1673 824 1712 Zafius,
862 1673 924 1705 uod
938 1673 1032 1713 dixit,

166 1718 249 1750 recte
273 1717 446 1758 probasset,
476 1727 535 1749 nec
550 1716 588 1748 ab
603 1717 672 1749 aliis
693 1715 838 1755 deinceps
866 1724 950 1761 ongo
966 1723 1031 1746 mo-

164 1759 278 1792 limine
299 1759 374 1791 esset
397 1759 560 1800 impetitus
576 1783 586 1798 ,
620 1755 851 1802 supersedissem
867 1755 940 1787 huic
958 1765 1031 1797 ope-

166 1811 219 1833 rae.
265 1799 289 1832 F
292 1800 477 1832 ortiffimum
494 1808 598 1832 autem
616 1800 681 1839 ejus
697 1797 858 1830 sententlae
873 1806 1032 1838 argumen-

167 1851 238 1873 tum
253 1840 298 1873 est
316 1842 347 1873 in
364 1841 486 1879 ac'tione
500 1841 538 1872 de
556 1841 649 1880 dolo,
688 1850 753 1879 uae,
778 1838 944 1871 commiss'o
958 1839 1035 1870 licet

168 1883 264 1922 dolo,
289 1893 353 1914 non
379 1891 481 1914 tamen
503 1882 608 1924 passim
628 1883 660 1914 in
684 1882 826 1922 ulgetur,
849 1880 954 1913 necin
970 1880 1032 1922 pri-

169 1924 248 1963 mis,
266 1923 295 1962 fi
317 1926 428 1955 modica
442 1925 562 1963 summa
581 1922 623 1962 fit
650 1924 669 1954 l.
690 1933 719 1959 9.
748 1922 777 1964 §.
794 1923 851 1953 ult.
882 1922 904 1953 l.
925 1931 974 1954 10.
997 1921 1034 1956 ὅ)

165 1967 189 2007 l.
213 1975 261 1996 11.
280 1973 332 2006 pr.
349 1966 389 2006 ff.
410 1967 443 1996 de
468 1965 539 1997 Dol.
562 1965 631 1996 mal.
654 1974 718 1996 non
751 1963 835 2005 quod
858 1962 925 1994 haec
952 1962 1034 1994 aCtio

167 2007 206 2040 fit
223 2006 396 2039 subsidiaria
413 2007 442 2039 ὅ(
456 2015 547 2038 extra
562 2006 703 2038 ordinem
716 2005 807 2037 detur
822 2003 911 2036 causa
926 2004 1033 2045 cogni-

169 2056 219 2087 ta,
244 2057 359 2089 eaque,
384 2056 419 2079 ut
440 2048 505 2089 ipse
528 2047 650 2080 Praetor
663 2048 724 2086 ait,
745 2044 851 2088 justa,
873 2045 1034 2087 quomodo

170 2088 274 2121 Caesar
289 2089 383 2121 Costa
398 2089 478 2121 Var.
500 2090 668 2130 Ambigua.
689 2088 766 2129 chr.
789 2087 830 2119 L.
850 2085 874 2118 I.
901 2087 933 2118 C.
950 2096 981 2123 9.
1004 2087 1034 2118 ὅ(

168 2139 253 2162 nunc
267 2131 365 2172 vulgo
383 2131 565 2172 perhibent,
590 2131 642 2162 vel
660 2129 745 2172 quod
758 2129 850 2160 dolus
871 2126 960 2159 furto
977 2128 1032 2160 mi-

171 2181 232 2203 nor
255 2170 311 2210 fit,
344 2172 505 2212 quomodo
528 2172 610 2203 idem
633 2169 735 2204 Caesar
756 2169 859 2208 addit,
883 2168 934 2201 sed
949 2169 1034 2210 quod

172 2212 238 2244 doli
253 2212 334 2244 acuo
348 2213 385 2245 sit
400 2212 536 2252 famosa,
562 2221 598 2244 ut
614 2213 769 2253 reliquum
790 2213 818 2242 d.
837 2212 911 2250 tegis
932 2220 978 2243 11.
1004 2211 1034 2242 &

171 2253 210 2284 ad
232 2263 299 2284 eam
321 2254 443 2286 Basilici
465 2254 537 2286 satis
560 2254 707 2285 indicant.
753 2251 825 2284 Nee
847 2250 910 2291 est,
936 2260 971 2283 ut
989 2260 1032 2283 te-

171 2304 257 2326 mere
279 2295 480 2335 projiciamus
500 2294 747 2327 existimationes
767 2292 947 2332 hominum,
971 2302 1036 2325 non

171 2336 312 2377 prodita,
338 2344 373 2367 ut
395 2336 550 2376 diximus,
583 2336 673 2368 ullibi
691 2335 733 2366 ob
752 2333 875 2365 furtum
891 2334 1034 2366 minimo-

172 2386 242 2408 rum
259 2377 380 2408 amone
392 2377 487 2409 furti:
512 2388 551 2410 ne
575 2387 613 2408 ue
635 2377 718 2408 enim
736 2374 863 2418 praecise
879 2375 954 2406 licet
970 2375 1035 2406 col-

171 2418 288 2459 ligere,
313 2417 365 2449 fur
381 2417 442 2457 est,
467 2428 542 2460 ergo
573 2419 633 2449 urti
653 2426 793 2455 tenetur,
825 2425 897 2447 cum
912 2424 1035 2448 tencan-

173 2466 225 2490 tur
239 2468 365 2500 quoque
378 2459 476 2499 furti,
502 2461 555 2501 qui
571 2459 656 2491 fures
670 2469 732 2490 non
749 2457 818 2490 sunt
832 2481 841 2496 ,
867 2457 897 2488 δι
915 2465 1034 2489 contra.

172 2499 239 2545 Qui
262 2499 360 2542 spicas
384 2501 508 2532 vellunt
523 2525 532 2540 ,
564 2502 584 2533 fi
600 2511 639 2531 ex
659 2500 739 2541 agris
755 2499 845 2539 juxta
858 2499 958 2538 viam,
982 2506 1036 2530 aut

174 2550 230 2582 per
248 2550 326 2582 quos
350 2541 411 2572 iter
437 2541 497 2580 cst,
522 2542 608 2574 fures
622 2551 685 2573 non
703 2540 792 2579 sunt,
820 2539 841 2571 fi
858 2540 951 2572 animi
968 2548 1034 2581 gra-

174 2582 218 2613 tia
231 2582 350 2613 vellant
366 2606 375 2621 ,
407 2591 441 2614 ut
457 2582 524 2614 fere
538 2583 582 2615 est
604 2581 860 2624 praetereuntium
873 2581 1034 2619 conditio,

172 2621 225 2654 sed
243 2622 265 2655 fi
279 2623 358 2654 lucri
374 2625 489 2664 gratia,
514 2623 599 2656 fures
617 2623 686 2655 sunt
696 2646 706 2662 ,
723 2621 864 2663 quamvis
879 2621 957 2653 furti
972 2631 1036 2653 non

173 2670 347 2696 teneantur.
393 2663 428 2695 In
450 2665 686 2697 vellicationem
704 2662 847 2704 equidem
869 2662 1034 2694 consensis-

172 2703 204 2735 se
221 2705 386 2744 videntur,
412 2706 464 2746 qui
487 2706 523 2737 ad
546 2707 629 2738 viam
647 2704 767 2742 serunt,
793 2711 825 2735 at
841 2703 895 2735 ille
908 2703 1035 2735 consen—

174 2745 224 2776 sus
241 2746 441 2777 vellicantem
452 2769 461 2785 ,
486 2747 507 2778 11
524 2747 603 2778 lucri
617 2745 707 2777 causa
719 2745 834 2783 vellat,
859 2753 923 2776 non
940 2754 957 2776 a
971 2743 1035 2775 fur-

176 2794 211 2816 to
226 2785 380 2825 absolvit,
404 2785 456 2818 sed
471 2787 509 2819 ab
524 2788 646 2819 afflone
657 2786 736 2818 furti
750 2795 812 2832 arg.
838 2785 858 2816 l.
875 2788 927 2825 46.
957 2785 985 2825 §.
1005 2790 1035 2819 8.

169 2826 209 2865 ff.
233 2829 267 2859 de
279 2827 367 2859 Furt.
408 2828 474 2873 Qui
490 2838 530 2859 ex
545 2837 620 2870 agro
634 2836 697 2859 non
713 2827 750 2858 ad
766 2836 867 2866 vram,
893 2826 972 2858 lucri
989 2835 1035 2857 er-

178 2876 219 2906 go
234 2891 242 2906 ,
267 2868 410 2907 vellunt,
435 2869 520 2901 fures
536 2868 625 2908 sunt,
657 2877 715 2899 nec
732 2867 871 2899 civiliter
885 2867 946 2899 esse
961 2867 1033 2899 defi-

177 2916 271 2947 nunt‚
296 2910 437 2951 quamvis
453 2911 494 2942 ob
507 2910 623 2942 famem
646 2909 773 2941 vellant.
854 2909 916 2940 uod
931 2917 1035 2940 autem

177 2950 360 2986 generaliter
375 2949 575 2983 absolvantur
589 2951 620 2982 in
645 2951 678 2982 C.
696 2953 746 2982 26.
767 2950 801 2981 de
826 2951 958 2991 eonsecr.
978 2949 1034 2981 Di-

171 2987 274 3026 flinst.
289 2991 327 3023 V.
354 3002 393 3023 ex
416 2992 661 3033 Jurisprudentia
679 2991 806 3032 Judarca
821 2992 883 3030 est,
908 2999 944 3022 ut
960 2991 1034 3023 Mo-

178 3026 225 3072 ses
240 3030 345 3074 docuit
359 3033 450 3064 Libro
465 3033 502 3064 V.
523 3035 553 3065 C.
564 3031 689 3065 XXIII.
701 3032 729 3073 §.
741 3042 791 3072 25.
814 3034 869 3067 nisi
883 3032 968 3064 dicas
982 3032 1032 3063 ab·

172 3068 257 3099 .iolv1
270 3093 279 3108 ,
303 3082 452 3111 quatenus
468 3073 626 3106 sabbatum
641 3082 703 3105 non
722 3073 892 3113 violarint,
918 3080 952 3104 ut
968 3072 1035 3104 haec

179 3107 342 3147 suggerunt
358 3114 541 3155 Euangelia,
568 3116 597 3147 ἅ
614 3116 644 3147 C.
662 3125 692 3153 4.
707 3115 750 3148 X.
775 3116 810 3147 de
827 3115 866 3147 R.
884 3115 921 3155 J.

222 3147 254 3180 1¹³
279 3150 347 3189 lure
368 3155 474 3198 nostro
497 3157 624 3188 maritus
652 3156 769 3195 uxori,
806 3166 888 3188 uxor
919 3155 1033 3187 marito

126 3196 131 3199 ’
179 3188 299 3223 fumun
319 3192 413 3232 fam,
444 3205 501 3228 nec
518 3204 619 3232 tumen
638 3196 718 3230 furti
732 3196 886 3234 actionem
901 3196 964 3229 dari
981 3205 1031 3236 pa-

1073 110 1678 149 BYNKERSHOEK

1067 190 1128 221 lam
1146 189 1209 227 cst3
1235 190 1263 221 δε
1279 191 1321 221 ita
1336 190 1431 221 etiam
1456 191 1538 222 alias.
1584 191 1683 224 Filius
1701 193 1798 234 patri,
1825 193 1930 225 servus

1066 231 1197 261 domino
1213 230 1335 262 furtum
1356 231 1498 270 faciunt,
1522 231 1601 263 furti
1626 242 1703 264 vero
1724 234 1805 266 attio
1820 243 1932 266 contra

1068 280 1122 302 eos
1139 271 1263 311 prodita
1279 281 1343 303 non
1358 271 1402 303 est
1426 272 1443 312 §
1477 281 1523 304 12.
1547 273 1621 313 Inst.
1640 276 1673 304 de
1693 275 1795 315 Oblig.
1816 286 1877 317 quae
1893 285 1931 307 ex

1069 313 1125 343 del.
1147 314 1227 351 misc.
1258 312 1381 344 dabitur
1405 313 1501 353 igitur
1527 315 1607 355 patri
1632 315 1720 347 utilis
1736 317 1815 348 attio
1842 318 1861 347 t.
1878 327 1932 356 52.

1070 354 1089 393 §
1115 362 1145 392 5.
1162 354 1201 394 ff.
1223 355 1257 384 de
1279 353 1366 384 Furt.
1397 355 1657 394 quemadmodum
1684 356 1713 387 ὃς
1736 357 1804 387 11110
1824 358 1931 389 adver-

1069 394 1118 426 sus
1134 402 1272 435 patrem,
1305 402 1476 435 temperata
1499 396 1540 428 fic
1562 397 1666 428 verbis
1685 398 1825 436 afflone,
1850 399 1932 430 utin

1068 435 1185 466 fattum
1201 443 1362 476 competat
1378 437 1406 467 ὅ(
1420 435 1511 468 bonae
1530 437 1601 469 fidei
1618 438 1671 469 fiat
1696 439 1816 470 mentio
1839 439 1859 469 l.
1882 449 1932 472 11.

1070 476 1099 517 §.
1125 486 1150 507 1.
1165 476 1206 517 ff.
1230 479 1264 508 de
1279 477 1350 508 Doc.
1366 479 1437 508 mal.
1482 477 1612 510 Rursus:
1638 479 1691 519 qui
1716 488 1834 520 partem
1849 490 1933 512 acer-

1070 518 1102 548 vi
1121 518 1231 557 tollit,
1263 518 1362 549 totius
1381 517 1434 549 sur
1458 518 1502 550 est
1515 542 1525 558 ,
1556 521 1628 560 quia
1647 529 1734 560 parte
1745 520 1935 562 apprehensa

1070 559 1171 589 totius
1185 559 1335 599 quaeritur
1355 558 1497 599 possessio
1512 583 1522 598 ,
1554 568 1589 591 ut
1606 561 1803 593 crediderunt
1819 562 1935 594 Ofilius

1071 599 1321 631 &Trebatiusin
1341 601 1360 631 l.
1373 609 1421 632 21.
1441 608 1491 640 pr.
1504 601 1545 642 ff.
1561 605 1596 632 cle
1614 602 1701 633 Furt.
1725 610 1850 641 nec,ut
1864 603 1933 635 vul-

1069 650 1111 681 go
1143 640 1354 681 interpretum
1385 642 1487 682 placet
1505 666 1515 682 ,
1561 643 1591 674 id
1623 644 1751 685 negavit
1782 643 1935 685 Ulpianus

1071 682 1225 726 Vetllse‘!
1244 692 1367 719 ταωνι,-
1390 683 1533 725 loquitur
1553 685 1636 715 enim
1659 686 1697 716 de
1717 694 1750 716 re
1774 685 1867 726 longe
1890 685 1934 716 di-

1071 721 1175 760 versa,
1201 723 1322 768 scilicet
1345 725 1383 754 de
1403 725 1525 755 actione
1545 724 1641 757 furti:
1667 733 1765 767 utque
1781 725 1858 757 adeo
1871 735 1936 758 non

1071 770 1164 808 neget
1178 785 1187 801 ,
1221 770 1320 794 totius
1343 765 1448 796 accrvi
1469 764 1571 797 furem
1595 766 1674 806 cil'e,
1707 776 1817 798 verum
1836 767 1936 799 totius

1070 812 1198 834 nomine
1221 813 1294 834 cum
1315 814 1354 835 eo
1375 804 1454 835 furti
1473 807 1633 846 agendum.
1679 807 1828 839 Dicerem
1841 808 1937 839 ctiam

1071 844 1110 875 de
1133 845 1199 883 his,
1233 845 1286 885 qui
1309 845 1396 876 fures
1419 854 1482 877 non
1507 846 1596 886 sunt,
1630 849 1659 880 ὅ(
1678 857 1781 881 tamen
1795 848 1874 880 furti
1891 857 1935 880 tc-

1071 893 1186 917 nentur
1202 909 1212 924 ,
1244 885 1294 916 sed
1317 896 1381 917 non
1405 895 1502 926 usque
1526 887 1603 919 adeo
1630 889 1662 920 id
1677 890 1814 930 pertinet
1830 890 1866 921 ad
1880 900 1936 922 no-

1071 925 1164 958 stram
1178 926 1333 967 speciem,
1360 927 1390 958 ἅ
1406 926 1451 958 est
1470 929 1598 969 vulgare
1622 939 1662 960 ex
1686 930 1714 971 §.
1737 939 1782 962 11.
1805 929 1880 971 Insi.
1902 934 1938 963 de

1073 968 1209 1009 Obligat.
1221 970 1348 1009 quaedel.
1364 968 1442 1009 naso.
1465 969 1494 1000 ἅ
1511 970 1563 1010 qui
1578 971 1610 1001 in
1625 971 1690 1011 ejus
1704 972 1937 1013 interpretatio-

1069 1019 1109 1040 ne
1125 1017 1327 1050 occupantur.

1114 1049 1190 1082 Non
1211 1058 1320 1081 movet
1336 1075 1346 1090 ,
1378 1052 1462 1092 quod
1482 1053 1569 1093 ajunt
1583 1077 1593 1093 ,
1624 1054 1719 1086 etiam
1740 1054 1842 1086 levem
1860 1055 1938 1095 inju-

1071 1091 1148 1122 riam
1169 1091 1319 1123 infamare
1334 1115 1344 1130 ,
1379 1102 1450 1124 nam
1473 1093 1504 1124 id
1526 1103 1637 1126 verum
1661 1105 1725 1127 non
1742 1094 1804 1134 est,
1830 1096 1941 1137 utique

1071 1132 1148 1177 milri
1166 1132 1226 1163 esse
1239 1142 1303 1164 non
1321 1134 1447 1164 videtur
1457 1144 1518 1175 arg.
1544 1136 1553 1166 l
1580 1146 1632 1173 40.
1648 1137 1688 1176 ff.
1710 1139 1744 1169 cle
1761 1136 1862 1179 Injzcr.
1883 1137 1941 1169 etsi

1073 1174 1164 1204 itam
1181 1174 1279 1214 Capit.
1301 1175 1397 1206 Carol.
1415 1175 1464 1206 M.
1489 1177 1528 1207 L.
1544 1176 1615 1208 VII.
1643 1179 1674 1208 C.
1695 1187 1765 1218 270.
1794 1178 1882 1210 forte
1898 1188 1940 1210 ex

1076 1216 1108 1246 C.
1121 1225 1170 1261 23.
1195 1215 1237 1262 X:
1259 1217 1294 1247 de
1308 1216 1390 1247 Sem.
1408 1217 1444 1252 ὅ
1459 1227 1491 1248 re
1503 1219 1571 1259 jad.
1617 1219 1722 1260 Magis
1745 1228 1875 1251 movere
1891 1219 1939 1251 vi-

1074 1256 1139 1287 dci-1
1163 1256 1262 1297 pollet
1277 1281 1287 1296 ,
1321 1258 1406 1298 quod
1431 1258 1526 1290 etiam
1546 1268 1649 1291 rerum
1673 1270 1738 1291 non
1755 1261 1857 1301 magni
1872 1270 1940 1292 mo-

1074 1299 1190 1336 menti,
1224 1298 1441 1330 columbarum
1461 1299 1611 1332 videlicet
1624 1324 1634 1340 ,
1665 1301 1747 1332 actio
1760 1300 1838 1332 furti
1853 1311 1940 1333 com-

1074 1347 1181 1384 petere
1205 1338 1326 1370 dicatur
1345 1340 1378 1371 in
1402 1341 1423 1371 1.
1439 1345 1468 1375 8.
1493 1341 1521 1381 §.
1544 1351 1569 1373 1.
1590 1342 1632 1382 ff.
1655 1342 1738 1374 Fam.
1757 1343 1858 1383 ercisc.
1881 1343 1942 1375 Sed

1075 1380 1138 1411 diei
1156 1380 1293 1420 poterit,
1319 1380 1360 1411 ob
1377 1381 1446 1413 illas
1464 1382 1589 1423 gravius
1605 1383 1674 1425 agi,
1699 1383 1784 1425 quod
1798 1393 1847 1416 res
1861 1383 1940 1424 sint,

1076 1430 1145 1462 quae
1163 1419 1303 1467 custodia
1317 1422 1474 1454 contineri
1491 1432 1666 1465 nequeant3
1695 1432 1750 1456 aut
1766 1423 1846 1464 ess'e,
1870 1435 1942 1467 quae

1074 1471 1139 1493 non
1160 1471 1279 1493 11111111111
1306 1462 1364 1494 sint
1377 1487 1387 1502 ,
1420 1472 1456 1495 ut
1484 1464 1569 1496 testis
1592 1465 1624 1497 in
1647 1475 1682 1497 ea
1702 1475 1737 1497 re
1752 1464 1796 1498 est
1809 1466 1942 1499 Marcus

1075 1502 1248 1534 Terentius
1267 1503 1367 1535 Varro
1384 1507 1419 1537 de
1434 1505 1476 1537 R.
1497 1506 1539 1539 R.
1563 1506 1603 1538 L.
1621 1506 1676 1538 III.
1704 1507 1736 1540 C.
1754 1517 1784 1549 7.
1826 1507 1942 1547 Addo,

1074 1554 1130 1586 per
1140 1546 1227 1584 furti
1241 1544 1384 1577 astionem
1397 1547 1565 1589 aliquando
1582 1548 1718 1590 intelligi
1743 1549 1890 1582 astionem
1907 1551 1943 1581 in

1068 1586 1213 1627 fastum,
1235 1596 1300 1619 non
1317 1587 1488 1629 legitimam
1502 1588 1599 1630 furti,
1623 1599 1664 1621 ex
1678 1591 1799 1623 furtiva
1815 1597 1943 1624 contre-

1076 1628 1214 1660 ctatione
1239 1637 1343 1661 natam
1363 1630 1394 1662 ἀ
1416 1639 1669 1672 competentem:
1701 1641 1803 1674 neque
1817 1631 1881 1672 est,
1904 1638 1944 1663 ut

1075 1670 1107 1716 id
1131 1669 1315 1702 insolentius
1339 1671 1480 1703 videatur
1505 1672 1537 1704 in
1559 1674 1588 1705 d.
1606 1673 1626 1704 1.
1642 1677 1670 1707 8.
1688 1673 1717 1714 §.
1733 1682 1760 1705 1.
1805 1683 1875 1706 uam
1895 1669 1945 1705 est

1076 1721 1108 1743 111
1125 1712 1146 1744 l.
1159 1721 1213 1752 52.
1237 1711 1256 1752 §
1283 1715 1314 1744 6.
1336 1712 1378 1753 ff.
1402 1715 1436 1745 de
1456 1713 1544 1746 Furt.
1586 1715 1629 1747 Et
1653 1715 1735 1747 ratio
1758 1714 1886 1756 Upiani
1907 1714 1943 1747 in

1076 1755 1106 1785 d.
1130 1754 1160 1794 §.
1182 1763 1209 1785 1.
1232 1752 1264 1784 ld
1284 1763 1348 1785 non
1373 1756 1469 1796 magis
1491 1756 1633 1788 excludit
1649 1780 1659 1796 ,
1690 1766 1782 1798 quam
1802 1755 1943 1796 eJ'usdem

1076 1795 1108 1827 in
1132 1797 1161 1836 §-
1179 1799 1210 1827 6.
1231 1797 1261 1827 d.
1286 1796 1306 1826 l.
1322 1806 1375 1836 52.
1396 1796 1428 1829 in
1443 1807 1507 1838 quo
1520 1805 1623 1830 tamen
1637 1797 1748 1829 utilem
1767 1798 1801 1830 in
1821 1796 1942 1828 factum

1076 1836 1311 1879 intelligendam
1327 1837 1440 1878 probat
1468 1839 1495 1880 §.
1508 1849 1538 1879 4.
1565 1839 1602 1874 ὅ)
1627 1849 1659 1880 5.
1688 1840 1822 1871 e'usdem
1843 1838 1865 1869 l.
1883 1847 1940 1878 52.

1076 1887 1169 1920 negat
1193 1878 1225 1910 id
1244 1879 1391 1919 equidem
1408 1879 1565 1912 Antonius
1590 1880 1688 1912 Faber
1732 1880 1803 1912 ibro
1825 1881 1860 1911 de
1877 1878 1943 1911 Er-

1076 1929 1137 1952 ror.
1169 1920 1326 1960 Pragmat.
1354 1920 1429 1952 Dec.
1454 1921 1626 1954 LXXXII.
1660 1921 1740 1953 Err.
1754 1925 1784 1953 6.
1798 1930 1827 1962 7.
1847 1919 1885 1956 δ’
1905 1925 1940 1956 8.

1077 1960 1128 1993 sed
1142 1962 1208 2002 ejus
1224 1970 1263 1992 60
1290 1961 1365 1993 1060
1387 1969 1497 1994 contra
1519 1964 1600 2036 (1.Ιᾶ
1618 1973 1650 2003 5.
1672 1962 1710 1998 ὅ)
1729 1966 1761 1994 6.
1783 1963 1879 2004 longa
1893 1961 1942 1995 est

1077 2003 1205 2042 injuria,
1237 2002 1340 2044 longae
1360 2003 1511 2044 ambages.
1590 2013 1670 2051 eque
1693 2004 1788 2036 etiam
1805 2003 1869 2035 dici
1904 2013 1940 2035 o-

1078 2043 1154 2083 test,
1179 2052 1286 2075 veram
1302 2045 1537 2086 legitimamque
1551 2044 1628 2077 furti
1651 2045 1806 2078 astionem
1821 2044 1888 2076 inte
1903 2044 1941 2077 li-

1076 2086 1107 2126 gi
1131 2086 1163 2117 in
1185 2088 1215 2116 d.
1238 2085 1266 2125 §.
1285 2088 1316 2117 6.
1339 2086 1424 2127 quod
1443 2094 1531 2127 pater
1549 2087 1659 2127 utique
1684 2086 1736 2119 fur
1757 2085 1796 2118 sit
1810 2109 1820 2125 ,
1854 2085 1941 2127 quod

1078 2128 1175 2158 homo
1197 2125 1298 2166 turpis
1321 2127 1351 2158 ἂ
1372 2136 1522 2168 nequam,
1545 2137 1615 2159 nam
1634 2128 1664 2159 ὅ(
1682 2135 1758 2159 tunc
1771 2134 1860 2168 pater
1875 2125 1940 2166 est,

1077 2177 1136 2199 nec
1153 2168 1243 2206 ideo,
1276 2166 1299 2199 fi
1321 2168 1395 2209 quid
1420 2168 1526 2208 judico
1541 2192 1552 2209 ,
1577 2177 1713 2209 unquam
1728 2178 1746 2200 a
1758 2167 1828 2200 filio
1842 2166 1939 2199 aeuo-

1076 2218 1115 2241 ne
1138 2207 1256 2240 famosa
1283 2208 1471 2241 Iacess'endus
1497 2210 1539 2241 ob
1572 2209 1791 2241 austoritatem
1804 2231 1818 2248 ,
1845 2216 1940 2249 quam

1075 2250 1232 2290 diximus,
1262 2249 1359 2290 Juris,
1391 2251 1422 2282 ὅτ.
1437 2252 1593 2283 rationem
1615 2251 1635 2282 1.
1653 2260 1684 2288 9.
1707 2250 1748 2292 ff.
1771 2253 1805 2282 de
1829 2249 1939 2292 Obseq.

1073 2298 1145 2333 par.
1167 2291 1204 2326 δ”
1219 2299 1303 2332 patr.
1315 2290 1416 2332 prust.
1434 2291 1471 2327 δέ·
1491 2292 1615 2324 Novell.
1637 2291 1712 2324 XII.
1738 2290 1770 2323 C.
1787 2301 1817 2323 2.

1120 2332 1225 2374 Atque
1238 2332 1322 2371 haec,
1346 2340 1382 2364 ut
1396 2333 1527 2374 probem
1542 2333 1584 2365 ob
1599 2332 1722 2365 furtum
1736 2331 1940 2364 minimorum

1078 2384 1143 2406 non
1164 2374 1255 2405 aliam
1274 2373 1429 2405 actionem
1450 2374 1551 2406 videri
1572 2373 1701 2405 dandam
1715 2396 1726 2413 ‚
1758 2381 1851 2420 quam
1868 2382 1939 2414 quae

1078 2416 1110 2447 in
1124 2415 1241 2447 factum
1254 2413 1307 2446 est.
1351 2415 1385 2447 Si
1400 2416 1438 2447 de
1453 2414 1573 2447 summo
1588 2413 1757 2460 strictoque
1770 2422 1838 2454 Jure
1854 2422 1940 2455 qua-e

1077 2458 1174 2496 ritur,
1222 2455 1285 2488 uod
1304 2454 1417 2488 actoris
1438 2455 1502 2495 est,
1530 2454 1656 2487 fortean
1677 2454 1741 2487 d1ci
1765 2453 1883 2496 posset,
1908 2454 1940 2487 δε

1078 2508 1184 2531 veram
1214 2497 1276 2528 urti
1293 2503 1494 2537 competere:
1525 2494 1577 2527 sed
1591 2495 1660 2527 haec
1675 2495 1713 2527 fit
1730 2494 1939 2536 indulgenda,

1077 2549 1115 2572 ut
1136 2538 1207 2570 inde
1231 2537 1262 2569 se
1287 2544 1376 2568 uatur
1395 2534 1514 2569 famosa
1536 2536 1758 2568 condemnatio
1773 2559 1783 2576 ,
1807 2545 1845 2568 an
1860 2545 1940 2568 vero

1078 2582 1110 2613 in
1132 2579 1249 2611 factum
1291 2577 1386 2617 anda,
1408 2577 1520 2617 judicis
1534 2577 1767 2618 cognitionem,
1793 2577 1939 2619 quemad-

1078 2621 1207 2654 modum
1228 2619 1283 2650 illa
1305 2618 1344 2650 de
1362 2619 1456 2657 dolo,
1481 2617 1649 2658 desiderat,
1674 2626 1709 2649 ut
1728 2618 1877 2651 voluntas
1895 2618 1938 2650 le-

1078 2663 1125 2705 gis
1141 2661 1298 2699 servetur,
1323 2669 1387 2691 non
1400 2659 1495 2691 verba
1508 2659 1677 2691 duntaxat:
1702 2658 1821 2691 servata
1834 2658 1875 2691 116
1892 2668 1938 2690 ra-

1078 2705 1166 2736 tione
1181 2702 1201 2735 l.
1219 2711 1271 2738 29.
1291 2699 1328 2735 ὃ
1346 2710 1399 2743 30.
1414 2701 1455 2741 ff.
1469 2703 1504 2732 de
1521 2699 1592 2731 LL.
1635 2699 1750 2741 Neque
1771 2700 1854 2732 enim
1869 2700 1940 2733 Lex

1077 2744 1205 2785 antiqua
1217 2743 1239 2776 si
1254 2742 1352 2782 dixit,
1375 2746 1428 2783 qui
1441 2739 1557 2782 clepsit,
1579 2741 1717 2781 duplione
1729 2742 1823 2777 tuito,
1837 2740 1874 2776 &1⁹
1890 2743 1938 2772 ἰη-

1078 2785 1225 2826 testabilis
1238 2783 1314 2825 esto.
1332 2783 1411 2815 illud
1433 2783 1528 2815 etiam
1547 2783 1668 2821 voluit,
1692 2790 1746 2821 ut,
1771 2782 1824 2823 qui
1837 2782 1938 2823 pilum

1077 2826 1191 2868 clepsit
1202 2849 1212 2866 ‚
1244 2826 1274 2856 &
1292 2824 1314 2856 si
1336 2823 1412 2865 quid
1436 2823 1502 2865 pilo
1519 2823 1622 2856 minus
1635 2822 1698 2863 est,
1722 2823 1829 2854 eadem
1845 2832 1939 2864 poena

1079 2875 1245 2904 teneatur-3
1276 2865 1327 2897 sed
1346 2867 1497 2896 coercere
1516 2863 1623 2897 voluit
1643 2864 1816 2905 improbam
1833 2873 1937 2896 rerum

1077 2909 1248 2941 alienarum
1268 2905 1550 2938 contrectationem
1563 2928 1573 2944 ‚
1607 2906 1641 2938 in
1654 2905 1802 2937 damnum
1815 2903 1935 2937 Civita-

1079 2950 1119 2981 tis
1133 2946 1378 2981 redundaturam.
1424 2945 1455 2978 Si
1477 2945 1546 2986 quis
1564 2953 1675 2978 contra
1693 2946 1936 2987 interpretetur,

1076 2999 1140 3022 non
1166 2996 1287 3020 tantum
1309 2986 1402 3028 Legis
1424 2985 1606 3032 consultus,
1639 2987 1690 3019 sed
1704 2987 1757 3019 vel
1773 2986 1872 3027 judex
1885 2996 1935 3018 ca-

1076 3030 1201 3063 lumniae
1218 3036 1295 3060 nota
1308 3037 1373 3060 non
1387 3027 1522 3067 carebit,
1547 3037 1583 3060 ut
1598 3037 1657 3060 nec
1671 3026 1816 3066 censura,
1842 3037 1935 3068 quam

1075 3072 1107 3103 in
1131 3069 1175 3102 sui
1197 3068 1348 3110 temporis
1369 3066 1469 3109 thos
1491 3067 1591 3100 edixit
1605 3069 1734 3101 Tullius
1747 3068 1779 3100 in
1800 3067 1934 3101 Μαι-ωτι.

1078 3113 1110 3143 C.
1129 3120 1178 3152 27.
1208 3110 1326 3151 Legum
1346 3111 1439 3142 verba
1452 3111 1580 3150 servari
1594 3133 1604 3150 ,
1633 3111 1803 3152 equitatem
1817 3111 1931 3143 amitti.

1075 3152 1189 3193 Neque
1210 3149 1254 3182 est
1267 3174 1277 3190 ,
1310 3158 1344 3182 ut
1366 3150 1398 3181 id
1419 3149 1605 3192 potestatem
1628 3151 1712 3192 leges
1728 3150 1931 3193 interpretan-

1075 3193 1154 3226 tium
1169 3190 1325 3227 excefliffe
1340 3191 1485 3226 videatur
1500 3215 1511 3232 ,
1547 3201 1624 3226 cum
1637 3191 1693 3233 ipsi
1709 3200 1832 3225 veteres
1847 3191 1931 3263 Cpq-

1887 3242 1905 3264 u
1927 3251 1931 3255 ,
