2008 3436
183 99 252 135 182
419 93 818 131 CORNELII
891 105 1000 132 vau

182 173 294 206 scribit
310 173 495 207 Plutarchus
512 176 542 207 in
562 175 665 207 Numa
678 183 710 217 p.
727 186 765 207 m.
781 185 851 207 121.
875 175 973 208 Rec'te
989 175 1045 208 Fa-

183 216 238 247 bio
258 215 324 247 dies
341 216 424 247 dicta
439 217 505 256 est,
531 216 581 249 sed
595 218 679 249 aliud
697 216 742 249 est
766 228 783 249 a
802 216 881 256 suis,
905 217 989 248 aliud
1009 217 1046 248 ab

182 257 250 296 his,
274 257 310 288 ad
326 267 404 298 quos
421 259 560 290 mittitur
581 259 720 299 legatus,
743 259 897 298 judicari,
922 257 1047 290 &aliud

183 299 332 338 judicari,
356 299 441 331 aliud
457 301 487 332 in
506 301 574 331 acie
592 300 705 331 occidi.
753 299 804 331 De
829 299 962 331 secunda
981 298 1046 339 spe-

183 339 233 370 cie
253 342 420 386 quaerimus
436 342 611 380 duntaxat,
635 342 735 382 prima
751 341 780 373 δε
800 341 893 374 tertia
904 340 966 372 huc
982 349 1047 372 non

184 389 357 423 pertinent.

230 422 338 455 Caroli
357 423 508 456 Paschalii
528 423 711 456 sententiam
726 424 764 455 de
780 423 854 456 foro
872 424 1047 464 legatorum

184 466 218 497 in
236 464 327 496 causa
351 465 438 496 civili
461 464 549 506 supra
567 464 708 506 exposui.
762 464 815 497 De
834 465 924 498 causa
946 464 1049 495 crimi-

184 507 247 538 nali
276 507 340 547 agit
370 507 402 538 in
431 506 546 549 Legato
574 507 605 537 C.
631 515 680 546 74.
707 506 736 538 ὅ(
755 516 805 547 75.
839 505 890 538 sed
910 506 983 537 dum
1008 514 1049 536 ex

184 546 420 580 Historicorum
432 571 441 586 ,
481 547 744 588 Philosophorum
758 570 767 585 ,
808 548 838 579 ὃς
873 547 1049 579 Rhetorum

185 590 288 621 hortis
311 598 404 621 omne
428 599 525 629 genus
545 588 658 620 florum
685 589 847 630 excerpit,
873 589 901 620 ὅ(
928 589 958 619 in
984 597 1049 619 rem

185 629 272 662 suam
291 631 407 669 vertit,
431 631 487 661 vix
503 630 565 668 est,
592 638 626 660 ut
642 629 692 661 sua
708 630 762 671 ipsi
789 640 876 662 mens
904 628 1051 660 constite-

185 673 238 703 rit.
288 672 356 712 Cap.
375 680 424 712 74.
450 671 587 712 legatum
606 671 800 711 proditorem
817 680 899 702 nunc
914 669 999 702 ferro
1019 670 1049 702 ἃ

185 713 258 754 igne
275 711 522 753 persequendum
550 711 676 751 censet,
700 721 782 744 nunc
808 712 1050 749 dimittendum,

185 755 224 785 ad
239 753 419 794 exemplum
437 753 554 784 veteris
572 754 652 793 aevi,
679 754 722 785 ita
746 761 870 791 tamen,
894 761 929 784 ut
953 753 1049 784 liceat

179 796 356 837 fieleratani
390 795 617 836 conjurationem
642 797 793 837 detegere,
826 795 978 836 disjicere,
1002 799 1048 834 op-

181 839 309 878 primere
335 837 558 876 intercipiendis
582 836 694 875 literis,
725 836 967 876 deprehendendis
991 845 1050 865 coe-

188 880 265 910 tibus
288 875 495 918 clandestinis,
529 878 576 919 qui
600 878 681 918 forte
706 877 846 908 habentur
869 878 945 918 apud
970 876 1049 918 lega-

189 929 270 959 tam,
295 920 455 950 vincienda
480 918 515 953 δ’
538 918 710 959 affi’rvanda
727 919 854 960 familia
876 919 956 961 ejas,
980 918 1049 948 tali-

188 963 292 1002 busque
311 960 501 1001 usurpandis,
526 970 644 1001 qaorum
658 959 744 992 dubia
760 962 797 991 ad
821 971 881 991 rem
897 959 1050 1000 per-veniri

187 1001 290 1044 potest.
335 1001 465 1033 Nescias
482 1002 597 1040 etiam,
621 1010 726 1033 utrum
741 1001 950 1033 dimiffionem
970 1001 1049 1041 lega-

190 1044 216 1075 ti
235 1044 290 1075 soli
311 1043 506 1084 prudentiae,
534 1052 572 1074 an
597 1042 662 1083 Juri
699 1041 852 1074 Gentium
886 1041 1049 1073 adscribat.

191 1085 256 1126 Juri
284 1084 436 1116 Gentium
451 1107 461 1122 ‚
482 1084 618 1123 dixeris,
642 1093 713 1116 cum
744 1084 837 1124 Caput
857 1092 907 1125 75.
933 1083 978 1115 ita
1003 1092 1051 1114 or-

191 1127 313 1158 diatur:
344 1126 411 1158 Vix
430 1125 477 1156 illi
505 1124 650 1167 quaestioni
677 1125 752 1156 locus
778 1125 953 1166 relinquitur
970 1148 979 1163 ‚
1012 1133 1052 1154 an

194 1169 330 1211 vulgaris
347 1168 482 1199 criminis
497 1178 530 1198 ea
544 1166 585 1206 fit
604 1169 651 1198 vis
663 1189 673 1204 ‚
696 1172 728 1197 ut
744 1167 805 1209 ejus
818 1173 903 1207 poena
920 1176 938 1197 a
957 1166 1052 1207 legato

193 1216 366 1251 expetatur,
401 1210 448 1240 cui
474 1218 509 1239 ne
528 1209 734 1249 perduellionis
753 1209 866 1249 quidem
891 1207 966 1238 rest:
994 1207 1055 1237 dies

194 1253 316 1284 dicitur.
363 1250 512 1282 Attamen
524 1259 623 1290 neque
643 1250 674 1281 in
696 1249 858 1281 communi
882 1248 998 1280 delicto
1017 1246 1057 1278 fic

193 1292 269 1326 satis
294 1292 348 1324 sibi
375 1291 515 1329 constat,
545 1291 643 1331 magis
671 1290 818 1331 quidem,
853 1297 888 1320 ut
912 1289 1059 1326 videtur,

194 1333 376 1376 propensior
396 1333 426 1363 in
445 1332 496 1369 id,
519 1341 557 1362 ne
579 1340 597 1362 a
623 1331 729 1371 legato
753 1330 861 1370 ejusve
886 1329 1058 1361 comitibus

196 1374 385 1416 supplicium
409 1372 564 1411 sumatur,
590 1371 642 1403 sed
663 1371 828 1412 jubeantur
850 1370 1000 1402 excedere
1023 1369 1057 1401 fi-

196 1418 309 1454 nibus,
342 1413 448 1445 addito
473 1412 641 1446 interdiCto
659 1436 667 1452 ,
701 1421 741 1443 ne
766 1412 892 1443 redeant
907 1436 917 1451 ,
950 1420 1059 1442 verum

198 1460 284 1495 hoc,
314 1455 343 1494 fi
365 1456 480 1497 legatus
504 1456 539 1486 ab
564 1455 614 1486 illo
633 1453 728 1495 miffar
742 1451 804 1494 esi,
827 1454 911 1495 cnjus
935 1454 1061 1483 maxime

198 1495 317 1538 interest
329 1498 399 1539 jugi
418 1497 605 1528 veneratione
627 1495 856 1526 benevolentiam
874 1492 1000 1535 nostram
1018 1494 1062 1524 de-

200 1541 316 1573 mereri.
369 1538 466 1582 Quod
490 1538 605 1569 iterum
631 1536 805 1577 prudentiae
832 1535 975 1567 Politicae
1000 1533 1065 1573 est,

199 1582 289 1622 cujus
306 1579 428 1611 causam
444 1589 461 1611 a
477 1578 549 1619 Jure
568 1577 721 1610 Gentium
740 1576 860 1618 semper
877 1576 1065 1618 distinguen-

198 1623 269 1656 dam
288 1621 350 1653 effe
368 1630 446 1653 reor.
492 1620 593 1652 Prout
607 1620 677 1661 plus
694 1618 838 1650 minusve
860 1618 1030 1650 metuimus
1050 1627 1067 1649 a

199 1663 401 1704 Principibus
414 1662 505 1703 ,plus
524 1662 668 1693 minusve
685 1660 797 1700 legatis
814 1659 877 1691 dari
899 1658 997 1697 solet,
1015 1659 1064 1698 ἂ,

200 1714 238 1737 ut
253 1705 363 1743 detur,
375 1704 507 1736 omnino
523 1702 667 1744 expedit,
679 1700 731 1733 sed
740 1702 791 1742 qui
808 1701 847 1732 de
858 1700 1067 1741 jurispruden-

201 1748 244 1779 tia
264 1745 417 1778 Gentium
436 1744 559 1777 asturus
572 1742 638 1783 est,
661 1743 731 1775 aliis
755 1743 785 1776 &
805 1743 995 1774 certioribus
1020 1751 1066 1772 re-

199 1789 283 1829 gulis
310 1787 357 1819 uti
383 1795 512 1828 oportet
527 1810 536 1825 ,
561 1785 603 1819 fin
623 1792 745 1824 autem,
768 1782 888 1825 semper
904 1783 1071 1825 vagabitur

201 1830 281 1872 pede
299 1830 421 1860 incerto
433 1852 442 1867 ,
466 1837 501 1859 ut
517 1827 583 1861 fere
601 1826 681 1861 solet
694 1824 881 1858 Paschaiius.

246 1870 431 1902 Fredericus
467 1870 506 1902 de
531 1868 702 1902 Marselaer
725 1868 757 1900 in
793 1868 909 1910 Legato
933 1867 1004 1900 Lib.
1026 1866 1072 1900 ΙῙ.’

203 1912 327 1954 Differt.
353 1921 401 1952 14.
426 1912 458 1944 in
474 1910 564 1943 causa
582 1911 671 1942 civili
689 1908 815 1941 adhibet
833 1908 1067 1941 distinc‘tionem

202 1954 285 1995 Juris
304 1953 460 1992 Romani,
483 1960 555 1984 ante
579 1962 596 1983 a
615 1951 707 1983 nobis
729 1950 917 1989 refutatam,
942 1951 970 1982 ἅ
997 1950 1068 1982 Dis-

194 1996 270 2037 sert.
296 2004 343 2035 13.
368 1994 398 2026 in
417 1993 507 2026 causa
535 1993 688 2026 criminali
717 1992 856 2033 legatum
880 1989 1006 2033 subjicit
1021 1992 1068 2032 Ju-

203 2035 377 2069 risdiffioni
397 2036 463 2075 ejus
479 2059 488 2074 ,
522 2034 602 2076 apud
620 2043 711 2075 quem
738 2034 871 2074 deliquit
889 2056 900 2072 ,
922 2032 1070 2065 remiffio-

204 2087 278 2110 nem
297 2077 483 2108 humanitati
502 2076 531 2108 δε
546 2075 720 2116 prudentiae
732 2098 741 2114 ,
752 2084 815 2107 non
831 2075 891 2114 juri
910 2074 1068 2112 tribuens,

205 2117 432 2151 cummaxime
456 2117 488 2148 in
507 2117 639 2148 crimine
657 2114 737 2147 laesae
762 2114 947 2155 Maiestatis.
994 2115 1069 2146 Par-

206 2170 290 2198 cere,
312 2159 432 2200 inquit,
457 2159 504 2189 hic
520 2158 629 2188 crimen
646 2154 811 2197 existimes,
833 2155 890 2195 nifi
901 2157 970 2197 plus
991 2157 1070 2198 lega-

210 2203 235 2233 ti
258 2210 381 2239 nomen,
409 2209 496 2241 quam
513 2198 610 2240 scelm
630 2198 785 2239 proditoris
809 2199 911 2229 timeas
926 2221 937 2236 ,
969 2208 1070 2229 ‘nerum

208 2241 369 2274 enimvero
391 2240 494 2280 definit
508 2240 559 2281 eſje
580 2240 712 2281 legatas,
736 2240 785 2280 qui
802 2239 853 2280 effe
873 2240 1003 2280 proditor
1024 2240 1069 2270 in-

208 2286 298 2325 cipit‚
325 2283 355 2315 &
373 2282 503 2323 reliqua.
547 2280 654 2314 Habet
675 2280 744 2313 sane
768 2290 803 2312 ea
819 2280 972 2312 sententia
988 2289 1070 2321 tnag-

208 2335 280 2357 nam
301 2325 472 2362 rationem,
496 2322 518 2355 fi
541 2322 709 2363 Princeps,
733 2322 786 2363 qui
809 2322 891 2354 misit
914 2322 1071 2363 legatum,

208 2368 275 2407 ejus
293 2365 433 2397 criminis
450 2364 549 2396 fuerit
568 2362 722 2395 conscius.
763 2362 855 2394 Hanc
870 2363 1025 2395 rationem
1042 2363 1073 2395 in

209 2406 460 2449 praecedentibus
477 2404 663 2446 exposuerat
682 2404 730 2436 his
748 2404 871 2443 verbis,
890 2414 959 2436 num
973 2405 1071 2435 remit-

211 2455 306 2487 tetur,
325 2448 490 2489 puniendus
506 2449 542 2478 ab
558 2448 617 2485 iis,
641 2455 758 2488 quorum
778 2455 812 2477 ea
824 2451 942 2486 propter
961 2446 1074 2477 laudem

206 2491 412 2531 praemz'iimqice
445 2487 588 2529 exspestat
605 2488 622 2520 ,9
666 2488 834 2518 connivebit
857 2485 1073 2526 verisimiliter,

231 2532 261 2561 ui
280 2530 315 2565 &³
340 2529 395 2570 ipse
419 2530 506 2569 czilpce
526 2539 611 2567 reus,
632 2538 685 2559 nec
704 2528 781 2559 ultor
800 2530 876 2567 erit,
901 2529 950 2569 qui
967 2528 1076 2560 ambior.

249 2581 291 2602 on
308 2570 352 2602 ait
365 2594 374 2610 ,
399 2577 435 2601 ut
449 2571 536 2609 ajunt
552 2569 677 2610 quidam
694 2569 775 2600 male
791 2569 915 2607 feriati,
940 2570 970 2601 in
991 2570 1077 2600 omni

213 2612 364 2649 crimine,
389 2609 514 2642 remiss'o
541 2610 662 2650 legato,
693 2610 833 2641 criminis
859 2611 1078 2650 impunitatem

216 2652 329 2696 praesto
348 2650 427 2690 esse,
452 2650 501 2682 sed
519 2650 584 2688 ait,
606 2650 637 2681 in
660 2658 714 2688 ea,
737 2659 830 2690 quam
856 2651 989 2688 tractat,
1014 2650 1077 2692 spe-

215 2696 265 2727 cie
289 2694 320 2725 id
338 2691 579 2734 exspectandum
601 2689 662 2722 esse
677 2713 687 2729 ,
719 2690 749 2722 &
775 2691 816 2723 fic
843 2699 935 2722 atrox
960 2691 1079 2723 crimen

218 2735 355 2769 inultum
379 2731 586 2766 transmissum
615 2731 664 2763 iri.
707 2731 801 2770 Scio,
832 2731 994 2772 Principes
1024 2742 1079 2773 per

217 2778 339 2818 legatos
364 2775 435 2809 suos
462 2773 541 2814 saepe
565 2772 754 2804 rebelliones
781 2771 930 2803 excitasse
947 2796 956 2810 ‚
987 2780 1080 2813 atque

217 2819 262 2850 ita
289 2818 327 2849 iis
353 2817 423 2858 ipsis
443 2813 641 2855 delinquendi
671 2811 792 2845 causam
815 2813 1001 2855 praebuill'e,
1031 2814 1081 2846 sed

218 2859 271 2891 vel
290 2859 352 2897 sie,
373 2857 437 2890 sola
453 2855 673 2889 interdictione
698 2862 888 2892 contentus,
912 2864 1025 2887 caetera
1038 2856 1080 2887 lc-

219 2900 298 2942 gatis
325 2908 504 2940 parcerem:
529 2906 617 2935 nam,
647 2904 687 2927 ne
706 2895 807 2928 dicam
825 2918 837 2934 ,
864 2894 1025 2927 scientiam
1051 2897 1081 2928 <Sc

219 2941 439 2973 ausim-itatem
466 2938 620 2979 Principis
643 2936 812 2968 difficulter
826 2936 954 3009 probari
978 2935 1080 2976 poss'e,

220 2982 284 3020 sic,
306 2991 340 3013 ea
355 2981 503 3022 probata,
527 2980 647 3020 legatus
665 2978 809 3010 mandato
839 2976 998 3015 atisfecit,
1023 2987 1081 3008 nec

221 3023 260 3053 ab
283 3022 436 3063 ejusmodi
461 3020 653 3052 mandatario
668 3042 677 3058 ,
709 3019 805 3051 etiam
829 3020 859 3050 in
889 3027 922 3050 re
947 3017 1080 3057 illicita,

222 3064 385 3104 quisquam
414 3062 496 3094 reste
519 3071 624 3103 poenas
641 3060 799 3102 exegerit,
824 3060 876 3100 qui
904 3068 965 3091 non
988 3068 1082 3090 omne

221 3103 269 3142 jus
289 3104 454 3144 legationis
472 3101 679 3135 interversum
696 3101 793 3142 cupit.
839 3099 915 3133 Non
939 3109 1038 3141 nego,
1062 3099 1082 3132 li

221 3142 358 3183 praesens
376 3145 548 3184 periculum
568 3143 748 3182 immineat,
775 3143 911 3183 legatum
928 3140 1030 3172 milite
1051 3141 1081 3173 &

223 3184 367 3215 excubiis
384 3184 469 3225 posse
488 3185 591 3226 cingi,
614 3183 677 3217 five
697 3183 827 3226 sponte,
852 3183 915 3216 five
936 3191 977 3214 ex
999 3191 1079 3214 man-

1077 94 1676 136 BYNKERSHOEK

1088 177 1164 208 dato
1181 185 1270 219 agat,
1295 176 1336 209 s1c
1358 176 1506 209 cinftuml
1520 178 1607 219 poffe
1626 180 1816 221 transmitti,
1839 184 1868 216 ὅ(
1886 195 1948 227 poe.

1089 227 1159 249 nam
1188 219 1296 260 posci,
1331 218 1380 250 sed
1406 219 1516 250 ordine
1533 220 1699 260 judiciario
1722 223 1801 263 apud
1827 234 1884 258 nos
1904 238 1950 260 ac·
1999 232 2002 241 ’

1089 258 1190 332 ἓυῑὲιή
1207 260 1374 301 punirique
1391 270 1456 292 non
1478 269 1647 301 oportere,
1671 262 1703 294 id
1724 264 1768 295 est
1797 267 1880 306 quod
1900 268 1950 301 de·
1995 273 1997 280 '

1106 310 1142 332 en
1166 311 1195 332 o.

1131 341 1205 382 Jean
1226 341 1368 375 Hotman
1385 353 1419 374 en
1433 343 1488 384 stin
1510 342 1612 375 Traite
1630 345 1663 375 de
1675 345 1904 387 l'Ambaffadeur
1918 350 1949 383 C.

1090 393 1122 423 4.
1146 384 1178 415 in
1195 383 1326 416 crimine
1345 384 1423 416 laesae
1446 384 1624 425 Maiestatis
1642 386 1757 418 dubius
1781 387 1898 430 haeret,
1921 392 1952 425 a:
2001 414 2003 421 Α

1092 425 1187 456 variis
1210 424 1461 457 distinctionibus
1479 436 1544 458 rem
1562 427 1669 467 potius
1688 427 1836 470 intricat,
1860 441 1952 472 quam

1092 466 1250 504 extricat,
1274 465 1324 497 sed
1344 466 1466 499 tandem
1482 467 1509 509 §.
1527 478 1557 508 4.
1571 477 1642 499 eum
1660 468 1766 501 videas
1779 472 1951 512 acquiesce-

1092 517 1126 538 re
1142 507 1295 547 exemplis
1312 506 1480 548 Gentium,
1497 519 1566 549 quae
1587 509 1720 550 legatos,
1740 510 1834 543 etiam
1847 512 1877 544 in
1893 514 1952 548 hac

1093 547 1205 586 causa,
1235 550 1408 590 impunitos
1433 549 1626 582 dimiserunt.
1670 551 1822 584 Attamen
1845 552 1873 594 §.
1900 564 1950 597 13.
2002 562 2005 579 1

1093 590 1197 621 rursus
1221 591 1341 631 excipit
1364 590 1494 622 crimina
1515 592 1678 632 quaedam,
1707 602 1770 625 non
1795 594 1932 635 cogitata

1093 630 1145 663 sed
1165 639 1342 672 perpetrata
1360 655 1370 670 ,
1401 640 1471 671 quae
1496 632 1561 672 ipse
1582 642 1644 665 non
1668 635 1866 676 exciperem,
1897 637 1927 668 ni

1092 671 1180 703 forte
1204 671 1300 704 solam
1319 673 1437 703 caedem
1462 672 1634 715 Principis,
1658 676 1739 716 apud
1755 685 1846 717 quem
1870 673 1963 718 agit,.'

1092 713 1218 745 auctore
1241 713 1387 754 Principe
1411 712 1466 744 suo
1490 713 1613 747 faCtam.
1658 717 1717 748 Sed
1741 717 1808 757 quis
1828 719 1954 759 credat,

1093 755 1172 786 hanc
1198 755 1301 795 legato
1328 754 1463 786 mandari
1483 755 1568 795 poffe
1578 756 1600 789 ’.2,
1617 765 1703 788 certe
1721 758 1892 790 mandatam
1914 760 1955 792 le·

1093 803 1166 837 gato
1184 805 1319 836 unquam
1341 795 1434 827 fuiffe
1452 804 1492 827 ex
1518 796 1691 830 Annalibus
1712 808 1775 829 non
1794 800 1953 841 comperi,

1093 839 1122 869 ὅ(
1141 837 1260 869 animus
1279 836 1453 868 meminisse
1470 837 1588 869 horret.
1629 838 1665 870 In
1686 839 1801 871 delicto
1818 849 1962 874 commu--

1093 879 1125 910 ni
1143 879 1237 910 etiam
1255 878 1342 909 varie
1361 877 1540 919 distinguit,
1566 878 1596 910 &
1618 881 1777 921 praecipue
1800 881 1838 912 ad
1863 883 1963 915 ratio-v

1092 929 1148 951 nes
1167 919 1293 960 Imperii
1312 919 1430 951 attendi
1450 920 1558 960 jubet,
1584 919 1636 951 sed
1660 930 1696 952 ea
1720 920 1897 962 distinctio,
1920 931 1956 956 ut

1093 960 1185 1002 supra
1200 960 1400 999 dicebamus,
1423 961 1532 1000 nobis,
1555 970 1615 1002 qua
1632 961 1738 1002 JCtis,
1765 972 1825 995 nec
1847 964 1954 1004 cordi,

1092 1012 1150 1034 nec
1169 1011 1251 1033 curae
1270 1001 1332 1032 esse
1346 1001 1449 1033 debet.
1496 1001 1531 1033 In
1553 1002 1643 1034 causa
1657 1003 1748 1035 civili
1769 1005 1801 1036 C.
1827 1015 1859 1046 5.
1874 1015 1906 1037 n.
1924 1010 1954 1041 8.

1096 1045 1127 1076 &
1151 1053 1180 1081 9.
1203 1042 1328 1084 prolixe
1351 1041 1475 1074 fallitur
1494 1066 1504 1081 ,
1543 1043 1616 1075 dum
1644 1053 1708 1076 non
1731 1044 1876 1086 Judices,
1908 1045 1957 1080 sed

1094 1085 1271 1125 Principem
1288 1107 1297 1123 ,
1321 1093 1379 1115 nec
1400 1084 1451 1124 qui
1477 1084 1579 1123 misit,
1605 1083 1657 1116 sed
1680 1085 1717 1116 ad
1740 1095 1833 1126 quem
1853 1086 1969 1121 missus.

1095 1125 1140 1157 est
1161 1126 1299 1166 legatus,
1324 1125 1497 1156 adeundum
1515 1124 1640 1164 censet,
1666 1133 1702 1157 ut
1721 1126 1777 1159 ille
1797 1128 1836 1160 de
1852 1128 1966 1161 debito.

1096 1167 1190 1208 legati
1215 1165 1405 1207 cognoscat,
1427 1175 1490 1197 non
1515 1166 1576 1198 alia
1595 1167 1738 1206 ratione,
1760 1177 1853 1209 quam
1873 1169 1971 1210 quod.

1100 1207 1240 1247 alioquin
1251 1215 1343 1238 nemo
1353 1216 1425 1237 cum
1436 1207 1546 1247 legatis
1561 1206 1637 1239 esset
1653 1209 1869 1242 contratrurus
1879 1219 1959 1249 3ma·

1100 1250 1140 1282 1ae
1158 1247 1320 1280 sententiae
1336 1247 1423 1287 pejor
1439 1248 1530 1278 ratio.

1144 1289 1301 1321 Antonius
1319 1288 1357 1318 de
1383 1288 1462 1319 Vera
1487 1298 1523 1319 en
1536 1288 1593 1329 son
1611 1290 1731 1330 parfait
1750 1291 1847 1324 Amba
1869 1294 1959 1326 adeur

1102 1331 1172 1363 Lib.
1197 1329 1221 1360 l.
1247 1328 1276 1370 §.
1299 1338 1349 1369 45.
1376 1329 1408 1360 in
1423 1329 1508 1360 omni
1528 1330 1659 1361 crimine
1675 1331 1812 1372 legatum
1849 1334 1961 1374 ubjicit

1100 1372 1175 1404 foro
1199 1370 1352 1411 Principis
1370 1393 1379 1408 ,
1412 1369 1464 1401 ubi
1496 1370 1583 1411 degit
1601 1394 1611 1410 ,
1644 1371 1702 1403 hac
1731 1381 1792 1404 una
1818 1375 1961 1414 ratione,

1103 1413 1187 1454 quod
1204 1413 1372 1453 delinquens
1390 1411 1559 1452 privilegio
1586 1412 1686 1444 cadat.
1731 1414 1855 1447 Vellem
1880 1416 1962 1448 addi-

1103 1453 1317 1492 disset,enam.
1329 1453 1514 1484 contrahens:
1538 1462 1628 1492 nam,
1640 1453 1661 1485 fi
1681 1463 1833 1496 nugemur
1841 1468 1859 1496 ,·
1869 1465 1962 1498 opor·

1107 1503 1153 1528 tet
1169 1493 1291 1526 strenue
1310 1494 1431 1534 nugari.
1476 1493 1553 1532 Sed,
1575 1493 1620 1526 sat
1637 1493 1721 1534 scio,
1744 1505 1838 1528 nemo
1858 1497 1962 1531 austo-

1108 1538 1202 1569 ritate
1219 1536 1285 1575 eJus
1308 1535 1446 1566 hominis
1462 1535 1644 1567 movebitur
1662 1544 1773 1568 contra
1793 1537 1944 1572 rationem
1951 1544 1971 1578 ‚'

1107 1587 1201 1652 guam
1220 1577 1252 1609 in
1275 1577 1380 1617 legato
1404 1586 1468 1609 non
1493 1576 1620 1609 subdito
1639 1576 1709 1610 usus
1728 1576 1876 1612 Gentium
1895 1588 1966 1622 pro·

1130 1627 1208 1652 avit.

1152 1661 1328 1693 Felicianus
1345 1660 1384 1692 de
1403 1661 1499 1693 Oliva
1519 1661 1553 1692 de
1573 1660 1644 1693 Foro
1661 1659 1796 1701 Ecclefioe
1810 1661 1897 1695 Part.
1907 1661 1963 1697 111.

1111 1701 1220 1751 Quasi.
1242 1712 1290 1734 12.
1312 1713 1342 1733 n.
1361 1705 1391 1733 6.
1417 1701 1453 1737 &⁹
1459 1703 1541 1745 seqq.
1563 1703 1611 1742 jus
1630 1703 1798 1735 revocandi
1816 1703 1964 1744 domum,

1111 1753 1173 1776 tam
1198 1745 1229 1775 in
1258 1743 1349 1775 causa
1376 1743 1492 1783 civili,
1525 1753 1617 1784 quam
1644 1744 1825 1784 criminali,
1855 1745 1967 1787 legatis

1111 1785 1260 1818 concedit
1287 1785 1318 1816 in
1340 1784 1408 1824 his,
1440 1794 1508 1825 quae
1535 1792 1607 1816 ante
1637 1785 1844 1827 legationem,
1873 1795 1914 1818 ne
1935 1793 1969 1818 at

1109 1827 1141 1860 in
1162 1827 1228 1865 his,
1257 1835 1325 1866 quae
1349 1825 1379 1857 in
1408 1826 1567 1867 legatione
1590 1825 1657 1858 atta
1686 1825 1769 1868 gesta
1792 1825 1874 1859 sunt.
1945 1835 1970 1860 x

1110 1868 1183 1909 Jure
1204 1868 1348 1900 Romano
1372 1866 1497 1899 scilicet
1520 1867 1563 1900 fic
1585 1867 1737 1900 didicerat
1752 1891 1763 1908 ,
1797 1877 1857 1901 nec
1886 1869 1970 1902 ultra

1111 1908 1257 1952 sapiebat.

1154 1951 1188 1984 In
1206 1949 1370 1983 Dominiei
1388 1951 1612 1992 ArumaeiJure
1623 1951 1743 1983 Publico
1759 1951 1884 1993 aliquot
1895 1949 1969 1984 sunt

1110 1993 1149 2025 de
1174 1992 1300 2033 Legatis
1329 1993 1358 2024 &
1388 1992 1613 2034 Legationibus
1644 1991 1907 2033 Disputationes,
1937 1993 1972 2025 in

1112 2033 1223 2075 quibus
1251 2033 1346 2064 etiam
1369 2033 1419 2072 id,
1452 2033 1537 2074 quod
1562 2042 1647 2064 nunc
1670 2041 1780 2072 certo,
1811 2040 1975 2066 certamen

1113 2074 1263 2107 cernitur.
1307 2073 1358 2105 De
1381 2073 1543 2106 sanctitate
1568 2074 1742 2115 legatorum
1760 2083 1830 2114 quae
1856 2074 1899 2106 ibi
1917 2083 1972 2106 oc-

1114 2123 1263 2154 currunt,
1290 2113 1432 2154 transeo,
1455 2115 1494 2147 de
1510 2113 1583 2146 foro
1600 2115 1685 2146 varie
1705 2113 1898 2156 disputatum
1915 2115 1975 2149 esta

1116 2157 1193 2189 Tom.
1220 2156 1243 2188 I.
1268 2155 1397 2197 Discurs.
1427 2165 1473 2196 14.
1498 2157 1535 2187 ad
1557 2155 1587 2197 §.
1615 2159 1661 2187 16.
1690 2154 1869 2188 defenditur
1891 2165 1975 2198 quo--

1113 2207 1174 2240 que
1199 2192 1357 2229 distinctio
1381 2197 1462 2237 Juris
1485 2196 1617 2228 Romani
1631 2218 1643 2236 ,
1671 2196 1702 2228 &
1726 2196 1914 2230 transfertur
1933 2196 1971 2230 ad

1113 2240 1233 2281 legatos
1255 2246 1453 2271 externarum
1469 2236 1631 2270 Gentium.
1663 2237 1722 2270 Sed
1738 2237 1818 2270 nibil
1838 2238 1880 2271 ibi
1894 2247 1974 2280 pres

1115 2282 1243 2322 cipuum
1262 2278 1326 2319 est,
1350 2279 1434 2321 quod
1450 2278 1582 2311 refutari
1599 2287 1763 2311 mereatur.
1808 2279 1975 2322 Repetitur.

1115 2323 1146 2355 &
1163 2321 1305 2353 laudatur
1326 2330 1362 2352 ea
1378 2319 1535 2353 distinctio
1558 2319 1638 2353 Tom.
1663 2319 1691 2352 Ι.
1714 2319 1845 2362 Discors.
1863 2330 1913 2359 29.
1936 2321 1977 2352 aa

1118 2363 1214 2396 Conci.
1233 2372 1279 2394 12.
1304 2362 1447 2394 damnata
1464 2361 1603 2393 Gentilis
1620 2362 1650 2394 &
1670 2359 1834 2393 Kirchneri
1853 2359 1974 2393 senten-

1116 2406 1180 2444 tia,
1214 2414 1284 2445 quae
1309 2403 1428 2436 crimen
1452 2401 1630 2443 Majestatis
1654 2402 1787 2443 excipit.
1836 2400 1879 2432 Et
1896 2400 1975 2435 sane

1115 2445 1288 2478 damnanda
1311 2443 1356 2476 est
1376 2446 1408 2477 in
1424 2444 1534 2486 primis
1550 2453 1586 2475 ea
1610 2442 1780 2480 sententia,
1801 2441 1823 2474 fi
1847 2442 1879 2474 in
1902 2442 1974 2475 reli-

1117 2487 1188 2528 quis
1201 2486 1323 2519 delictis
1340 2486 1483 2527 legatum·
1495 2483 1700 2526 jurisdistioni
1723 2482 1885 2514 ordinariae
1908 2482 1975 2515 sub-

1119 2529 1258 2570 jeceris,
1296 2534 1333 2559 ut
1365 2528 1412 2559 illi
1440 2525 1616 2566 subjiciunt.
1669 2523 1739 2564 Ego
1771 2523 1803 2555 in
1830 2523 1976 2556 omnibus

1121 2570 1246 2607 exemi,
1277 2577 1336 2600 nec
1361 2568 1462 2599 adhuc
1488 2573 1578 2598 muto
1601 2563 1795 2596 sententiam.
1830 2563 1907 2597 Tem.
1934 2564 1972 2598 11.

1122 2610 1252 2652 Discurs.
1279 2619 1330 2641 21.
1361 2619 1391 2639 n.
1416 2612 1468 2648 48.
1500 2606 1532 2652 ὃς
1555 2614 1604 2644 49.
1644 2605 1766 2652 legatus
1792 2605 1922 2647 delinqu
1949 2610 1954 2613 “
2006 2627 2008 2632 -

1121 2651 1304 2692 simpliciter
1326 2649 1445 2689 Judicio
1471 2647 1533 2679 loci
1553 2646 1767 2685 submittitur,
1799 2645 1850 2678 sed
1872 2647 1938 2680 null
2006 2675 2008 2678 Α

1121 2694 1174 2725 vel
1189 2701 1253 2724 non
1272 2690 1382 2722 idonea
1399 2689 1531 2720 ratione.
1554 2686 1666 2719 Exstat
1683 2688 1822 2729 eJusdem
1840 2688 1975 2721 Arumaei
2006 2699 2008 2726 ῃ

1122 2731 1358 2766 Commentatio
1377 2731 1414 2761 ad
1431 2729 1563 2761 Auream
1576 2728 1712 2769 Bullam,
1737 2729 1770 2761 in
1796 2729 1886 2770 cujus
1909 2727 1977 2771 Dt'ss
2007 2741 2008 2744 ¹

1123 2774 1195 2815 cury}
1219 2772 1244 2805 l.
1269 2770 1296 2812 §.
1317 2780 1367 2802 21.
1399 2770 1572 2811 proponit,
1601 2780 1640 2802 an
1666 2771 1781 2813 legatus
1799 2771 1832 2801 in
1859 2769 1978 2802 Prinu‘t

1119 2822 1205 2856 pem,
1227 2814 1264 2844 ad
1288 2822 1369 2853 quem
1390 2811 1485 2852 miffus
1510 2809 1569 2852 eft,
1601 2813 1777 2854 conjurans,
1800 2812 1904 2851 puniri
1916 2816 1978 2852 pou
2007 2841 2008 2846 ,

1118 2855 1182 2896 fit?
1205 2855 1234 2886 ἃ
1260 2852 1345 2894 posse
1370 2854 1471 2893 puniri
1497 2853 1677 2893 contendit,
1709 2852 1851 2894 quamvis
1876 2861 1925 2885 res
1940 2851 1976 2886 in

1124 2896 1194 2929 solo
1219 2901 1336 2926 conatu
1370 2893 1562 2932 substiterit,
1593 2902 1751 2936 oportune
1779 2902 1818 2924 ex
1849 2902 1868 2925 e
1891 2892 1976 2926 fistula

1123 2936 1229 2970 Marci
1253 2935 1288 2966 ad
1320 2935 1435 2966 Verum
1460 2935 1572 2976 (non,
1596 2943 1631 2967 ut
1655 2936 1719 2974 ait,
1739 2934 1815 2967 Veri
1839 2943 1855 2966 a
1894 2933 1976 2968 Mate

1124 2976 1223 3018 cum)
1247 2977 1313 3007 liaec
1347 2977 1499 3008 recitans:
1533 2977 1597 3008 Scis
1619 2976 1694 3018 ipse,
1729 2977 1799 3017 quid
1822 2985 1896 3007 avus
1915 2981 1976 3009 tum

1125 3018 1278 3050 Adrianus
1303 3019 1411 3048 dixerit
1431 3028 1440 3049 .·
1471 3018 1576 3059 misera
1601 3018 1725 3048 conditio
1751 3015 1796 3049 Im
1816 3022 1976 3055 eratorunu

1123 3060 1225 3100 quibus
1241 3060 1274 3089 de
1291 3058 1432 3099 affeelnta
1448 3061 1623 3100 tyrannide,
1644 3057 1700 3096 nifi
1722 3059 1781 3089 occi
1795 3067 1836 3097 is,
1859 3066 1914 3089 non
1930 3062 1976 3098 poa

1125 3098 1178 3131 tel
1204 3101 1295 3131 credi.
1343 3100 1418 3141 ijs
1435 3106 1530 3131 autem
1555 3100 1716 3140 exemplum
1736 3104 1862 3139 ponere,
1893 3106 1976 3140 quam

1124 3140 1141 3172 ]
1159 3142 1318 3179 omitiani,
1343 3143 1389 3182 qai
1410 3142 1459 3171 hoc
1483 3142 1594 3181 primus
1613 3139 1714 3181 dixiffe
1726 3139 1849 3180 fertur,
1871 3138 1976 3182 nahai,

1124 3187 1315 3224 tyrannorum
1337 3184 1413 3213 enim
1432 3183 1521 3214 etiam
1536 3183 1610 3223 hona
1624 3181 1703 3213 ditia
1718 3190 1775 3221 non
1789 3181 1897 3212 hahent
1912 3185 1976 3210 tau-

1915 3224 1974 3253 tum
