2008 3436
205 115 275 159 1²40
325 112 479 151 CORN.
503 115 577 149 viu
601 100 968 153 BiiNKERsHoEK
992 109 1056 147 DE
1082 105 1310 148 DoMiuio
1334 101 1490 148 Marus
1516 109 1738 148 Dissnnr.
1765 106 1802 149 c.
1824 114 1885 150 ix.

1999 111 2008 132 ¹(

201 187 231 226 δι
249 190 419 236 quominus
436 188 620 226 conductori
639 187 838 224 inter-dietum
859 191 897 224 sit
910 185 1064 229 dandumj
1107 197 1220 232 aucap.
1246 183 1428 232 Praescriptio
1441 213 1452 229 ,
1475 191 1593 232 inquit,
1624 191 1715 234 longae
1735 192 1906 233 paffesfiom·5
1922 188 1960 228 Μ’
1998 190 2008 238 ῚᾸ

201 234 350 277 liquidem
360 237 407 266 vis
423 238 449 267 ei
459 235 636 276 prohibenda
652 232 710 274 est,
721 235 868 274 qaomz'nar
881 232 1064 264 condacizhne

192 276 250 317 sua
259 277 408 317 fricatur,
441 276 704 319 quemadmodum
728 284 768 305 cx
791 273 843 306 sua
866 275 896 306 δι
919 281 1063 305 veterum

200 317 358 350 sententia
373 319 440 350 haec
459 324 578 349 enarrat
592 316 673 347 idem
691 315 845 356 Ulpianus
861 316 892 347 in
915 316 944 347 d.
968 314 995 356 §.
1009 314 1064 346 ult,

242 359 294 391 Ex
313 359 427 400 quibus
444 358 648 398 intelligimus
661 380 671 395 ,
695 357 745 395 id,
769 357 852 397 quod
870 356 908 387 de
923 365 986 387 non
1006 356 1061 387 im-

199 400 355 442 pediendo
379 398 435 432 usu
457 400 587 440 publico
603 397 730 441 profeffi
749 395 820 429 sunt
836 397 988 429 Auum-es
1004 406 1060 428 no-

197 440 252 483 stri
263 465 273 481 ,
294 451 358 474 non
377 441 532 482 pertinere
557 441 609 472 vel
635 439 672 470 ad
699 438 855 470 Civitates
874 437 924 468 vel
943 437 982 468 ad
999 437 1060 478 pri-

197 490 291 514 vatos
306 506 316 522 ,
347 482 460 524 quibus
482 482 531 521 jus
557 480 719 521 proprium
750 480 842 510 maris
864 479 917 509 vel
942 478 1062 510 littoris

199 524 347 565 occupati
376 523 551 563 competit,
576 520 627 552 sed
651 521 804 552 duntaxat
821 519 858 551 ad
883 528 958 557 eos,
981 528 1061 561 quos

198 571 233 596 re
255 565 380 606 publica
397 588 407 603 ‚
440 570 587 604 tanquam
614 561 763 602 publica,
785 561 831 593 uti
856 560 970 599 decet,
997 569 1062 592 non

198 606 306 644 abuti,
331 614 367 644 ut
382 605 514 646 privata.
538 603 586 636 Ita
601 604 693 641 lacu,
711 603 764 643 qui
778 601 910 633 dominii
929 602 990 633 mei
1005 600 1063 639 est,

201 647 281 679 alios
302 646 412 688 piscari
437 646 547 685 utique
570 644 736 685 prohibere
766 642 886 684 poffum
910 643 937 674 d.
963 643 984 674 l.
1012 652 1060 684 13.

200 687 234 720 in
246 687 302 728 fin.
327 686 448 728 possum
478 686 508 718 ἃ.
533 686 564 717 in
591 685 688 723 mari,
710 685 799 725 cuius
825 684 874 724 jus
899 684 1062 725 proprium

201 729 239 760 ad
261 738 307 759 :re
325 728 486 769 pertinet,
513 727 543 758 δε
567 726 587 759 si
609 726 677 768 quis
706 726 755 766 jus
784 734 885 756 meum
913 734 1063 756 exercere

199 779 252 802 me
275 779 338 801 non
361 768 438 801 sinat
455 792 465 808 ,
496 777 572 800 ecce
593 774 734 809 paratum
760 765 805 798 est
822 789 833 805 ,
863 766 1061 798 interdictum

205 812 262 843 Uti
273 809 436 852 possidetis,
454 809 555 851 quod,
573 809 653 841 utad
669 809 806 849 privatas
818 806 922 839 causas
937 817 1064 839 accom-

200 853 363 885 modatum
381 851 447 891 est,
470 852 514 882 ita
529 851 559 882 dt
575 851 645 882 heic
668 848 789 881 causan
808 858 905 880 meam
925 849 1064 880 tuebitur

203 894 224 926 l.
240 904 288 935 14.
297 892 339 934 ff.
359 894 417 925 eod.
442 892 478 925 In
496 900 601 930 mare,
623 891 708 933 quod
720 890 833 932 Populi
847 890 979 922 Romani
999 889 1063 928 est,

201 936 320 967 molem
350 935 426 966 mihi
453 933 609 975 projicere
636 941 700 964 non
725 932 821 971 licet,
846 931 867 964 fi
898 932 950 963 cui
978 930 1064 963 forte

201 977 271 1010 haec
295 985 343 1008 res
366 975 510 1008 nocitura
536 974 573 1006 fit
595 975 614 1006 l.
639 984 666 1005 2.
693 972 723 1013 §.
748 978 776 1008 8.
795 973 835 1014 ff.
863 972 912 1005 Ne
938 973 1006 1014 quid
1030 973 1063 1003 in

202 1019 254 1049 loc.
276 1017 357 1058 publ.
382 1026 441 1049 nec
466 1016 520 1048 vel
541 1016 708 1056 quicquam
730 1013 835 1046 facere
857 1015 888 1045 in
907 1023 964 1052 eo,
990 1014 1064 1045 inve

201 1060 332 1098 littore,
353 1068 417 1100 quo
442 1066 571 1100 portus,
596 1056 708 1094 statio,
732 1056 836 1087 iterve
859 1056 985 1096 navigio
1014 1055 1064 1086 de-

202 1100 301 1132 terius
316 1100 352 1132 fit
370 1100 391 1131 l.
406 1109 431 1131 ι.
457 1098 486 1141 §.
500 1108 547 1140 17.
560 1097 601 1140 ff.
619 1099 653 1129 de
664 1096 792 1129 Flamin.
818 1097 850 1128 in
870 1098 944 1128 mari
961 1096 1063 1137 priva-

202 1142 239 1173 to
258 1141 369 1173 licebit
385 1140 498 1181 procul
512 1139 611 1172 dubio
623 1162 632 1178 ,
658 1139 688 1170 dc
703 1139 755 1170 vel
772 1139 817 1170 ita
835 1137 913 1169 illud
929 1137 1016 1177 iactis
1034 1136 1067 1168 in

199 1183 299 1216 altum
317 1182 453 1214 molibus
468 1181 609 1223 operire,
625 1187 662 1211 ut
677 1180 834 1211 conti-aua
843 1178 944 1218 pisces
961 1187 1066 1218 aequo-

201 1234 235 1257 ra
255 1223 400 1256 sentiant.
433 1222 484 1255 De
503 1232 537 1255 re
557 1221 609 1253 sua
633 1228 669 1252 ut
685 1221 817 1262 quisque
836 1219 996 1257 statuerit,
1021 1219 1065 1249 ita

201 1267 251 1308 Jus
267 1264 356 1304 esto,
378 1272 472 1306 atque
498 1264 576 1295 adeo
594 1262 615 1294 fi
634 1263 708 1294 milii
730 1261 886 1302 placuerit
905 1270 944 1291 eo
962 1260 1065 1290 aliove

201 1307 302 1340 modo
321 1304 455 1338 statuere
478 1306 517 1336 de
541 1314 574 1335 re
592 1313 679 1341 mea,
705 1302 806 1334 statuo
829 1302 908 1333 citra
931 1300 1064 1339 alicujus

201 1348 346 1389 injuriam
364 1369 376 1386 ‚
407 1346 438 1378 &
463 1353 498 1377 ut
522 1345 608 1383 dixi,
632 1344 755 1376 Praetor
782 1343 943 1375 Romanus
969 1341 1064 1373 inter-

204 1389 297 1423 dictis
318 1388 380 1421 suis
403 1386 479 1419 mihi
497 1385 611 1427 praesto
629 1385 683 1417 est.

247 1430 308 1463 Sed
331 1439 371 1462 ne
398 1427 522 1469 longius
540 1428 668 1466 abeam,
691 1426 895 1468 quaestioncm
908 1425 989 1466 Juris
1002 1423 1066 1455 Ro-

203 1472 287 1505 mani
314 1471 354 1502 de
375 1469 518 1501 dominio
539 1469 632 1500 maris
655 1468 853 1501 absolvamus
875 1477 911 1498 ea
929 1465 1066 1497 animad-

203 1511 365 1551 versione,
389 1516 480 1552 quam
496 1511 659 1552 attigimus
675 1511 743 1550 Cap.
766 1509 791 1541 I.
807 1509 955 1541 nimirum
971 1507 1066 1538 etiam

203 1564 243 1586 eo
265 1555 332 1595 jure
355 1562 465 1584 verum
486 1551 568 1590 ess'e,
591 1551 807 1593 poffeffionem
833 1551 998 1587 littorum,
1023 1555 1067 1579 at-

206 1605 267 1636 que
287 1595 332 1626 ita
357 1593 468 1633 maris,
491 1593 657 1625 dominum
674 1593 768 1624 unice
790 1593 881 1631 dare,
905 1591 997 1622 unice
1013 1589 1068 1620 de-

203 1636 356 1674 fendere,
377 1635 515 1675 adeoque
535 1636 587 1667 ubi
606 1634 748 1676 poffeffio
765 1633 897 1675 praesens
917 1641 982 1664 non
1002 1631 1068 1670 est,

204 1687 306 1719 neque
320 1677 368 1718 jus
385 1676 519 1708 dominii
536 1676 598 1708 effe
613 1675 781 1708 secundum
801 1685 854 1714 ea,
878 1683 947 1715 quae
966 1672 1067 1704 haete-

203 1729 263 1752 nus
279 1718 516 1757 disputavimus.
532 1754 533 1757 Ἴ
562 1718 723 1758 Exemplo
739 1716 817 1749 casae
833 1717 864 1748 in
882 1717 993 1747 littore
1012 1723 1067 1745 ex-

204 1758 350 1799 firufftae,
375 1759 404 1791 δε
420 1758 491 1801 post
514 1759 625 1791 dirutae
650 1758 785 1791 illustrat
803 1759 864 1790 hoc
883 1757 904 1788 l.
925 1766 955 1796 5.
981 1754 1010 1796 §.
1038 1764 1065 1787 Ι.

208 1803 239 1835 c&
256 1801 276 1833 l.
299 1804 331 1833 6.
348 1807 395 1841 pr.
414 1802 455 1843 ff.
479 1802 512 1832 de
530 1801 602 1832 Rer.
621 1800 709 1842 divis.
733 1810 792 1832 nec
809 1800 900 1831 aliter
915 1799 954 1829 de
970 1796 1066 1828 aedifi-

206 1844 260 1875 cio
277 1843 298 1875 l.
323 1852 371 1882 14.
396 1841 424 1883 §.
454 1852 481 1874 1.
499 1842 540 1884 ff.
563 1843 596 1874 de
612 1842 687 1883 Acq.
711 1852 769 1873 rer.
793 1842 900 1873 domin.
923 1846 999 1880 puta
1020 1838 1065 1869 lo-

207 1893 279 1917 cum
291 1906 302 1923 ,
322 1892 415 1924 quem
433 1884 541 1915 diruto
563 1883 699 1915 aedificio
715 1883 867 1924 poffidere
888 1880 1068 1917 definimus,

207 1926 246 1958 ad
261 1925 382 1957 causam
403 1923 565 1966 pristinam
591 1925 728 1964 reverti,
752 1924 943 1966 perindeque
963 1920 1065 1962 publi-

206 1976 280 1999 cum
296 1966 378 2005 effe,
401 1976 437 1998 ac
457 1966 479 1998 fi
494 1966 526 1999 in
545 1975 585 1998 eo
605 1975 763 2007 nunquam
783 1964 970 1998 aedificatum
988 1961 1068 1994 fuis-

206 2008 274 2047 set,
295 2009 315 2036 εἰ
338 2009 469 2039 noema-ium
495 2010 525 2038 τ’·
547 2007 665 2042 κτισθὲν,
697 2007 782 2039 πέλεν
806 2009 883 2038 notuit
911 2005 924 2032 ὅ
949 2004 1068 2038 ωἷναλδέ

204 2050 317 2087 >in-na,
339 2048 485 2090 inquiunt
501 2048 624 2080 Basilici
644 2048 763 2082 Lih.L.
784 2048 843 2080 Tit.
862 2046 886 2078 I.
905 2046 988 2078 reae
999 2067 1010 2083 ,
1031 2052 1068 2076 ut

200 2091 353 2133 publicam
367 2097 549 2128 verterent,
566 2090 598 2121 in
614 2090 642 2121 d.
662 2090 690 2132 §.
711 2100 737 2122 1.
756 2090 800 2122 ufi
813 2087 972 2120 vocabulo
987 2090 1067 2125 ›19th

204 2133 271 2164 hoc
281 2131 363 2163 enim
375 2131 419 2162 ibi
436 2129 652 2171 estsspahlicum,
668 2141 731 2163 non
745 2130 857 2163 δημίων
871 2129 924 2161 vel
934 2127 1069 2161 mlCmffl,

204 2172 392 2213 Papinianus
418 2180 565 2212 quoque,
588 2179 624 2202 ut
649 2173 756 2204 omnia
776 2171 900 2209 dicam,
922 2169 960 2201 ad
984 2169 1068 2200 hunc

206 2214 335 2252 modum
355 2222 413 2245 nos
440 2212 578 2244 erudivit
603 2212 637 2245 in
662 2214 682 2246 l.
705 2223 758 2254 45.
776 2212 818 2254 ff.
841 2214 876 2244 de
902 2211 1007 2252 Usurp.
1032 2209 1069 2245 &³

1107 234 1262 264 obtinenda
1286 233 1348 263 loca
1368 232 1455 273 Jaris
1484 233 1626 263 Gentium
1635 234 1754 273 publica
1770 237 1883 266 concedi
1902 246 1958 269 non

1098 272 1196 313 fhlet,
1220 275 1291 315 quod
1316 275 1361 304 ita
1386 274 1536 314 procedit:
1551 272 1580 312 fi
1603 276 1667 315 qais
1690 274 1808 314 aedifzcio
1821 275 1958 315 funditus

1107 315 1221 352 diruto,
1243 316 1316 355 quod
1338 316 1371 344 in
1397 314 1492 346 littore
1513 314 1647 355 posterae
1659 337 1670 352 ‚
1693 322 1744 346 aut
1771 316 1959 357 dereliquerat

1104 353 1255 395 <edificium
1268 378 1280 394 ,
1302 356 1422 386 alternis
1441 354 1539 396 postea
1564 357 1658 386 eodem
1681 354 1894 396 loco‘exstructo
1918 368 1959 389 occ

1104 398 1236 442 crepantis
1261 398 1361 427 datam
1389 399 1583 437 exceptionem
1609 403 1739 437 opponat.

1786 398 1838 429 Sic
1865 399 1961 441 vulgo
2002 406 2004 414 ¹

1994 242 2008 274 ΙΙ

1104 437 1220 478 legitur
1246 437 1277 469 δε
1304 438 1559 479 interpungitur,
1592 437 1641 469 sed
1668 437 1790 470 constat
1818 439 1961 472 nonnihil
2004 454 2005 457 ¹

1106 478 1264 524 turbatum
1293 477 1375 516 effe,
1398 479 1621 511 restituendum
1648 478 1752 518 forte,
1777 479 1798 511 fi
1818 480 1861 512 ita
1882 481 1963 522 legas
2002 498 2006 517 ι

1104 526 1383 560 interpungasque:
1407 519 1431 557 li
1455 522 1517 562 qais
1542 519 1660 560 aedificio
1681 521 1824 561 funditus
1850 523 1962 561 diruto,
2004 555 2007 559 ,

1104 561 1175 607 qaod
1193 562 1225 591 in
1242 561 1338 591 littore
1351 561 1483 601 posuerat
1499 571 1533 592 ac
1549 563 1761 603 dereliquerat,
1785 561 1906 602 aedificio
1918 563 1960 594 al·
2004 568 2006 600 ζ

1105 606 1194 632 terius
1212 600 1309 641 postea
1330 602 1423 639 eodem
1450 603 1509 633 loco
1526 601 1666 644 eustratio
1691 605 1844 644 occupanti
1862 605 1962 636 datam
2004 602 2005 606 ¹

1105 644 1299 688 exceptionem
1323 648 1452 682 opponat.
1479 642 1627 683 Cujacius
1644 645 1676 676 in
1697 645 1853 676 Commeat.
1877 644 1915 676 ad
1931 645 1961 678 b.

1105 683 1126 714 l.
1149 683 1228 724 legit
1246 683 1341 729 etiam
1360 685 1511 724 occupanti
1528 684 1558 715 (St
1574 685 1710 724 aedificio,
1732 686 1776 717 ast
1796 694 1964 728 utrumque

1106 732 1178 770 ante
1196 723 1360 763 CuJaciurn
1378 725 1542 756 Editioncs
1562 725 1715 765 habuere,
1731 727 1760 758 ἃ
1776 727 1828 759 vel
1845 727 1964 759 Roben

1107 773 1131 796 ti
1159 765 1307 806 Stephani
1333 765 1503 798 Parisienlis
1530 766 1600 797 anni
1625 775 1826 800 Mioxxxvu.
1850 777 1965 800 caetera

1105 805 1171 847 ipse
1189 806 1304 852 aliique
1320 817 1384 839 non
1405 805 1479 838 satis
1497 806 1642 838 videntur
1661 808 1813 840 adsecuti.
1858 808 1892 840 Id
1913 819 1965 842 au⁴

1107 855 1169 878 tem
1199 855 1264 887 agit
1292 846 1504 890 Papinianus,
1529 856 1564 879 ut
1591 849 1662 880 loca
1687 850 1868 881 communia
1892 849 1964 891 vel,

1106 888 1193 935 quod
1217 889 1273 920 ille
1294 890 1337 920 ait
1362 890 1391 921 ἀ
1418 889 1601 920 tantundem
1621 888 1682 929 est,
1706 890 1788 931 Juris
1811 890 1967 927 Gentium

1106 929 1233 971 publica
1252 939 1317 963 non
1335 930 1433 972 quaeri
1455 930 1568 971 probet
1590 930 1849 972 praescriptione,
1872 941 1964 972 utpo-

1108 979 1160 1009 te,
1181 970 1203 1003 fi
1229 971 1312 1018 recte
1337 972 1599 1011 interpretamur,
1624 971 1871 1013 supervacanea,
1894 983 1966 1008 nam

1106 1011 1233 1044 fimulac
1257 1021 1326 1053 quis
1351 1022 1386 1044 ea
1411 1015 1601 1053 occupavit,
1625 1014 1780 1046 continuo
1812 1014 1863 1047 sua
1887 1014 1972 1048 facin

1106 1062 1148 1085 ex
1173 1054 1283 1085 eodem
1301 1054 1372 1094 Jure
1400 1053 1552 1086 Gentium
1570 1077 1581 1093 ,
1612 1055 1644 1086 in
1669 1054 1722 1094 Jus
1748 1055 1854 1088 Civile
1873 1065 1965 1089 trans-

1107 1093 1237 1136 scripto.
1280 1095 1361 1128 Bino
1386 1095 1416 1126 id
1441 1096 1589 1137 exemplo
1616 1095 1754 1128 edisserit
1775 1107 1785 1136 ;
1817 1098 1971 1138 alterum,

1107 1136 1192 1177 quod
1217 1136 1508 1178 repraesentavimus
1527 1160 1537 1176 ‚
1573 1137 1642 1169 eum
1664 1137 1806 1169 defendit
1823 1162 1834 1178 ‚
1856 1140 1910 1179 qui
1936 1140 1969 1173 in

1108 1178 1217 1209 littore
1236 1177 1401 1209 aedificium
1417 1177 1551 1209 exstruit
1566 1188 1604 1210 eo
1621 1178 1695 1210 loco
1705 1201 1716 1218 ,
1739 1188 1804 1220 quo
1821 1180 1900 1212 atius
1915 1191 1970 1214 ex-

1109 1226 1250 1250 truxerat
1260 1240 1272 1256 ,
1297 1217 1348 1249 sed
1366 1219 1522 1256 diruerat,
1545 1219 1684 1251 tribuens
1703 1223 1856 1260 occupanti
1869 1223 1971 1255 datam

1107 1261 1323 1299 exceptionem,
1341 1259 1401 1290 hoc
1416 1258 1481 1298 est,
1496 1259 1704 1292 defensionem
1715 1283 1726 1299 ,
1747 1271 1818 1302 quae
1833 1262 1901 1302 jure
1915 1273 1970 1296 oc·

1109 1300 1287 1341 cupationis
1305 1300 1396 1331 datur
1415 1300 1454 1331 ad
1473 1300 1621 1332 tuendum
1643 1301 1840 1341 poss‘efforcm
1861 1304 1892 1335 in
1913 1306 1971 1337 do-

1109 1341 1209 1373 minio
1229 1341 1301 1381 Jure
1325 1339 1477 1373 Gentium
1497 1341 1649 1382 quaefit03
1673 1342 1807 1375 alterum
1831 1343 1897 1376 est:
1921 1347 1971 1378 vel

1103 1382 1132 1423 Ji
1154 1384 1235 1424 qais,
1259 1383 1331 1423 qaod
1359 1383 1392 1413 in
1410 1380 1545 1422 fluminis
1565 1384 1677 1423 publici
1700 1384 1874 1416 diverticulo
1892 1386 1971 1427 solur

1104 1425 1239 1465 pluribus
1253 1425 1340 1454 annis
1358 1425 1489 1465 piscatus
1501 1423 1543 1462 fit
1555 1446 1566 1461 ‚
1589 1424 1713 1456 alterum
1739 1427 1834 1457 eodem
1843 1427 1910 1468 jure
1925 1429 1971 1460 urs·

1103 1466 1267 1507 prohibeat.
1312 1465 1362 1497 Ex
1383 1474 1423 1496 eo
1439 1487 1452 1504 ,
1475 1465 1560 1506 quod
1585 1467 1719 1506 prinum
1744 1467 1967 1509 proposuerat,

1109 1515 1238 1548 apparet
1254 1507 1302 1547 agi
1323 1506 1362 1537 de
1381 1516 1441 1545 e0‚
1462 1507 1515 1548 qui
1537 1507 1568 1538 in
1586 1506 1759 1547 piscatione
1775 1519 1839 1541 non
1857 1508 1920 1548 cst,
1941 1511 1972 1544 δι

1109 1549 1226 1586 alium,
1253 1547 1304 1579 sed
1326 1547 1416 1579 nullo
1443 1548 1529 1588 jure,
1553 1547 1733 1581 submotum
1763 1551 1856 1583 vult:
1881 1551 1973 1592 periit

1110 1590 1176 1636 ejus
1193 1587 1354 1636 poffeffio,
1378 1590 1471 1629 periit
1501 1590 1567 1629 cJus
1593 1590 1663 1630 jus,
1689 1591 1719 1622 δι
1742 1599 1830 1632 patet
1853 1592 1971 1625 cunctis

1109 1631 1252 1672 piscatio.
1278 1630 1399 1662 Contra
1417 1640 1494 1661 vero
1517 1632 1548 1662 in
1565 1631 1585 1662 l.
1610 1641 1639 1672 7.
1654 1631 1696 1672 ff.
1711 1633 1745 1663 de
1762 1633 1870 1675 divers.
1885 1639 1971 1675 temps

1104 1673 1263 1714 praescript.
1284 1681 1353 1713 quae
1369 1671 1400 1702 in
1416 1672 1525 1712 primis
1540 1670 1619 1704 solet
1632 1674 1793 1706 committi
1811 1684 1883 1706 curn
1904 1676 1933 1707 d.
1949 1675 1971 1707 l.

1108 1723 1160 1755 45.
1186 1714 1288 1755 agitur
1308 1713 1348 1744 de
1372 1721 1431 1753 eo,
1456 1714 1507 1755 qui
1531 1712 1635 1754 reapse
1652 1714 1753 1746 adhuc
1777 1716 1809 1748 in
1827 1711 1972 1758 piscatio'-

1109 1765 1150 1788 ne
1168 1755 1229 1794 est,
1254 1755 1283 1787 &
1302 1754 1398 1786 alium
1418 1764 1457 1786 eo
1480 1755 1552 1795 Jure
1568 1755 1617 1786 uti
1635 1756 1801 1796 prohibet,
1823 1758 1854 1790 ὅ(
1871 1757 1974 1796 reae,

1110 1797 1183 1838 quia
1200 1798 1266 1836 eJ'us
1278 1818 1289 1834 ,
1313 1803 1426 1836 utpote
1444 1796 1623 1837 poffidentis
1635 1820 1644 1835 ‚
1671 1797 1782 1829 melior
1800 1797 1846 1830 est
1865 1799 1973 1830 condi-

1111 1839 1166 1870 tio.
1212 1838 1510 1870 Animadverterunt
1537 1837 1568 1869 id
1597 1838 1694 1869 modo
1710 1838 1898 1880 Inter-preces
1920 1848 1973 1870 ve-

1110 1879 1206 1919 tusti,
1230 1880 1260 1911 &
1279 1888 1320 1910 ex
1345 1878 1575 1911 recentioribus
1591 1878 1778 1920 Duarcnus,
1801 1879 1971 1921 Cujacius,

1109 1917 1285 1959 Donellus,
1313 1919 1458 1959 Grotius,

1154 1962 1235 1994 Haec
1254 1961 1345 2000 sunt,
1366 1971 1435 2003 quae
1458 1970 1504 1993 DE
1525 1971 1682 1994 DOMINro
1708 1972 1815 1996 Maius
1835 1963 1973 1996 indicare

1111 2005 1237 2045 potius,
1262 2012 1352 2044 quam
1374 2005 1579 2035 commentari
1605 2003 1706 2035 visum
1724 2003 1796 2038 fuit.
1829 2004 1975 2045 Singula·

1111 2046 1174 2083 ris,
1196 2054 1256 2086 qua
1283 2045 1421 2083 utimur,
1446 2042 1599 2075 sententia
1620 2066 1632 2082 ,
1661 2045 1785 2076 ubertas
1810 2054 1972 2086 argumen-

1112 2087 1154 2125 ti,
1180 2086 1210 2118 ἃ
1227 2086 1359 2126 grandes
1387 2084 1486 2115 turba:
1497 2106 1508 2122 ,
1528 2094 1603 2126 quas
1621 2085 1659 2116 de
1676 2095 1716 2116 eo
1731 2085 1882 2118 dederunt
1903 2087 1974 2120 Viri

1111 2127 1193 2159 docti
1208 2149 1218 2165 ,
1251 2125 1368 2166 spissius
1389 2125 1557 2171 ‘volumen
1585 2125 1772 2158 videbantur
1795 2125 1975 2168 postulare,

1112 2167 1163 2200 sed
1175 2175 1297 2199 remota
1313 2167 1486 2199 ambitione
1502 2165 1635 2199 sufficiat
1654 2167 1765 2199 dixiss'e
1781 2168 1811 2200 δε
1828 2167 1915 2201 forte
1924 2169 1973 2202 ab·

1112 2208 1256 2249 solviss'e,
1279 2208 1363 2251 quod
1380 2218 1428 2241 res
1445 2207 1500 2240 est.

337 2296 1156 2398 CONSPECTUS
1267 2333 1843 2395 CAPITUM.

546 2444 574 2477 C
598 2454 620 2477 A
643 2455 672 2477 Ρ.
716 2444 741 2477 Ι.

306 2488 444 2519 ominium
474 2496 570 2518 rerum
595 2486 701 2528 caepiffe
726 2495 764 2517 ex
790 2485 923 2517 natarali
938 2483 1071 2526 poffeffio-

322 2538 357 2560 ne
375 2526 411 2562 ὃ)
429 2537 527 2568 quare.
573 2527 640 2573 Qui
656 2529 711 2559 illa
726 2527 778 2569 jas
794 2528 970 2567 praecipuam
987 2527 1069 2557 dede-

208 2574 253 2603 rit
270 2572 286 2602 ,9
319 2570 370 2601 Ex
387 2567 513 2599 Natum
533 2570 637 2610 regula
658 2569 815 2600 dominium
835 2567 871 2602 ἐξ
883 2566 1070 2608 poffeffionem

208 2614 244 2643 in
271 2612 370 2651 eadem
387 2609 473 2649 causa
497 2608 570 2648 effe‚·
593 2609 647 2640 hac
669 2609 783 2649 remiffa
810 2609 884 2639 illud
923 2618 1009 2649 uoq-ae
1026 2618 1071 2639 re-

211 2654 304 2685 mitti.
356 2648 525 2692 Vestigium
550 2650 636 2692 hujus
655 2649 743 2690 Juris
760 2648 883 2687 remanfi
905 2660 918 2680 e
949 2651 981 2679 in
1008 2650 1045 2679 ii!
1061 2670 1071 2686 ‚

232 2704 272 2726 tice
295 2692 347 2734 usu
373 2691 516 2723 Civitatis
541 2691 574 2721 in
597 2691 755 2721 dominium
780 2690 898 2720 redacta
922 2699 979 2721 non
987 2689 1072 2730 fiant.

198 2702 373 2776 'ii-Explicitae
399 2731 420 2764 l.
457 2741 483 2763 1.
508 2730 536 2772 §.
573 2740 599 2762 1.
622 2729 658 2763 ff.
690 2730 730 2762 dc
758 2730 837 2770 Acq.
859 2738 917 2761 rer.
942 2730 1023 2761 dom.
1050 2730 1070 2760 l.

215 2785 265 2817 14.
290 2775 359 2817 §.L
384 2773 454 2804 eod.
480 2772 543 2812 l.5.
568 2771 595 2813 §.
611 2781 637 2804 1.
664 2772 694 2803 &
715 2771 737 2804 l.
760 2774 791 2802 6.
813 2780 860 2810 pr.
883 2770 919 2802 ff.
941 2771 980 2801 de
1000 2770 1070 2802 Rer.

213 2817 309 2849 divis.
353 2815 448 2847 Vetus
465 2815 611 2855 occupatio
643 2813 712 2854 qaid
726 2809 916 2854 prestiterim
937 2812 1005 2852 qaid
1024 2821 1072 2842 no-

211 2868 253 2890 va
277 2854 422 2899 praestet?
449 2855 541 2886 Ultra
568 2855 761 2886 detentionem
785 2853 956 2892 corporalem
984 2853 1072 2882 domi-

211 2902 294 2931 nium
316 2907 373 2929 non
400 2897 518 2928 extendi
538 2894 594 2934 nisi
614 2904 650 2927 ex
674 2895 871 2926 conventione.
918 2893 997 2924 Eam
1020 2903 1033 2923 e
1056 2901 1071 2923 e

216 2941 336 2971 Civium
359 2940 392 2970 in
407 2946 515 2980 qztaqzle
536 2937 675 2968 Civitate.
720 2934 862 2968 Dominio
881 2935 958 2965 citra
971 2939 1006 2974 po
1030 2943 1069 2964 es-

207 2980 317 3018 fionem
335 2989 392 3011 non
407 2980 503 3010 videri
522 2984 590 3009 rata
605 2977 662 3017 mfi
678 2986 714 3009 ex
722 2977 784 3018 Jblo
802 2976 878 3017 Jure
898 2975 1000 3006 Civili.
1025 2973 1068 3006 D.

215 3019 400 3064 Aagaffinns
421 3021 453 3050 in
481 3019 555 3050 hanc
571 3019 751 3060 sententiam
787 3017 904 3057 offertus
933 3015 977 3048 Ca
1002 3040 1008 3047 .
1044 3014 1068 3047 Ι.

215 3062 308 3134 gfff.
331 3060 458 3095 XXIII.
503 3060 623 3104 Quaest.
645 3059 714 3092 VII.
736 3058 772 3094 ὃ)
786 3058 861 3098 Cap.
884 3057 906 3089 l.
923 3056 965 3089 Di
997 3056 1067 3088 inst.

214 3145 393 3183 reperiatur,
419 3143 571 3184 occupanti
594 3143 701 3174 cedere.

214 3185 288 3215 tiam
317 3193 350 3214 ea
378 3183 623 3255 Jarigmcdentia
650 3185 696 3214 uti
714 3184 747 3214 in
775 3183 792 3213 l.
818 3190 848 3220 5.

212 3232 241 3264 7.
266 3233 311 3265 pr.
335 3223 370 3256 ff.
394 3223 432 3255 de

350 3101 384 3133 Si
402 3112 448 3133 res
468 3111 532 3133 mea
541 3100 605 3140 fine
630 3111 674 3133 me
694 3106 778 3132 extra
805 3100 963 3130 Civitatem
980 3106 1071 3128 meam

746 3140 886 3173 Auctor-er
909 3136 1015 3179 nostros
1045 3147 1071 3167 e-

479 3232 541 3265 πρε.
566 3224 597 3257 &
614 3223 750 3266 postliin.
775 3179 1072 3256 reverii'zeinffizid

1112 2441 1224 2473 ratione
1239 2440 1296 2471 haec
1303 2437 1453 2481 fitbsistere
1466 2462 1476 2478 ,
1500 2448 1586 2481 qaam
1606 2441 1677 2482 qaod
1701 2442 1855 2472 communis
1873 2439 1973 2483 noflroe

1116 2483 1256 2513 Civitatis
1270 2480 1384 2522 sponfio
1412 2481 1555 2512 Gentibus
1575 2482 1682 2512 exteris
1708 2490 1764 2512 non
1789 2482 1971 2524 proejudicet.

1115 2522 1250 2563 Secasse
1274 2532 1333 2553 rem
1358 2522 1479 2561 hahere,
1498 2520 1528 2560 si
1552 2522 1686 2552 amicitia
1710 2523 1789 2552 inter
1808 2523 1918 2555 Gentes
1931 2523 1974 2563 stt

1113 2563 1280 2602 contracta,
1306 2562 1342 2598 &³
1360 2572 1445 2604 qaam
1471 2564 1502 2593 ob
1523 2571 1594 2593 rem.
1642 2561 1729 2592 Turci
1748 2563 1800 2604 qui
1816 2573 1846 2595 eo
1869 2573 1974 2607 quoque

1117 2605 1194 2646 Jare
1210 2606 1355 2636 nitantur.
1380 2603 1550 2634 Enarratur
1560 2603 1775 2645 privilegium,
1798 2607 1870 2646 quod
1887 2606 1969 2637 Acb-

1115 2651 1173 2678 met
1192 2655 1268 2677 anno
1289 2652 1436 2676 Mmcxn.
1461 2642 1561 2684 Belgis
1578 2644 1667 2675 dedit.
1715 2644 1752 2677 In
1768 2645 1854 2687 causa
1873 2647 1973 2679 libero-

1115 2697 1179 2718 rum
1207 2687 1351 2718 hominum
1372 2685 1470 2716 evideri
1493 2689 1590 2715 tamen
1616 2695 1679 2716 eum
1697 2692 1838 2726 peccare,
1860 2688 1893 2719 de
1912 2686 1973 2730 ρπβ

1116 2729 1195 2759 circa
1213 2728 1244 2758 id
1267 2726 1421 2766 Pomponio
1438 2726 1470 2755 in
1495 2724 1524 2755 d.
1552 2725 1571 2756 l.
1594 2734 1624 2765 5.
1650 2725 1677 2767 ἓ.
1706 2737 1733 2758 2.
1759 2726 1794 2759 ff.
1818 2728 1857 2759 de
1909 2737 1970 2771 apt.

1117 2769 1147 2800 δε
1164 2767 1257 2809 posti.
1280 2765 1392 2798 revers.
1419 2767 1489 2807 quin
1508 2765 1545 2800 ἐξ
1564 2765 1718 2799 Tureorum
1734 2768 1906 2809 Imperatore
1926 2768 1972 2812 se»

1117 2810 1245 2840 cundum
1256 2808 1408 2849 principia
1424 2807 1576 2849 religionis
1585 2807 1657 2849 Jiroe.
1691 2808 1804 2857 Qsbffl
1813 2810 1973 2850 foederibus

1113 2849 1247 2890 recefficm
1266 2849 1402 2879 videatur
1416 2857 1434 2878 a
1450 2851 1643 2880 communione
1659 2860 1754 2881 reram
1773 2860 1830 2882 non
1843 2850 1970 2894 paffeffa-

1112 2900 1185 2922 rum.
1233 2886 1389 2929 Illustrata
1406 2888 1491 2920 Galli
1504 2889 1657 2929 sententia
1673 2892 1750 2932 apud
1766 2890 1890 2933 festum.
1922 2891 1971 2926 In·

1114 2938 1157 2963 ter
1177 2931 1286 2962 Gentes
1300 2935 1414 2960 tantum
1429 2939 1487 2961 non
1504 2940 1598 2962 armies
1611 2932 1747 2974 ejusmodi
1754 2932 1870 2972 faedera
1883 2935 1970 2965 inter-

1112 2974 1217 3004 cedere.
1264 2969 1348 3002 Hinc
1368 2969 1443 3011 Juri
1472 2971 1614 3003 Gentium
1637 2974 1762 3004 attribui
1781 2975 1971 3007 dominiorum

1112 3011 1325 3053 distinctionem
1342 3013 1374 3042 in
1393 3012 1412 3043 1.
1434 3021 1465 3052 5.
1489 3011 1525 3044 ff.
1547 3012 1587 3044 de
1612 3013 1688 3059 Just.
1713 3014 1742 3046 δε
1761 3014 1824 3054 Jur.
1869 3015 1972 3048 Marci

1117 3052 1208 3086 Tullii
1226 3053 1302 3084 locus
1318 3051 1388 3084 Lib.
1413 3051 1438 3084 l.
1462 3053 1501 3085 de
1518 3053 1611 3086 Offic.
1635 3053 1672 3086 C.
1698 3064 1748 3086 21.
1772 3057 1805 3087 in
1825 3066 1886 3089 rem
1899 3062 1970 3098 prae

1106 3096 1220 3137 sentem
1246 3095 1416 3132 deducitur,
1440 3093 1476 3129 ἐξ
1501 3096 1586 3126 varie
1611 3105 1676 3126 cum
1701 3098 1890 3136 emendatur,
1912 3104 1971 3131 tum

1114 3136 1288 3177 explicatur.
1336 3135 1568 3167 Communionem
1601 3137 1753 3178 antiquam
1770 3137 1863 3179 fuiffe
1889 3148 1971 3180 quam

1109 3183 1262 3218 perperam
1276 3182 1407 3218 negetur.
1454 3175 1502 3208 De
1509 3175 1618 3218 seceffu
1643 3178 1679 3208 ab
1705 3177 1759 3209 illa
1777 3173 1968 3212 comitiunione

1118 3219 1251 3252 Gratiam
1271 3219 1418 3260 rzoinatis
1442 3218 1518 3251 recle
1545 3219 1697 3260 disputaffi
1714 3219 1819 3252 videri.
1867 3220 1968 3263 Origi—

1906 3270 1969 3294 nem
