2008 3436
226 101 666 146 OBSERVATIONUM
717 97 851 148 JURIS
901 96 1112 134 ROMANI

34 191 134 229 vilem,
163 189 264 222 veteri
291 186 441 220 memoria
465 183 583 226 uspiam
608 180 708 214 exstet
727 201 739 218 ‚
770 178 895 211 finalem

35 231 203 264 clausulam
224 231 252 262 b.
277 230 298 262 l.
322 240 374 272 32.
397 237 438 260 ex
460 228 489 259 d.
510 227 593 267 Ι.13.
616 223 645 266 §.
667 232 693 255 1.
716 219 778 253 ess'c
796 228 895 251 trans-

34 274 129 306 latam
155 282 215 304 una
239 270 306 304 fere
343 270 484 302 omnium
508 267 717 312 Interpretum
744 270 816 308 yox
839 262 895 292 est.

34 313 230 359 Quibusdam
247 311 459 345 testimonium
471 310 672 341 denunciavit
690 301 897 336 Willenbach

32 355 66 388 ,in
95 354 237 387 Emblem.
273 354 389 386 Tribort.
429 351 496 383 aliis
518 350 611 380 etiam
638 347 684 378 W
688 345 751 391 ybp
786 352 899 375 contra

36 395 136 428 Embl.
161 395 276 428 Tribon.
300 395 330 426 in
352 395 379 426 b.
401 394 421 424 l.
444 402 498 435 3²·
542 390 650 422 Plures
672 389 789 429 polleni
809 385 898 416 adde-

34 447 86 477 re,
117 446 225 478 magna
251 444 376 478 quoque
392 434 535 471 nomina,
561 431 581 463 ii
598 438 730 474 numero
746 429 775 473 dt
793 427 897 458 aucto-

34 479 129 511 ritate
156 478 363 519 interpretum
389 475 513 516 pomis,
544 481 635 514 quani
654 469 828 515 rationibus
851 477 900 499 res

36 519 113 552 esset
136 518 334 560 transigenda.
380 516 440 549 Sed
467 515 541 557 quid
565 512 696 558 cunctor
717 511 840 549 dicere,
866 519 899 540 0-

35 560 158 594 mnibus
175 559 238 592 illis
250 583 260 599 ,
285 567 320 590 ut
336 558 416 600 saepe
432 556 578 595 alias‚ita
597 556 626 585 dt
643 554 693 585 liic
709 552 811 598 facem
822 560 899 596 praej-

35 599 140 635 tulisse
163 599 362 639 Accurfium,
393 608 466 631 cum
490 599 534 630 ait
551 621 560 637 ,
586 594 823 635 Compolitores
849 592 901 623 hic

36 641 201 715 respexliffe
219 642 257 674 ad
278 643 305 673 d.
330 642 351 673 1.
377 651 422 683 13.
449 639 477 682 §.
503 650 528 672 1.
558 639 588 671 δι
604 636 675 668 inde
694 634 754 666 effe
772 635 902 667 inicam..

35 685 68 718 in
89 684 118 716 b.
154 709 161 716 .
206 694 235 715 2.
874 715 880 721 ⁶

79 694 261 758 Charoiidas
282 726 313 758 in
336 724 409 758 Not.
432 733 496 755 non
516 720 687 766 adsentitur
703 719 759 757 iis,
774 726 841 758 qua:
851 716 902 748 luc

37 767 142 800 finalia
168 766 370 799 Triboniano
396 764 578 798 adscribunt
594 785 603 802 ,
639 761 689 793 led
706 760 820 805 absque
841 757 903 805 ull-a

37 817 148 840 eorum
173 807 389 849 explicatione
404 831 413 847 ,
443 805 526 847 quod
553 803 723 848 nobis-non
742 801 848 845 licet..
870 800 902 830 bl

63 859 100 881 ua
117 849 169 882 lex
189 848 344 886 exstaret,
375 858 443 889 quae
469 847 536 888 jure
552 854 651 876 veteri
672 842 781 888 litibus
797 840 903 872 finien-

39 860 88 924 Zis
104 890 271 923 terminum
303 889 450 931 posuisset
464 911 475 926 ,
507 884 765 930 quamvis'alium
777 903 788 920 ,
811 889 902 922 quam

40 933 109 974 jure
129 941 236 971 novo,
266 941 300 963 ut
325 929 370 962 cst
389 931 419 962 in
435 927 524 960 causa
541 926 757 970 usucapionis,
782 922 819 969 ab
838 931 900 952 em-

42 973 178 1006 blemate
200 973 303 1005 nullus
329 971 405 1002 ess'et
432 978 558 1006 metus,
593 975 628 998 ut
655 968 743 1006 lupra
760 963 900 994 dicebam

45 1015 80 1047 C.
103 1013 196 1047 XIX.
220 1015 252 1045 in
269 1012 326 1053 fin.
347 1011 398 1043 sed
414 1009 565 1050 ejusmodi
584 1009 683 1049 legem
697 1004 810 1037 frustra
820 1013 901 1045 quae-

43 1065 90 1088 ro.
134 1054 227 1087 Putat
254 1061 355 1085 tamen
382 1051 411 1084 se
428 1060 460 1083 re
471 1049 573 1081 ici-isse
592 1047 762 1080 Raevardus
786 1045 826 1077 L.
845 1043 900 1076 lv.

42 1097 162 1131 Van-ior.
198 1097 230 1127 C.
255 1104 301 1134 ¹4·
322 1102 353 1124 at
374 1102 451 1124 vero
463 1061 560 1132 ionge
584 1089 668 1122 aliud
686 1088 738 1120 sibi
759 1086 843 1133 velle
858 1086 903 1132 lo-

42 1144 113 1169 cum
128 1135 247 1169 Sidonii
266 1135 475 1178 Apollinaris,
500 1142 563 1174 quo
581 1131 738 1169 abutitur,
757 1127 904 1175 CuJacius

39 1178 116 1212 Not.
135 1183 184 1218 pr.
209 1177 246 1209 ad
265 1184 311 1219 pr.
334 1174 406 1217 Inst.
432 1178 465 1207 (le
487 1175 605 1214 Perper.
629 1171 665 1207 ὅ)
687 1176 774 1211 temp.
795 1169 902 1215 agilon.

41 1220 72 1252 &
95 1218 135 1251 L.
158 1218 217 1252 IX.
253 1218 376 1260 Observ.
410 1218 443 1249 C.
475 1226 523 1256 24.
556 1216 586 1247 ὅ(
601 1211 671 1255 post
688 1221 760 1244 eum
778 1211 830 1243 alii
854 1218 901 1242 to-

41 1261 124 1293 tiens
148 1261 328 1301 totiensque
352 1260 518 1296 dixerunt,
544 1264 579 1288 ut
598 1255 729 1286 verbum
752 1261 815 1285 non
838 1261 900 1300 ³5¹¹?

39 1302 124 1344 plius
145 1301 264 1334 addam.
316 1300 488 1334 Brissonius
512 1298 551 1330 de
583 1297 626 1329 V.
649 1297 679 1327 S.
703 1295 783 1342 perlq.
804 1294 902 1337 legztz—

40 1353 119 1376 mum
140 1349 247 1384 tempus
257 1342 428 1384 ‚intelligit
447 1341 497 1373 bic
514 1347 636 1380 tempus
653 1337 690 1369 ad
705 1337 904 1384 iudicandum

42 1383 128 1426 Lege
153 1384 233 1425 Julia
256 1384 414 1425 judiciaria
439 1380 666 1424 praestitutum,
695 1382 758 1418 iic,
783 1384 905 1419 inquit,

40 1428 122 1457 credo
132 1448 144 1464 ,
168 1424 218 1457 sed
236 1435 295 1467 ego
309 1435 373 1457 non
391 1424 504 1463 credO,
528 1422 584 1454 nisi
603 1419 710 1453 testem
722 1427 904 1467 ,vqueuiiion

39 1466 156 1506 habet,
179 1466 296 1499 adferat
313 1466 469 1498 idoneum.
492 1463 639 1506 Cujacius
661 1460 817 1507 [Asyli.
846 1459 904 1491 Ob-

33 1509 117 1551 serv.
145 1509 178 1541 C.
203 1517 250 1551 13.
275 1508 400 1540 videtur
416 1508 570 1546 indicare,
600 1505 695 1536 etiam
715 1503 793 1535 olim
810 1500 905 1533 caufis

42 1550 192 1582 civilibus
205 1549 377 1590 judicandis
394 1548 583 1590 praefinitum
594 1545 687 1578 fuiss'e
697 1552 816 1576 certum
828 1551 903 1575 tem-

41 1601 120 1634 pus,
144 1591 270 1623 adducta
288 1591 318 1623 in
337 1591 416 1622 hanc
432 1599 496 1622 rem
519 1590 538 1621 l.
566 1594 612 1624 18.
639 1588 668 1629 ᾗ.
678 1597 708 1628 4.
723 1586 765 1628 ff.
782 1586 815 1617 de
833 1584 903 1617 Dol.

37 1633 115 1665 nial.
158 1632 217 1666 Sed
242 1632 356 1664 Paulus
381 1632 523 1673 loquitur
547 1631 586 1662 de
603 1630 678 1668 lite,
701 1638 770 1670 quae
787 1634 904 1668 tempo-

39 1673 129 1707 ribus
152 1673 298 1716 legitimis
324 1673 482 1705 transactis
504 1673 604 1715 perit,
640 1671 773 1712 impleto
795 1677 905 1715 nempe

39 1713 240 1758 usucapionis
268 1724 409 1756 tempore
425 1738 434 1754 ,
466 1724 535 1746 nam
564 1713 605 1746 fic
621 1712 794 1746 Marcellus
810 1717 903 1757 inter-

37 1764 183 1799 pretatur
201 1762 326 1798 tempus,
349 1767 400 1798 quo
424 1757 461 1787 lis
479 1757 559 1797 perit
583 1756 614 1787 i'n
638 1754 656 1785 l.
681 1764 709 1785 2.
729 1753 769 1794 ff.
792 1753 826 1783 de
848 1751 905 1783 Dt-

33 1798 116 1840 vers.
147 1803 265 1839 tempor.
291 1800 451 1840 proavi-ipa
495 1797 611 1839 Wybo
639 1794 761 1834 noster,
785 1793 806 1826 fi
822 1793 904 1840 recte

40 1838 206 1881 intelligo,
239 1839 403 1882 legitimum
426 1845 535 1880 tempus
566 1840 597 1871 in
617 1838 645 1869 h.
668 1837 689 1869 l.
714 1846 766 1879 32.
788 1843 904 1882 accipit

41 1879 82 1912 de
107 1888 248 1928 tempore
265 1905 275 1921 ,
311 1881 395 1923 quod
421 1879 624 1922 Magistratus
645 1901 655 1917 ‚
683 1879 716 1911 in
731 1877 905 1909 addictione

41 1921 155 1963 prioris
169 1922 495 1963 judicis,p1-ael'tituit‚
509 1930 544 1954 ut
561 1919 664 1963 potest
685 1921 745 1953 l.2.
769 1918 798 1960 ᾗ,
817 1929 845 1951 2.
863 1918 904 1960 ff.

37 1963 78 1994 de
100 1961 204 2004 Juaic.
225 1966 370 2005 quodque
379 1963 561 1996 servandum
580 1961 641 2002 est,
654 1963 709 1995 nisi
727 1970 830 2002 partes
839 1969 905 1992 rnu-

36 2009 103 2035 -tuo
119 2003 268 2038 consensu
286 2015 407 2047 tempus
424 2004 623 2047 prorogarint
633 2027 644 2043 ,
664 2013 699 2036 ut
716 2003 760 2035 ibi
774 2002 905 2034 additur.

43 2043 107 2077 sed
131 2052 252 2087 tempus
270 2070 280 2087 ‚
314 2046 456 2088 longius,
493 2047 639 2084 brevius,
660 2046 741 2077 intra
758 2043 842 2086 quod
860 2043 906 2090 ju-

44 2084 108 2117 dex
122 2085 256 2126 judicare
270 2087 365 2128 juffus
379 2087 425 2120 est
436 2111 446 2127 ‚
470 2089 584 2130 pendet
603 2097 643 2119 ex
657 2087 788 2118 arbitrio
803 2086 906 2126 Magi-

45 2124 161 2159 stratus
186 2127 307 2168 dantis,
340 2129 370 2161 ὃ(
389 2129 419 2160 id
443 2130 607 2172 legitimum
628 2128 775 2170 appellari
797 2135 905 2168 putem

45 2167 111 2202 fine
125 2177 213 2200 exem
239 2169 270 2200 lo
287 2169 357 2201 effe.
380 2169 474 2242 ¹guin
492 2179 613 2203 tantum
628 2169 711 2202 abest
722 2178 778 2209 ‚ut
789 2169 819 2200 id
829 2176 905 2200 tem-

45 2218 106 2251 pus
123 2217 182 2241 exc
224 2209 231 2240 i
253 2219 316 2241 non
337 2220 378 2251 po
404 2220 448 2250 it,
471 2220 525 2252 ut,
555 2211 705 2244 defuncto
725 2211 850 2252 priore,
874 2210 905 2242 in

44 2249 222 2282 addictione
248 2249 428 2292 posterioris
453 2251 584 2293 judicis,
616 2253 646 2284 id
670 2260 793 2294 tempus
809 2261 846 2282 ex
862 2252 907 2282 in-

45 2297 127 2334 tegro
148 2293 319 2332 repetitum
335 2292 547 2334 intelligatur,
581 2294 722 2335 quamvis
742 2291 906 2333 Magistra-

45 2339 98 2364 tus
108 2331 150 2406 [idl
159 2333 348 2379 nominatim
365 2343 430 2366 non
449 2335 631 2376 express'erit
642 2358 652 2374 ,
684 2343 720 2367 ut
733 2341 805 2366 ante
821 2333 905 2366 dixe-

43 2380 94 2407 rat
175 2383 272 2407 ianus.

85 2383 186 2461 {gitiu-
198 2416 283 2447 aliud
300 2417 481 2449 tentandum
500 2417 553 2450 est.
598 2418 642 2450 Et
654 2416 741 2457 sane,
761 2415 905 2457 fijudeX,

43 2464 98 2504 qui
113 2455 151 2488 ad
166 2464 289 2488 certum
304 2466 444 2500 teinpus,
469 2461 520 2491 vel
533 2460 614 2491 intra
631 2467 752 2491 certum
769 2458 907 2498 judicare

42 2495 140 2539 jussus
167 2496 232 2537 est,
261 2506 296 2530 ut
321 2498 402 2540 saepe
417 2501 550 2540 accidit,
576 2501 606 2533 ὅ(
621 2500 674 2532 sibi
691 2509 815 2541 quoque
828 2499 907 2531 acci-

43 2537 121 2585 dissJe
135 2547 237 2571 narrat
255 2538 380 2572 Gellius
401 2541 444 2573 L.
464 2541 540 2574 XII.
565 2541 653 2574 Noa.
677 2542 774 2574 Attic.
801 2541 833 2572 C.
858 2550 904 2582 13.

43 2578 80 2618 fi,
98 2589 129 2611 in
153 2589 221 2612 uam
233 2604 243 2620 ‚
269 2581 294 2613 is
309 2581 404 2622 judex
419 2583 600 2623 decefferit,
625 2583 656 2615 &
672 2583 752 2615 alius
766 2583 794 2614 ei
809 2582 907 2613 fuerit

45 2618 109 2653 suff
156 2631 208 2660 us,
228 2622 357 2655 rationis
372 2623 435 2663 est,
456 2633 606 2665 quantum
629 2625 780 2666 temporis
803 2624 907 2665 primo

42 2661 150 2694 datum
165 2661 287 2703 fuerat,
312 2666 493 2697 tantundem
513 2665 649 2698 secundo
668 2666 774 2698 datum
792 2665 908 2697 intelli-

42 2703 95 2745 gi3
115 2703 196 2745 finge
222 2705 327 2746 prinzo
349 2706 439 2738 datos
454 2706 547 2740 fuiss'e
564 2706 618 2739 111.
643 2706 783 2747 menses,
808 2715 907 2746 usque

42 2743 254 2790 nid-Calendas
283 2745 369 2778 forte
399 2747 559 2789 Augusti,
594 2749 624 2781 ὅ(
650 2748 732 2780 hunc
753 2747 907 2788 deceffiss'e

44 2785 137 2831 prid..
148 2785 215 2817 Cal.
239 2786 319 2828 Aug.
338 2788 500 2834 ‘aliumque
517 2790 583 2830 eJ'us
604 2790 680 2822 loco
696 2789 788 2822 fuiffe
805 2789 905 2822 subdi-

46 2833 114 2872 tum
129 2826 199 2866 ipfis
217 2826 362 2860 Calendis
386 2830 536 2872 Augusti,
559 2832 586 2863 is
603 2830 762 2871 subditus,
787 2830 906 2863 etiamsi

42 2866 124 2912 1²¹h3¹
143 2867 316 2908 expreffum
326 2869 363 2901 fit
377 2892 390 2908 ,
407 2872 513 2904 eadem
529 2873 713 2904 conditione
726 2873 817 2904 datus
833 2880 904 2903 cen-

43 2905 182 2946 sebltffl',
206 2908 268 2940 hoc
282 2909 347 2948 est,
369 2911 406 2942 ad
419 2912 501 2944 idem
519 2912 673 2945 trimestre
689 2921 751 2946 tem
776 2924 822 2946 us.
846 2913 906 2945 Sed

45 2947 211 2989 ansemper
229 2951 259 2981 ἀ
277 2951 391 2991 ubique
406 2962 516 2985 verum
532 2953 589 2993 est,
605 2955 637 2986 in
651 2954 741 2986 secun
765 2965 785 2985 o
801 2954 906 2995 judice

43 2989 151 3021 eadem
177 2997 318 3031 tempora
342 2993 475 3032 repetita
497 2995 664 3037 intelligi?
684 3004 777 3038 negat
802 2996 906 3037 Ulpia-

43 3040 125 3069 nuS,
147 3030 178 3063 &
192 3032 359 3072 prudenter
377 3033 460 3065 addit
476 3045 484 3066 :
514 3038 558 3067 ita
577 3042 673 3068 tamen
693 3043 726 3068 ut
741 3037 906 3080 legitimum

42 3077 153 3113 'empus
181 3081 238 3103 non
265 3075 397 3106 excedat.
441 3074 538 3122 Quod
565 3077 628 3118 ipse
655 3078 846 3119 interpretor
867 3077 906 3108 de

43 3119 206 3159 tempore,
229 3115 313 3161 quod
328 3124 368 3146 ex
389 3115 457 3157 lege
474 3117 683 3157 praestitutum
702 3120 746 3151 est
767 3118 906 3152 finiendo

42 3153 244 3197 Magistratui
274 3156 342 3198 eius
356 3179 370 3198 ‚
400 3156 455 3200 qui
471 3159 610 3199 judicem
633 3159 773 3194 dederat.
814 3159 877 3192 Fac
895 3182 906 3198 ,

1179 98 1265 133 LIB.
1294 99 1379 134 VII.
1431 99 1469 136 C.
1498 96 1630 136 XXIII.
1738 104 1808 144 243

939 186 1002 209 tres
1019 175 1139 208 menses
1155 176 1186 208 in
1207 176 1331 218 specie,
1356 187 1446 218 quani
1469 179 1640 220 proposui,
1666 182 1814 211 citetirre⁴

938 228 971 250 re
996 219 1026 250 in
1057 227 1179 259 tenipus
1206 219 1282 250 novi
1306 218 1531 260 Magistratus,
1556 221 1651 261 judex
1671 220 1815 252 subditus·

938 270 1002 292 non
1022 260 1148 291 habebit
1167 267 1229 291 tres
1247 258 1367 290 menses
1386 261 1497 301 plenos
1509 285 1518 300 ‚
1538 261 1587 292 scd
1606 270 1726 293 tantum
1738 269 1817 292 tem-

940 301 1044 344 poris,
1076 309 1227 342 quantuni
1253 300 1454 341 magistratui
1483 302 1583 334 veteri
1615 301 1752 344 superest
1775 301 1815 332 ad

940 346 1146 375 exercendam
1170 342 1428 382 jurist'iictioiieiii.
1512 352 1602 382 uare,
1636 353 1706 374 cuni
1725 343 1816 384 prior*

940 385 1034 426 judex
1052 392 1116 415 tres
1135 382 1253 415 menses
1273 383 1400 415 haberet
1415 384 1452 415 ad
1469 384 1689 425 judicandum,
1712 383 1814 425 poste-

941 427 1006 458 rior
1021 435 1084 457 non
1104 425 1247 464 habebit,
1274 424 1294 456 si
1316 434 1378 457 tres
1395 425 1532 465 irenses,
1558 436 1597 457 ex
1616 427 1740 468 integro
1758 435 1813 457 nu-

944 467 1080 499 merandi
1098 490 1108 505 ,
1142 465 1229 497 forte
1263 467 1452 499 excederent
1477 467 1630 500 Calendas
1660 467 1818 508 januarias

943 509 1084 547 futuras,
1113 515 1207 549 atque
1233 508 1275 540 ita
1300 509 1474 540 inciderent
1498 510 1528 541 in
1550 518 1692 550 tempora
1709 507 1815 549 Magi-

946 550 1055 583 stratus
1074 549 1172 588 novi,
1197 550 1250 590 qui
1268 559 1339 581 eum
1355 560 1418 582 non
1435 550 1572 583 dederat.
1606 550 1639 582 ld
1658 560 1735 582 vero
1751 559 1818 581 non

944 592 1039 628 licet,
1063 599 1133 622 nam
1153 591 1182 622 ἃ
1201 590 1354 631 Ulpianus
1372 591 1476 624 noster
1492 599 1646 624 memorat
1665 593 1696 624 in
1719 592 1739 623 l.
1767 600 1815 631 15.

940 640 987 675 pr.
1007 632 1048 673 ff.
1072 633 1105 662 de
1130 631 1176 663 Re
1194 633 1290 674 judie.
1314 642 1331 664 a
1348 632 1437 665 Divo
1455 633 1512 666 Pio
1530 633 1714 674 rescriptum¹
1735 632 1816 671 ess‘e,

943 674 1082 715 judicum
1109 682 1126 704 a
1154 672 1345 705 sedatorum
1373 674 1557 707 sententiam
1575 676 1703 716 exsequi
1724 683 1819 716 opor-

946 724 1011 748 tere
1031 715 1106 753 lios,
1130 715 1182 755 qui
1198 725 1254 746 eus
1273 715 1435 748 dederunt.
1482 717 1524 749 Et
1540 717 1666 758 prestitis
1684 717 1748 759 ipse
1765 716 1823 747 ille

947 757 977 789 in
1002 757 1023 788 l.
1051 766 1099 798 13.
1130 757 1159 796 ᾗ.
1183 765 1209 788 1.
1237 756 1278 797 ff.
1303 763 1337 788 ae
1362 757 1521 798 Jtrri'scli‘cl.
1546 758 1747 801 Ilffagtflrattis
1768 757 1817 789 vel

945 801 993 837 is,
1012 799 1060 840 qui
1084 799 1116 829 in
1139 796 1281 838 potestate
1307 799 1407 840 aliqua
1431 799 1491 838 sit,
1510 802 1645 843 ytui'icare
1661 802 1762 843 jubere
1787 809 1817 830 eo

945 841 1011 879 die,
1031 849 1083 881 quo
1100 841 1216 880 privati
1230 839 1333 878 futuri
1354 840 1460 881 essent,
1484 852 1540 873 tion
1559 843 1680 884 pqffimt.
1730 841 1819 873 Utile

945 881 1009 919 est,
1032 881 1069 912 ad
1088 881 1156 911 haec
1172 879 1371 921 illustranda,
1394 890 1544 914 excutere
1563 883 1820 925 i'pcci‘eni‚quzim

945 933 985 954 ex
1003 920 1125 953 Gi-aecis
1142 920 1179 952 ad
1215 922 1243 953 d.
1278 922 1298 953 l.
1325 932 1370 965 13.
1396 925 1505 955 attulit
1524 925 1673 965 Cujacius
1690 926 1726 957 ad
1757 925 1819 957 Rc.

949 965 979 995 C.
1012 964 1045 994 cle
1077 961 1228 994 inditiion.
1263 965 1388 995 namin
1421 965 1558 998 Scholiis
1592 967 1819 1007 Bafilicoruin,

944 1015 1013 1077 quae
1034 1004 1191 1036 Fabrotus
1218 1005 1338 1050 edidit,
1367 1005 1481 1037 frustra
1497 1017 1562 1038 eain
1580 1017 1698 1049 quaero.
1746 1007 1821 1040 Nec

967 1045 1150 1077 ubitandum
1168 1069 1178 1084 ,
1210 1055 1286 1086 quin
1310 1055 1383 1077 cuin
1402 1047 1542 1079 praetore
1562 1057 1684 1081 mutato
1704 1050 1820 1082 mutati

945 1096 1071 1128 quoque
1087 1085 1207 1118 fuerint
1220 1087 1352 1127 judices.
1399 1088 1556 1121 Asconius
1573 1092 1606 1121 i'n
1625 1091 1759 1124 Ver-rent.
1784 1094 1820 1124 cie

946 1129 1036 1160 Praet.
1065 1127 1138 1159 Urb.
1157 1137 1189 1169 p.
1211 1138 1249 1159 rit.
1272 1138 1322 1169 74.
1349 1129 1387 1161 de
1403 1129 1514 1162 astutia
1532 1131 1698 1164 Ciceronis
1716 1133 1820 1166 itain-

945 1170 998 1203 fit:
1032 1169 1163 1201 Dicendi
1180 1169 1364 1210 facultatem
1393 1172 1507 1203 nullam
1532 1175 1558 1204 ei
1589 1172 1820 1216 (Hortensio)

945 1213 1046 1249 dedit,
1067 1210 1144 1242 nihil
1159 1212 1216 1253 ipje
1240 1213 1379 1245 ctz'cendo:
1403 1215 1511 1245 etenim
1532 1217 1695 1255 metuebat,
1719 1226 1774 1254 rie,
1790 1216 1821 1257 fi

947 1254 1038 1284 locam
1070 1254 1188 1284 dicendi
1214 1253 1369 1294 z'nvemffit
1396 1254 1571 1295 Hortensius
1595 1279 1604 1294 ‚
1642 1258 1827 1290 brevitatem.

948 1295 1083 1335 temporis
1101 1294 1190 1337 longa
1211 1295 1353 1326 Oratione
1375 1302 1570 1338 construeret,
1595 1304 1628 1329 ut
1641 1301 1774 1340 secunda
1787 1311 1821 1332 a-

948 1336 1002 1367 &io
1020 1337 1057 1367 ad
1085 1336 1156 1367 alios
1173 1337 1308 1379 judices,
1337 1340 1386 1379 qui
1404 1342 1546 1380 corruiizpi
1561 1339 1691 1381 posteat,
1712 1342 1820 1373 allum*

947 1388 999 1420 que
1031 1378 1186 1409 Praetorem
1206 1376 1270 1419 post
1295 1379 1357 1411 Cal.
1391 1379 1468 1421 Jan.
1484 1384 1665 1422 perveniret.
1713 1383 1820 1426 Atque

946 1421 992 1451 ita
1011 1418 1042 1450 se
1060 1429 1108 1451 res
1129 1419 1272 1465 habet-in
1292 1419 1413 1460 judice,
1439 1422 1476 1453 ad
1495 1430 1618 1465 tenipus
1633 1424 1729 1464 dato,
1747 1435 1821 1458 nam

947 1460 969 1493 s1
986 1470 1064 1502 pure
1080 1462 1110 1492 ἃ
1131 1460 1314 1502 simpliciter
1342 1461 1440 1495 fuerit
1471 1464 1582 1503 datus,
1615 1465 1775 1498 obtinebit
1798 1467 1822 1499 l.

947 1513 998 1543 49.
1037 1502 1066 1543 §.
1093 1511 1121 1534 1.
1146 1502 1188 1544 ff.
1218 1504 1252 1533 cie
1280 1503 1385 1544 Judtc.
1411 1512 1446 1536 ut
1466 1506 1496 1537 ἃ
1519 1505 1667 1547 Cujacius
1683 1508 1821 1540 animad-

948 1545 1049 1627 ἔοι-ξπ
1077 1543 1114 1576 ad
1149 1544 1190 1577 L.
1212 1543 1269 1577 III.
1301 1545 1443 1588 Rffltiows.
1474 1546 1563 1579 Paul.
1594 1548 1626 1580 i'n
1656 1550 1685 1581 d.
1719 1549 1739 1581 l.
1765 1559 1819 1590 49.

991 1627 1109 1670 Igitur,
1144 1628 1166 1661 fi
1190 1638 1240 1661 me
1261 1631 1386 1671 audias,
1412 1632 1577 1674 legitimum
1601 1638 1710 1674 tempus
1733 1633 1766 1666 in
1788 1633 1820 1667 h.

947 1672 969 1702 l.
990 1680 1041 1713 32.
1072 1680 1136 1702 non
1160 1670 1206 1717 est
1232 1679 1356 1713 tenipus
1381 1673 1507 1713 judiciis
1522 1696 1533 1712 ,
1566 1683 1606 1706 ex
1625 1675 1693 1715 jure
1713 1684 1823 1714 novo,

948 1712 999 1744 sed
1024 1711 1263 1754 Magistratibus
1286 1714 1449 1754 finiendis,
1481 1724 1522 1746 ex
1536 1715 1605 1756 jure
1620 1717 1722 1748 veteri
1741 1726 1821 1758 prae-

946 1753 1101 1786 stitutum.
1148 1754 1192 1786 Et
1210 1763 1273 1795 quo
1294 1755 1392 1797 magis
1410 1756 1441 1787 id
1457 1757 1621 1789 credamus
1628 1782 1638 1798 ,
1661 1757 1822 1791 sciendum

947 1795 1010 1835 est,
1054 1795 1147 1837 longe
1180 1795 1265 1827 aliud
1295 1797 1372 1837 juris
1399 1797 1461 1829 esse
1485 1798 1518 1831 in
1546 1799 1651 1840 judice
1682 1799 1825 1843 surrogas—

948 1846 984 1869 to
1001 1837 1033 1869 in
1058 1837 1078 1868 l.
1106 1845 1154 1879 13.
1183 1836 1211 1879 ἕ.
1235 1842 1264 1872 8.
1301 1839 1333 1870 C.
1360 1840 1394 1869 cle
1427 1839 1533 1880 Judic.
1558 1851 1653 1882 quam
1670 1840 1766 1874 estin
1788 1843 1818 1875 h.

948 1880 967 1911 l.
993 1889 1045 1921 32.
1090 1878 1177 1910 Ecce
1201 1879 1298 1910 verba
1321 1879 1483 1919 Justiniani
1508 1882 1540 1914 in
1563 1884 1591 1915 d.
1614 1883 1634 1915 l.
1664 1893 1710 1926 13.
1738 1884 1766 1925 §.
1789 1888 1820 1919 8.

948 1931 1022 1961 vers.
1051 1920 1105 1952 ult.
1137 1921 1192 1952 sm
1217 1927 1313 1951 autem
1332 1922 1364 1952 iiz
1383 1923 1475 1953 medio
1500 1925 1645 1963 triennii,
1664 1925 1713 1956 vel
1730 1930 1824 1957 morte

946 1964 1077 2006 juai'cis,
1097 1961 1145 1993 ‘uel
1163 1962 1224 1993 alt'a
1239 1963 1420 2004 irrecusabili
1435 1963 1577 2003 occasione
1589 1967 1736 2008 judicium
1748 1967 1820 2007 fue-

951 2005 992 2036 rit
1015 2008 1158 2035 mutatum
1174 2026 1186 2042 ,
1216 2009 1285 2034 tanc
1302 2027 1314 2043 ,
1339 2003 1480 2046 stquia'em
1503 2016 1540 2038 ex
1560 2009 1687 2039 triennio
1709 2008 1821 2040 annale

951 2051 1080 2086 tempus,
1110 2045 1158 2076 vel
1184 2046 1310 2086 amplius
1328 2068 1338 2084 ,
1371 2045 1495 2086 reficiet,
1518 2050 1551 2080 in
1567 2059 1619 2091 quo
1639 2050 1715 2081 alius
1724 2051 1821 2092 judex

951 2089 978 2118 ei
994 2097 1007 2117 c
1030 2087 1083 2127 aste
1101 2088 1278 2127 imponitur,
1311 2088 1393 2119 intra
1426 2089 1568 2131 reliquum
1601 2097 1711 2132 tempus
1733 2091 1821 2133 causa

945 2128 1005 2170 fini
1027 2134 1083 2160 tur.
1132 2129 1185 2159 Sin
1199 2134 1296 2159 autem
1315 2131 1431 2169 minus,
1452 2140 1537 2172 quam
1551 2133 1659 2164 annale
1668 2131 1730 2172 fit,
1749 2138 1821 2164 tunc

949 2180 1046 2209 omne,
1081 2173 1153 2211 quod
1178 2168 1274 2210 deest,
1305 2171 1472 2211 repleatur,
1503 2179 1535 2204 ut
1559 2184 1616 2205 non
1637 2176 1670 2205 in
1689 2176 1822 2213 minore,

948 2222 1034 2255 quam
1047 2211 1175 2252 perfecit
1191 2213 1264 2242 armi
1291 2217 1413 2253 tempore
1427 2236 1439 2252 ,
1458 2214 1539 2245 litem
1550 2214 1822 2257 poffitfitbrogatus‘

945 2254 1038 2296 judex
1055 2259 1115 2283 tam
1132 2253 1271 2294 discutere
1285 2263 1372 2295 quain
1394 2257 1562 2288 terminare.
1609 2257 1686 2298 Agit
1704 2256 1757 2288 hic
1778 2257 1819 2288 de

947 2294 1052 2335 judice
1077 2293 1260 2336 simpliciter
1287 2295 1351 2326 five
1370 2305 1448 2337 pure
1461 2297 1556 2336 dato,
1582 2299 1636 2339 qui
1652 2298 1748 2330 etiam
1761 2307 1820 2339 po-

950 2334 1009 2367 test
1023 2335 1161 2376 iudicare
1177 2335 1248 2382 post
1268 2335 1393 2369 finitum
1419 2337 1641 2380 Magistratum
1662 2339 1765 2372 dantis
1788 2341 1821 2371 d.-

949 2377 970 2408 l.
990 2387 1041 2418 49.
1072 2375 1110 2423 §.⁴
1126 2386 1152 2409 1.
1173 2377 1214 2418 ff.
1249 2378 1282 2408 cle
1303 2377 1409 2418 Jitclic.
1428 2379 1465 2410 ad
1483 2388 1606 2412 certum
1623 2389 1746 2423 tempus
1768 2381 1820 2413 da-

949 2425 1021 2457 tus,
1052 2417 1075 2450 fi
1103 2418 1134 2449 id
1159 2418 1293 2449 excedat
1321 2419 1543 2461 Magistratum
1561 2446 1571 2461 ‚
1603 2432 1667 2455 non
1687 2422 1793 2464 potest
1807 2444 1824 2462 ,-

950 2460 1022 2499 quia
1045 2458 1087 2505 fic
1110 2458 1230 2492 Consul
1257 2459 1345 2491 forte
1368 2462 1422 2493 vel
1444 2461 1586 2503 Praetor,
1611 2462 1744 2505 quoru‘m
1769 2474 1821 2496 an-

949 2510 1046 2532 nuum
1073 2502 1239 2542 imperium
1264 2509 1350 2541 erat,
1381 2502 1503 2542 juberet
1520 2504 1659 2545 judicare
1682 2515 1721 2537 eo
1744 2506 1822 2544 die,

950 2551 1013 2583 quo
1029 2541 1146 2583 privati
1163 2541 1265 2574 futuri
1283 2542 1381 2575 essent
1402 2545 1430 2576 d.
1455 2545 1476 2577 l.
1506 2555 1553 2588 13.
1578 2546 1605 2588 §.
1622 2556 1648 2578 1.
1661 2546 1748 2588 ff.de
1760 2546 1819 2587 Ju-

949 2584 1061 2615 risdiet.
1086 2583 1116 2615 ὅ(
1133 2584 1170 2615 ad
1187 2584 1266 2616 hanc
1278 2583 1411 2626 speciem
1421 2587 1689 2630 pertinets2.l.32.
1715 2588 1816 2634 Quin-

950 2626 1016 2657 imo
1030 2624 1051 2657 si
1073 2624 1125 2656 vel
1149 2625 1321 2666 pertineret
1341 2627 1378 2657 ad
1401 2627 1559 2667 judicem,
1579 2628 1763 2670 fiinplicitei·
1786 2628 1821 2660 ὅτ.

949 2676 1014 2698 non
1035 2665 1157 2705 aciJeuo
1180 2674 1323 2708 tempore
1344 2668 1470 2707 datum,
1492 2670 1552 2700 alia
1568 2670 1634 2709 ejus
1650 2669 1725 2701 esset
1741 2669 1817 2702 defi·

948 2708 1051 2746 nitio,
1073 2716 1165 2748 quam
1183 2707 1228 2740 est
1243 2710 1274 2740 in
1295 2710 1324 2740 d.
1345 2709 1366 2741 l.
1395 2719 1440 2751 13.
1471 2709 1499 2751 §.
1522 2715 1551 2745 8.
1595 2710 1654 2742 illa
1675 2710 1819 2750 diceret,

948 2749 971 2782 fi
998 2749 1094 2789 judex
1123 2749 1220 2788 abiit,
1251 2750 1334 2781 unde
1352 2758 1466 2790 negant
1483 2751 1583 2782 redire
1604 2760 1789 2793 quemquam
1805 2774 1820 2790 ,

950 2790 1075 2823 subdito
1093 2790 1179 2829 alio,
1212 2791 1265 2829 qui
1290 2791 1357 2822 acta
1371 2791 1486 2831 prioris
1501 2791 1608 2831 judicii
1634 2790 1772 2833 sequitur
1795 2793 1819 2825 l.

946 2835 999 2864 60.
1017 2831 1057 2873 ff.
1081 2832 1114 2862 de
1146 2831 1255 2872 JudiC.
1283 2831 1389 2862 eadem
1414 2841 1538 2872 quoque
1563 2832 1719 2872 judicandi
1737 2841 1815 2866 tem-

947 2883 1024 2915 pora
1039 2872 1124 2910 dari,
1149 2882 1218 2912 quae
1231 2872 1304 2903 data
1321 2871 1447 2903 fuerant
1466 2872 1634 2913 defuneto,
1646 2874 1690 2906 ita
1700 2882 1820 2915 tamen,

947 2923 987 2946 ne
1010 2912 1165 2945 success'or
1189 2913 1352 2955 legitimum
1375 2919 1484 2953 tempus
1498 2936 1509 2952 ,
1530 2915 1673 2954 triennii,
1697 2924 1732 2949 ut
1756 2927 1814 2948 vo-

947 2956 1040 2993 lunt,
1065 2953 1207 2985 excedat.
1252 2953 1295 2984 At
1318 2962 1396 2983 vero
1416 2956 1444 2984 d.
1467 2954 1488 2985 l.
1516 2964 1562 2997 13.
1590 2955 1618 2997 §.
1643 2961 1675 2991 8.
1697 2967 1762 2990 non
1774 2967 1817 2991 ex

948 2997 1073 3036 integro
1096 2994 1202 3025 eadem
1230 3001 1371 3034 tempora
1394 2994 1523 3036 largitur
1545 2996 1670 3029 subdito
1689 2999 1787 3039 iudici
1804 3024 1818 3040 ‚

949 3035 1000 3068 sed
1027 3034 1178 3076 quicquid
1205 3043 1245 3066 ex
1270 3035 1408 3066 triennio
1424 3037 1495 3076 plus
1513 3046 1597 3070 anno
1613 3038 1770 3080 superest,
1792 3042 1817 3074 fi

948 3076 1052 3108 minus
1073 3073 1224 3117 superfit,
1251 3075 1413 3121 suppletur
1430 3101 1439 3116 ,
1464 3078 1548 3119 quod
1563 3079 1667 3120 deest,
1691 3082 1721 3114 ἀ
1739 3082 1816 3123 legi-

951 3118 1063 3149 timum
1086 3123 1209 3157 tempus
1238 3117 1365 3149 triennii
1389 3120 1567 3152 exceditur.
1615 3121 1697 3164 Quae
1721 3123 1820 3165 longe*

949 3155 1070 3191 diversa
1087 3156 1306 3232 sunQHegiag'n
1323 3167 1405 3200 quoe
1432 3161 1469 3193 ad
1487 3160 1657 3196 clausulam
1671 3164 1822 3238 finalem&
1832 3161 1838 3164 ’
