2008 3436
131 123 200 162 418
386 113 784 153 CORNELII
859 123 966 149 νΑΝ

1040 95 1647 147 BYNKERSHOEK

133 197 230 230 IBEL
260 195 385 229 SAeR1
416 196 513 229 EST.
545 195 635 228 ITA.
667 193 790 227 UTEI.
822 191 994 240 suman
1022 190 1252 239 SCRIPTUM
1284 190 1367 222 EST
1401 190 1449 222 IN
1484 189 1651 222 omnus.
1677 187 1720 221 X.
1748 188 1906 236 Quintis

133 236 298 271 vonnis.
328 237 530 271 TABELAI.
564 235 715 272 DATAI.
748 233 871 268 ERUN
882 234 917 267 r.
953 231 1164 265 rAeiAris.
1186 231 1296 264 Urffl
1317 231 1530 264 DlSMOTA
1554 229 1688 263 siENT
1712 229 1760 276 IN
1782 230 1904 265 ARGo

133 279 320 312 TEURAN
324 280 363 312 O.

263 362 442 397 Nora.
504 372 574 396 AD
639 360 863 394 SCTUM.

178 445 452 488 Interpretationis
478 446 552 478 loco
575 445 637 477 csse
656 444 797 486 poterit,
814 443 856 482 si,
880 449 916 472 ut
932 442 1001 473 lite-

136 496 184 519 ras
206 488 331 520 adhibui
350 489 512 530 vulgares,
534 488 577 519 ita
608 487 638 518 ὅ(
660 485 791 526 fingulas
808 483 976 515 sententias
993 503 1004 519 ,

137 538 258 561 remota
272 531 411 562 diftione
425 530 549 570 antiqua
560 551 570 567 ,
592 536 766 568 proponam
782 524 923 557 sermone
935 522 1004 553 vul-

137 571 219 611 gari,
251 582 268 603 a
295 581 344 603 me
371 581 443 602 cum
469 569 635 601 emendato
649 591 659 606 ,
682 576 750 599 tum
772 563 972 606 inum-puncto
993 585 1004 602 ‚

137 612 241 644 addita
258 612 398 654 cpicrisr,
420 612 473 643 ubi
493 619 573 651 opus
588 609 698 641 fuerit.

256 696 458 728 PRIMA
524 692 668 724 PARS
734 691 888 723 SCTr.

183 779 320 810 Marcius
338 778 429 808 Lucii
447 776 541 808 Filius
553 799 563 814 ,
595 775 718 815 Spurius
733 770 897 812 Postumius
915 770 1006 801 Lucii

142 820 255 858 Filius,
287 819 420 859 Consules
435 840 445 856 ,
478 818 618 848 Senatmn
640 814 840 855 consuluerunt
856 812 938 843 Non.
962 810 1004 841 O-

141 861 210 892 eloh.
236 861 312 901 apud
346 860 454 892 AEdem
491 858 641 893 Bellonae3
666 856 819 898 scribendo
847 853 1006 899 adfuerunt

140 902 266 934 Marcus
294 901 432 932 Claudius
460 900 562 931 Marci
585 898 680 930 Filius
695 920 706 935 ,
736 897 849 929 Lucius
866 894 1007 926 Valerzus

142 944 244 975 Publii
262 943 358 974 Filius
368 965 379 981 ,
435 943 533 973 uintus
551 940 706 971 Minucius
723 939 790 981 Cajz'
807 936 911 968 leius.
958 934 1006 966 De

143 984 398 1023 Bacchanalibus,
424 985 473 1025 qui
483 983 624 1024 foederatl
650 980 756 1021 efflent,
780 981 826 1010 ita
840 977 1007 1022 edicendum

141 1026 281 1066 censuere.
327 1025 466 1057 Plurima
491 1025 530 1055 de
555 1023 603 1054 his
630 1020 877 1054 Bacchanalibus
898 1017 1009 1050 Edicta

142 1068 173 1098 &
188 1067 271 1099 SCta
287 1066 426 1098 recenset
446 1065 558 1098 Livius
584 1064 624 1095 L.
642 1061 808 1095 XXXIX.
837 1060 868 1092 C.
892 1069 939 1099 14.
960 1067 1007 1099 17.

140 1108 177 1143 ὅ)
196 1114 244 1143 18.
288 1108 349 1140 Sed
371 1108 462 1148 hujus
492 1106 569 1139 SCti
594 1104 744 1136 summam
771 1103 865 1134 habet
898 1102 929 1131 C.
957 1104 1007 1133 28.

140 1150 173 1181 in
191 1150 259 1181 haec
274 1150 387 1181 verba:
414 1149 464 1181 Ne
484 1158 540 1190 qua
570 1145 773 1178 Bacchanalia
797 1144 914 1181 Romae,
937 1150 1009 1173 neve

140 1193 175 1222 in
193 1191 287 1224 Italia
303 1190 407 1231 effent3
424 1189 453 1229 sz
469 1191 532 1231 quis
551 1188 608 1219 tale
628 1188 750 1218 Sacrum
756 1185 876 1227 solenne
902 1182 938 1218 ἐξ
962 1192 1010 1228 ne:

142 1232 291 1274 ceffarlum
307 1233 443 1270 duceret,
463 1240 515 1262 nec
526 1228 590 1269 fine
615 1229 756 1271 religione
782 1226 818 1261 ὅ)
844 1224 961 1266 piaculo
974 1224 1009 1269 χε

141 1276 173 1306 id
189 1276 318 1306 omittere
332 1273 427 1315 poffe,
452 1273 528 1313 apud
559 1271 715 1304 Pratorem
745 1268 899 1299 Urbanam
921 1266 1009 1311 prop-

142 1321 262 1348 teretur.
307 1315 419 1347 Praetor
438 1316 577 1347 Senatum
599 1310 775 1352 consuleret,-
801 1307 829 1346 fi
844 1309 871 1339 ei
887 1313 1009 1352 persnns-

135 1357 204 1399 sum
224 1356 289 1398 effic
305 1380 315 1397 ,
347 1366 433 1398 quum
453 1358 485 1387 in
513 1355 624 1385 Senatu
651 1357 766 1383 centum
783 1372 794 1389 ‚
825 1358 883 1379 non
897 1356 1011 1394 mznus,

142 1397 250 1440 efflent,
272 1400 317 1430 ita
336 1400 366 1429 id
395 1399 518 1429 Sacram
533 1395 678 1435 faceret,
707 1393 774 1423 dum
792 1400 827 1422 ne
840 1389 907 1436 plus
926 1397 1011 1430 qum-

142 1450 196 1482 que
214 1438 364 1482 sacrificio
391 1436 566 1478 intereffent.
621 1435 693 1466 Neu
715 1442 771 1475 qua
790 1438 919 1473 pecunia
938 1439 1010 1461 com-

141 1484 259 1521 munis,
280 1491 336 1512 neu
354 1481 418 1521 quis
434 1475 585 1520 Magister
604 1476 775 1514 Sacrorum,
799 1479 851 1505 aut
874 1472 1011 1503 Sacerdos

141 1522 217 1565 effet.
263 1523 309 1554 Ut
334 1530 374 1552 ex
396 1519 464 1562 Ipso
489 1518 577 1552 SCto
596 1525 744 1559 apparet,
767 1515 834 1556 ejus
852 1522 1012 1555 argumen-

145 1573 213 1595 tum
229 1564 312 1596 reete
328 1561 475 1604 expressit
492 1560 613 1593 Livius.
659 1557 824 1603 Caeterum·
839 1556 878 1588 de
893 1555 1013 1587 formu-

143 1606 174 1637 la
190 1605 282 1646 hujus
297 1603 373 1637 SCti
390 1613 453 1636 non
474 1601 538 1641 est,
563 1611 599 1634 ut
612 1600 777 1642 quicquam
794 1598 916 1637 dlcam,
936 1605 1012 1628 con-

145 1647 236 1678 venit
264 1646 348 1677 enirn
370 1644 517 1677 formulis
552 1644 748 1684 reliquorum
773 1639 958 1677 SCtorum;
979 1637 1014 1684 ’δι

167 1688 296 1729 uicquid
313 1687 350 1719 ad
365 1687 444 1719 hanc
459 1695 526 1718 rem
541 1684 698 1726 pertinet,
708 1681 775 1714 fere
784 1680 923 1713 absolvit
934 1680 1014 1711 Brls-

159 1730 251 1761 onius
270 1730 302 1761 de
331 1728 457 1761 Formul.
484 1727 526 1760 L.
541 1727 581 1760 11.
601 1733 633 1769 p.
645 1734 684 1757 m.
710 1733 779 1763 192.
794 1722 831 1758 δέ
839 1722 921 1764 seqq.
943 1721 1014 1753 Per—

147 1781 188 1813 go
212 1771 250 1803 ad
274 1771 336 1812 ipsa
357 1770 463 1802 verba.

191 1813 267 1852 Ait,
301 1814 441 1844 Senatum
462 1810 674 1852 consuluerunt.
727 1807 832 1841 Etiam
859 1806 929 1838 haec
951 1804 1015 1837 for-

146 1855 232 1887 mula
251 1853 296 1886 est
319 1854 399 1895 apud
421 1852 610 1886 Brissonium
632 1852 660 1883 cl.
684 1850 724 1883 L.
738 1849 776 1882 II.
796 1856 828 1890 p.
849 1858 918 1889 193.
938 1847 968 1879 &
983 1848 1016 1878 de

149 1908 184 1928 ca
207 1907 238 1928 re
265 1898 309 1927 ita
336 1896 537 1936 consuluerunt
568 1894 612 1926 est
643 1894 674 1925 in
703 1891 791 1925 SCto
823 1890 987 1930 Vellejano
1005 1910 1016 1927 ,

149 1939 235 1979 quod
264 1938 395 1969 exhibet
422 1937 443 1968 l.
462 1946 492 1968 2.
523 1935 552 1976 §.
577 1945 603 1967 1.
620 1934 661 1976 ff.
688 1935 726 1965 ad
748 1932 803 1965 SC.
830 1931 941 1973 Vellej.
963 1939 1016 1976 ne:

149 1989 210 2021 que
234 1980 312 2011 adeo
335 1979 382 2011 ibi
409 1978 556 2010 mutanda
587 1978 630 2008 est
653 1975 769 2014 Ιεξὶίο,
794 1981 830 2005 ut
853 1972 943 2011 sunt,
964 1980 1018 2013 qul

148 2029 284 2053 mutant.
331 2020 366 2052 In
391 2020 491 2051 veteri
515 2018 667 2060 scriptura
690 2016 782 2061 huju}
796 2014 873 2047 SCti
889 2014 933 2045 est
952 2023 1019 2043 con-

143 2064 318 2105 soluerunt,
343 2063 373 2094 &
397 2070 473 2092 mox
493 2060 680 2101 aliquoties,
701 2057 911 2098 consoleretur:
934 2063 1020 2101 nem-

151 2114 191 2146 pe
214 2105 244 2136 &
261 2104 425 2145 confidere,
447 2103 477 2133 ὅ(
495 2102 655 2142 considere,
688 2100 718 2131 δι
742 2098 883 2139 consolare
908 2095 1020 2128 dixisse

152 2145 302 2177 videntur
322 2153 446 2176 veteres
470 2143 602 2175 Romani
621 2165 631 2181 ,
663 2140 744 2172 unde
767 2149 785 2170 a
805 2138 946 2179 consolare
975 2135 1022 2168 est

152 2187 333 2228 consolati03
369 2185 443 2216 vide
465 2194 535 2225 quae
557 2184 589 2215 in
611 2184 690 2215 hanc
714 2190 779 2213 rem
801 2180 868 2212 dixi
896 2178 1020 2220 Observ.

196 2270 253 2302 Ait
264 2293 276 2308 ,
291 2238 445 2311 jcrjlhendo
458 2268 629 2309 adsuerunt.
649 2266 702 2298 Sic
716 2262 1020 2304 inte1·pret01·‚quod

155 2313 187 2344 in
216 2311 403 2352 Archetypo
435 2309 500 2348 est,
531 2309 589 2340 SC.
614 2307 718 2340 ARF.
743 2315 783 2336 ex
804 2305 932 2349 antiqua
955 2302 1020 2335 for-

154 2352 258 2391 mula,
282 2351 372 2392 cujus
391 2351 536 2392 exempla
564 2349 659 2380 etiam
685 2347 778 2379 habet
799 2345 970 2390 Briffomus
993 2345 1022 2376 [l.

156 2396 208 2426 loc.
253 2393 345 2434 Apud
368 2393 553 2424 Fabrettum
579 2391 636 2422 SC.
673 2397 835 2431 perperam
860 2388 903 2418 ita
927 2395 1020 2417 inter-

158 2435 305 2475 nuncium
330 2434 374 2465 est
400 2435 431 2466 S.
459 2435 491 2465 C.
517 2441 612 2474 atquc
632 2431 653 2464 ss
673 2430 826 2462 distinttae
850 2429 949 2460 litera:
975 2428 1022 2458 Se-

158 2483 244 2508 natus
270 2475 433 2515 Consultant
462 2474 679 2516 fignificarent.
726 2471 823 2515 Quod
846 2477 949 2501 autem
972 2469 1023 2499 hic

157 2518 222 2557 cst,
246 2518 402 2558 arfuerant
421 2540 430 2555 ,
464 2517 492 2547 ὃς
515 2514 596 2547 infra
626 2514 734 2555 arfuise
750 2536 760 2552 ,
784 2521 842 2553 pro
865 2511 1024 2550 adsuerunt

159 2560 190 2592 ἃ
207 2557 349 2600 adsume,
370 2567 434 2589 non
456 2557 620 2598 scripturae
642 2556 747 2592 vitio,
771 2554 821 2585 sed
843 2551 1023 2592 antiquitati

157 2600 305 2632 dielionis
328 2599 528 2630 tribuendum
549 2606 651 2638 puto,
683 2604 719 2628 ut
739 2595 886 2636 arvoiyum
906 2616 918 2632 ,
941 2591 1027 2634 quod

158 2651 236 2674 mox
259 2642 289 2673 in
311 2640 476 2672 Sannione
496 2639 655 2677 occurrit,
677 2647 736 2679 pro
758 2636 919 2676 advoiffunz.

203 2684 278 2722 Ait,
304 2682 353 2713 De
369 2680 610 2712 Bacchanalibus.
657 2679 705 2710 Ita
726 2678 795 2709 haec
818 2676 968 2713 distinxi,
990 2682 1026 2706 ut

161 2725 358 2766 pertinerent
387 2721 425 2754 ad
452 2719 582 2762 sequens
611 2720 790 2757 edixerunt,
823 2727 896 2751 cum
919 2716 1030 2757 priori-

161 2769 221 2800 bus
240 2766 324 2797 enim
345 2774 410 2796 non
431 2763 513 2794 reete
533 2761 707 2793 cohaerent.

204 2807 288 2846 Ait,
316 2805 411 2847 effent.
457 2803 492 2835 In
518 2802 716 2835 Authentico
742 2800 812 2840 est,
844 2799 939 2841 eſsent,
971 2807 1030 2839 pro

163 2849 250 2891 efflent
262 2871 273 2887 ,
295 2857 359 2880 non
380 2845 536 2888 geminata
559 2844 668 2882 litera,
702 2852 738 2875 ut
760 2841 864 2884 passim
886 2840 957 2885 hic?
980 2850 1030 2871 ve-

165 2893 225 2928 let,
245 2890 364 2928 velent,
382 2887 498 2929 adesent
510 2909 522 2925 ,
540 2884 686 2926 adiesent,
718 2884 747 2916 ὅ(
770 2883 811 2916 fic
835 2884 867 2914 in
890 2881 1030 2928 rehquis.

166 2932 255 2964 Nota
274 2931 341 2962 haec
373 2929 445 2962 sunt
474 2937 513 2959 cx
538 2926 708 2967 Lapidibus
737 2924 893 2965 antiquis,
915 2930 955 2952 ex
977 2921 1033 2967 be-

167 2973 215 3004 sto
239 2973 270 3004 in
297 2971 482 3003 Solitaurz'lia
497 2991 510 3008 ,
539 2968 671 3008 aliisque
698 2964 941 3009 Grainlnaticie,
957 2972 1031 3003 quin

169 3014 199 3046 ὃς
219 3023 260 3044 cx
284 3012 457 3054 scriptura,
479 3011 585 3043 ubivis
606 3008 703 3040 obvia
724 3009 757 3040 iu
780 3005 941 3040 Pandestrs
958 3003 1029 3035 hio-

170 3062 308 3086 rentinis.

247 3136 535 3170 SECUNDA
585 3134 739 3168 Pisas
787 3130 950 3165 sca-1.

208 3216 259 3249 Ne
277 3218 338 3257 qais
355 3228 449 3250 eorum
470 3218 639 3251 Bacchanal
655 3215 779 3259 habuiffi
800 3215 898 3247 vellet.
933 3213 966 3244 Si
984 3212 1032 3253 qui

1045 356 1150 397 effent,
1172 360 1222 398 qui
1232 356 1289 396 fibi
1306 359 1436 388 dicerem
1451 354 1589 396 neceffum
1604 354 1653 396 effe
1671 355 1839 386 Bacchanal
1853 355 1905 388 ha·

1046 401 1128 437 here,
1156 399 1180 430 ii
1199 401 1243 430 uti
1268 400 1304 430 ad
1330 398 1485 431 Prcetorenz
1513 397 1665 428 Urbanum
1685 397 1809 427 Romam
1826 399 1908 429 veni-

1045 446 1129 477 rent,
1157 441 1244 482 deque
1275 442 1312 472 iis
1341 442 1443 478 rebus,
1464 440 1513 470 ubi
1532 448 1625 469 eorum
1643 439 1732 469 verba
1751 439 1852 469 audita
1869 449 1910 470 es-

1037 480 1128 522 sent,
1156 483 1200 512 nti
1225 482 1349 513 Senatus
1381 483 1570 518 decerneret,
1603 481 1670 510 dam
1691 489 1727 510 ne
1745 480 1841 510 minus
1859 480 1908 511 Se-

1045 523 1195 553 natorihur
1221 524 1251 554 C.
1281 522 1405 563 adeffent
1422 546 1432 561 ‚
1462 532 1547 564 quum
1578 532 1611 552 ea
1636 530 1680 551 res
1707 520 1907 561 consuleretur.

1047 563 1208 594 Convenit
1227 562 1380 595 sententia
1393 565 1473 605 apud
1488 563 1616 595 Livium
1629 563 1655 593 d.
1679 561 1730 593 loc.
1777 560 1911 594 Restitui

1046 612 1150 635 autem
1169 604 1252 636 hunc
1270 605 1397 644 locum,
1422 613 1457 636 ut
1476 605 1590 645 potui,
1622 603 1709 634 forte
1729 613 1793 635 non
1810 611 1847 634 ut
1861 603 1912 635 de-

1047 645 1122 684 bui,
1147 654 1217 676 nam
1239 645 1390 677 obscurus
1408 646 1453 677 est
1472 645 1562 677 valde
1581 646 1611 676 ὁ(
1628 652 1796 685 corruptus
1814 644 1846 676 in
1856 644 1913 676 Ar-

1048 686 1211 727 chetypo‚
1231 687 1269 717 de
1290 687 1417 727 singulis
1440 687 1630 718 videbimus.

1091 727 1146 759 Ait
1168 749 1178 765 ‚
1202 727 1252 759 Ne
1280 729 1342 768 quis
1372 738 1478 759 corum.

1048 774 1150 806 erant,
1176 768 1214 798 de
1239 771 1350 809 quihus
1376 778 1448 800 ante
1468 769 1602 801 dixerat.
1642 770 1727 800 Mox
1751 768 1888 811 sequitur
1903 792 1915 808 ,

1047 810 1137 841 vellet
1153 831 1165 848 ,
1184 818 1224 840 ex
1248 810 1428 849 communi,
1453 819 1550 851 eaque
1572 809 1705 851 benigna
1721 810 1842 852 Legum
1851 810 1915 842 Ro-

1050 860 1210 883 manarum
1234 849 1373 882 formula
1387 875 1397 890 ,
1431 861 1500 892 quae
1523 850 1587 890 ipsa
1607 851 1654 883 est
1674 852 1705 883 in
1726 853 1820 884 variis
1841 851 1916 883 Edi-

1048 893 1105 924 ctis
1128 892 1166 923 de
1188 891 1236 936 his
1260 891 1329 933 ipfis
1354 893 1600 924 Bacchanalibus
1621 893 1702 934 apud
1723 891 1853 925 Livium
1874 892 1916 925 L.

1050 932 1214 966 XXXIX.
1241 934 1271 965 C.
1293 942 1339 973 14.
1364 933 1401 969 δέ’
1425 944 1472 975 17.
1496 934 1525 965 ὃς
1544 942 1693 974 praeterea
1711 934 1743 966 in
1765 933 1786 965 l.
1804 943 1857 974 42.
1873 933 1914 974 ff.

1049 977 1083 1005 de
1102 974 1199 1006 AEan.
1212 974 1311 1006 Emito.
1337 975 1396 1013 l.9.
1418 975 1446 1017 §.
1459 986 1485 1006 2.
1503 975 1544 1015 ff.
1562 976 1594 1005 cle
1614 975 1652 1006 L.
1669 975 1781 1007 Cornel.
1798 974 1916 1048 degals.

1052 1017 1082 1047 <St
1105 1016 1185 1055 apud
1209 1015 1350 1048 Gellium
1374 1017 1468 1049 L.X.
1493 1015 1580 1048 Noti.
1600 1016 1699 1049 Atta.
1727 1017 1760 1048 C.
1775 1019 1806 1048 6.
1875 1017 1918 1049 L.

1051 1056 1142 1089 XIII.
1181 1057 1213 1088 C.
1236 1067 1283 1098 14.
1328 1058 1421 1101 Apud
1439 1058 1594 1089 Catonem
1618 1068 1744 1100 quoque
1766 1059 1799 1089 de
1817 1057 1857 1089 R.
1874 1058 1916 1090 R.

1056 1099 1087 1129 C.
1109 1098 1149 1129 V.
1174 1098 1228 1129 uhi
1250 1099 1304 1130 ille
1325 1100 1429 1130 officia
1453 1099 1552 1130 villici
1583 1099 1781 1140 praescrihit,
1805 1099 1843 1130 ad
1866 1109 1918 1131 ex-

1053 1139 1190 1180 emplum
1215 1140 1335 1181 Legum
1358 1140 1569 1172 Romanarum
1598 1141 1751 1181 ejusmodi
1770 1139 1920 1172 formulae

1053 1189 1189 1221 recepta:
1215 1183 1295 1213 sunt.

1095 1222 1150 1253 Ait
1163 1244 1172 1260 ‚
1196 1223 1229 1253 Sl
1247 1224 1296 1263 qni
1313 1222 1420 1263 effent,
1443 1225 1491 1265 qui
1499 1221 1556 1261 filn‘
1578 1224 1707 1255 dicerent
1721 1223 1858 1264 neceffum
1867 1223 1918 1264 effi?

1055 1263 1224 1294 Bacchanal
1245 1265 1359 1295 hahere.
1404 1264 1466 1296 Pro
1493 1274 1580 1305 ques,
1612 1265 1698 1303 quod
1715 1265 1746 1297 in
1762 1265 1919 1306 Archety-

1053 1313 1096 1344 po
1112 1302 1177 1342 est,
1201 1302 1341 1336 rescribo
1356 1307 1422 1345 quel
1437 1328 1448 1343 ‚
1467 1313 1504 1336 ut
1519 1314 1595 1336 mox
1618 1304 1777 1347 sequitur,
1800 1315 1857 1346 pro
1869 1316 1919 1337 ne-

1053 1344 1156 1385 ceffus,
1179 1345 1230 1376 vel
1252 1345 1392 1386 neceffum
1413 1347 1465 1378 vel
1485 1346 1610 1386 neceffe,
1633 1356 1703 1378 nam
1722 1347 1844 1389 neceffus
1861 1357 1920 1388 pro

1053 1384 1193 1432 neceffunz
1215 1386 1268 1418 vel
1291 1386 1395 1427 neceffe
1420 1386 1527 1420 nescio
1540 1410 1550 1426 ‚
1576 1397 1620 1419 an.
1645 1387 1808 1429 quisquam
1824 1387 1921 1420 Vete-

1053 1436 1123 1474 rum
1143 1426 1270 1459 dixerit.
1316 1429 1412 1460 Vides
1435 1429 1486 1461 hic
1516 1428 1693 1470 Religionis
1707 1452 1718 1468 ,
1750 1429 1846 1460 etiam
1864 1429 1921 1461 im·

1053 1478 1132 1511 plae,
1153 1476 1362 1510 praetextum‚
1393 1471 1446 1512 qui
1471 1471 1501 1503 δε
1520 1470 1598 1502 olim
1625 1470 1784 1503 adhibitus
1805 1469 1849 1501 est
1857 1492 1869 1509 ‚
1891 1470 1923 1503 δε

1054 1519 1139 1542 nunc
1155 1511 1261 1556 „vulgo
1280 1511 1466 1552 adhibetur,
1487 1521 1588 1553 neque
1608 1513 1633 1544 is
1653 1512 1697 1543 est
1715 1512 1812 1551 alius,
1830 1520 1924 1553 quam

1055 1550 1360 1599 conscientiae'laesae
1376 1554 1527 1595 majestas.
1572 1553 1615 1585 Et
1629 1553 1749 1595 placuit
1769 1553 1844 1585 huic
1858 1551 1924 1585 suc-

1055 1602 1200 1633 currere,
1221 1594 1307 1626 adito
1323 1603 1427 1628 tamen
1447 1595 1587 1628 Praetore
1603 1619 1613 1635 ,
1646 1595 1677 1627 ὅτ.
1693 1595 1925 1627 interveniente

1055 1636 1188 1667 Senatus
1211 1636 1396 1678 cognitione
1415 1647 1425 1676 ;
1456 1638 1500 1669 ita
1526 1644 1630 1668 autem
1661 1635 1841 1668 succursum
1861 1635 1926 1675 est,

1057 1686 1096 1709 ne
1128 1677 1199 1718 plus
1228 1678 1366 1719 quinque
1401 1677 1555 1710 sacrificio
1587 1677 1770 1710 interess'ent
1785 1701 1796 1718 ,
1824 1686 1925 1719 neque

1056 1718 1207 1765 haberent
1231 1727 1431 1752 communem
1451 1729 1552 1752 arcam
1564 1743 1575 1759 ,
1594 1727 1630 1751 ut
1649 1719 1680 1751 id
1701 1728 1868 1761 utrumque
1879 1717 1925 1751 est

1057 1760 1139 1802 apud
1162 1759 1310 1800 L1vium,
1336 1762 1366 1793 ὃ(
1386 1771 1462 1794 mox
1485 1762 1516 1793 in
1541 1760 1608 1803 ipso
1631 1761 1738 1801 SCto,
1767 1767 1926 1802 amputata

1058 1803 1099 1835 fic
1131 1801 1294 1834 occasione
1327 1803 1527 1845 delinquendi
1560 1804 1590 1835 ἃ
1621 1803 1764 1836 turbandi
1788 1802 1924 1843 Rempu-

1059 1844 1186 1877 blicam.
1233 1843 1324 1876 Unde
1356 1844 1556 1876 manifestum
1585 1844 1650 1885 est,
1682 1853 1783 1885 neque
1806 1843 1857 1874 hic
1880 1843 1924 1873 ob

1060 1885 1258 1931 Religionem
1287 1886 1480 1927 peregrinam
1497 1909 1508 1925 ‚
1539 1885 1591 1918 sed
1623 1891 1665 1917 ob
1689 1885 1802 1917 scelera
1820 1907 1829 1923 ‚
1853 1892 1923 1924 quae

1059 1927 1170 2001 sll'nde
1202 1926 1308 1959 audies
1326 1949 1338 1966 ,
1367 1929 1498 1960 Senatus
1527 1927 1745 1959 auctoritatem
1771 1926 1925 1957 interces-

1071 1979 1081 2001 1
1108 1978 1134 2000 e.

1103 2010 1177 2050 Ait,
1202 2012 1225 2042 ii
1248 2012 1293 2042 uti
1313 2011 1351 2041 ad
1373 2010 1529 2043 Praetorem
1546 2011 1606 2043 &c.
1629 2009 1664 2042 In
1682 2009 1792 2041 eodem
1807 2007 1925 2040 Arche-

1062 2059 1143 2095 typo
1161 2052 1223 2091 est,
1246 2054 1301 2083 eeis
1325 2054 1369 2083 uti
1384 2075 1396 2090 ‚
1425 2053 1454 2083 ἃ
1472 2062 1548 2084 mox
1566 2053 1621 2083 eeis
1639 2053 1728 2083 rebus.
1774 2048 1927 2082 Noun-ibi

1062 2094 1107 2124 est
1126 2093 1291 2126 delendum
1306 2093 1440 2125 alterum
1457 2103 1481 2125 e.
1504 2093 1609 2134 pasfim
1639 2093 1722 2124 enim
1740 2091 1793 2122 hic
1808 2098 1881 2122 ante
1902 2091 1927 2123 i.

1062 2134 1208 2174 adjicitur
1225 2144 1250 2166 e.
1271 2133 1322 2165 sed
1340 2136 1443 2175 primo
1463 2134 1537 2165 Ioco
1560 2144 1619 2175 pro
1641 2135 1698 2164 eeis
1714 2132 1774 2164 css'e
1792 2131 1928 2164 scriben-

1063 2176 1136 2207 dum
1155 2177 1218 2214 eei,
1239 2174 1391 2207 sententia
1414 2175 1544 2207 omnino
1561 2174 1707 2216 postulat.

1106 2216 1161 2248 Ait
1173 2240 1183 2255 ,
1202 2218 1251 2248 uhi
1269 2227 1362 2248 eorum
1377 2218 1468 2248 verba
1485 2215 1698 2289 [ezraitaffl'cnt.
1745 2215 1781 2247 In
1797 2215 1925 2248 authen-

1064 2258 1127 2290 tica
1144 2257 1295 2300 scriptura
1312 2258 1374 2290 est:
1396 2259 1460 2290 uhci
1477 2268 1572 2289 eorum
1622 2264 1658 2290 tr.
1676 2268 1704 2289 a.
1723 2258 1825 2288 audita
1840 2257 1925 2299 esent.

1064 2300 1149 2341 quod
1169 2300 1300 2331 omnino
1320 2299 1471 2332 vitiosum
1490 2300 1544 2331 est.
1590 2298 1676 2344 Quid
1698 2299 1769 2330 inde
1786 2298 1931 2340 exsculpi

1064 2343 1193 2380 debeat,
1220 2341 1276 2371 vix
1293 2341 1432 2383 Oedipus
1449 2341 1640 2373 divinaverit
1652 2365 1661 2380 ‚
1691 2340 1722 2371 in
1739 2340 1846 2379 primis
1863 2347 1928 2371 tur-

1064 2384 1117 2414 bat
1134 2382 1213 2415 illud
1235 2382 1303 2414 Uir.
1330 2394 1358 2414 a.
1388 2382 1410 2414 fi
1425 2392 1483 2423 pro
1509 2392 1548 2413 co
1574 2391 1725 2424 reponere
1740 2381 1850 2412 liceret
1864 2390 1930 2411 ver-

1065 2426 1099 2455 ba
1110 2447 1121 2463 ‚
1144 2424 1293 2456 haberent
1312 2422 1432 2456 sensum
1456 2428 1571 2462 verba,
1600 2432 1691 2464 quem
1706 2420 1846 2461 alioquin
1864 2420 1928 2452 fru-

1066 2465 1125 2497 stra
1143 2475 1262 2506 quaero.
1309 2465 1475 2497 Fabi-ectus
1487 2489 1496 2504 ,
1522 2473 1581 2495 una
1599 2473 1698 2502 voce,
1717 2461 1862 2494 exhibuit
1880 2471 1930 2493 ve·

1065 2517 1123 2545 ra,
1146 2507 1230 2548 quod
1255 2505 1355 2548 ipsum
1374 2506 1500 2548 quidem
1517 2503 1606 2537 nihili
1623 2504 1686 2544 cst,
1711 2503 1761 2536 sed
1784 2503 1930 2544 proxime

1067 2549 1104 2580 ad
1124 2550 1214 2580 verba
1230 2548 1362 2579 accedit.

1111 2590 1166 2621 Ait
1178 2612 1189 2628 ‚
1212 2591 1278 2621 dum
1295 2591 1438 2620 meminus
1452 2588 1637 2620 Senatorlhus
1658 2585 1689 2617 C.
1706 2584 1840 2626 adeffi’nt.
1885 2583 1930 2616 U-

1069 2632 1223 2669 trobivis,
1247 2630 1326 2672 apud
1346 2630 1547 2662 Gronovium
1564 2629 1594 2659 &
1612 2627 1813 2665 Fabi-ectum,
1834 2626 1866 2657 in
1881 2635 1932 2657 ve-

1070 2673 1129 2705 teri
1148 2671 1305 2712 sculptura
1323 2671 1367 2703 cst
1378 2694 1388 2710 ‚
1410 2671 1490 2711 adtyc
1501 2693 1513 2709 ‚
1534 2679 1592 2712 pro
1614 2678 1678 2710 quo
1695 2669 1810 2708 adescat
1829 2667 1931 2709 legen-

1072 2715 1146 2746 dum
1168 2713 1229 2744 elle
1242 2735 1253 2750 ‚
1270 2712 1335 2753 lpse
1352 2722 1415 2744 non
1434 2713 1557 2743 dubitO.

1115 2755 1200 2787 Mox
1218 2753 1376 2795 sequitur,
1409 2763 1495 2795 quum
1519 2764 1552 2784 ea
1571 2762 1615 2783 res
1634 2750 1836 2792 consuleretur.
1879 2749 1933 2782 Vi-

1073 2797 1126 2828 des
1143 2796 1342 2834 exhibitum,
1365 2795 1404 2827 P.
1422 2794 1464 2826 R.
1493 2795 1533 2826 A.
1559 2804 1604 2824 res
1621 2793 1828 2833 consoleretar,
1849 2788 1933 2833 quod

1073 2847 1136 2870 non
1155 2837 1319 2882 intelligo,
1339 2837 1418 2868 adeo
1437 2836 1520 2866 enirn
1548 2842 1690 2866 veterum
1708 2832 1865 2866 Notarum
1881 2840 1932 2873 pe·

1074 2880 1152 2910 ritus
1167 2888 1230 2910 non
1256 2881 1333 2909 lum.
1379 2877 1465 2908 Dum
1490 2876 1672 2918 peritiorem
1695 2874 1842 2915 exspecto
1859 2896 1869 2912 ,
1893 2880 1934 2905 ex

1073 2919 1229 2958 formula,
1253 2928 1325 2959 quae
1342 2919 1374 2950 in
1391 2919 1451 2949 hoc
1469 2917 1537 2959 ipso
1555 2916 1642 2949 SCto
1658 2916 1706 2948 bis
1725 2915 1883 2953 occurrit,
1902 2923 1934 2945 u-

1076 2962 1106 2992 hi
1125 2962 1164 2992 de
1180 2960 1371 3001 exploranda
1384 2959 1514 2991 Senatus
1531 2957 1683 2990 sententia
1696 2955 1797 2988 sermo
1810 2954 1871 2991 est,
1891 2963 1934 2987 re·

1075 3001 1262 3034 stitucndum
1281 3001 1410 3042 putavi,
1429 3010 1513 3042 qzmm
1532 3011 1565 3031 ea
1582 3009 1626 3031 res
1644 2997 1845 3040 consuleretur.
1868 2994 1935 3029 Nisi

1074 3046 1142 3085 quis
1161 3043 1269 3082 malit,
1293 3044 1359 3073 (lum
1374 3053 1407 3073 ea
1424 3052 1468 3073 res
1497 3041 1707 3082 consideretur,
1732 3039 1762 3070 &
1783 3046 1857 3069 tunc
1873 3035 1936 3069 sen-

1076 3085 1204 3116 tentiam
1226 3082 1392 3115 transferre
1408 3084 1445 3114 ud
1468 3082 1647 3124 sequentia,
1671 3080 1733 3111 hoc
1750 3077 1937 3110 sensuzdum

1075 3137 1110 3158 ea
1128 3127 1166 3158 dc
1184 3135 1215 3156 rc
1232 3125 1444 3163 deliberatur,
1473 3135 1512 3156 ne
1529 3124 1598 3165 quis
1619 3120 1755 3165 Bacchas
1770 3117 1868 3151 adesse
1884 3127 1935 3149 ve-

1075 3168 1113 3199 lit
1132 3168 1190 3199 (Kc.
1217 3166 1274 3198 Sed
1289 3165 1441 3207 praefcro,
1454 3175 1540 3207 quum
1556 3174 1588 3195 ea
1603 3172 1646 3194 res
1657 3161 1864 3202 consuleretur,
1874 3168 1935 3190 ma-

1077 3210 1162 3241 xime
1172 3232 1182 3248 ,
1194 3207 1265 3249 quia
1276 3207 1441 3241 Fabrettus
1451 3207 1549 3239 edidit
1557 3228 1569 3245 ,
1581 3204 1622 3248 Ω..
1640 3213 1672 3235 ea
1683 3211 1728 3233 res
1741 3200 1936 3272 corfilffqegur.

1901 3249 1934 3270 R-

1531 727 1597 773 Qui
1626 728 1747 759 scilicet
1771 728 1914 769 foederati
1960 737 1965 747 ⁴
