2008 3436
226 129 486 166 OPU'SC.
545 126 635 165 DE
696 124 948 161 REBUS

74 208 110 246 ἐξ
133 210 323 252 plcizfffixrarn
347 207 534 251 pnffi‘flionein
550 231 560 247 ,
593 209 638 239 iia
664 211 697 237 iit
723 203 760 239 ὅ
785 203 947 243 transferre

69 254 177 295 pqffent
197 248 227 283 [ii
249 246 384 290 alivi-,ci
401 246 439 282 a'fl
460 253 581 282 lsaereder
597 247 807 293 tratisriittefe.
827 245 945 292 Italico-

74 305 137 326 rum
157 300 253 325 autem.
268 294 424 332 fariam-iim
453 294 636 332 <infimumque
657 290 768 319 dominii
787 297 947 331 ‹inmunia->n

73 337 229 368 habehant.
262 329 339 381 'Qui
359 335 454 375 igitur
481 333 633 365 habebant
650 326 945 373 psaltim-stipendia-

74 378 120 409 ria
135 378 165 410 S:
187 375 366 414 tributaria,
391 375 539 416 stipendia
565 374 595 404 ἃ
621 371 739 403 tributa
756 370 945 417 solvebant,

76 427 220 460 tanquam
238 417 410 449 mercedem
432 416 495 456 :igi-i
519 423 582 446 non
607 412 651 444 sui
666 434 676 450 ,
706 411 735 442 ἃ
758 417 860 455 tamen
880 413 945 456 lui,

74 459 127 492 scd
149 460 207 491 alia
226 467 319 498 atque
336 459 394 489 alia
415 458 544 488 uitione.
578 453 654 485 Non
674 452 829 484 habebant
850 453 946 492 ipsam

73 503 298 543 proprietatem
312 521 321 535 ,
344 497 396 530 seu
417 498 523 539 potius
549 496 602 537 Jus
621 493 831 541 Quiritariuni
851 494 885 541 ὥς
898 493 947 540 jus

73 542 243 581 mancipii,
270 540 352 580 qumi
377 548 443 571 erat
467 538 641 570 fundorum
664 536 848 568 ltalicorum
869 534 898 565 ot
918 541 944 565 i-

76 583 267 614 talicenlium
287 603 296 617 ‚
327 590 359 612 at
387 581 580 612 bonitariuni
599 579 770 615 duntaxat,
797 577 945 622 &unimus

74 625 211 666 plenum.
261 622 350 653 Unde
377 622 497 653 Gloss'ae
523 620 694 658 Nomicae,
719 618 865 650 Salinaiio
884 616 946 647 lau-

74 666 154 697 data:
180 664 282 696 Dialia
307 665 340 694 ii'c
369 664 472 695 :Mattio
500 669 532 703 p.
549 665 601 700 96.
643 659 946 704 wat-'vssss‘ufl’vssx‘u

74 708 210 738 δινκᾰπε.
256 705 321 741 Oui
343 706 417 745 qiud
435 705 526 736 hahet
553 705 583 735 in
602 703 716 741 bonis,
738 710 803 732 non
823 700 854 730 id
871 708 945 744 con·

71 748 166 783 ‚tinuo
191 742 289 778 habet*
300 757 339 777 cx
356 749 428 787 lure
447 746 643 793 Quiritium,
672 744 704 775 id
723 742 788 780 cst,
811 750 946 788 eX-Civl-

68 790 98 825 ¹li
115 790 301 831 optimoque
319 788 480 826 dominio,
505 786 554 819 sed
572 786 652 827 saepe
673 794 714 816 ex
729 784 861 816 naturali
880 790 944 812 tan-

76 839 167 868 tum,
201 832 364 870 minusque
392 830 515 870 integro
543 829 573 859 δι’
594 826 744 868 perfecto.
792 822 946 864 Respectu

77 872 160 905 servi
174 881 240 903 cain
255 871 486 903 distinctionem
504 869 642 902 inculcat
660 868 813 909 Ulpianus
821 865 942 907 fragm.

80 913 118 946 T.
140 914 154 946 I
188 913 284 954 §.16.
334 912 416 951 Oai,
441 912 563 952 inquit,
589 915 702 940 tantuin
720 910 752 939 in
771 909 871 944 bonis,
886 916 943 936 7an

80 958 170 988 etiam
194 965 229 986 ex
256 945 370 995 Just&
394 954 525 984 [Aritium
544 973 554 988 ,
574 951 696 991 sarvam
713 950 818 986 hahet,
843 958 944 978 mana-

78 999 218 1030 mittendo
238 997 381 1028 Latinam
392 994 485 1034 facit.
532 993 570 1025 ln
587 993 667 1023 bonis
686 997 799 1022 tantuin
818 989 946 1031 alicujiis

71 1040 178 1082 Jervus
194 1036 253 1078 est,
273 1037 354 1068 velat
371 1036 421 1066 hoc
438 1035 513 1065 modo
523 1044 534 1071 ‚-
559 1032 588 1072 fi
605 1034 681 1064 civis
701 1032 854 1076 Romanus
870 1041 888 1062 a
904 1033 945 1062 ci-

81 1091 117 1112 ve
131 1078 391 1118 Roma-noserviim
405 1077 527 1114 eriserit,
548 1076 625 1116 isque
645 1075 770 1105 traditus
785 1074 811 1104 ei
824 1078 865 1111 Jzt
878 1095 888 1111 ,
901 1082 946 1103 ne-

76 1131 130 1164 que
144 1126 238 1151 tamen
255 1120 436 1159 mancipatus
455 1119 502 1156 ei,
529 1126 618 1158 neque
643 1118 675 1147 in
688 1116 753 1158 jure
772 1113 877 1155 ciffus,
898 1124 947 1144 ne-

77 1172 130 1204 que
145 1163 181 1192 ab
199 1161 254 1202 ipsi)
278 1170 354 1191 anno
371 1159 499 1201 Ρρζῖὲίῖὶις
522 1157 582 1197 fit:
610 1167 680 1188 nam
695 1157 833 1199 quamdiu
849 1156 948 1186 horum.

78 1204 149 1246 quid
160 1201 240 1243 fiat,
269 1203 295 1233 is
304 1201 411 1243 jer-viis
436 1196 469 1232 in
495 1201 575 1231 bonis
597 1200 711 1240 quidem
730 1198 864 1238 emptoris
880 1193 921 1238 est
937 1219 949 1235 ,

78 1255 116 1277 ex
137 1243 214 1285 Jure
233 1243 397 1289 Quiritium
415 1248 511 1273 antem
527 1241 687 1272 venditoris
708 1237 757 1280 est.
803 1238 846 1270 Et
863 1238 949 1270 lucu-

80 1287 183 1319 lenter
208 1285 277 1317 haec
310 1283 511 1325 prosequitur
539 1281 743 1322 Theophilus
772 1280 809 1312 ad
839 1279 868 1323 §.
892 1280 947 1312 ult.

81 1325 158 1368 lust.
175 1328 209 1358 de
228 1326 376 1358 Libertin.
401 1324 591 1365 distinguens
615 1323 767 1353 δεσποτείαν
785 1322 893 1360 aurisii
918 1322 948 1354 ὅς

82 1369 238 1400 δεσποτεία,
255 1368 345 1404 'ir-mo.
354 1389 365 1406 ‚
385 1368 542 1398 dominium
565 1365 702 1396 naturale
718 1365 747 1396 δε
764 1364 949 1406 legitimum,

81 1410 277 1451 addensque,
301 1409 379 1441 illud
392 1408 454 1440 dici
475 1409 506 1439 in
522 1408 619 1445 bonis,
641 1406 769 1447 ejusque
786 1406 950 1438 dominum

82 1454 248 1490 numiam,
274 1451 335 1482 hoc
356 1459 452 1490 vero,
482 1449 611 1490 ejusque
635 1448 812 1479 dominium
831 1448 892 1479 dici
913 1456 950 1479 ex

83 1493 162 1535 Jure
191 1493 374 1541 Quiritium,
404 1501 480 1530 nec,
509 1489 564 1522 nisi
585 1489 638 1531 qui
664 1497 834 1530 utrumque
850 1490 948 1521 dorni-

81 1536 173 1567 nium
191 1535 319 1572 habeat,
342 1534 438 1574 pleno
454 1533 523 1573 jure
541 1532 704 1563 dominum
723 1531 834 1563 vocari
850 1530 946 1572 poffe.

126 1576 172 1609 Ut
188 1584 311 1614 autem,
340 1584 381 1606 ex
408 1573 656 1615 Jurisprudentia
678 1573 800 1611 veteri,
831 1572 947 1614 duplex

79 1626 149 1651 erat
166 1617 361 1656 dominium,
391 1617 525 1648 alterum
546 1623 658 1645 verum
695 1614 726 1646 δε
762 1614 945 1656 proprium,

77 1659 189 1701 quod,
212 1667 248 1691 ut
263 1659 346 1698 dixi,
379 1664 515 1690 vocatur
545 1655 767 1703 Quiritarium,
791 1656 821 1688 ὃς
839 1657 948 1696 civile,

67 1714 70 1717 ·
105 1701 230 1744 uodque
255 1700 370 1733 Cicero
389 1699 564 1740 intelligit,
592 1697 631 1729 de
653 1698 722 1738 J'ure
738 1697 861 1729 aeturus
877 1707 949 1730 cuin

76 1710 188 1784 ἲῦω,
210 1742 242 1774 in
265 1741 362 1784 Topic.
376 1742 414 1773 ad
428 1741 545 1772 Trebat.
573 1739 604 1771 C.
625 1744 676 1773 28.
701 1739 835 1770 alterum
846 1739 950 1772 minus

69 1784 243 1827 ‚proprium
257 1784 420 1825 minusque
435 1783 562 1824 plenum
579 1803 590 1820 ,
621 1781 707 1822 quod
725 1781 900 1812 bonitariam
918 1781 949 1814 &

69 1825 214 1859 ,naturale
239 1825 354 1866 audit,
392 1825 437 1857 ita
457 1832 584 1897 quogue
609 1822 728 1864 duplex
743 1820 808 1854 fuit
836 1823 948 1854 aliena-

69 1867 148 1906 -tio',
173 1867 235 1899 hoc
249 1865 313 1906 est,
338 1866 502 1899 translatio
544 1864 672 1904 ominii,
702 1874 777 1896 vere
793 1864 945 1904 Romani,

81 1908 114 1941 &
131 1908 282 1948 dominii,
314 1915 350 1940 ut
380 1909 425 1940 ita
450 1907 572 1946 dicam,
595 1905 818 1938 Provincialis.-
862 1904 948 1950 Quia

80 1959 160 1982 vero
177 1950 317 1982 alienatio
335 1948 375 1991 est
394 1950 484 1980 omnis
500 1948 581 1980 atius
592 1970 603 1986 ,
620 1953 674 1988 per
690 1957 771 1988 quem
787 1948 947 1979 dominium

79 1991 277 2032 transfertur,
299 1998 335 2023 ut
353 1991 399 2023 est
415 1990 580 2022 definitum
599 1990 631 2021 in
655 1989 675 2020 l.
703 1998 730 2021 1.
758 1990 788 2020 C.
809 1989 842 2019 de
852 1987 946 2020 Fund.

79 2033 170 2064 ἀσταὶ.
195 2033 226 2065 &
239 2041 408 2074 utrumque
423 2031 598 2063 dominium
610 2054 620 2069 ,
647 2030 703 2062 suo
718 2030 865 2071 quodque
880 2039 947 2062 mo-

80 2073 146 2111 d0,
168 2073 296 2113 transit,
327 2073 519 2115 consequens
545 2071 612 2110 est,
635 2071 854 2103 alienationem
873 2081 950 2117 quo-

79 2123 145 2154 que
161 2113 228 2146 fieri
243 2114 457 2147 diversimode.
502 2113 680 2146 Translatis
695 2112 801 2144 fundis
817 2111 946 2152 Italicis,

81 2155 215 2195 aliisque
230 2155 339 2195 rebus,
363 2165 432 2197 quae
456 2155 590 2196 mancipi
610 2153 700 2194 sunt,
722 2153 773 2186 sed
790 2154 948 2186 translatis

80 2205 137 2238 per
155 2196 324 2228 solemnem
349 2197 378 2229 ὅ(
400 2196 615 2228 formulariam
642 2195 862 2234 traditionem,
882 2195 946 2227 five

64 2247 118 2269 rea
136 2238 328 2278 mancipatio
340 2260 351 2276 ,
383 2237 447 2269 five
468 2237 501 2269 in
524 2237 592 2277 J'ure
607 2236 701 2268 ceffio
719 2236 837 2275 fuerit,
861 2237 898 2269 fit
914 2246 943 2268 a-

80 2278 235 2317 lienatio,
269 2279 300 2310 id
327 2278 389 2317 est,
425 2277 518 2310 cesfio
542 2278 673 2310 dominii
693 2277 823 2316 direffi,
847 2278 945 2316 veri,

80 2319 267 2366 Quirstarii,
289 2320 460 2361 plenissimi.
507 2318 683 2351 Translatis
703 2319 794 2351 rebus
812 2319 945 2351 Provin-

79 2361 233 2400 cialibus,
262 2362 392 2402 aliisque
412 2370 471 2393 nec
498 2361 599 2392 manci
625 2360 656 2398 i,
680 2358 731 2392 sed
750 2360 833 2392 nuda
850 2360 943 2392 tradi-

81 2404 190 2441 tione,
222 2403 285 2436 fine
312 2402 442 2434 solemni
469 2402 523 2434 illa
547 2402 576 2433 δί
613 2401 801 2440 ormularia,
825 2412 896 2443 quae
911 2402 944 2434 in

82 2444 131 2477 his
149 2454 208 2476 nec
227 2445 370 2484 obtinet,
402 2453 461 2475 nec
488 2451 575 2475 cei-te
597 2443 762 2484 quicquam
779 2444 918 2475 efficeret
933 2467 942 2483 ,

78 2485 118 2518 fit
135 2486 229 2518 etiam
245 2486 412 2524 alienatio,
437 2485 468 2517 id
483 2484 528 2515 est
537 2507 548 2523 ,
572 2484 664 2515 cesfio
680 2485 943 2516 dominiinatuia-

79 2527 139 2566 lis,
161 2527 332 2566 Bonitarii,
358 2527 460 2559 minus
483 2526 578 2566 pleni.
623 2525 737 2565 Unde,
762 2535 835 2558 cum
853 2526 944 2559 Cice-

81 2577 120 2600 ro
138 2568 222 2599 dixit
243 2569 270 2600 d.
309 2569 342 2600 C.
372 2573 423 2603 28.
459 2567 555 2608 Τοφὶε.
583 2567 828 2599 abalienationem
847 2568 898 2609 effe
912 2578 940 2599 e-

77 2610 129 2652 jus
146 2610 209 2646 rei,
227 2619 287 2650 qaoe
303 2611 432 2650 mancipi
455 2608 515 2650 est,
545 2616 688 2650 apparet,
711 2618 782 2641 eum
802 2609 889 2650 loqui
902 2609 942 2641 de

79 2649 307 2682 abalienatione
330 2651 460 2683 dominii
483 2650 674 2694 Quiritarii3
706 2660 779 2683 nam
800 2651 941 2692 alioquin

82 2691 113 2722 ἀ
127 2700 176 2722 res
197 2700 256 2722 nec
277 2692 412 2732 mancipi
433 2691 630 2729 alienantur,
658 2691 688 2723 ὅ(
714 2701 824 2724 eorum
842 2692 941 2724 domi-

79 2732 168 2764 nium
192 2732 341 2771 quaeritur
363 2732 427 2765 sola
451 2732 640 2771 traditione,
670 2740 705 2764 ut
724 2733 878 2776 Ulpianus
898 2734 942 2766 ait

78 2774 109 2818 d.
138 2772 174 2804 Τ.
197 2772 290 2818 ΧΙᾉ.
316 2772 432 2815 fragm.
457 2773 486 2815 §.
508 2783 539 2815 7.v
563 2773 635 2811 sed,
660 2781 695 2805 ut
709 2784 750 2806 ex
766 2775 942 2816 praeceden-

74 2814 167 2845 tibus
183 2813 245 2853 jam
261 2814 416 2855 intelliges
425 2837 434 2853 ,
445 2815 618 2847 dominium
627 2816 833 2848 Bonitariuin.
845 2816 943 2864 Quod

75 2852 183 2894 ,ipsum
210 2861 330 2900 tantum
359 2855 463 2887 transit
487 2856 518 2888 in
543 2855 640 2888 servis
658 2880 667 2895 ,
699 2858 831 2899 aliisque
846 2859 939 2891 rebus

81 2895 238 2935 mancipi,
262 2893 313 2926 sed
326 2905 390 2927 non
410 2896 469 2927 rite
484 2897 514 2928 δε
540 2896 721 2930 solemniter
737 2900 878 2939 traditis,
904 2909 939 2932 ut

75 2936 231 2980 explicat·
249 2935 329 2968 idem
352 2936 504 2977 Ulpianus
531 2939 559 2969 d.
587 2938 620 2969 T.
643 2939 668 2971 I.
688 2940 807 2983 Fragm.
833 2941 860 2981 §.
889 2946 936 2974 16.

79 2977 181 3016 Satis,
200 2985 234 3008 ni
246 2975 363 3017 fallor,
381 2986 465 3009 nunc
482 2977 704 3021 intelligimus,
727 2982 801 3025 quid
817 2982 873 3016 sibi
884 2993 937 3015 ve-

1008 122 1372 160 MANCIPI
1432 120 1565 163 cix.
1796 127 1866 174 3³39

990 202 1029 235 lit
1046 201 1278 249 Theophilus,
1296 212 1367 234 cum
1385 205 1448 242 ait,
1468 205 1616 239 dominos
1632 207 1695 240 non
1716 205 1797 247 effe,
1814 206 1869 249 qui

990 243 1107 285 praedia
1130 244 1343 275 provincialia
1359 245 1534 285 poilident,
1564 257 1674 279 eorum
1692 250 1870 281 dominium

990 284 1064 331 css‘eb
1079 294 1174 326 penes
1199 285 1441 331 Rempublicani
1464 311 1472 326 ,
1502 289 1549 319 uti
1577 296 1680 320 tamen
1701 291 1738 321 iis
1758 291 1787 322 ἃ
1802 291 1868 322 frui

988 325 1077 368 polle
1103 325 1289 372 poil'esspres
1305 350 1314 366 ,
1348 327 1436 360 salvo
1462 328 1557 361 etiam
1582 330 1651 370 jure
1668 331 1868 363 alienandi&

990 368 1226 399 transmittendi
1258 368 1295 399 ad
1321 368 1487 409 haeredes3
1524 370 1634 403 Italica
1650 381 1728 402 vero
1752 373 1869 412 praetlIa

989 410 1129 450 potioris
1145 408 1207 441 else
1223 409 1319 449 Juris,
1346 411 1504 452 pertinere
1524 411 1592 443 hacc
1606 412 1643 444 ad
1659 413 1805 445 dominos
1827 424 1867 446 ex

991 451 1117 492 optimo
1140 452 1209 491 jure
1232 451 1410 494 Quiritium
1424 478 1433 494 ,
1470 455 1500 486 δε
1518 454 1630 486 eodem
1647 454 1716 496 jure
1734 454 1766 486 in
1787 455 1868 486 alios

992 492 1163 524 transferri.
1812 532 1815 535 ,

1032 534 1198 580 Quidquid
1216 543 1295 580 vero
1310 545 1416 568 carum
1432 545 1536 569 rerum
1551 537 1651 569 fuerit
1666 536 1869 576 discriminis,

989 578 1138 620 quicquid
1164 578 1295 621 diversa:
1320 579 1543 619 appellationis
1568 580 1599 612 &
1623 579 1736 611 diversi
1761 579 1838 619 juris
1857 602 1869 618 ‚

989 617 1179 656 justinianus
1216 617 1340 651 iussulit
1367 621 1398 653 in
1434 621 1454 652 i.
1476 631 1527 654 un.
1563 622 1596 653 C.
1626 623 1659 653 (ἵε
1691 622 1781 653 Nudo
1799 622 1868 664 jare

991 656 1159 703 Qcim‘tiam
1179 659 1302 691 tollendo
1315 684 1326 700 ,
1347 662 1377 693 ὅ(
1398 662 1428 694 in
1453 663 1472 694 l.
1491 673 1541 695 un.
1577 664 1610 695 C.
1628 664 1661 694 de
1684 662 1867 705 NJiicapione

990 699 1229 748 transformanda
1248 725 1257 740 ,
1295 702 1331 737 δ’
1354 704 1387 734 de
1406 704 1530 744 sublata
1563 705 1737 747 differentia
1769 714 1868 736 rerum

989 746 1139 786 manwpi,
1164 741 1199 776 ἐξ
1215 752 1267 772 nec
1283 746 1422 785 mancipi.
1469 745 1616 788 Cumque
1629 756 1669 778 ex
1686 756 1725 778 eo
1745 754 1867 787 tempo-

990 792 1023 813 re
1039 792 1144 826 omnia
1161 783 1249 829 bona·
1262 785 1447 818 censeantur
1466 789 1531 828 peri
1548 789 1633 828 jure,
1659 787 1732 820 satis
1753 788 1866 829 liquet,

990 833 1054 864 quo
1075 823 1162 854 sensu
1175 824 1363 864 Justinianus
1382 826 1540 870 scripserit
1556 831 1587 861 in
1611 832 1640 862 ci.
1666 829 1695 872 §.
1715 841 1767 871 40.
1791 827 1867 871 last.

989 872 1022 896 ae
1051 865 1122 911 Ber.
1146 868 1235 897 clivis.
1266 867 1338 908 post
1362 869 1445 901 suain
1471 871 1744 904 Constitutionem
1761 895 1772 911 ,
1796 880 1866 912 quae

988 906 1032 937 cst
1049 917 1082 952 in
1104 908 1131 937 d.
1158 908 1240 940 Lan.
1262 910 1300 940 C.
1317 911 1351 941 cie
1371 911 1497 953 Usacap.
1525 913 1696 954 transform.
1722 914 1866 945 omnium

988 948 1117 993 perinde
1136 959 1257 995 reruni,
1283 950 1347 982 sive
1369 952 1571 994 Italicarum,
1600 954 1664 987 five
1682 955 1866 987 Provincia-

990 994 1067 1021 lium
1079 1013 1090 1028 ,
1111 990 1286 1036 dominium
1304 994 1424 1034 acquiri
1442 997 1600 1027 traditione
1617 1018 1628 1034 ‚
1659 999 1721 1027 hoc
1739 996 1801 1035 est,
1822 995 1868 1028 so-

990 1032 1020 1063 la
1040 1031 1229 1076 traditione,
1252 1032 1411 1075 abrogatis
1424 1037 1622 1078 mancipandi
1643 1038 1715 1070 &in
1736 1039 1804 1078 jure
1816 1047 1866 1069 ce-

990 1072 1083 1103 dendi
1100 1072 1293 1120 f0¹¹¹3¹¹l¹⁵.³.
1311 1076 1341 1106 ot
1360 1075 1451 1109 causa
1468 1077 1603 1110 dominii
1619 1080 1801 1120 acquirendi
1822 1088 1867 1111 re-

990 1114 1077 1159 dacta
1102 1114 1138 1145 ad
1161 1114 1394 1160 simplicitatem
1427 1119 1505 1159 juris
1539 1118 1703 1152 Gentium.
1749 1120 1869 1163 Liquet

991 1164 1116 1203 etiam,
1140 1165 1204 1202 quo
1229 1155 1317 1189 sensu
1341 1159 1407 1200 ipse
1431 1160 1546 1193 ibidem
1566 1160 1746 1202 scripserit,
1769 1164 1868 1204 itaque

984 1198 1185 1244 ‚stipendiaria
1206 1206 1311 1240 quoque
1349 1200 1385 1235 δέ’
1416 1204 1576 1234 tributaria
1595 1204 1709 1243 praedia
1741 1213 1872 1235 EODEM

992 1248 1097 1284 ixiono⁵
1119 1239 1317 1280 alienantur,
1349 1242 1417 1274 liaec
1441 1244 1525 1276 enim
1554 1254 1620 1277 non
1646 1245 1809 1286 pertinent
1830 1246 1869 1277 ad

992 1279 1214 1326 traditionem,
1241 1289 1275 1327 ut
1297 1283 1396 1325 vulgo
1415 1294 1576 1327 perperam
1592 1287 1743 1328 explicari
1761 1286 1869 1327 vide0‚

992 1330 1065 1363 quia
1092 1325 1122 1353 ot
1146 1322 1224 1354 olim
1241 1332 1272 1355 in
1298 1323 1346 1356 liis
1363 1325 1427 1358 sola
1445 1328 1576 1359 traditio
1594 1327 1768 1360 sufficiebat
1780 1352 1791 1368 ,
1818 1327 1870 1361 sed

992 1363 1029 1394 ad
1045 1363 1255 1395 alienationem
1266 1387 1277 1403 ‚
1298 1374 1429 1411 eamque
1446 1369 1651 1409 pleniffimarn
1661 1393 1672 1409 ,
1693 1380 1763 1412 quae
1782 1380 1869 1403 nunc

992 1414 1031 1452 ex
1048 1404 1121 1446 Jure
1136 1415 1225 1452 novo
1249 1408 1393 1453 obtinet,
1423 1420 1487 1442 non
1507 1409 1594 1443 secus
1610 1419 1705 1452 atque
1724 1412 1803 1443 olim
1826 1422 1868 1445 ex

990 1456 1058 1488 Jure
1077 1455 1220 1494 optimov
1267 1450 1417 1484 uiritiuin.
1465 1452 1615 1484 Proxime
1643 1453 1769 1485 scilicet
1785 1464 1866 1496 prae-

991 1488 1122 1536 cesserat
1139 1499 1170 1521 in
1188 1498 1228 1520 eo
1275 1515 1289 1536 .”
1310 1501 1376 1525 rem
1399 1494 1599 1535 corporalem
1615 1519 1624 1535 ,
1651 1495 1868 1538 cujuscunque

990 1540 1113 1573 generis
1129 1531 1166 1563 fit
1177 1553 1189 1570 ,
1211 1534 1291 1564 tradi
1311 1534 1398 1574 poss'e
1408 1558 1419 1574 ,
1453 1536 1489 1571 69⁹
1505 1547 1524 1567 a
1538 1537 1650 1568 domino
1668 1538 1811 1568 traditam
1830 1546 1867 1569 Α4

990 1582 1138 1620 LiENARI
1149 1596 1160 1612 ,
1179 1574 1244 1620 hoc
1261 1573 1326 1613 est,
1342 1576 1556 1619 pleniffisnum,
1590 1578 1642 1620 qui
1659 1579 1802 1620 accepit,
1825 1579 1865 1610 le-

990 1617 1181 1661 gitimamque
1194 1625 1264 1662 *ejous
1280 1617 1427 1650 dominam
1438 1619 1508 1659 fieri
1519 1642 1531 1658 ,
1552 1620 1817 1661 quemadmodum
1833 1620 1867 1653 id

990 1656 1110 1704 extulit
1124 1655 1312 1703 justinianus
1331 1660 1364 1692 in
1385 1662 1414 1693 d.
1436 1662 1456 1693 l.
1467 1663 1547 1693 unic.
1573 1662 1605 1693 C.-
1629 1663 1662 1693 οἷο
1687 1661 1771 1694 Nati.
1790 1661 1863 1703 Jur.

991 1698 1081 1746 Qar.
1113 1699 1173 1730 toll.
1207 1707 1258 1745 'ita
1282 1701 1458 1734 alienantur
1481 1712 1530 1735 res
1547 1704 1750 1745 corporales,
1776 1704 1806 1735 ἂ
1824 1714 1866 1735 eo-

990 1748 1054 1814 gem
1075 1740 1153 1787 inodo
1173 1739 1300 1775 alienari
1315 1743 1396 1777 dicit
1415 1744 1533 1786 praedia
1548 1743 1747 1787 stipendiaria
1765 1746 1794 1778 &
1813 1744 1866 1777 tri-

1015 1789 1122 1814 utaria.

1009 1867 1014 1872 Π
1032 1824 1084 1870 Eit
1099 1833 1164 1872 iis,
1182 1834 1252 1867 quae
1269 1826 1319 1859 hoc
1339 1828 1441 1870 Capite
1460 1829 1641 1872 disputavi,
1666 1829 1762 1863 facile
1774 1836 1865 1872 pote-

990 1874 1032 1898 rit
1051 1864 1165 1912 discuti
1190 1870 1355 1914 negotium
1372 1893 1382 1909 ,
1413 1872 1499 1912 quod
1526 1871 1677 1904 Claudius
1702 1871 1866 1904 Salmasius

988 1906 1215 1955 JCtissacehffit
1237 1919 1268 1940 in
1287 1911 1364 1950 lite,
1387 1921 1479 1952 quam
1500 1914 1623 1954 movit,
1648 1923 1685 1946 an
1703 1914 1736 1946 in
1751 1921 1867 1946 mutuo

989 1949 1027 1982 fit
1051 1948 1199 1982 alienatio
1213 1951 1230 1982 ἵ)
1262 1952 1417 1985 Mutuum
1436 1954 1578 1987 consistit
1606 1955 1638 1987 in
1656 1955 1771 1995 rebus,
1793 1964 1863 1997 quae

989 1991 1146 2032 pondere,
1164 2001 1297 2024 numero
1310 2016 1321 2032 ,
1346 1995 1377 2026 &
1394 1995 1537 2029 mensura
1558 1996 1722 2036 constant,
1743 1996 1792 2028 hae
1811 2006 1863 2028 au-

990 2041 1054 2079 tem
1070 2032 1141 2064 sunt
1157 2043 1205 2065 res
1221 2035 1354 2067 mobiles
1366 2059 1376 2074 ‚
1407 2046 1503 2079 atque
1525 2038 1603 2069 adeo
1629 2047 1678 2070 res
1696 2047 1756 2069 nec
1777 2048 1862 2070 man-

990 2083 1052 2115 cipi
1061 2096 1072 2112 ‚
1105 2081 1146 2105 ex
1175 2075 1317 2122 doctrina
1347 2078 1496 2119 Ulpiani,
1528 2089 1621 2121 quam
1639 2078 1864 2122 proposuimus

993 2115 1024 2146 C.
1050 2115 1105 2146 IV.
1152 2115 1229 2148 Non
1249 2118 1424 2151 alienantur
1440 2121 1553 2162 igitur,
1579 2130 1616 2152 ut
1633 2127 1682 2153 res
1697 2121 1834 2162 mancipi
1850 2144 1862 2160 ,

989 2166 1047 2188 nec
1063 2165 1102 2204 eo
1119 2156 1229 2196 sensu,
1258 2168 1324 2200 quo
1348 2159 1464 2193 Cicero
1490 2162 1592 2202 dixit,
1615 2163 1862 2195 abalienationem

989 2197 1039 2240 effe
1059 2208 1122 2240 ejus
1137 2201 1181 2230 rei
1191 2222 1203 2246 ,
1226 2209 1286 2242 qaae
1300 2204 1429 2244 mancipi
1446 2201 1487 2244 est
1495 2227 1508 2243 ,
1531 2205 1561 2236 &
1578 2204 1639 2236 hoc
1655 2204 1723 2236 fere
1741 2214 1859 2244 unuin,

988 2248 1075 2286 certe
1101 2250 1297 2282 praecipuum
1322 2244 1386 2282 est,
1420 2246 1505 2286 quod
1532 2246 1695 2278 Salmasius
1713 2246 1795 2277 binis
1808 2245 1861 2277 Li-

986 2281 1097 2320 bellis,
1120 2283 1153 2313 de
1163 2282 1271 2314 Mutuo
1287 2282 1430 2326 scriptis,
1456 2287 1575 2325 evicit,
1598 2286 1651 2318 sed
1665 2295 1769 2318 tamen
1785 2286 1858 2318 alie-

985 2330 1120 2369 nantur,
1144 2331 1180 2355 ut
1194 2334 1243 2356 res
1260 2334 1319 2357 nec
1332 2327 1486 2368 mancipi,
1520 2328 1550 2359 &
1575 2327 1643 2359 haec
1662 2326 1727 2370 ipsa
1746 2328 1859 2359 aliena-

988 2371 1036 2395 tio
1050 2371 1145 2396 etiam
1160 2366 1309 2398 alienatio
1326 2366 1390 2407 est,
1413 2368 1445 2400 id
1464 2368 1527 2408 est,
1549 2369 1653 2409 attus,
1670 2379 1726 2410 per
1742 2379 1835 2411 quem
1847 2394 1856 2409 ‚

987 2404 1044 2437 suo
1071 2405 1190 2446 modo,
1212 2407 1388 2441 dominium
1408 2409 1595 2442 transfertur
1617 2412 1645 2442 d.
1669 2411 1690 2444 l.
1718 2421 1745 2443 1.
1774 2412 1806 2443 C.
1824 2412 1858 2442 de

987 2445 1083 2478 Faria.—
1103 2449 1160 2494 dot.
1185 2447 1300 2480 frustra
1324 2451 1406 2482 enim
1437 2451 1599 2485 Salmasius
1617 2462 1682 2484 non
1701 2462 1765 2484 uno
1781 2453 1857 2484 loco

987 2489 1017 2534 df
1040 2489 1062 2520 l.
1085 2498 1111 2520 1.
1136 2491 1359 2531 interpolatam
1384 2491 1447 2524 effe
1475 2492 1567 2535 fingit
1583 2518 1592 2533 ,
1616 2503 1717 2536 neque
1737 2494 1797 2526 alia
1812 2504 1857 2525 ra-

987 2537 1093 2576 tione,
1117 2539 1209 2578 quam
1227 2533 1313 2573 quod
1330 2534 1553 2567 alienationem
1572 2536 1601 2567 ἃ
1614 2536 1747 2567 dominii
1759 2543 1856 2567 trans-

984 2570 1137 2618 lationem
1163 2572 1280 2605 dixerit
1301 2575 1430 2607 eandem
1454 2586 1522 2607 rem
1548 2576 1629 2616 effe,
1659 2576 1772 2608 sedita
1789 2586 1855 2608 non

983 2612 1063 2658 dicit
1077 2612 1180 2660 aliud,
1201 2624 1292 2656 quam
1330 2617 1414 2658 quod
1447 2617 1569 2659 liquido
1598 2618 1790 2651 demonstrat
1812 2617 1854 2649 Α-’

983 2652 1098 2686 fricanl
1118 2654 1290 2697 disputatio
1317 2658 1348 2690 in
1383 2659 1404 2690 l.
1425 2668 1478 2700 41.
1498 2659 1540 2700 ff.
1563 2661 1597 2691 de
1621 2660 1696 2692 Reb.
1722 2660 1798 2690 cred.
1821 2659 1854 2691 in

984 2704 1043 2736 qua
1057 2705 1122 2727 non
1139 2705 1244 2729 totum
1262 2698 1324 2730 effe
1345 2700 1536 2740 alienatum,
1569 2700 1768 2738 ostensui-us,
1791 2700 1854 2731 uti-

986 2743 1037 2768 tur
1056 2746 1260 2779 argumento,
1308 2750 1350 2772 uo
1366 2741 1502 2782 probet,
1531 2742 1705 2773 dominium
1725 2750 1789 2773 non
1809 2750 1854 2773 es-

985 2776 1019 2809 se
1035 2779 1229 2825 translatum.
1314 2782 1400 2814 adem
1425 2783 1588 2823 uti-iusque
1605 2782 1693 2813 verbi
1713 2782 1854 2823 recipro-¹

984 2826 1070 2852 catio
1083 2819 1128 2852 est
1145 2822 1177 2853 in
1197 2822 1217 2854 l.
1242 2833 1291 2856 un.
1318 2824 1350 2854 C.
1375 2823 1448 2855 Non
1482 2824 1564 2855 licer.
1588 2824 1713 2855 habitat.
1738 2824 1852 2856 Metro-

982 2871 1052 2893 com.
1077 2863 1128 2894 loc.
1144 2863 1205 2904 sua
1231 2866 1269 2895 ad
1296 2870 1412 2895 extran.
1435 2865 1542 2904 transf.
1588 2864 1637 2896 Ab
1659 2864 1718 2896 hac
1735 2866 1850 2907 digres-

981 2901 1066 2935 sione
1082 2903 1292 2936 abstinuissem
1309 2927 1319 2942 ,
1349 2904 1371 2936 si
1389 2905 1568 2937 Saimafium
1578 2928 1590 2943 ‚
1620 2904 1724 2937 nostra
1741 2915 1808 2939 arte
1821 2918 1850 2939 a-‘

983 2945 1147 2977 butentem
1160 2967 1169 2978 .
1187 2946 1264 2976 artis
1281 2944 1394 2977 nostrae
1412 2945 1511 2978 Periti
1535 2946 1594 2978 hae
1610 2970 1620 2986 ,
1645 2957 1709 2980 non
1724 2948 1784 2981 alia
1802 2957 1852 2981 ra:

981 2986 1090 3026 tione,
1113 2985 1311 3020 refutaffentf

1761 3282 1852 3315 CAa
