2008 3436
155 123 189 175 4
355 98 968 154 PRAEFATIO
1038 91 1747 151 ,GENERALIS

213 206 515 261 Dedication‘e'e,
543 208 665 251 antea
686 208 827 255 faelas,
854 206 1029 255 servavi,
1058 214 1102 247 ut
1134 203 1326 246 constaret
1347 226 1363 252 5
1398 203 1540 257 quibus
1576 204 1637 244 vel
1666 202 1781 244 Divis
1809 200 1934 245 hono-

159 282 240 312 rem
265 268 500 317 habuerim,
538 267 599 306 vel
638 266 736 306 vivis
774 265 898 304 etiam
931 261 1252 304 nunc-habeam.
1322 260 1482 300 Servavi
1512 259 1554 301 δε
1583 258 1857 306 Praefationes,
1886 273 1935 302 ne

159 326 225 367 hic
254 335 428 380 repetere
457 321 605 364 necesse
631 319 699 368 fit,
723 317 998 374 quw-singulis
1027 317 1195 358 ‘hibellis
1237 317 1317 357 sum
1348 314 1545 370 praefatus.
1604 313 1760 357 Deinde
1789 311 1936 370 singula

161 382 357 436 Opuscula
395 379 594 430 recensui,
633 391 747 430 quam
784 370 925 429 potui,
965 373 1202 429 diligenter,
1241 383 1429 426 typorum
1465 371 1590 422 vitia,
1620 371 1713 425 quin
1745 370 1788 411 &
1818 385 1938 422 mea,

161 436 398 489 emendans;
437 437 624 490 pellucere
663 442 796 473 tamen
832 429 956 485 passus
994 429 1074 476 suni
1105 432 1260 482 peccata
1284 427 1533 485 juventutiS,
1563 440 1646 481 quae
1676 427 1754 468 solo
1783 424 1940 470 fervore

164 495 287 536 aetati's
324 490 631 534 absolvebantur.
688 483 1051 540 Quemadmodum·
1074 484 1192 539 etjam
1229 498 1302 538 pro
1341 483 1443 524 varia
1483 492 1597 535 aetate
1635 479 1808 535 hominis
1846 485 1940 535 alins

163 561 280 604 atque
308 549 400 590 alius
436 546 531 588 solet
567 542 640 585 effe
680 543 812 591 stilus,
849 541 945 582 nih-il
975 538 1059 581 fere
1087 541 1203 580 in'1eo
1233 539 1463 580 mutandum
1494 538 1602 579 duxi.
1652 538 1820 579 »Eristica
1846 531 1942 581 conss

165 607 361 649 stitueram
391 603 539 650 delere,
566 599 627 640 sed
657 599 743 653 quia
771 598 871 638 inter
901 609 1040 638 manus
1070 595 1271 636 hominum
1301 597 1522 643 versantur,
1553 608 1638 648 quae
1669 594 1762 636 mihi
1792 594 1944 651 opposi-

167 675 209 705 ta
237 663 346 709 sunt,
389 658 465 700 sine
504 653 728 711 praejudicio
769 653 885 695 famae
929 666 1013 694 non
1041 651 1191 705 potui,
1220 651 1398 704 quinimo
1429 650 1472 690 δε
1500 651 1729 692 sententiam
1761 652 1944 702 mutavi,

169 720 259 772 quia
287 718 350 757 illa
376 713 519 763 eristi'ca
543 713 680 764 ‘utique
707 711 906 764 pertinent
933 707 982 749 ad
998 706 1276 761 'integritatem
1306 706 1550 757 argumenti,
1580 705 1684 759 quod
1714 707 1855 750 tr‘aelzb.⁴
1902 709 1945 750 Si

170 774 235 829 qui
263 772 349 814 Viri
377 783 438 812 ma
471 779 530 809 nae
567 766 815 809 auctoritatis*
841 762 1097 819 post-primas
1125 760 1331 802 Editiones
1352 758 1540 811 -hor'urn,
1558 761 1802 816 quaessvides,
1821 765 1947 819 Opu-

168 830 358 874 sculorum
386 840 438 881 pu
467 824 536 865 lice
565 838 587 865 a
618 837 680 865 me
716 821 984 869 dissenserint,
1026 828 1070 860 ut
1110 815 1363 858 dissenserunt
1392 816 1600 870 aliquando
1631 815 1784 858 Uiritus
1815 819 1946 862 Hube-

170 900 256 936 rus,
297 882 534 926 Christianus
563 877 829 926 Thomafim,
866 877 952 926 alii,
990 875 1033 916 iis
1062 875 1128 916 suo
1156 875 1244 915 loco
1274 871 1477 926 respondi,
1510 871 1705 928 negieetis‘
1723 874 1881 916 interim
1908 889 1948 918 a-

170 944 232 986 liis
255 971 269 992 ,
298 940 364 995 qui
391 936 544 980 silentio
581 936 622 977 δε
659 943 892 988 contemptu
929 930 1160 973 videbantur
1199 927 1322 984 digni.
1381 929 1421 970 Si
1453 927 1801 984 magna-Nomina
1830 931 1951 978 insur'·

173 1008 297 1056 gant,
327 996 369 1038 δε
395 993 490 1035 nihil
520 1005 708 1046 reponas,
737 989 892 1030 herbam
921 986 1062 1029 videris
1092 985 1197 1041 porri
1229 998 1317 1034 ere,
1344 998 1460 1039 quam
1491 997 1574 1029 non
1604 986 1763 1041 porrigo
1793 984 1867 1029 nisi
1893 987 1952 1030 so÷

175 1056 204 1098 li
232 1051 395 1096 veritati.
466 1047 716 1092 Adlatrantes
754 1046 949 1086 minorum
992 1041 1184 1083 Gentium
1223 1041 1493 1082 iomunciones
1523 1041 1716 1095 patienter
1744 1040 1786 1083 δε
1811 1041 1953 1096 audio,

175 1111 220 1154 δε
247 1109 332 1152 fero
351 1137 366 1159 ,
393 1106 547 1148 sollicite
575 1114 707 1146 tamen
737 1115 900 1151 cavens,
931 1113 982 1141 ne
1012 1099 1056 1140 iis
1097 1094 1311 1139 refutandis
1350 1096 1474 1138 bonas
1505 1095 1618 1138 horas
1649 1088 1820 1150 perdam.
1878 1099 1954 1140 Lea

177 1169 219 1224 gi
248 1167 420 1221 integras
449 1159 771 1207 Differtationes,
796 1158 882 1199 satis
921 1156 1038 1198 etiam
1076 1151 1263 1210 grandeS,
1305 1152 1369 1194 hic
1398 1153 1472 1194 illic
1500 1151 1594 1194 mihi
1625 1152 1843 1208 oppofitaS,
1871 1153 1957 1208 sed,

178 1232 320 1280 praeter
350 1217 578 1262 modestiam
611 1216 703 1265 stili,
734 1214 828 1256 nihil
868 1212 944 1261 est,
981 1210 1084 1265 quod
1120 1211 1162 1250 in
1201 1207 1444 1249 Aneroribus
1473 1206 1625 1249 laudem
1645 1209 1780 1258 ,nihil
1809 1210 1922 1252 etiam
1944 1241 1958 1260 ,

180 1277 287 1334 quod
315 1277 361 1318 iis
389 1287 587 1330 reponam.
645 1269 849 1313 Sententia
879 1282 964 1309 mea
999 1266 1041 1307 de
1093 1265 1269 1306 Dominio
1308 1265 1430 1305 maris
1451 1262 1497 1304 -&
1526 1262 1569 1304 de
1591 1265 1701 1306 Foro·
1721 1263 1958 1320 Legato'rum

176 1337 225 1379 >in
255 1332 388 1390 primis
430 1329 542 1372 nacla
581 1327 632 1369 est
670 1328 796 1380 plures
835 1322 1091 1373 adversarios,
1110 1362 1111 1365 ,
1131 1320 1173 1362 &
1203 1318 1253 1369 si,
1282 1329 1326 1361 ut
1356 1328 1560 1374 perperam
1579 1320 1675 1362 :fieri
1698 1322 1814 1373 solet,
1845 1324 1960 1366 indis

179 1388 424 1446 argumentis
463 1386 579 1428 solam
616 1384 806 1423 rationem
844 1379 1009 1435 sequaris
1047 1376 1290 1432 magistram,
1326 1375 1368 1418 in
1397 1384 1598 1430 utramque
1627 1385 1779 1432 partem
1811 1381 1960 1432 prolixe

185 1445 420 1502 disputabiS,
449 1439 511 1482 sed
540 1438 636 1480 nihil
665 1437 856 1492 proficies„
911 1436 1001 1477 Alia
1031 1431 1399 1490 igitur2advocavi,
1430 1446 1515 1486 quae
1545 1433 1624 1482 ibi,-
1651 1431 1679 1474 fi
1706 1433 1962 1477 commodum

185 1503 259 1554 est,
297 1502 414 1555 leges.
481 1494 716 1538 Clarissimus
752 1492 1028 1549 Barbeyracius
1049 1519 1063 1540 ‚
1105 1487 1332 1531 Antecessor
1360 1487 1462 1546 Ju'ris'
1487 1488 1964 1543 quroninganus,-Libe1-

186 1562 271 1602 lum
300 1556 343 1599 de
375 1556 473 1598 Foro
502 1552 738 1606 Legatorum
766 1548 915 1590 Gallice
945 1547 1084 1596 vertit,
1113 1545 1223 1600 eique
1252 1542 1437 1587 eruditas,
1458 1555 1584 1587 notas⁴
1610 1543 1826 1600 adscripsit'3
1848 1548 1966 1591 inter

188 1628 264 1658 nos
301 1622 348 1655 ut
384 1609 597 1666 plurimum(
630 1605 850 1654 convenit,
890 1604 957 1655 &,
995 1602 1022 1646 fi
1051 1602 1185 1644 alicubi
1222 1602 1343 1643 amice
1372 1599 1659 1651 dissentiamus,
1690 1603 1966 1658 n'eexspetfta,

190 1681 238 1713 ut
266 1669 370 1711 notis
401 1675 515 1708 notas
543 1662 710 1712 addam,
737 1663 781 1704 lis
811 1659 860 1704 fic
889 1662 975 1702 satis
1003 1658 1055 1702 est
1084 1657 1297 1701 contestata
1324 1657 1366 1700 δι
1392 1657 1572 1702 instructa
1589 1687 1604 1709 ,
1634 1672 1729 1700 mox
1757 1657 1968 1710 decernite,

194 1725 331 1783 quibus
354 1725 418 1781 jus
447 1719 615 1776 suffragii
643 1718 706 1762 est.
1065 1736 1068 1740 ,
1431 1754 1434 1755 ⁷
1911 1735 1912 1738 ,
1935 1733 1941 1738 .

1946 1733 1953 1752 l

251 1835 374 1890 Quod
412 1835 515 1876 inter
551 1833 685 1887 Opera
722 1830 876 1872 minora
898 1860 911 1881 ‚
950 1842 1037 1884 quae
1066 1842 1172 1871 nunc
1201 1826 1307 1876 edo,
1329 1802 1609 1881 non'repeiias
1642 1829 1766 1870 Curas
1784 1825 1970 1882 fi’cundas

196 1896 240 1939 de
271 1896 369 1950 juro
405 1888 588 1933 occidendi
625 1886 682 1939 &²
722 1887 927 1943 exponendi
964 1886 1136 1934 liberos,
1171 1884 1330 1938 scriptas.
1362 1881 1425 1924 ad‘·
1449 1885 1590 1925 Virum
1620 1883 1720 1925 Clar.
1749 1882 1971 1926 Gerardum

197 1949 367 1999 Noodt,
396 1960 480 1990 non
510 1946 585 1988 alia
614 1944 722 1986 causa
751 1943 825 1992 est,
851 1957 968 1997 quam
998 1940 1102 1996 quod
1132 1941 1165 1981 is'
1187 1939 1355 1988 libelluS,
1381 1938 1508 1981 forma
1536 1953 1686 1993 quoque
1712 1938 1838 1981 media
1867 1940 1972 1996 typis

205 2006 440 2060 descriptus,
468 2002 582 2044 soleat
609 1997 699 2042 addi
728 1997 923 2054 Opusculis
953 2000 1065 2040 varii
1093 1997 1336 2051 argumenti,
1366 1995 1468 2036 inter
1497 2009 1581 2048 quae
1597 1995 1648 2035 est
1670 1994 1712 2036 «Sc
1731 1996 1973 2050 Opusculum

198 2063 243 2106 de
266 2064 359 2118 jure
386 2057 594 2107 occidendi,
622 2054 827 2104 vendendi,
857 2054 914 2105 &³
936 2054 1138 2110 exponendi
1167 2053 1308 2094 liberos*
1328 2050 1431 2106 apud
1454 2059 1615 2093 veteres·
1632 2051 1832 2094 Romanos.
1887 2052 1974 2093 Per-

203 2119 336 2160 tinent
381 2115 498 2171 igitur
537 2112 587 2154 ad
625 2126 670 2154 ea
709 2111 935 2166 Opuscu'la,
969 2110 1108 2164 'quibus
1148 2109 1188 2150 δε
1226 2106 1393 2157 adieetus
1429 2106 1482 2148 est
1517 2107 1560 2148 in
1589 2105 1773 2150 Editione
1802 2106 1973 2152 Halenfi.

204 2173 386 2218 Tantum
416 2170 492 2222 est,
520 2167 686 2218 Lector,
716 2165 820 2222 quod
843 2177 910 2209 tua
936 2166 1028 2209 scire
1056 2165 1158 2208 forte
1186 2165 1381 2206 intererat.

1808 3211 1992 3256 COR·
