2008 3436
0 3139 2 3198 f

223 97 792 154 QUAEST.JUR1,s
843 97 1639 146 PRIVAT1,Liss.11.c.x.xi.

40 199 141 229 nune,
165 190 239 231 quid
254 190 354 233 Leges
370 191 476 230 patriae
491 189 597 222 dicant
617 188 717 221 tribus
737 188 815 228 illis,
835 197 904 230 qua:

35 232 147 271 attuli,
173 232 302 265 Edietis.
347 233 521 265 Prohibent
540 231 660 264 scilicet
678 231 802 277 nuptias
822 231 904 262 inter

35 274 211 307 adulterum
232 276 261 307 ἃ
281 275 472 314 adulteram,
504 274 555 308 sed
575 282 638 305 non
658 272 829 313 prohibent
856 273 902 304 in-

36 326 85 350 ter
105 315 280 349 adulterum
301 318 329 349 dc
352 317 444 348 aliam
464 316 624 358 quamvis,
657 322 821 354 receptum
847 324 900 345 au-

34 367 98 391 tem
123 356 185 397 est,
221 357 387 398 specialem
411 357 659 400 prohibitionem
683 356 797 397 regulae
823 366 898 388 con-

35 400 137 432 trariae
154 399 216 431 effe
236 409 475 441 argumentum,
507 398 599 430 &ita
625 398 655 429 in
680 398 699 429 l.
733 402 780 432 18.
801 397 841 438 ff.
865 399 898 428 cle

36 440 142 484 Teflib.
167 450 206 473 ex
231 451 271 473 eo
292 442 376 483 quod
396 440 573 482 specialiter
590 439 733 471 adultera
758 441 897 472 testimo-

31 484 118 516 nium
135 483 302 524 prohibei-e
325 491 453 514 vetetur
472 482 557 522 Lege
577 480 676 521 julia,
701 481 813 514 Paulus
832 482 897 513 effi-

31 526 97 565 cit,
119 525 265 558 mulieres
277 524 368 557 testes
388 523 450 555 esse
465 523 561 564 polle.
609 523 656 554 Ita
673 522 789 562 ctiam,
813 523 897 565 quod

31 576 105 600 cum
126 567 266 600 adultera
290 565 341 597 sua
368 574 406 598 ex
433 565 492 597 illis
521 564 641 596 Editus
667 565 801 596 vetitum
827 564 889 603 est,

30 618 102 641 cum
128 609 189 640 alia
219 607 361 649 qualibet
391 606 516 638 videtur
539 605 730 648 permiffum.
782 606 896 648 quue

30 651 128 692 magis
153 650 185 682 id
202 649 355 687 dixerim,
390 649 463 689 quia
489 657 562 679 cum
589 648 732 679 adultero
756 647 812 679 suo
841 658 896 680 eur

28 701 92 724 non
113 690 149 723 sit
164 690 377 729 connubium,
408 690 518 721 idonea
536 690 616 721 ratio
634 688 696 727 cst,
719 698 774 720 cui·
789 698 895 721 autem

29 733 170 766 adultero
195 742 267 765 cum
289 740 345 771 ea,
371 741 441 773 qua:
462 730 554 773 iplius
582 731 721 763 adultera
745 740 808 763 non
831 730 895 770 est,

29 784 92 807 non
110 775 214 806 etiam.

71 816 175 858 Atque
198 815 228 848 id
252 815 336 848 forte
364 814 488 857 praestat
513 815 641 854 dicere,
664 824 755 857 quam
781 814 813 846 in
834 814 894 846 hoc

26 866 209 900 argumento
236 866 357 890 tantum
382 857 576 898 poenitentiae
607 857 764 895 tribuere,
801 865 895 897 quan-

26 907 91 932 tum
112 900 256 931 tribuunt
284 899 453 937 Canones,
475 899 505 931 ἃ
524 908 562 930 cx
585 898 697 930 nostris
722 898 816 930 etiarn
836 898 895 929 Ec-

25 940 206 973 clefiasticis
222 950 314 987 quam
332 941 468 981 plurimi.
494 940 559 971 Alii
572 940 658 971 varic
675 938 870 980 distinguunt
883 961 894 976 ‚

25 981 181 1024 sunt(8),
192 992 243 1029 qui
261 990 373 1023 putant
390 991 466 1013 tunc
482 981 608 1014 dciiiuni
624 981 767 1012 adultero
785 981 892 1017 licere,

25 1024 100 1056 alias
120 1033 244 1065 nuptias
270 1023 477 1061 contrahere,
502 1022 627 1062 quando
651 1022 730 1053 alter
752 1030 789 1053 ex
814 1021 891 1052 olim

23 1064 218 1106 Conjugibus
234 1065 385 1097 innocens
398 1065 482 1105 prius
496 1064 568 1094 alias
580 1064 702 1103 nuptias
712 1062 888 1100 contraxit,

44 1107 104 1139 uasl
121 1116 232 1147 nempe
245 1129 255 1144 ,
286 1105 372 1136 fafto
392 1105 486 1137 etiam
512 1113 589 1135 vero
604 1104 765 1142 divortiO,
800 1112 834 1134 ut
851 1103 890 1133 de

21 1116 216 1190 separatione
233 1147 317 1187 quod
334 1147 371 1178 ad
388 1145 527 1177 mensam
551 1146 740 1186 thorumque
755 1144 817 1176 dici
840 1143 887 1175 so-

21 1187 299 1230 1ec‚exspectanda
313 1186 399 1219 foret
413 1187 651 1225 reconciliatio,
671 1196 765 1228 quum
784 1195 889 1217 tamen

22 1240 133 1263 verum
152 1230 325 1262 divortium
341 1229 395 1261 fiat
416 1230 447 1261 in
460 1236 658 1269 perpetuum.
704 1227 767 1259 Alii
784 1227 889 1259 existi-

20 1279 127 1310 mant,
153 1281 245 1309 eum,
266 1271 354 1311 cujus
367 1270 520 1302 adulterio
539 1269 655 1310 nuptia:
672 1269 781 1301 solutae
800 1268 868 1300 sunt
882 1291 891 1305 ,

21 1313 199 1356 exspectare
221 1313 334 1344 debere
362 1311 626 1354 quinquennium:
661 1310 712 1342 sed
733 1319 835 1351 neque
858 1311 890 1341 id

20 1355 94 1388 satis
115 1356 238 1397 piacet,
262 1363 358 1395 quum
382 1363 419 1384 ea
437 1354 526 1384 dere
545 1352 597 1384 lex
620 1362 684 1384 non
708 1351 762 1390 iit,
788 1361 889 1393 neque

20 1408 61 1430 ex
79 1398 183 1438 aliqua
202 1395 400 1432 ratiuncula,
423 1394 566 1436 quamvis
583 1394 723 1435 alioquin
750 1402 814 1425 non
836 1393 888 1425 ab·

18 1438 109 1472 surda
127 1462 137 1478 ,
174 1437 295 1478 nuptiae
322 1436 486 1468 videantur
513 1435 730 1475 impediendtc.
790 1435 886 1467 Brou-

19 1492 85 1513 wer
102 1480 179 1520 (9),
204 1479 255 1520 qui
271 1477 388 1510 foetore
405 1486 559 1508 canonum
583 1476 650 1508 fere
668 1475 836 1508 suffocatus
855 1485 887 1507 e-

20 1532 89 1561 rat,
113 1521 238 1554 tandem
269 1518 490 1561 aliquantisper
517 1516 700 1558 respiravit,
735 1518 765 1549 ἅ
789 1518 888 1549 multa

19 1564 120 1603 dixit,
146 1562 219 1594 satis
243 1561 385 1602 egregia,
415 1560 436 1592 fi
461 1560 556 1592 modo
580 1559 664 1591 retie
682 1559 886 1601 applicass'ct,

19 1606 72 1640 sed
88 1605 238 1638 relabitur
250 1612 324 1635 mox
341 1603 380 1633 ad
397 1600 601 1639 sententiam,
626 1611 697 1643 quae
720 1610 803 1633 nunc
817 1600 887 1632 fei-e

19 1645 198 1681 communis
218 1643 264 1676 est
279 1668 290 1684 ‚
323 1652 456 1685 quaeque
481 1642 621 1675 adultero
646 1652 710 1675 non
729 1642 887 1684 permittit

637 1744 997 1781 CAPUT

1740 115 1806 158 361

946 196 1043 220 novas
1059 189 1184 236 nuptias
1193 213 1210 236 ,Ι
1229 189 1283 222 nifi
1300 190 1369 238 post
1384 202 1517 229 mortem
1535 207 1588 230 aut
1606 201 1727 239 priores
1745 202 1807 237 laesi

945 231 1066 276 laesazve
1084 240 1228 278 conjugis
1246 241 1370 273 nuptias
1383 258 1392 272 ‚
1417 237 1488 274 quia
1500 237 1621 271 seilicet
1642 242 1682 274 lie
1699 243 1807 274 decob

946 274 1024 305 lavat
1046 281 1150 304 Omnis
1173 276 1239 314 lpcs
1261 276 1545 316 reconciliationis,
1570 291 1660 321 quani
1684 293 1722 316 ne
1743 284 1808 324 ipse

945 314 1065 346 adulter
1083 313 1300 356 abrumperet,
1326 316 1517 359 Reipublicae
1541 321 1676 355 interest.
1720 324 1808 357 Desi—

943 358 1029 388 derat
1051 356 1080 386 ἃ
1100 355 1165 396 ipse
1181 358 1400 397 poenitentiam
1414 381 1424 397 ,
1436 359 1586 392 desiderat
1602 364 1631 394 dt
1647 365 1724 404 alia,
1735 376 1807 407 quae

942 398 1006 430 five
1028 396 1143 428 deflere
1169 397 1231 430 sive
1254 400 1353 431 ridere
1376 401 1473 443 magis
1500 402 1642 442 placeat,
1666 415 1715 436 me
1742 416 1806 439 non

941 439 1103 471 difficilem
1119 438 1245 471 habebis
1262 442 1422 474 arbitrum.

983 481 1043 527 Sed
1068 480 1088 511 ii
1113 481 1202 527 'rotie
1226 482 1404 523 disputavi,
1428 483 1533 516 soluto
1558 484 1599 516 ob
1619 487 1808 521 adulterium

941 531 1142 568 matrimonio
1155 546 1165 560 ,
1197 524 1303 569 ambos
1323 524 1481 568 Conjuges
1501 527 1625 568 integro
1647 528 1704 568 juri
1723 531 1808 561 caeli*

940 565 1030 596 batus
1048 562 1190 603 restitui,
1213 566 1291 597 leire
1312 567 1425 606 velim,
1451 577 1507 600 cui·
1523 568 1554 600 id
1574 569 1721 602 omnibus
1740 569 1805 602 sen-

940 605 1067 651 tentiis,
1089 614 1157 651 qua:
1176 607 1218 652 de
1237 607 1396 640 adulteriis
1414 608 1581 648 feruntur,
1603 620 1667 642 non
1688 611 1802 643 insera-

940 647 1015 678 tur?
1037 647 1115 678 nihil
1133 656 1217 679 enini
1234 648 1315 680 solet
1327 649 1439 691 inseri,
1471 661 1540 683 uam
1558 652 1727 694 conjugem
1739 662 1805 686 non

937 688 1128 727 adulterum,
1153 689 1206 730 qui
1228 691 1421 724 matrimonii
1467 692 1682 726 iil'olutioncin
1702 694 1803 736 petit,

938 730 975 761 ad
989 730 1097 775 alteras
1114 731 1238 775 nuptias
1261 732 1385 764 admitti
1405 733 1495 774 (io).
1541 735 1602 766 Sed
1616 744 1652 766 ca
1669 736 1805 768 clausula

939 772 968 802 i&
985 771 1110 803 alterius
1125 771 1306 804 libertatem
1326 774 1489 813 involvit,
1513 786 1571 807 nec
1596 776 1721 809 aliunde
1737 785 1801 809 tra-

939 812 985 858 hit
997 813 1153 858 *originem
1166 837 1175 852 ‚
1199 823 1290 854 quam
1304 825 1343 846 ex
1363 816 1494 857 libello,
1518 818 1762 859 quemJudiccs‚
1779 818 1803 852 fi

938 854 1016 885 nihil
1039 854 1206 894 impediat,
1232 855 1260 887 sc
1284 865 1407 889 uumur.

979 896 1124 941 Attamen
1145 897 1230 928 aliud
1249 907 1266 927 c
1280 896 1314 936 't,
1347 899 1432 940 quod
1460 908 1491 931 te
1515 900 1599 934 forte
1614 902 1712 944 magis
1732 910 1801 935 tur-

936 936 1023 982 babit
1036 959 1046 974 ‚
1069 938 1153 977 quod
1169 947 1281 980 nempe
1301 940 1447 972 adultero
1460 963 1470 980 ‚
1492 942 1603 976 solutis
1618 953 1657 976 cx
1678 953 1714 975 ca
1733 954 1804 976 cau-

936 980 966 1023 la
985 979 1118 1024 nuptiis,
1136 978 1239 1011 rursus
1257 981 1330 1013 alias
1346 980 1528 1015 concedam.
1577 985 1651 1016 ldne
1666 986 1800 1026 eritpie-

936 1026 1016 1050 tium
1033 1020 1176 1058 lecim-is,
1187 1021 1281 1092 quid,
1303 1023 1443 1063 inquies,
1457 1024 1518 1056 hoc
1532 1026 1614 1057 aliud
1631 1025 1694 1066 est,
1708 1036 1801 1068 quam

933 1069 1108 1100 provocare
1123 1061 1188 1091 ada
1212 1063 1348 1094 ulteria?
1373 1064 1429 1096 Est
1444 1066 1521 1098 mihi
1539 1067 1624 1099 domi
1643 1077 1722 1100 uxor
1732 1078 1802 1101 mo-

933 1099 1130 1148 lestamquae
1159 1102 1259 1148 vitam
1280 1104 1355 1135 mihi
1381 1106 1526 1139 acerbam
1551 1108 1664 1140 reddit.
1710 1109 1799 1154 Quid

933 1142 1080 1174 eoniilii‘?
1103 1145 1249 1175 occidere
1269 1155 1333 1177 non
1351 1145 1427 1178 licet
1439 1169 1450 1186 ,
1474 1149 1503 1180 ὅ(
1518 1156 1552 1180 ut
1564 1158 1630 1180 eam
1648 1149 1798 1190 deseram,

932 1194 978 1216 res
995 1183 1175 1230 domesticae
1195 1195 1260 1217 non
1280 1187 1449 1228 patiuntur.
1493 1189 1592 1231 Igitur
1611 1190 1801 1225 adulterium

933 1235 1007 1272 eum
1031 1225 1091 1257 alia
1109 1227 1306 1272 committam
1320 1251 1330 1267 ,
1362 1230 1392 1261 δε
1414 1231 1514 1271 palam
1535 1231 1681 1272 quidem,
1705 1240 1740 1264 ut
1755 1233 1802 1266 fa-

932 1267 995 1298 cile
1014 1267 1140 1308 probari
1162 1268 1276 1309 poffit,
1300 1270 1342 1302 fic
1363 1280 1446 1303 uxor
1469 1272 1506 1303 ad
1533 1273 1707 1306 divortium
1724 1284 1799 1307 con-

933 1308 1062 1354 tendet,
1086 1309 1114 1341 ὅ(
1131 1318 1191 1351 ego
1207 1312 1277 1343 voti
1293 1312 1354 1343 mei
1373 1322 1506 1355 compos
1523 1323 1596 1353 er0,
1619 1315 1799 1349 liberatusa

932 1358 1053 1388 veteri,
1075 1351 1105 1382 &
1129 1351 1236 1383 beatus
1261 1362 1346 1385 nova
1370 1363 1478 1387 uxore.
1524 1355 1584 1387 Sed
1604 1355 1706 1396 hunc,
1731 1358 1799 1399 opi-

931 1401 1008 1438 nor,
1034 1400 1152 1424 metum
1167 1393 1323 1435 depones,
1346 1396 1506 1469 ubinoena
1517 1396 1663 1429 adulterii
1679 1400 1798 1440 capita-

930 1434 969 1464 lis
981 1431 1026 1464 est
1041 1458 1049 1472 ‚
1072 1434 1103 1465 ἂ
1115 1443 1311 1477 quaecunque
1326 1435 1381 1476 sit,
1418 1438 1478 1469 atis
1491 1437 1607 1478 ubique
1622 1448 1732 1480 magna
1750 1440 1797 1473 est

930 1474 967 1506 ad
992 1474 1197 1508 deterrendos
1221 1476 1383 1516 homines,
1416 1479 1514 1511 fimile
1543 1479 1618 1520 quid
1647 1480 1797 1522 ausuros,

930 1516 1029 1563 ctiam
1048 1515 1110 1549 sola
1126 1517 1255 1550 infamia
1273 1519 1354 1561 apud
1367 1520 1454 1552 viros
1469 1530 1576 1563 graves
1591 1521 1624 1553 in
1636 1521 1716 1555 hanc
1731 1533 1799 1556 rem

930 1557 1046 1589 suflicit
1057 1582 1067 1598 ,
1089 1559 1279 1600 dignitatum
1295 1561 1414 1593 amiffio
1429 1564 1532 1596 multo
1549 1563 1665 1604 magis,
1683 1565 1714 1596 ὅτ,
1731 1572 1796 1596 tan-

929 1599 1000 1646 dem
1018 1607 1049 1630 te
1064 1600 1229 1633 cohibebit
1250 1602 1363 1643 exigua
1384 1603 1451 1644 spes
1470 1604 1612 1637 melioris
1633 1606 1796 1640 matrimo-

929 1650 971 1673 nii
983 1665 993 1681 ,
1018 1641 1318 1685 quomodocumque
1338 1644 1504 1679 damneris.

1095 1744 1180 1780 XI.

86 1839 124 1877 Si
146 1853 207 1888 qua
230 1842 336 1878 cautio
357 1839 560 1887 producenti's
584 1840 708 1874 nomine
725 1836 773 1883 fic
800 1844 972 1884 concepta,
1002 1848 1044 1872 an
1068 1848 1108 1873 ex
1134 1848 1172 1874 ea
1195 1839 1275 1874 reete
1300 1847 1380 1886 agat
1405 1840 1537 1888 quilibet
1559 1840 1731 1890 pqffi’ffir?

67 1946 247 1988 nterJCtos
270 1947 309 1979 de
334 1946 393 1978 hac
411 1944 583 1988 quaestione
602 1955 666 1979 non
690 1942 788 1985 magis
812 1951 886 1974 con-

19 1948 58 2032 I
81 1989 192 2026 venit,
215 1998 306 2030 quam
323 1989 405 2020 inter
423 1997 486 2019 tres
498 1988 650 2020 convivas
662 1987 700 2018 de
717 1987 802 2017 cibo.
823 1984 886 2030 ¹Et

19 2030 120 2070 magis
143 2029 206 2069 est,
238 2037 272 2061 ut
291 2029 455 2067 dicamus,
489 2029 572 2060 reste
594 2038 689 2069 agere
712 2025 886 2068 quemlibet

21 2070 243 2115 poss'ess‘orem,
267 2070 289 2103 fi
312 2070 379 2102 solo
396 2069 598 2112 producentis
616 2069 745 2102 nomine
769 2076 884 2099 conce-

44 2124 111 2146 tum
132 2113 230 2146 fuerit
257 2111 497 2144 instrumentum
513 2134 524 2150 ,
556 2117 582 2143 te
607 2112 719 2142 hemlen
745 2119 804 2140 acm
829 2110 885 2139 den

19 2123 127 2187 {omer
149 2154 184 2195 of
199 2155 315 2186 toonder
335 2153 430 2194 deser,
452 2152 528 2192 quin
549 2153 579 2184 δε
609 2161 703 2189 tunc,
734 2150 796 2183 fine
821 2150 885 2182 ulla

18 2197 155 2229 ceffione
168 2218 179 2234 ,
201 2195 285 2226 reste
299 2204 390 2236 agere
402 2193 602 2236 poss'ess'orem
612 2218 622 2234 ,
645 2195 667 2227 si
681 2192 799 2226 solutio
812 2201 883 2233 pro-

21 2238 112 2272 missa
130 2236 168 2269 fit
182 2246 242 2267 ααη
262 2237 392 2268 Maevius
413 2235 447 2275 of
466 2245 525 2266 acm
543 2237 599 2266 den
625 2236 730 2267 houdcr
747 2244 783 2265 en
803 2239 881 2264 toen-

19 2281 71 2312 der
103 2278 178 2320 defles
196 2300 206 2316 ‚
242 2287 308 2310 non
342 2285 448 2308 autem
480 2276 502 2308 fi
529 2275 648 2309 solutio
673 2274 820 2318 promissa
846 2274 883 2307 fit

21 2321 149 2359 Maevz‘0‚
175 2321 238 2351 eive
256 2320 294 2350 ad
311 2328 394 2360 quem
410 2328 444 2349 ea
458 2327 503 2349 res
519 2319 700 2358 pertinebit,
725 2326 796 2360 quae
815 2315 882 2348 for-

22 2364 106 2395 mula
124 2360 171 2393 est
193 2361 224 2393 in
244 2361 264 2392 l.
287 2370 338 2400 40.
359 2359 400 2400 ff.
423 2360 456 2390 de
474 2359 516 2390 R.
543 2358 581 2391 C.
607 2368 683 2392 tunc
708 2359 793 2391 enim
816 2367 881 2389 non

20 2404 104 2437 reete
129 2402 263 2435 solvitur
291 2400 346 2433 nisi
363 2401 412 2438 ei,
437 2400 490 2442 qui
517 2401 700 2441 probaverit
719 2424 727 2438 ,
754 2408 819 2430 reni
843 2398 882 2429 ad

18 2446 50 2479 st
67 2445 234 2487 pertinere.
280 2441 449 2474 Posteriori
474 2440 624 2474 formuiae
651 2441 801 2474 convenit
824 2449 880 2471 no-

21 2486 82 2520 stra
105 2488 161 2518 den
189 2486 336 2527 wettigen
356 2485 460 2514 hender
487 2483 520 2522 of
544 2484 659 2514 toonder
684 2483 771 2524 deses.
795 2481 881 2512 Tzin-

23 2538 91 2561 tum
107 2527 228 2560 scilicet
248 2525 396 2563 interest,
421 2523 640 2566 poffess'orem,
665 2534 704 2557 an
718 2524 883 2569 legitimum

19 2569 220 2613 poffeirorem
242 2567 400 2608 adjeceris.
446 2565 500 2597 Sin
522 2565 605 2605 hoc,
628 2566 676 2607 jus
701 2566 814 2597 actoris
830 2573 896 2597 eit->

22 2611 206 2644 cutiendum
223 2607 268 2641 est
281 2631 291 2647 ,
314 2609 377 2641 five
393 2617 433 2639 ex
449 2606 636 2639 succeffione
647 2631 656 2647 ,
681 2606 744 2640 sive
761 2616 800 2638 ex
815 2614 880 2651 ees-

22 2654 127 2691 fione,
152 2651 216 2684 five
239 2660 281 2682 ex
305 2650 365 2682 alia
387 2658 447 2690 qua
470 2648 579 2686 causa3
602 2648 644 2681 fin
664 2648 760 2688 illud,
785 2655 882 2679 etiam

22 2695 75 2728 fur
103 2693 187 2725 rene
205 2692 313 2733 exiget
330 2715 339 2728 ,
363 2690 385 2723 si
408 2690 511 2722 furem
532 2689 593 2721 esse
615 2690 740 2721 debitor
761 2690 881 2731 ignora—

22 2737 81 2769 vit.
127 2734 233 2775 Atque
257 2734 302 2765 ita
324 2733 384 2773 jam
401 2731 479 2763 olim
501 2731 656 2772 disputavi
676 2732 767 2763 Libro
778 2730 881 2773 fingu-

25 2778 82 2810 lari
104 2778 142 2808 ad
161 2777 190 2807 d.
217 2774 237 2805 l.
268 2784 319 2815 40.
349 2774 380 2805 C.
402 2776 432 2803 6.
456 2773 515 2804 Sed
537 2773 628 2815 digna
648 2782 698 2805 res
719 2772 786 2812 est,
810 2782 881 2813 quae

20 2817 194 2851 accuratius
212 2816 398 2853 extricetur,
423 2813 453 2845 ἃ
468 2824 542 2846 cum
554 2815 675 2856 legibus
691 2814 722 2847 δί
743 2814 882 2846 moribus

22 2859 137 2893 nosti-is
152 2864 374 2897 componatur.

64 2902 97 2934 Si
121 2897 281 2941 promiffio
304 2897 387 2929 fasta
411 2897 448 2929 sit
473 2898 504 2929 ei
521 2922 530 2937 ,
554 2899 606 2939 qui
640 2898 884 2941 chirographum

21 2941 205 2979 exhibebit,
227 2948 309 2981 puto
326 2963 336 2979 ‚
368 2947 428 2980 pro
451 2948 491 2970 eo
515 2948 580 2972 rem
603 2940 664 2973 effe
689 2941 882 2979 habendam,

63 3068 129 3107 (8)
150 3067 249 3096 Simon
268 3076 324 3096 van
344 3067 487 3096 Leeuwen
507 3066 542 3095 R.
561 3066 603 3095 H.
623 3066 659 3095 R.
688 3067 724 3096 L.
743 3069 767 3096 Ι.
786 3067 817 3097 C.
840 3073 883 3102 ις.

76 3116 101 3136 1.
122 3105 215 3143 Consti.
236 3104 277 3134 H.
296 3106 328 3134 T.
345 3115 369 3134 1.
391 3105 482 3142 Confil.
498 3112 563 3140 307.
583 3103 620 3139 ὃ
639 3104 776 3142 Canfil.B.
792 3105 885 3134 T.111.

72 3149 137 3179 265.
170 3151 255 3180 quam
277 3144 304 3173 in
328 3153 387 3172 rem
413 3145 496 3171 etiarn
525 3143 597 3171 adde
612 3165 619 3176 ‚
647 3152 705 3179 quae
725 3145 886 3180 exlegibus

60 3183 120 3212 rdd.
136 3183 242 3210 Gener.
257 3181 282 3210 ὅ(
297 3183 439 3213 Zelandiae
456 3181 536 3209 attuli
557 3181 635 3218 supra
654 3180 694 3219 vs.
709 3182 775 3211 Hoec
794 3189 889 3213 autem·

65 3222 128 3292 (ἓ)
147 3219 203 3290 DeI
212 3219 286 3259 Jure
306 3221 420 3251 Connub.
439 3220 472 3251 L.
494 3220 532 3250 11.
552 3219 582 3250 C.
606 3222 650 3251 18.
672 3229 697 3249 n.
718 3227 745 3254 9.

88 3259 167 3291 ''om.
207 3261 230 3293 l.
497 3279 501 3281 -

26 3119 54 3139 n.

27 3157 55 3176 n.

29 3186 57 3214 Ο

930 1951 1023 1986 atque
1046 1943 1068 1990 ‚fi
1095 1944 1189 1976 ceffio
1217 1944 1361 1987 quaedam
1393 1948 1545 1988 generalis
1566 1947 1796 1987 intercesserit,

929 1995 988 2027 qua
1003 1995 1197 2027 cuicunque,
1223 1987 1276 2027 qui
1294 1987 1371 2019 illud
1392 1988 1635 2022 instrumentum
1653 1989 1795 2032 possede-

928 2028 988 2066 rit,
1013 2026 1094 2058 solvi
1122 2028 1295 2060 mandatur.
1344 2028 1436 2061 Unde
1457 2030 1655 2064 manifestum
1676 2029 1741 2068 est,
1763 2030 1795 2062 ei

929 2069 1012 2100 reete
1027 2067 1129 2107 solvi,
1154 2079 1214 2101 nec
1240 2070 1342 2102 minus
1369 2071 1590 2111 manifestum,
1613 2081 1684 2104 eum
1709 2071 1795 2103 reste

928 2119 1035 2152 agere,
1057 2119 1152 2151 quum
1174 2111 1246 2149 alii,
1271 2111 1324 2152 qui
1342 2113 1508 2152 pecuniam
1525 2113 1680 2153 credidit,
1707 2113 1795 2145 nulla

927 2151 1079 2193 superesse
1088 2151 1268 2192 poffitaffio
1278 2175 1288 2191 ,
1300 2152 1351 2184 sed
1361 2153 1383 2186 fi
1396 2154 1557 2195 promiffio
1575 2154 1657 2186 faeia
1673 2154 1711 2186 fit
1727 2163 1795 2186 cre-

927 2194 1024 2225 ditori
1040 2193 1091 2225 vel
1106 2191 1182 2235 justo
1200 2193 1378 2234 poffeffori,
1404 2195 1517 2228 titulus
1536 2195 1712 2237 probandus
1733 2193 1794 2234 est,

927 2243 962 2266 ut
987 2233 1101 2266 sciatur
1117 2258 1127 2273 ,
1164 2244 1201 2266 an
1221 2259 1232 2274 ,
1267 2235 1318 2276 qui
1342 2236 1492 2277 poffidet,
1521 2236 1607 2268 reste
1630 2236 1792 2277 poffideat.

925 2276 988 2308 Sed
999 2286 1094 2318 quum
1108 2276 1186 2308 olim
1204 2276 1356 2316 ejusmodi
1373 2278 1464 2310 causa
1479 2278 1559 2319 apud
1576 2277 1704 2309 Curiam
1723 2287 1792 2319 age-

926 2327 1036 2357 retur,
1059 2318 1089 2349 &
1120 2317 1363 2359 chirographum
1386 2319 1463 2351 ess'et
1481 2317 1699 2360 conscriptum
1722 2320 1792 2351 fim-

923 2359 1051 2399 plicitei·
1069 2369 1129 2390 acm
1145 2360 1201 2389 den
1217 2360 1322 2391 houder
1346 2363 1367 2390 's
1393 2361 1502 2401 briefs,
1534 2360 1625 2392 aliter
1650 2360 1790 2392 creditur

923 2400 1016 2432 fuiffe
1026 2400 1093 2440 ejus
1109 2400 1260 2432 sentencia
1276 2400 1294 2440 (
1308 2401 1367 2442 1),
1382 2401 1501 2441 placuit
1515 2401 1599 2433 enim
1618 2402 1648 2432 in
1665 2410 1702 2432 ea
1718 2410 1790 2431 cau-

925 2440 955 2473 sa
977 2441 1060 2473 recte
1084 2440 1399 2473 Amsterdammenses
1422 2442 1546 2482 Judices
1569 2441 1663 2473 fuiss'e
1690 2442 1788 2474 inter-

923 2483 1095 2524 loquutos,
1129 2481 1368 2523 sequestraretur
1391 2483 1493 2523 petita
1512 2483 1665 2524 pecunia,
1713 2492 1789 2516 uum

925 2524 1168 2564 chirographum
1186 2522 1273 2555 suum
1289 2523 1466 2564 agnovisset
1481 2524 1617 2556 debitor.
1649 2525 1688 2556 Se
1725 2523 1787 2556 fer-

926 2574 977 2596 tur
1001 2564 1195 2596 sermonibus
1218 2563 1311 2596 fuiffe
1335 2573 1496 2606 aptatum,
1529 2565 1616 2597 aliud
1641 2566 1787 2598 obtinere

924 2615 1092 2647 oportere,
1118 2606 1140 2638 fi
1158 2605 1197 2636 de
1209 2605 1328 2646 judicio
1345 2607 1511 2648 principali
1526 2614 1691 2648 ageretur,
1714 2617 1786 2639 nam

924 2657 983 2690 pro
997 2647 1154 2679 sententia
1170 2646 1331 2679 fiduciaria
1349 2649 1524 2680 cavendum
1536 2672 1547 2688 ‚
1576 2648 1607 2680 ὃς
1621 2649 1695 2681 hinc
1714 2658 1787 2689 pro-

925 2690 1091 2722 cliviorem
1111 2689 1174 2721 esse
1201 2689 1239 2720 ad
1261 2689 1535 2722 condemnandum
1561 2689 1697 2730 judicem
1713 2712 1723 2728 ,
1756 2689 1787 2720 &

925 2731 970 2762 ita
985 2740 1112 2772 quoque
1129 2730 1182 2762 alii
1205 2730 1284 2772 (2)
1309 2730 1440 2772 sapiunt.
1486 2730 1547 2763 Sed
1569 2739 1630 2771 ego
1655 2731 1738 2762 inter
1752 2740 1785 2762 u-

925 2780 1069 2814 trumque
1092 2773 1243 2813 J'udicium
1267 2781 1332 2804 non
1358 2771 1570 2809 distinxerim,
1602 2780 1698 2811 quum
1722 2780 1789 2803 non

925 2815 1008 2846 reete
1026 2823 1116 2855 agat,
1145 2814 1197 2855 qui
1213 2813 1262 2853 jus
1275 2812 1385 2853 agendi
1403 2823 1468 2845 non
1493 2812 1607 2850 habet,
1631 2812 1662 2843 δε
1681 2813 1788 2844 cautio

926 2864 1061 2898 nequeat
1087 2854 1250 2897 supplere,
1289 2854 1374 2895 quod
1398 2855 1426 2886 ei
1452 2854 1513 2894 Juri
1539 2851 1632 2884 deest.
1677 2852 1787 2885 Refer-

927 2905 977 2930 tur
992 2897 1117 2939 quidem
1130 2898 1160 2929 ὅς
1176 2896 1234 2928 alia
1252 2894 1405 2927 sententia
1417 2918 1428 2933 ‚
1454 2893 1558 2926 mense
1576 2893 1673 2934 April.
1695 2898 1788 2934 1652.

926 2949 943 2971 a
967 2940 1084 2972 Senatu
1106 2938 1257 2979 Supremo
1280 2936 1361 2974 lata,
1385 2945 1467 2977 qua,
1500 2935 1533 2968 in
1554 2933 1645 2967 simili
1674 2935 1786 2974 causa,

1725 2986 1789 3010 non

939 3047 941 3049 ’
967 3065 1048 3103 (10)
1067 3063 1160 3101 Consti.
1178 3063 1219 3092 H.
1242 3061 1274 3091 T.
1294 3063 1346 3091 111.
1366 3060 1482 3100 Amster.
1502 3061 1622 3099 append.
1649 3069 1677 3099 p.
1694 3063 1740 3098 48·
1763 3060 1791 3091 a

925 3103 1029 3178 paygn.)
1050 3139 1187 3170 Neostad.
1207 3139 1298 3184 Decis-
1319 3138 1383 3169 cur.
1404 3139 1480 3184 Hon.
1500 3140 1537 3168 x.

972 3180 1032 3218 (2)
1058 3181 1136 3210 Voet
1156 3179 1190 3209 ad
1211 3177 1267 3207 Tit.
1280 3176 1321 3216 ff.
1342 3178 1372 3209 de
1393 3178 1522 3212 Solucwn.
1541 3186 1569 3209 n.
1589 3180 1619 3208 6.

1222 3257 1284 3290 Zz
