2008 3436
364 103 719 143 AMICA

3 181 7 210 Ῐ
47 183 132 229 φῐῡζὶ
154 197 190 219 an
207 187 384 229 oportuerit
400 185 486 223 fieri,
507 184 648 225 judicent
666 183 741 222 alii,
765 192 915 229 quosnon

0 226 6 259 ἔ
49 230 138 270 piac:
158 229 315 260 modestia:
336 227 366 259 ὅ(
379 225 575 259 sinceritatis.
619 224 913 273 AEquetnoniritel-

2 278 5 295 ‘=
47 255 112 311 liffo
121 269 244 302 musam
254 279 313 311 qua
320 278 382 301 non
392 267 561 310 perviderit
570 274 694 298 aetatem
704 264 813 311 'Inaciti
823 276 829 312 ξ
841 276 913 299 cum

48 311 179 351 'si-ajam
198 311 409 353 principatum
425 307 488 351 ipse
505 308 637 348 attingat
654 306 789 352 Tacitus
807 306 857 338 lib.
883 317 909 339 1.

49 352 163 394 Histoi:
197 363 220 384 s.
247 362 273 385 1.
307 351 442 394 Agricol.
475 361 499 382 c.
519 360 550 392 3.
581 348 617 384 ἐξ
645 347 693 380 De
711 349 772 394 [ibic
796 347 832 383 ὃ
854 359 910 380 mo-

0 387 2 421 ἷ
47 396 101 426 ri).
127 395 269 426 Cei-inan.
299 404 323 425 c.
349 403 399 434 37.
445 391 691 436 Caeterumaion
713 391 762 422 rui
779 399 909 436 conten-

48 445 99 468 tus
121 435 265 478 :illegass'e
289 434 441 467 Tacitum
469 431 522 465 sub
544 431 706 477 TraJano:
732 430 784 472 (¹)
815 439 910 463 etiam

0 470 1 475 ¹
53 477 218 518 Apuleium
238 476 349 508 adduxi
369 474 492 513 testem,
517 482 579 505 non
602 481 704 519 minus
719 474 911 518 certunm&

50 519 105 550 sub
132 517 228 551 Divis
254 517 411 550 Fratribus
432 515 512 556 Juris
535 513 665 546 scientia
690 523 754 546 non
773 522 911 545 incurio-

47 559 136 597 sum,
157 567 191 591 ut
209 569 249 591 ex
275 559 362 590 libris
379 554 634 597 Metamorphoseos
652 576 664 601 ⁹.
695 563 761 587 tum
778 563 818 586 ex
834 564 912 596 prae-

47 602 133 633 clara
149 601 214 641 ejus
229 601 376 642 Apologia
393 596 524 630 constat.
570 591 747 644 Potuiss'ent
764 595 833 644 haec
848 595 910 628 suf-

48 643 160 675 ficere:
185 642 217 682 (2
259 641 308 674 scd
327 650 413 672 amor
429 639 494 671 veri
525 648 551 670 c.
568 637 625 671 IV.
644 680 647 681 ⁷
674 638 725 669 aliz
742 637 833 669 Pania
856 647 909 685 ve-

52 684 113 715 tuit
133 692 182 715 me
195 692 215 714 o
239 682 339 715 livisci
358 680 509 714 Scaevolae
534 681 615 716 l.29.
633 721 638 726 Π
673 704 682 726 ·.
702 681 735 726 cie
749 678 908 720 iiiunziriizffl

50 722 180 766 testam„
205 724 280 756 item
296 721 490 756 Diocletiani
506 721 735 754 &Maximiani
759 721 780 753 l.
803 724 849 752 16.
876 722 906 753 C.

50 768 83 798 de
102 767 212 806 nuptiis
221 788 232 804 ,
263 766 291 798 δε
315 764 499 796 dissimulare
524 763 587 794 duo
612 772 651 794 ex
677 763 743 803 jure
765 763 909 803 exempla

48 807 211 849 iinpunitae
227 807 284 839 illo
303 814 444 847 tempore
462 803 666 846 expositionis
682 802 908 850 infantuirnff)

49 849 215 882 Obmovet
232 848 356 889 quidem
376 846 431 878 Vir
448 845 653 884 Clariffimus,
684 854 746 876 non
759 843 858 891 ‚fuist-e
874 848 908 876 il-

49 890 90 923 lis
109 890 141 921 in
160 889 240 921 locis
253 888 414 930 quaesitum
431 887 470 918 de
488 896 578 927 poena
594 894 781 926 exponentis
797 885 906 924 filiam3

49 931 169 964 &ideo
184 930 223 962 de
239 940 274 962 ca
298 938 423 971 quoque
446 927 559 959 cessare
585 926 783 968 responsum;
806 936 907 966 neque

48 971 227 1005 faciendum
243 980 325 1003 nunc
341 970 411 1002 inde
428 976 651 1009 argumentum.
696 968 756 1000 Sed
771 977 805 998 ea
823 966 905 999 solu-

49 1014 98 1045 tio
123 1012 168 1044 nil
191 1020 326 1044 meretur
351 1010 473 1051 reponi:
503 1019 573 1040 nain
595 1009 612 1050 <
623 1017 656 1040 ut
677 1018 795 1040 taceam
814 1009 853 1040 de
876 1011 903 1041 cl.

47 1055 70 1086 1.
89 1063 140 1091 29.
169 1053 199 1085 ἀ
219 1052 316 1084 solum
331 1052 438 1091 loquar
451 1050 490 1081 de
512 1051 539 1081 d.
560 1050 580 1081 l.
596 1050 671 1091 16.)
691 1050 712 1082 fi
731 1059 796 1081 tum
815 1054 904 1098 coer-

45 1095 112 1127 cita
132 1093 287 1134 corporali
312 1101 421 1133 poeua,
456 1100 549 1131 atque
572 1092 667 1123 etiam
698 1099 821 1131 morte,
843 1091 908 1123 fuit

45 1133 248 1176 expositionis
275 1133 416 1174 impietas
435 1156 444 1172 ,
477 1141 511 1163 ut
526 1140 616 1173 putat
630 1131 832 1165 Doctiffiinus
853 1134 906 1166 Se-

42 1183 154 1208 nator:
210 1172 292 1206 uaeso
307 1197 317 1213 ,
345 1184 381 1205 an
411 1174 480 1215 quis
503 1181 611 1214 pater,
634 1174 775 1215 expolita
795 1185 811 1206 a
827 1173 857 1206 se
874 1174 907 1207 fi-

42 1217 104 1254 lia,
131 1215 161 1247 ἂ.
184 1224 200 1246 a
242 1215 306 1247 alio
333 1215 463 1247 educata
480 1238 489 1254 ,
523 1214 608 1246 foret
628 1224 690 1247 tam
710 1215 836 1247 demens
854 1225 908 1248 aut

42 1256 243 1296 temerarius3
267 1264 303 1288 ut
321 1255 385 1299 ipse
407 1255 438 1288 sc
455 1256 554 1288 vellet
565 1257 711 1297 perdere:
734 1257 801 1297 ejus
820 1266 907 1299 repe-

84 1400 111 1421 1.
128 1390 177 1420 De
191 1390 312 1428 Apuleio
327 1389 384 1426 agis
408 1386 433 1426 §-
445 1389 501 1427 seq.
522 1390 571 1419 ubi
585 1388 611 1419 dt
626 1390 685 1428 ipse
700 1397 794 1428 agam,
815 1398 851 1420 ne
863 1392 905 1421 bis

43 1429 120 1460 idem
135 1429 236 1458 dicam.
904 1464 905 1467 Ἴ

79 1477 107 1498 2.
127 1468 174 1497 Ad
195 1467 282 1506 JCtos
301 1475 432 1505 properas
446 1489 453 1500 ,
488 1466 514 1496 ἀ
539 1466 602 1496 sane
623 1468 656 1496 iis
677 1466 794 1497 testibus
816 1470 856 1498 uti
878 1470 906 1499 in

43 1516 89 1541 re,
109 1514 171 1543 quae
191 1507 227 1534 ad
247 1506 496 1543 jurisprudentiam
520 1505 632 1534 illorum
650 1512 808 1542 temporum
823 1509 906 1545 perti-

42 1552 110 1580 net,
130 1546 158 1574 in
175 1545 269 1582 primis
285 1544 424 1573 laudabile
439 1544 487 1573 est.
527 1545 669 1574 Provocas
681 1552 774 1574 autem
793 1546 827 1575 ad
838 1547 905 1577 duas

40 1586 135 1621 Leges
150 1583 266 1612 alteram
276 1582 406 1612 Scaevoiae
422 1584 449 1611 in
469 1584 488 1612 l.
506 1591 551 1618 29.
572 1579 612 1622 ff.
642 1583 672 1612 de
692 1583 851 1623 Mariumz’ff.
871 1591 906 1614 te-

35 1621 117 1662 stam.
145 1623 259 1651 alteram
281 1622 454 1651 Diocletiani
475 1621 501 1650 ἀ
527 1622 695 1651 Maximiani
720 1623 748 1651 in
769 1624 787 1652 l.
810 1627 854 1653 16.
875 1624 904 1654 C.

40 1662 74 1692 ae
92 1661 180 1699 Nupt.
216 1661 258 1690 Ex
279 1661 372 1698 priore
397 1660 506 1696 colligis
523 1681 530 1693 ,
555 1660 685 1690 Scaevolae
709 1668 790 1690 aetate
817 1663 906 1692 licitas

36 1700 121 1731 {uiss'e
141 1704 269 1738 partuum
291 1699 476 1736 expositiones
493 1719 501 1733 ,
529 1700 595 1735 quia
615 1701 655 1729 ibi
678 1701 786 1729 mentio
802 1701 832 1730 fit
851 1709 895 1730 ma

39 1740 91 1769 tris
105 1740 289 1777 exponentis,
317 1739 420 1775 absque
445 1738 502 1766 ulla
515 1739 660 1767 mentione
680 1740 798 1767 materni
815 1740 903 1769 crimi-

37 1779 99 1813 nis,
127 1779 173 1807 vel
200 1778 382 1807 accusationis
404 1776 448 1805 vel
475 1785 575 1814 poenae.
615 1777 682 1806 Sola
697 1778 781 1813 igitur
798 1780 904 1807 mentio

39 1817 223 1854 expositionis
244 1817 294 1845 tibi
308 1815 423 1850 sufficit,
439 1822 470 1844 ut
486 1815 591 1845 licitam
605 1815 683 1845 fuiss'e
699 1817 811 1850 credas,
827 1817 904 1854 quod

39 1855 60 1887 fi
77 1855 111 1885 fit
122 1878 131 1891 ‚
152 1855 187 1884 de
201 1861 281 1884 aetate
295 1855 374 1884 Pauli
390 1860 503 1890 poteras
515 1862 628 1891 quoque
644 1860 838 1890 argumentum
856 1856 904 1885 du-

38 1888 103 1925 cere
117 1902 152 1924 ex
179 1896 198 1923 1.
220 1903 246 1923 1.
279 1894 304 1931 ς.
327 1902 354 1923 2.
374 1893 414 1932 ff.
442 1893 472 1920 de
502 1892 570 1931 Jur.
593 1891 715 1932 &fasti
727 1895 812 1930 ignor.
840 1894 906 1924 ·Sed

37 1941 124 1972 quam
138 1933 217 1962 fallat
235 1941 268 1961 ea
288 1933 381 1965 ratio,
407 1933 521 1968 exposui
549 1931 643 1969 Opusc.
666 1933 699 1960 C.
721 1933 770 1961 lX.
789 1939 816 1969 p.
839 1937 904 1978 3623

35 1981 92 2002 nec
104 1978 219 2011 repeto,
248 1980 307 2008 quae
332 1971 371 2000 ibi
390 1971 501 2008 prolixe
520 1971 577 1999 sum
594 1971 777 2008 exsequutus,
802 1971 828 1999 &
842 1980 903 2007 qin-

37 2011 90 2041 bus
104 2017 136 2040 tu
148 2011 217 2041 nihil
230 2011 353 2047 reponis.
393 2009 516 2042 Addidi,
550 2015 665 2038 matrem
682 2018 826 2046 nunquam
841 2011 903 2045 jure

37 2051 90 2079 suo
104 2049 256 2087 exposuisse
273 2049 425 2080 infantem,
448 2057 510 2076 cum
529 2056 561 2075 ea
578 2056 620 2076 res
639 2049 721 2076 unice
738 2048 906 2085 pependerit

37 2089 76 2117 ab
94 2088 194 2117 effeetu
206 2089 305 2117 Patriae
319 2086 481 2125 potestatis,
505 2091 536 2114 ut
550 2086 627 2123 supra
642 2086 750 2122 plenius
767 2087 907 2130 probavi,

39 2126 67 2155 ἀ
81 2126 147 2155 inde
161 2126 262 2161 effeci,
282 2126 441 2162 exemplum
459 2125 555 2153 matris
579 2127 744 2161 exponentis
761 2125 829 2153 nihil
844 2134 905 2162 per-

38 2165 131 2193 tinere
145 2165 180 2193 ad
195 2172 253 2193 rem
267 2165 435 2200 praesentem.
473 2164 586 2192 Videris
608 2164 692 2192 etiam
708 2184 715 2197 ‚
745 2163 800 2191 liae
821 2167 906 2193 amica

37 2203 145 2232 scilicet
163 2201 326 2242 Responsime
342 2224 350 2234 ‚
380 2203 413 2232 iis
443 2202 599 2231 rationibus
627 2202 710 2238 plane
737 2203 900 2237 conviftus,

36 2250 106 2271 narn
121 2249 187 2270 mox
208 2242 248 2269 ais
261 2248 288 2269 te
306 2241 464 2269 oniiffurum
480 2241 532 2268 esse
560 2240 634 2268 illam
655 2241 674 2269 1.
696 2248 741 2274 29·
761 2240 813 2278 (id
828 2241 905 2270 silen-

37 2281 109 2309 tium
135 2289 150 2308 a
170 2287 198 2309 te
217 2280 319 2308 veritas
345 2279 525 2315 impetravit)
556 2278 753 2307 &locuturum
770 2279 906 2309 duntaxat

37 2318 74 2348 de
93 2321 112 2347 1.
135 2322 179 2349 16.
201 2318 231 2347 C.
260 2318 290 2346 de
317 2318 403 2354 Nupt.
430 2318 457 2345 in
480 2325 535 2354 qua
556 2316 730 2346 existimabas
759 2318 811 2345 tibi
842 2318 904 2355 plus

36 2358 91 2387 esse
124 2357 250 2394 praefidii.
305 2356 360 2385 Sed
389 2355 463 2383 lectis
499 2356 553 2388 iis,
588 2364 649 2391 quae
680 2355 774 2395 Opusc.
801 2355 830 2384 C.
854 2357 904 2387 ix.

34 2403 62 2434 p.
89 2399 152 2431 363.
181 2396 238 2424 dixi
263 2394 297 2422 ad
329 2395 403 2422 illam
437 2395 455 2421 1.
487 2398 530 2423 16.
564 2400 676 2429 poteras
701 2394 725 2422 ὅ(
753 2394 788 2422 de
810 2403 842 2422 ea
865 2401 894 2423 ta

37 2435 136 2470 cuisse,
171 2434 192 2463 fi
212 2442 272 2462 non
293 2433 374 2462 aliter
401 2439 429 2461 te
457 2433 628 2466 extricares,
653 2441 737 2470 quam
761 2441 835 2462 nunc
855 2441 904 2462 ex-

50 2482 108 2502 rica
124 2496 131 2503 .

35 2479 49 2503 t
76 2482 237 2548 3.sSumma
261 2509 457 2547 disputationis
480 2515 533 2537 tllae
552 2509 607 2537 huc
628 2508 711 2538 redit.
763 2510 794 2538 In
814 2512 833 2540 l.
858 2513 903 2541 16.

34 2549 67 2579 C.
88 2549 180 2588 desen.
194 2556 266 2587 nupt.
285 2549 649 2584 rescribuntlmperatores‚
665 2555 789 2584 patrem,
811 2551 859 2585 qui
875 2550 904 2585 fi.

35 2588 105 2617 liam
127 2588 316 2625 exposuerat,
343 2595 475 2624 oportere
497 2587 600 2622 nuptiis
616 2607 623 2619 ,
646 2594 708 2614 cum
729 2586 787 2615 filio
804 2588 903 2617 educa-

33 2628 109 2656 toris
123 2626 320 2655 contrahendis
336 2648 342 2659 ,
371 2624 535 2654 consensum
556 2624 697 2662 praebere,
725 2624 772 2669 fin.
787 2627 878 2655 minus
894 2648 902 2661 ,

33 2664 238 2695 alimentorum
263 2665 395 2693 solutioni
420 2672 526 2700 parere.
573 2663 664 2707 Ergo,
693 2664 903 2709 inquis,·licita

33 2702 246 2740 fiiitexpofitio
260 2700 433 2732 Diocletiani
455 2702 499 2730 vel
519 2703 686 2731 Maximiani
702 2711 777 2735 aevo,
802 2703 904 2732 ridicu-

31 2742 51 2770 li
77 2741 206 2776 aliioquin
227 2739 253 2770 ἁ
281 2742 389 2770 absurdi
414 2741 524 2769 fuissent
545 2742 634 2777 Impp.
669 2741 688 2769 ii
708 2740 742 2768 de
761 2741 834 2771 fatto
853 2742 906 2772 illo

34 2780 250 2816 rescripsissent,
270 2779 471 2809 &temerarius
486 2789 519 2808 ac
532 2779 645 2808 demens
665 2786 761 2818 pater,
783 2780 802 2809 si
824 2790 904 2818 repe-

35 2819 140 2847 titione
167 2817 228 2846 filiae
253 2819 339 2846 vitam
364 2820 420 2856 ipse
442 2819 516 2847 suam
532 2817 660 2847 voluisset
674 2818 805 2856 prodere.
846 2821 902 2850 Sed

35 2859 92 2892 jam
125 2856 269 2885 defunetus
296 2856 350 2885 sum
378 2857 553 2894 responsione
588 2857 613 2885 d.
636 2864 700 2895 pag.
728 2863 793 2893 363.
847 2860 895 2888 Tu

33 2903 105 2923 vero
128 2915 138 2928 ,
165 2904 197 2923 ac
226 2894 244 2922 fi
269 2894 339 2923 nihil
364 2897 508 2939 quicquam
536 2896 754 2931 respondissem,
789 2897 901 2927 easdem

35 2935 165 2962 rationes
189 2934 336 2969 recoquis.
364 2941 417 2962 nec
431 2942 519 2963 novas
533 2936 601 2964 meis
614 2936 737 2971 reponis.
773 2936 844 2964 Non
859 2936 899 2965 so-

37 2970 93 3002 lum
108 2972 179 2999 *dixi
196 2993 204 3005 ,
230 2972 306 3007 quod
331 2970 417 3000 solum
437 2972 484 2999 bic
505 2974 612 3010 tangis,
639 2974 667 3001 iri
687 2974 713 3002 d.
734 2975 751 3002 l.
776 2978 820 3003 16.
841 2983 901 3004 non

35 3006 117 3038 suisli:
133 3006 272 3046 quaeiltum
288 3009 332 3037 vel
349 3009 505 3045 responsum
519 3011 554 3039 de
566 3012 628 3046 iure
641 3010 687 3040 vel
702 3011 802 3047 injuria
816 3021 899 3051 expo-

35 3047 168 3079 litionis,
198 3047 242 3076 sed
266 3048 302 3076 de
325 3047 456 3077 consensu
482 3050 568 3084 patris
591 3051 759 3085 exponentis
778 3051 900 3087 potuisse

35 3086 121 3122 quaeti
137 3085 163 3113 &
178 3085 353 3122 responderi,
374 3092 405 3114 ut
418 3092 448 3113 ut
462 3085 558 3115 illicita
572 3087 663 3117 suiil'et
677 3089 824 3126 expositio,
843 3090 900 3119 Sed

36 3125 77 3153 ita
91 3123 197 3152 crimen
219 3123 293 3153 suum
316 3124 372 3161 lpse
391 3124 558 3161 exposuisset
576 3132 654 3162 pater
667 3145 677 3160 ,
698 3126 723 3155 &
739 3132 850 3165 poenam
871 3130 900 3157 in

39 3162 66 3192 se
81 3162 253 3192 concitasset.
291 3163 332 3193 Sit
346 3163 396 3192 ita.
433 3163 528 3193 Patres
543 3163 579 3193 de
592 3164 688 3202 fastis,
708 3174 769 3202 quie
783 3168 900 3198 commi-

837 103 1511 146 RESPONSIO.

1760 113 1828 160 38?

957 183 1073 215 titione
1089 183 1120 214 se
1138 185 1319 225 proditurus
1338 186 1481 228 Praefidi,
1499 189 1728 232 Principalibus
1736 190 1829 224 Man-

955 224 1035 256 datis
1054 224 1228 265 obstricto,
1250 227 1447 267 provinciam
1472 240 1603 273 purgare
1620 234 1710 265 malis
1727 232 1829 265 hoini-

955 267 1047 298 nibus
1070 266 1091 297 l.
1117 276 1165 308 13.
1187 267 1208 299 l.
1231 278 1262 309 3.
1287 267 1330 299 D.
1355 270 1388 299 de
1406 268 1493 310 officio
1503 271 1642 312 praeficlz‘s.
1687 274 1784 318 Quod
1805 274 1826 307 fi

953 307 1031 339 adeo
1062 307 1241 348 imprudens
1267 317 1321 340 aut
1350 308 1474 343 insanus
1493 313 1586 344 alicui
1614 314 1713 347 videi-1
1730 316 1825 356 potiit

952 349 1028 380 filiae
1044 356 1148 389 pater:
1174 349 1273 390 (sunt
1293 350 1376 382 caim
1396 352 1491 384 variae
1509 355 1539 385 ὅ(
1553 354 1642 386 mirae
1661 356 1826 391 hominum

952 388 1145 432 sententiae)
1168 400 1205 423 an
1226 391 1359 431 proinde
1378 392 1489 425 dicturi
1509 394 1567 427 iint
1594 394 1802 436 imperatores
1815 422 1829 439 ,

952 431 1042 463 illum
1062 431 1137 463 fiiiae
1152 432 1351 474 expolitione
1362 456 1374 472 ,
1395 434 1427 465 id
1447 434 1509 475 est,
1522 435 1577 466 suo
1598 436 1713 469 sceiere
1721 449 1825 477 ,mor-

954 481 1017 504 tem
1037 474 1206 514 meritum,
1228 474 1365 506 adultam
1392 476 1519 516 quidem
1546 478 1758 511 inverecunde
1782 491 1829 512 re-

955 522 1063 554 petere
1076 537 1087 552 ‚
1110 523 1142 546 at
1168 526 1185 547 a
1209 516 1277 556 jure
1296 516 1422 548 interim
1439 517 1518 550 nibil
1536 517 1642 550 facere
1660 520 1797 553 alienum
1813 545 1826 562 ,

955 555 1051 586 modo
1069 556 1106 587 sit
1120 566 1245 597 paratus
1257 581 1267 595 ‚
1298 557 1520 592 alimentorum
1544 560 1699 601 impensas
1713 563 1827 595 educa-

956 597 1017 626 tori
1034 595 1196 629 restitucre
1215 609 1223 631 :
1252 598 1306 641 (4)
1333 600 1362 632 ἃ
1380 599 1423 632 sic
1439 601 1536 633 moris
1553 601 1624 634 ess‘c.
1671 602 1755 636 Tam
1774 607 1827 637 ab·

954 636 1063 668 surdos
1089 638 1120 669 in
1148 638 1254 672 Rescri
1283 649 1316 672 to
1343 639 1436 673 fuisse
1453 642 1682 684 Imperatores,
1704 646 1725 677 si
1745 645 1826 679 serio

954 677 1008 710 sibi
1042 679 1203 719 persuadet
1264 682 1291 713 ii·
1320 681 1511 716 Clariffimus
1527 708 1537 724 ‚
1576 695 1640 719 non
1674 687 1825 721 invideo:

953 718 1005 751 sed
1030 729 1047 750 a
1064 730 1114 752 me
1139 722 1271 763 aliisque
1293 731 1328 754 ut
1350 723 1430 756 serio
1455 726 1621 767 credatur,
1643 729 1827 769 impetrabit

950 770 1128 802 numquam.
1176 763 1382 797 Verisimilius
1406 765 1450 798 cst
1478 768 1554 800 mihi
1571 792 1582 808 ,
1615 770 1675 801 erit
1690 769 1779 802 forte
1795 772 1828 804 δε

951 803 1041 841 aliis,
1065 803 1272 844 Imperatores
1288 828 1299 844 ,
1333 816 1487 847 quatenus
1510 810 1625 842 attinet
1640 811 1677 843 ad
1694 812 1826 846 infantis

951 844 1181 884 expositionem
1198 868 1209 885 ,
1241 847 1270 878 dt
1292 847 1407 880 adultae
1433 851 1655 891 repetitionem
1675 877 1685 892 ‚
1717 855 1825 887 oblata

949 886 1172 918 alimentorum
1189 888 1406 930 restitutione,
1429 891 1473 922 ita
1500 899 1534 923 ut
1550 895 1645 926 moris
1664 894 1726 926 csse
1745 898 1773 927 d.
1797 907 1823 929 c.

950 926 1007 958 IV.
1039 927 1123 968 Juliz‘
1152 929 1243 961 Pauli
1267 931 1399 971 probavi
1430 942 1469 964 ex
1493 933 1684 976 Quintiliani
1722 937 1772 969 lib.
1791 948 1825 979 7.

951 967 1025 1009 Irist.
1054 971 1141 1002 Orat.
1164 981 1188 1002 c.
1213 981 1238 1003 1.
1262 981 1326 1003 rem
1346 973 1404 1004 illo
1419 984 1491 1005 aevo
1514 977 1634 1009 licitam
1656 985 1751 1019 atque
1768 980 1827 1013 im-

950 1011 1092 1050 punitam
1112 1012 1286 1053 indigitare.

993 1051 1020 1091 §.
1047 1052 1121 1084 XV.
1155 1053 1251 1100 Quod
1278 1053 1299 1086 si
1323 1055 1372 1087 his
1399 1055 1471 1097 sua,
1503 1066 1539 1089 ut
1566 1068 1715 1102 oportet,
1741 1063 1829 1096 adest

951 1094 1138 1126 auctoritas:
1156 1096 1254 1134 cedo,
1274 1106 1335 1137 qua
1361 1098 1483 1130 ratione
1498 1099 1553 1131 fibi
1571 1101 1753 1140 persuadeat
1765 1105 1826 1138 Vir

950 1133 1164 1174 Ampliffinius
1183 1159 1195 1175 ,
1232 1137 1365 1169 Veteres
1392 1139 1432 1170 de
1452 1139 1607 1173 infantum
1628 1146 1829 1185 expolitione

949 1174 1133 1208 disserentes
1148 1201 1158 1216 ,
1190 1187 1256 1210 non
1279 1188 1422 1212 enarrare
1445 1181 1494 1221 jus
1516 1183 1698 1218 coneeffuin
1723 1188 1827 1224 omni-

951 1217 1028 1254 bus3
1051 1216 1106 1249 sed'
1120 1219 1243 1260 privata
1270 1219 1389 1262 flagitia
1413 1223 1541 1262 publice
1556 1225 1657 1257 vetita
1672 1228 1702 1259 &
1719 1230 1828 1268 puniri

950 1256 1063 1291 solita:
1084 1260 1221 1293 maxime
1244 1264 1317 1303 post
1343 1261 1540 1305 Trajanum,
1559 1264 1773 1309 Hadrianum,
1796 1271 1830 1304 &

950 1391 1056 1427 serant,
1079 1393 1184 1424 illicitis
1198 1397 1282 1431 etiam
1299 1397 1367 1427 alias
1387 1397 1579 1434 imperatores
1599 1401 1716 1433 adiviss'e
1731 1413 1828 1438 exem·

948 1431 997 1467 plo
1012 1431 1050 1460 est
1071 1433 1090 1461 l.
1114 1441 1138 1462 1.
1162 1434 1191 1463 C.
1213 1435 1244 1463 de
1264 1434 1355 1464 Liber.
1379 1437 1448 1474 caus.
1490 1438 1572 1472 Rem,
1594 1441 1687 1477 inquit
1702 1444 1829 1475 Antoni-

949 1478 1000 1498 nus
1014 1492 1021 1502 ,
1043 1471 1166 1501 illicitam
1183 1471 1220 1507 &²
1232 1472 1388 1510 inhonestam
1401 1481 1429 1502 te
1443 1475 1582 1515 admiffiffe
1597 1477 1744 1517 confiteris,
1765 1485 1828 1521 quia

947 1510 1079 1545 proponis,
1094 1507 1168 1546 filios
1186 1512 1311 1548 ingenuos
1334 1523 1350 1541 a
1374 1519 1398 1541 te
1415 1516 1591 1549 venundatos,
1605 1515 1656 1553 sed
1669 1519 1716 1548 adi
1730 1530 1830 1559 compe—

948 1553 1042 1576 tentem
1052 1548 1171 1586 judicem
1191 1549 1244 1579 &c.
1285 1550 1428 1588 objurgat
1443 1558 1552 1590 patrem
1575 1555 1610 1583 de
1623 1554 1697 1585 facto
1714 1558 1827 1598 illicito,

950 1585 995 1614 sed
1016 1586 1053 1614 de
1074 1587 1135 1621 jure
1157 1590 1278 1625 partium
1305 1591 1418 1626 privato
1442 1592 1586 1622 consultus
1602 1602 1666 1623 eum
1682 1597 1831 1629 nihilomi-

949 1632 1001 1653 nus
1018 1627 1053 1653 ad
1069 1626 1192 1661 judicem
1213 1635 1426 1665 competentem
1449 1632 1576 1661 remittit.
1618 1633 1697 1672 Quid
1714 1635 1733 1664 si
1755 1636 1780 1666 ἀ
1795 1639 1829 1670 in

949 1663 1040 1700 specie
1068 1664 1095 1693 d.
1121 1665 1140 1693 1.
1164 1669 1207 1695 16.
1232 1672 1311 1695 amor
1332 1667 1398 1702 filii,
1418 1676 1454 1697 ne
1476 1672 1589 1707 nuptias
1611 1672 1742 1710 indignas
1759 1684 1830 1706 con-

948 1703 1089 1737 traheret,
1113 1702 1247 1741 spreverit
1262 1708 1513 1737 extraordinariam
1530 1730 1540 1744 ‚
1564 1718 1648 1746 quam
1664 1718 1733 1742 tunc
1747 1714 1827 1744 fuisse

948 1749 1029 1774 reor,
1050 1747 1160 1779 patrum
1184 1745 1388 1781 exponentium
1415 1754 1528 1782 poenam
1545 1770 1553 1781 ,
1575 1747 1601 1777 ἃ
1617 1749 1697 1779 simui
1717 1752 1829 1789 spreve-

945 1779 983 1808 rit
999 1779 1144 1809 infamiam
1169 1780 1242 1811 fae'ti‘.
1282 1782 1312 1811 Si
1333 1784 1436 1822 capital
1452 1784 1544 1815 fuiss‘et
1565 1795 1724 1826 exponere,
1756 1797 1828 1821 tune

948 1816 1060 1847 demum
1081 1819 1176 1856 aliqua
1191 1820 1258 1850 esset
1272 1822 1315 1849 vis
1338 1824 1496 1859 argumenti
1520 1826 1587 1860 tui,
1614 1828 1681 1864 quia
1694 1849 1705 1864 ‚
1731 1835 1763 1858 ut
1786 1830 1830 1860 di-

947 1857 1046 1885 cebam
1073 1857 1097 1886 d.
1123 1864 1150 1894 p.
1174 1862 1239 1894 363.
1270 1860 1306 1888 de
1327 1861 1463 1891 consenni
1483 1864 1596 1901 patris,
1625 1867 1675 1903 qui
1703 1875 1828 1899 mortem

947 1896 1066 1929 meruit,
1094 1896 1210 1932 quaestio
1234 1898 1325 1928 videri
1356 1907 1469 1937 poterat
1499 1903 1598 1932 inanis.
1639 1906 1746 1935 Verum
1766 1908 1827 1944 ipse

948 1933 1088 1962 duntaxat
1104 1935 1232 1965 Patribus
1248 1939 1476 1974 exponentibus,
1498 1947 1574 1969 certe
1590 1941 1626 1970 ad
1643 1951 1732 1980 usque
1748 1946 1828 1976 Con-

946 1971 1099 2001 stantinum
1119 1974 1162 2002 M.
1185 1983 1296 2011 poenam
1319 1977 1570 2008 extraordinariam
1594 1980 1726 2016 indistam
1743 1990 1827 2021 puta-

947 2011 992 2044 vi,
1028 2019 1085 2039 non
1110 2012 1281 2041 ordinariam
1305 2014 1389 2050 Legis
1410 2017 1551 2046 Corneliae
1573 2018 1609 2047 de
1623 2020 1756 2057 sicariis,
1777 2023 1826 2053 vel

946 2048 1091 2086 Pompeia:
1105 2050 1140 2078 de
1154 2051 1332 2086 Parricidiis‚
1353 2053 1380 2081 <St
1406 2061 1438 2083 ut
1462 2055 1491 2083 id
1509 2056 1650 2092 dicamus,
1672 2061 1801 2098 exempla
1813 2083 1826 2096 ,

949 2096 1011 2124 quae
1027 2089 1062 2116 ad
1077 2097 1190 2118 manum
1207 2090 1286 2125 sunt,
1309 2092 1428 2120 omnino
1454 2094 1605 2130 postulant.
1644 2096 1698 2126 Sed
1716 2100 1785 2136 quid
1804 2100 1826 2129 fi

947 2135 1033 2163 poena
1050 2131 1217 2162 exponentis
1232 2129 1318 2165 patris
1336 2139 1397 2159 aevo
1416 2131 1594 2162 Diocletiani
1611 2133 1637 2163 δι
1650 2136 1828 2168 Maximiani

947 2165 1034 2193 etiam
1049 2165 1139 2194 fuiffet
1150 2167 1399 2205 capitalis?neque
1411 2170 1504 2200 velita
1519 2171 1632 2202 fortaffe
1649 2174 1717 2204 effet
1730 2177 1825 2207 inanis

947 2203 1064 2240 quaestio
1078 2203 1112 2232 de
1126 2205 1188 2239 jure
1203 2207 1323 2243 partium
1339 2208 1460 2244 privato.
1500 2210 1573 2245 Fae,
1588 2213 1760 2244 accusationi
1770 2224 1826 2253 pu-

947 2241 1027 2270 blicae
1050 2242 1128 2271 fuisse
1150 2244 1337 2282 praescriptum
1353 2268 1361 2280 ‚
1394 2246 1440 2274 vel
1461 2248 1515 2277 alia
1533 2250 1676 2286 incidisse,
1698 2261 1760 2290 quae
1773 2263 1824 2291 pa.-

947 2286 1020 2310 trem
1046 2290 1061 2309 a
1085 2290 1168 2318 poena
1191 2284 1291 2320 capitis
1306 2292 1476 2315 exemerant.
1507 2288 1565 2317 ‘Tu
1586 2288 1649 2318 sane
1664 2299 1723 2319 non
1737 2301 1827 2329 nega-

946 2320 1011 2354 bis,
1031 2319 1094 2356 post
1112 2321 1132 2350 1.
1153 2323 1179 2350 8.
1201 2321 1232 2350 C.
1251 2322 1286 2350 ad
1307 2322 1342 2352 L.
1363 2324 1462 2353 Cornel.
1483 2325 1516 2353 de
1535 2326 1619 2355 sicar.
1646 2327 1673 2356 δε
1697 2329 1717 2357 1.
1740 2338 1768 2359 2.
1789 2330 1824 2361 C.

947 2358 980 2386 de
1000 2357 1104 2394 Insunt.
1127 2359 1230 2396 exposit.
1252 2369 1365 2398 poenam
1380 2364 1466 2399 patris
1482 2364 1527 2392 vel
1550 2365 1658 2394 domini
1677 2375 1825 2404 exponen-

949 2397 983 2426 tis
1005 2396 1082 2425 fuisse
1097 2397 1246 2435 capitalem
1259 2421 1267 2433 ‚
1288 2399 1350 2436 post
1366 2409 1470 2430 annum
1483 2402 1588 2431 scilicet
1607 2404 1823 2437 CCCLXXIV'.

948 2444 1007 2472 quo
1029 2434 1122 2464 emiss'a
1143 2436 1183 2465 est
1210 2443 1329 2474 utraque
1345 2439 1529 2468 Constitutio.
1565 2442 1661 2480 Atque
1676 2445 1705 2472 in
1720 2445 1821 2476 eadem

948 2474 966 2502 1.
989 2482 1016 2502 2.
1037 2473 1158 2503 dominis
1173 2475 1218 2505 vel
1235 2477 1362 2513 patronis
1377 2480 1587 2515 exponentibus
1605 2489 1722 2518 negatur
1739 2493 1827 2522 repe-

948 2513 1013 2541 titio
1038 2512 1177 2549 expositi,
1204 2513 1361 2550 posterioie
1382 2525 1485 2555 nempe
1503 2517 1570 2554 legis
1585 2526 1680 2555 parte,
1703 2531 1765 2559 quae
1779 2523 1820 2552 esi:

946 2551 1070 2580 Honotii
1086 2551 1112 2579 &
1132 2551 1305 2586 Theodosii,
1326 2553 1351 2581 &
1368 2557 1432 2583 anni
1454 2556 1620 2587 CCCCXlI.
1641 2565 1673 2587 ut
1689 2569 1722 2588 ex
1739 2562 1824 2590 codi-

947 2598 979 2617 ce
994 2588 1196 2619 Tlieodofiano
1220 2591 1367 2621 observavi
1395 2593 1492 2632 Opusc.
1516 2594 1545 2624 C.
1566 2597 1617 2625 IX.
1635 2603 1663 2634 p.
1685 2603 1749 2633 363.
1770 2600 1820 2629 Ad

945 2627 1066 2656 eundem
1081 2628 1197 2657 modum
1210 2629 1396 2667 Justinianus‚
1414 2633 1461 2661 diu
1478 2633 1541 2670 post
1556 2634 1688 2664 sancitam
1703 2646 1819 2673 poenam

948 2666 1098 2704 capitalem
1115 2687 1124 2701 ‚
1154 2668 1182 2696 in
1208 2669 1227 2696 l.
1250 2676 1277 2703 3.
1305 2668 1343 2704 ἐξ
1367 2671 1418 2700 ult.
1439 2671 1469 2700 C.
1491 2671 1521 2700 de
1540 2672 1643 2710 Infam.
1665 2675 1768 2712 expolit.
1789 2676 1820 2706 dc

946 2704 1054 2734 Novell.
1076 2705 1176 2736 CLIII.
1202 2706 1347 2736 interdicit
1368 2709 1418 2744 iis,
1441 2711 1489 2745 qui
1511 2712 1713 2748 exposuerunt,
1736 2715 1818 2743 omni

945 2745 1115 2781 repetitione
1131 2743 1246 2774 infantis
1261 2746 1388 2784 expositi.
1429 2748 1460 2776 Id
1475 2749 1567 2778 modo⁵
1576 2749 1699 2779 dixeram
1708 2757 1735 2787 p.
1748 2755 1819 2788 364.v

946 2782 973 2810 ἃ
988 2783 1054 2811 inde
1069 2783 1236 2819 effeceram,
1253 2793 1287 2813 ex
1304 2785 1349 2814 illa
1365 2787 1534 2823 repetitione
1555 2788 1602 2816 vei
1617 2788 1748 2824 admissa,
1769 2792 1816 2821 vel

944 2828 1064 2858 negata,
1086 2830 1144 2851 non
1159 2823 1231 2853 reste
1254 2831 1448 2859 argumentum
1472 2825 1536 2853 duci
1552 2826 1588 2854 ad
1604 2825 1710 2855 licitam
1733 2827 1815 2859 illici·

944 2866 1038 2888 tamve
1053 2859 1189 2890 infantum
1199 2862 1414 2899 expositionem.
1456 2863 1500 2892 Ad
1514 2865 1573 2892 haec
1595 2864 1680 2899 igitur
1695 2873 1755 2895 erat
1769 2876 1815 2897 re-

944 2898 1136 2936 spondendum
1147 2921 1154 2932 ,
1173 2899 1219 2928 vel
1233 2901 1350 2928 omnin-o
1364 2901 1527 2934 tacendum.
1547 2902 1624 2937 quod
1641 2902 1814 2939 postremum

943 2938 1038 2966 multis
1064 2938 1224 2966 nominibus
1247 2937 1418 2975 praeslitiss'et.
1465 2940 1587 2976 Jacobus
1615 2941 1815 2974 Gothofredus

943 2975 979 3004 ad
1007 2978 1025 3004 1.
1049 2981 1074 3004 1.
1104 2975 1133 3004 C.
1163 2975 1258 3004 Tbeod,
1285 2975 1316 3003 de
1345 2975 1439 3014 Exposl
1470 2977 1568 3005 eadem
1589 2979 1608 3006 l.
1633 2983 1678 3009 16.
1699 2983 1812 3018 utitur,

944 3009 989 3042 sed
1006 3022 1063 3042 non
1080 3015 1204 3042 abutitur
1219 3015 1247 3042 in
1264 3021 1327 3041 eum
1344 3014 1436 3043 finem.
1474 3016 1570 3045 Habet
1587 3015 1613 3044 ἃ
1628 3018 1669 3047 ibi
1684 3018 1738 3049 alia
1749 3021 1816 3059 plu-¹

942 3061 991 3087 ra,
1013 3060 1074 3088 quae
1091 3058 1121 3080 tu
1136 3053 1164 3080 in
1178 3060 1236 3079 rem
1253 3058 1329 3079 tuam
1345 3054 1417 3080 maie
1432 3057 1527 3084 vertis.

980 3098 1007 3124 4.
1029 3089 1108 3118 Nihil
1122 3089 1151 3118 de
1165 3099 1233 3118 more
1247 3089 1410 3127 rescriptum
1428 3092 1523 3122 video.
1564 3091 1699 3126 Ceterum
1718 3097 1754 3127 de
1766 3107 1811 3129 re-

941 3126 1080 3165 petitione
1096 3127 1235 3165 expositi,
1263 3127 1352 3157 modo
1373 3131 1517 3164 concessa,
1539 3132 1631 3162 modo
1642 3138 1762 3173 negata,
1782 3137 1812 3168 δε

943 3167 978 3197 de
994 3166 1317 3235 alimeiitorumcpretio,
1339 3176 1402 3199 cum
1415 3169 1612 3210 refundendo,
1631 3179 1692 3207 tum
1705 3184 1812 3212 negan-

1222 3213 1237 3233 Ε
1256 3212 1270 3233 G
1290 3213 1309 3234 2
1753 3215 1810 3250 doj
1830 3228 1835 3231 ‘
