2008 3436
262 121 448 159 orusc.
499 119 572 156 DE
620 114 1015 154 CAPTATORHS
1065 113 1378 152 INSTITUT.
1431 119 1467 153 C.
1498 114 1557 155 xi.

47 207 227 248 praererirwn
244 204 354 234 valent.
401 200 484 234 Mihi
513 206 617 230 autem
636 197 727 229 valde
745 197 849 242 piacet
868 204 913 226 ra-

53 250 99 280 tio
129 246 294 278 (autentis
311 269 319 282 ‚
355 252 388 274 ut
422 247 451 274 et
474 241 561 282 supra
587 249 655 271 cam
680 239 833 284 probavi,
857 246 915 287 nec

51 289 216 329 quiequam
234 285 277 318 est
295 284 424 326 periculi
451 283 488 315 ab
512 281 690 322 objectione
706 280 836 320 jaionis.
881 282 913 310 ,51

50 330 207 362 Naevium
230 327 381 360 hat-sedern
401 325 530 356 scribam
552 333 592 354 ex
610 331 646 353 ea
663 329 771 363 parte,
795 330 835 351 ex
853 330 914 360 qua

48 380 100 403 me
125 371 186 410 jani
213 368 330 409 i'eripiit
351 390 361 405 ,
392 367 466 407 quid
483 363 624 406 proderit
645 362 811 409 revocatio
832 362 913 393 Mae-

49 412 115 450 vii,
141 412 193 443 nili
213 420 246 442 ut
258 410 323 450 ‚ipse
341 407 472 439 vicissim
487 406 585 438 haeres
603 414 690 451 meus
707 413 770 436 non
787 408 822 450 iit
834 425 843 442 ,
863 403 913 434 de-

48 453 177 486 ficiente
194 452 313 484 seilicet
332 447 540 481 conditione?
574 446 668 478 Aliud
685 443 751 480 est,
774 445 794 477 fi
815 455 845 478 in
865 445 913 477 fu-

49 503 154 526 turum
169 494 284 525 coliata
301 491 336 523 iit
356 490 518 526 conditio,
542 497 612 519 nam
630 487 649 519 ii
673 487 832 519 Naevium
852 488 911 519 11113-

48 536 152 568 rede-ai
179 534 308 566 scribam
326 555 336 570 ,
367 531 387 563 fi
415 532 445 562 ἃ
463 529 526 571 ipse
543 528 649 570 postea
666 538 715 560 me
733 528 910 570 scripserit,

49 578 80 609 ὃ(
97 577 236 608 Navius
253 581 356 615 pareat
374 571 551 604 conditioni
565 593 576 609 ,
598 580 658 611 ego
668 593 680 609 ,
703 572 846 617 quamvis
866 581 910 602 re-

47 617 228 649 vocaverim
248 616 485 652 testamentum,
512 621 545 644 ut
567 613 710 653 poisurn,
732 613 845 644 Maevn
866 622 909 644 ta-

44 669 117 692 men
147 658 244 688 haeres
267 666 323 687 cro
342 679 351 694 ,
386 654 436 687 scd
464 655 604 686 Maevius
631 654 706 685 milii
732 654 829 686 lueres
847 664 911 687 non

45 701 116 742 erit.
160 697 290 741 Optima
306 696 351 729 cst
371 697 437 728 baec
452 697 534 728 ratio
553 694 738 735 Castreniis,
762 695 801 735 fi,
826 703 861 727 nt
880 705 913 727 0-

45 748 172 786 portet,
204 740 241 772 ad
268 739 506 771 revocationem
529 738 701 777 captatoris
728 736 910 776 referatur,

44 782 210 816 revocatio
225 782 308 812 enim
327 781 443 822 captati
455 779 709 811 &conditionem
722 802 731 817 ‚
744 780 773 810 ὅ(
784 788 910 810 omnem

43 822 246 866 quaestionem
267 822 402 863 perimit.
432 822 511 853 Sunt
528 822 556 852 δε
577 821 645 851 alia:
665 821 820 859 rationes,
840 830 909 861 qua:

43 874 155 898 contra
179 864 387 905 captatoriam
417 862 600 903 scripturam
636 861 801 901 militant,
834 871 909 902 quas

46 907 115 946 Cap.
146 905 182 937 ΙΙ.
218 906 247 937 ὃς
276 905 381 946 passim
411 905 460 935 hoc
481 903 622 944 Opasculo
638 904 790 941 recitavi,
815 903 906 934 aliam

41 957 168 989 quoque
187 946 272 978 dedit
291 946 355 987 ipse
369 945 459 986 Jason
480 946 508 976 cl.
528 945 581 975 loc.
607 944 820 984 prae'euntibus
837 945 908 975 Bar-

43 989 114 1022 tolo
142 990 172 1021 &
198 988 378 1020 Alexandro
407 987 443 1018 ad
476 987 495 1017 l.
511 995 562 1026 34.
596 986 626 1016 C.
645 986 678 1015 cle
704 985 904 1025 Tmnratiian,

41 1026 170 1063 libertas
188 1039 299 1071 nempe
324 1027 500 1060 testamenti
524 1026 690 1065 factionis,
714 1035 784 1066 quae
805 1026 852 1058 bis
869 1027 905 1058 il-

42 1071 175 1104 lecebris
195 1094 205 1109 ,
236 1070 257 1102 fi
284 1080 347 1103 non
368 1068 580 1105 subvertitur,
610 1076 674 1099 non
693 1076 801 1108 parum
819 1077 907 1099 certe

38 1112 214 1154 frangitur;
238 1121 296 1144 nec
313 1121 380 1142 eam
397 1110 551 1141 rationem
567 1107 631 1149 ipse
648 1108 904 1150 improbaverim,

41 1160 228 1195 quamquam
254 1153 308 1185 illa
328 1173 338 1192 ,
369 1161 461 1193 quam
487 1148 654 1182 Castrensis
671 1150 783 1190 habet,
807 1151 907 1193 magis

40 1196 77 1229 fit
98 1194 243 1236 propria,
266 1194 368 1225 minus
386 1202 517 1225 remota.

83 1236 221 1270 Andreas
244 1235 387 1267 Alciatus
418 1234 458 1266 L.
477 1234 516 1266 11.
541 1235 668 1277 Par-erg.
693 1233 764 1275 Jur.
793 1235 824 1267 C.
849 1244 902 1276 31.

38 1287 101 1311 non
127 1286 222 1309 omne
246 1277 347 1308 adhuc
372 1283 539 1309 veternum
563 1275 705 1308 excuffit.
756 1277 811 1308 Ait
828 1277 901 1317 ilie,

39 1321 70 1352 ὅ(
88 1319 191 1356 reete,
223 1328 287 1350 non
305 1318 413 1350 valere
436 1316 650 1350 institutiones
665 1341 675 1357 ,
701 1318 732 1350 in
749 1317 903 1350 secretum

38 1361 148 1393 alienae
173 1359 349 1392 voluntatis
374 1359 524 1400 collatas,
554 1367 668 1401 utpote
682 1360 872 1400 captator-ias
892 1382 903 1400 ,

38 1403 213 1442 additque,
250 1401 300 1432 scd
327 1410 486 1442 perperam
506 1424 516 1440 ,
547 1400 610 1432 hoc
630 1402 830 1442 exemplum:
859 1400 903 1433 Ut

38 1454 103 1475 cuin
128 1443 240 1475 Titium
256 1441 395 1484 instituo,
410 1441 440 1481 fi
463 1442 648 1483 Sempronius
662 1443 799 1474 voluerit.
846 1441 902 1475 Est

38 1485 164 1527 quidem
180 1484 296 1516 vitiosa
313 1484 380 1516 haec
399 1482 578 1523 institutio,
600 1483 651 1516 sed
668 1493 733 1516 non
745 1483 902 1523 exSCto,

37 1527 124 1568 quod
141 1526 331 1567 captatorias
357 1525 524 1566 prohibet,
557 1533 588 1557 at
606 1525 691 1567 quod
705 1526 809 1558 alieno
825 1525 904 1558 arbi-

37 1568 102 1600 trio
119 1567 156 1600 fit
174 1566 316 1609 permiss'a
329 1590 338 1606 ,
372 1576 411 1598 ex
429 1567 536 1599 reoula
553 1576 685 1609 nempe,
709 1577 779 1608 quae
798 1567 829 1599 id
848 1576 900 1599 ve-

37 1616 105 1648 tat,
136 1618 290 1650 quamque
314 1608 403 1650 supra
427 1592 614 1641 adim-eham.
662 1609 774 1641 Omnis
797 1615 901 1651 capta-

36 1653 120 1690 toria
136 1649 316 1690 institutio,
348 1649 370 1682 fi
387 1650 606 1682 conditionem
623 1650 762 1692 spectes,
786 1650 907 1692 pendet.

35 1701 76 1726 ex
92 1692 196 1724 alieno
211 1691 362 1731 arbitrio,
386 1691 437 1724 sed
451 1701 534 1733 non,
559 1701 600 1724 ex
621 1691 796 1732 conversO,
821 1701 903 1734 quae-

35 1743 160 1776 cunque
186 1734 302 1776 pendet
327 1743 368 1766 ex
394 1733 496 1766 alieno
523 1732 656 1766 arbitrio
676 1757 686 1773 ,
717 1733 781 1765 dici
798 1731 903 1774 potest

35 1777 229 1818 captatoria‚
253 1776 514 1822 quemadmodum
539 1774 613 1808 satis
651 1773 823 1813 robarunt,
847 1774 902 1816 qui

35 1817 198 1859 utriusque
213 1816 408 1850 differentias
425 1817 592 1859 exsequuti
631 1824 697 1849 unt.
741 1815 904 1848 Hastenus

37 1858 132 1900 igitur
150 1858 310 1899 Alciatus,
329 1860 434 1896 ,errori
453 1866 599 1891 veterum
617 1858 829 1900 Interpretum
846 1857 902 1889 im-

36 1900 164 1942 plicitus
174 1924 185 1940 ,
208 1901 289 1932 male
305 1910 371 1932 rem
387 1900 552 1940 definivit,
577 1900 690 1932 melius
707 1898 814 1941 postea
825 1908 900 1930 con-

36 1942 132 1974 suluit
146 1941 210 1973 hoc
226 1943 374 1983 exemplo
387 1953 395 1973 ε
423 1943 622 1983 Semproniam
636 1939 754 1981 instituo
770 1941 824 1972 hac
833 1950 899 1971 con-

37 1984 165 2022 ditione,
191 1982 220 2022 fi
245 1995 287 2015 me
305 1985 370 2015 vice
397 1984 480 2026 veisa
499 1984 635 2014 haeredem
643 1984 770 2024 scribat.
816 1981 898 2025 Quae

35 2033 132 2066 porro
158 2023 328 2066 sequuntur
351 2025 433 2066 apud
460 2025 621 2056 Alciatum
651 2024 683 2055 in
709 2023 788 2055 hanc
811 2032 899 2062 rem,

37 2065 131 2097 ausim
145 2065 306 2106 praestare,
330 2067 437 2098 omnia
451 2066 520 2098 fere
543 2066 643 2107 proba
662 2064 746 2096 reeta
762 2064 834 2097 effe.

80 2106 224 2138 Tandem
241 2117 319 2139 vero
335 2107 456 2140 receffit
472 2108 575 2139 omnis
592 2107 696 2147 caligo
707 2128 719 2144 ,
740 2115 810 2138 nam
830 2104 902 2147 post

36 2147 244 2188 Augustinum
274 2151 301 2179 d.
334 2149 376 2180 L.
398 2148 454 2180 IV.
486 2148 611 2180 Emend.
649 2149 680 2180 C.
708 2155 757 2187 15.
803 2146 901 2179 Cora-

38 2187 116 2221 fium
139 2187 266 2230 Mffcell.
292 2189 333 2221 L.
358 2190 398 2221 V.
424 2190 456 2221 C.
479 2199 528 2232 13.
573 2189 757 2230 Cujacium,
780 2187 900 2221 Covar-

37 2230 180 2267 ruviam,
203 2230 409 2269 Connanum,
441 2230 616 2263 Donellum
639 2230 678 2262 iis
693 2230 794 2270 locis,
820 2239 900 2272 quos

39 2270 128 2311 supra
143 2270 230 2310 dixi,
254 2281 348 2304 nemo
366 2280 449 2302 nunc
462 2270 581 2311 nescit,
606 2271 681 2312 quid
697 2270 735 2303 fit
756 2278 898 2312 captato-

38 2311 263 2345 riainstitutio.
311 2311 522 2345 Covarruvias
535 2312 661 2354 quidem
675 2312 713 2344 ad
737 2312 770 2345 C.
792 2322 841 2355 13.
852 2311 897 2344 X.

551 2429 910 2494 'TANTU

1756 131 1823 164 441

957 195 990 226 de
1009 191 1140 240 'Tcstanu
1172 204 1200 226 η.
1220 205 1257 240 3.,
1303 195 1351 241 Au
1376 196 1501 236 ustino,
1537 199 1568 231 in
1590 208 1662 232 vera
1680 200 1830 241 interpre-

958 243 1078 267 tatione
1102 244 1289 276 captatoriae
1316 241 1360 269 1111
1380 239 1544 278 itutionis,
1569 242 1701 281 palmam
1720 243 1828 283 prieri-

956 275 1056 318 puiss'e
1079 276 1123 307 ait
1145 277 1335 318 Rapiiaelem
1361 278 1544 311 Gornefium
1570 282 1606 312 ad
1639 283 1659 313 l.
1686 292 1713 323 7.
1739 283 1767 325 §;
1796 293 1823 315 12

951 317 991 360 ff.
1015 319 1048 349 de
1077 317 1149 349 Reh.
1173 321 1240 364 decb:
1283 320 1342 351 Sed
1357 330 1420 352 non
1437 320 1481 352 est
1509 326 1614 363 ‘opcrae
1634 325 1768 363 pretium
1786 325 1825 355 de

957 369 997 390 co
1014 359 1167 391 morosius
1188 360 1366 401 diiputare,
1396 372 1491 403 quum
1508 387 1517 402 ,
1553 372 1587 394 ut
1603 364 1664 403 jam
1686 365 1827 403 ostendi,

958 400 1020 442 ipsa
1038 399 1148 432 Gloss'a
1170 403 1318 435 omnibus
1342 404 1476 444 palmam
1493 405 1702 446 praeripuerit.
1751 407 1824 437 Vei-

958 443 1018 475 lem
1044 443 1140 475 modo
1160 468 1170 483 ,
1207 454 1244 475 ne
1269 444 1460 486 Augustinus
1474 451 1575 486 verae,
1602 456 1694 488 quam
1711 447 1796 479 dedit
1814 470 1824 484 ,

956 485 1209 524 interpretationi
1240 487 1422 526 addidiss‘et,
1446 488 1569 529 forfasse
1595 499 1650 519 uon
1669 489 1761 520 levem
1777 500 1825 519 cu-

951 526 1248 567 piaturiaestripl{uve
1273 530 1466 569 improbanda
1489 531 1604 572 &azyma
1619 530 1732 571 suiffe,
1751 532 1823 572 quoii

955 578 992 598 ex
1017 568 1113 598 <iliano
1137 571 1257 600 ικνέῑίινίο
1277 573 1442 610 penderet,-
1475 580 1528 604 aut
1558 572 1642 603 enim
1671 573 1757 603 nulla
1779 571 1824 604 cst

956 609 1023 640 haec
1044 609 1146 649 ratio,
1171 619 1225 642 aut
1249 613 1352 644 omnis
1369 614 1451 644 ratio
1471 623 1522 645 me
1539 612 1633 655 fugit.

996 650 1171 696 Stephanus
1189 652 1375 686 Forcatulus
1387 677 1397 693 ,
1420 656 1473 696 qui
1491 656 1605 697 ingenii
1622 655 1774 696 qualitate
1793 656 1824 688 ὅ(

954 691 1068 723 fiducla
1086 692 1249 726 Doctrinae
1268 696 1403 736 plurima
1424 697 1577 729 innovare
1594 697 1731 729 instituit
1744 721 1753 736 ,
1769 698 1822 728 Cu-

950 735 1013 774 pid.
1039 733 1189 776 Jurz‘sper.
1219 737 1249 767 C.
1278 737 1331 769 VJ.
1357 748 1388 770 n.
1403 749 1432 781 3.
1459 739 1666 780 captator-iam
1688 737 1820 781 scriptu-

955 785 1018 807 ram
1042 786 1104 808 non
1123 777 1183 808 elie
1203 786 1313 817 putat,
1332 778 1361 817 fi
1382 782 1445 821 qzrsr
1468 781 1578 812 Τξειίωιι
1604 780 1761 821 insistatis,
1785 791 1822 811 ex

953 827 1010 858 qua
1031 824 1116 858 parte
1145 819 1241 850 'l‘itius
1258 821 1292 860 s&
1312 821 1375 861 ellat
1392 820 1601 862 willimarum,
1625 824 1678 854 libi
1697 822 1818 863 persua-

952 862 1046 897 dens,
1077 869 1144 890 eam
1173 860 1356 901 scripturam
1386 864 1509 904 probari
1531 864 1560 895 in
1585 866 1604 895 l.
1632 875 1681 896 20.
1708 863 1735 904 ξ).
1762 864 1816 895 alt.

945 900 987 941 ff.
1010 902 1043 931 (le
1068 902 1181 933 Condit.
1208 901 1301 943 irisi‘ffit.
1329 903 1378 935 sed
1398 913 1472 937 tunc
1496 906 1641 945 demum,
1667 906 1685 937 ii
1706 915 1820 945 practer

951 940 1182 975 mstitutionem
1201 944 1390 977 deiideretur
1414 946 1521 978 sutura
1547 947 1639 988 ipsius
1658 947 1819 979 testamen-

953 983 976 1013 ti
1006 984 1154 1016 recitatio
1170 1007 1182 1023 ,
1218 986 1247 1017 <Sc
1266 986 1338 1018 inde
1357 987 1574 1028 ess‘estriptmn
1590 990 1764 1020 recita-eam
1789 989 1818 1020 in

950 1024 970 1055 l.
1000 1033 1026 1056 1.
1043 1025 1084 1066 ff.
1109 1027 1143 1057 de
1162 1026 1223 1058 His
1239 1037 1298 1068 quae
1309 1033 1364 1068 pro
1377 1029 1552 1070 manscript.
1572 1032 1638 1061 [sah.
1663 1032 1692 1062 ὃς
1705 1055 1714 1069 ,
1733 1031 1819 1071 quod

949 1063 1019 1097 fere
1044 1067 1174 1108 perinde
1199 1069 1244 1100 est
1262 1093 1271 1107 ,
1295 1071 1442 1110 Jcripcmn
1464 1069 1618 1111 ostenderit
1634 1074 1821 1112 probaverit-

949 1117 1001 1149 que
1027 1108 1058 1139 in
1081 1108 1101 1139 l.
1120 1118 1168 1150 71.
1196 1109 1224 1151 §.
1253 1119 1280 1142 1.
1299 1111 1341 1152 ff.
1365 1112 1399 1142 de
1423 1111 1542 1144 Harecl.
1568 1111 1636 1153 inst.
1661 1113 1719 1144 Sed
1739 1123 1818 1154 prae-

951 1157 1092 1191 ter-quam
1115 1151 1201 1192 quod
1228 1152 1314 1184 nulla
1339 1152 1430 1193 hujus
1446 1153 1655 1185 distinetionis
1673 1153 1734 1185 esse
1753 1164 1823 1195 pos-

947 1190 983 1222 fit
1005 1192 1090 1236 ratio
1107 1215 1117 1231 ,
1150 1202 1247 1232 cum,
1278 1194 1363 1235 quod
1383 1195 1421 1226 ad
1453 1195 1668 1236 captationem
1684 1195 1818 1235 attinet,

947 1231 1025 1264 nih11
1055 1233 1196 1272 interfit,
1228 1245 1278 1266 me
1293 1234 1442 1269 scientem
1458 1260 1468 1276 ,
1495 1246 1533 1269 an
1551 1237 1749 1278 ignorantem
1770 1246 1819 1269 ca-

945 1281 1051 1314 ptatus
1070 1273 1184 1307 scribat
1202 1276 1375 1317 haeredem,
1401 1279 1533 1312 omnino
1552 1279 1649 1310 etiam
1666 1278 1817 1310 Forcatu-

946 1316 1013 1347 lum
1026 1314 1112 1357 fugit
1130 1316 1285 1350 sententia
1301 1318 1459 1352 Labeonis
1478 1320 1509 1351 in
1534 1321 1562 1352 d.
1597 1321 1617 1351 b.
1639 1330 1689 1353 20.
1713 1320 1745 1361 §.¹
1759 1321 1813 1360 ult.

945 1366 1017 1388 nam
1035 1379 1046 1396 ,
1077 1365 1113 1389 ut
1138 1359 1270 1400 probavi
1305 1361 1376 1402 Cap.
1397 1361 1457 1393 IX.
1489 1361 1550 1393 alia
1571 1362 1662 1403 plane
1690 1362 1816 1394 ratione

945 1407 1010 1430 non
1035 1397 1080 1430 est
1106 1401 1281 1441 captatoria
1305 1401 1478 1444 scriptura,
1500 1412 1569 1444 quae
1588 1403 1633 1435 ibi
1651 1404 1816 1443 occurrit,

946 1440 976 1471 &
989 1439 1053 1472 five
1070 1441 1139 1481 quis
1153 1441 1257 1482 dicat,
1276 1441 1306 1482 si
1320 1446 1494 1476 recitaverit
1510 1449 1554 1475 me
1571 1444 1728 1484 haeredem,
1751 1445 1817 1478 five

935 1480 1082 1523 scriptum
1095 1483 1291 1524 recitaverit,
1314 1484 1378 1517 five
1400 1487 1644 1527 nuncupaverit,
1667 1485 1731 1518 five
1736 1486 1817 1528 scri—

939 1522 1034 1570 pserit
1050 1547 1075 1570 ,·
1092 1523 1158 1556 five
1182 1523 1345 1568 instituerit
1359 1550 1371 1566 ,
1400 1527 1464 1560 five
1490 1529 1624 1560 habuerit
1642 1550 1654 1567 ,
1685 1526 1823 1561 diversis·

943 1565 1093 1597 formulis
1118 1566 1248 1600 eandem
1271 1577 1337 1600 rem
1353 1569 1452 1610 dicit,
1489 1570 1588 1602 modo
1603 1569 1671 1602 haec
1687 1571 1815 1608 omma,

944 1613 981 1639 ut
1010 1608 1186 1648 captatoria
1212 1609 1292 1649 fint,
1323 1610 1361 1643 ad
1377 1618 1501 1653 tempus
1515 1611 1660 1643 futurum
1679 1610 1815 1644 referan-

946 1655 1005 1679 tur.
1052 1647 1184 1681 Possunt
1206 1650 1347 1692 alioquin
1373 1653 1403 1685 ὃ(
1420 1653 1458 1691 ad
1477 1660 1601 1694 tempus
1616 1653 1816 1694 praeteritum

944 1688 1074 1729 referri,
1105 1689 1222 1732 absque
1245 1692 1310 1725 ulla
1334 1691 1511 1735 suspicione
1540 1693 1678 1733 fraudis,
1704 1693 1756 1726 sed
1773 1693 1816 1726 se-

946 1730 1084 1762 cundum
1100 1740 1154 1770 ea,
1177 1742 1249 1773 quae
1275 1742 1518 1775 proponuntur,
1543 1735 1583 1766 de
1599 1735 1638 1767 iis
1653 1734 1715 1766 effe
1733 1735 1815 1775 judi-

946 1772 1079 1804 candum
1095 1796 1105 1812 ‚
1141 1772 1214 1806 satis
1237 1774 1281 1807 ibi
1310 1775 1422 1808 videor
1451 1776 1625 1818 probass‘e„
1651 1776 1731 1809 Sane
1747 1786 1818 1808 ver-

945 1813 1021 1845 bum
1044 1816 1217 1847 recitaverit
1243 1816 1277 1848 in
1307 1817 1336 1849 d.
1369 1818 1391 1850 l.
1413 1828 1439 1850 1.
1468 1818 1509 1860 ff.
1535 1819 1569 1849 de
1593 1817 1655 1850 His
1678 1828 1738 1860 quae
1750 1818 1816 1892 ,ξφ-α’

945 1864 1002 1893 non
1015 1855 1124 1897 script.
1150 1857 1216 1890 hab·
1249 1857 1311 1890 effe
1328 1857 1430 1893 futuri
1454 1860 1627 1901 temporis,
1651 1869 1686 1891 ut
1704 1860 1734 1892 ὅ(
1782 1869 1814 1891 c·

946 1897 1063 1930 curfius
1086 1897 1285 1931 existimabat
1300 1922 1312 1939 ,
1343 1900 1568 1942 jubet.regula
1592 1901 1682 1942 1.,71.
1704 1908 1753 1942 pr.
1769 1900 1812 1943 ff.

941 1938 974 1970 de
992 1938 1110 1971 Haered.
1133 1938 1202 1981 inst.
1227 1950 1298 1982 quae
1317 1941 1381 1982 ipsa
1399 1942 1569 1983 prohibet,
1594 1952 1634 1974 ne
1651 1952 1724 1974 cum
1734 1942 1812 1974 For·
1856 1981 1860 1984 ,

940 1981 1049 2012 catulo
1064 1980 1222 2020 dicamus,
1245 1981 1332 2023 poffe
1349 1992 1418 2014 eam
1436 1993 1551 2015 vocem
1575 1983 1619 2015 ibi
1645 1982 1754 2016 referri
1772 1985 1811 2015 ad

945 2028 1070 2063 tempus
1096 2022 1158 2062 Jam
1182 2024 1337 2056 exactum.
1388 2024 1586 2066 Argumento
1618 2034 1743 2066 quoque
1767 2025 1812 2057 est

944 2064 971 2094 d.
998 2063 1017 2094 l.
1044 2072 1094 2104 71.
1114 2071 1163 2104 pr.
1198 2065 1236 2096 de
1258 2064 1322 2106 ipsa
1344 2065 1534 2098 recitatione
1563 2075 1628 2098 non
1646 2066 1707 2099 effe
1727 2066 1812 2098 labo-

943 2105 1094 2144 randum,
1119 2104 1171 2137 sed
1192 2105 1231 2138 de
1250 2105 1315 2138 sola
1330 2105 1549 2145 institutione,
1580 2108 1632 2138 vel
1648 2107 1682 2139 in
1700 2116 1811 2149 praete·

943 2146 1041 2178 ritum
1059 2169 1070 2185 ,
1102 2147 1155 2179 vel
1177 2147 1210 2178 in
1240 2146 1385 2179 futurum
1423 2148 1552 2181 collata.
1594 2149 1627 2181 Si
1658 2149 1814 2189 ejusmodi

943 2187 1077 2219 verbum
1099 2211 1109 2227 ,
1141 2188 1227 2229 quod
1259 2189 1290 2221 in
1316 2196 1486 2230 utrumque
1513 2197 1637 2232 tempus
1661 2191 1813 2232 explicari

941 2228 1054 2270 poffit,
1078 2227 1244 2270 inciderit,
1269 2240 1333 2262 non
1351 2229 1397 2262 est
1416 2230 1570 2273 sequenda
1586 2231 1810 2264 For-catanae·-

941 2269 1069 2309 finitio,
1092 2281 1185 2312 quam
1208 2272 1236 2303 d.
1267 2282 1296 2303 n.
1314 2283 1345 2314 3.
1380 2272 1487 2314 leges,
1514 2271 1566 2304 sed
1582 2272 1669 2304 forte
1686 2283 1749 2305 non
1766 2275 1811 2306 ina

942 2311 1067 2354 telliges
1076 2335 1087 2352 ,
1098 2322 1209 2345 verum
1225 2322 1280 2353 ea,
1289 2323 1382 2356 quam
1396 2323 1455 2346 nos
1468 2314 1611 2347 dedimus
1626 2315 1653 2346 d.
1668 2315 1737 2356 Cap.
1749 2315 1809 2348 IX.

938 2450 986 2493 M
1062 2451 1244 2505 EST.

32 3272 47 3278 ⁴·
86 3260 163 3298 Ίῖηη.
187 3260 212 3296 Ι.

1137 3267 1246 3304 Kkk
1735 3272 1816 3305 IN-
