2008 3436
4 30 10 70 r]

4 99 9 161 ’ς
183 102 625 153 ‘OBSERVATioNUM
652 106 787 155 JURIS
813 103 1026 142 ROMANI
1075 103 1163 140 Lm.
1190 105 1259 159 lv.
1311 105 1352 143 e.
1379 102 1516 146 xxiv.
1567 101 1690 145 xxv.
1745 116 1813 153 127

2 198 8 232 5
43 197 180 231 ‘vestibus
198 197 293 237 eligat
318 192 482 234 singulares
500 214 509 231 ,
534 190 609 233 quin
633 187 782 220 liberetur
800 211 809 227 ,
834 194 914 219 non·

5 249 7 275 1
42 239 88 272 est
112 240 263 277 dubium,
296 235 344 269 sed
365 243 460 276 quum
486 233 540 274 ipsi
563 230 738 275 curatione
763 227 900 270 impense

6 299 7 305 .
44 290 228 320 noceretur,
254 277 357 311 inutili
373 275 507 314 malitia,
525 281 634 306 contra
653 269 845 303 manifestam
859 280 897 317 a}-

4 323 5 334 ³
42 325 195 366 quitatem
214 346 223 361 ,
258 322 287 353 ὅ(
307 315 523 360 praesumptam
545 321 680 346 mentem
701 311 876 359 testamenti
889 334 899 352 ,

4 358 5 394 ἶ
42 366 162 407 optima
180 363 298 396 ratione
318 358 433 402 placuit
452 382 460 396 ‚
485 357 670 388 electionem
695 354 756 385 elle
778 353 899 384 restrin-

4 395 5 430 1
41 407 172 450 gendum
188 405 224 437 ad
243 402 337 445 ipsam
357 398 509 441 synthesim
522 422 530 437 ,
541 407 579 429 ne
595 396 734 438 alioquin
750 394 801 427 sua
812 404 897 443 com-

2 458 3 461 ’
42 448 142 490 posita
163 446 245 488 paria
264 443 364 484 frangi
389 441 523 480 patiatur
547 439 645 471 haeres
662 462 671 477 ,
697 436 747 469 sed
763 437 856 478 pollit
874 446 896 467 μ

1 508 3 518 1
43 490 116 532 pse,
141 496 175 520 ut
189 485 331 520 Seaevola
345 481 447 521 addit,
470 491 511 512 ex
529 479 663 523 synthesi
706 478 827 524 raestare
853 486 900 509 tu·-

0 556 3 563 ,
42 532 127 563 nicas
145 531 174 561 δι’.
192 528 302 570 pallia,
328 526 379 556 vel
399 521 527 564 defungi
551 531 625 553 vera
645 531 669 552 te
701 521 851 552 imatione
871 529 900 550 e-

42 572 193 604 lectorum
224 568 390 610 palliorum
422 564 668 604 tunicarumque.
716 562 842 602 Absque
867 570 902 592 ea

943 187 976 218 lo
993 185 1120 217 auclore
1137 184 1280 225 obtinet,
1305 195 1461 229 quamque
1480 187 1638 230 synthesm
1657 185 1815 221 co'nstitis·

943 227 974 260 se
991 236 1124 259 numero
1145 226 1341 267 septenari03
1365 227 1387 260 fi
1403 228 1581 270 Martialis,
1606 240 1700 272 quem
1722 239 1819 262 unum

943 269 1065 308 laudat,
1081 269 1241 309 synthesim
1252 271 1462 309 septenariam
1476 270 1581 311 dixits,
1606 274 1690 305 dixit
1714 281 1754 303 ex
1770 269 1816 302 fa·-

942 312 994 343 tto
1011 334 1020 350 ,
1055 320 1119 342 non
1145 318 1179 342 ut
1201 311 1385 342 excluderet
1408 313 1557 344 ternarias
1573 336 1582 352 ,
1607 313 1819 354 quaternarias

944 354 1002 385 &e
1049 351 1174 384 Deinde
1201 351 1222 383 si
1240 362 1280 384 ex
1295 352 1435 385 vestibus
1454 352 1571 394 septem
1587 356 1678 388 unius
1696 354 1818 386 coloris

942 395 995 426 vel
1015 393 1128 425 formae
1151 403 1243 425 unam
1259 394 1383 434 demas,
1408 403 1473 426 non
1499 404 1666 437 propterea
1689 397 1813 437 pei-den·

944 443 995 467 tur
1009 436 1138 477 reliquae
1156 434 1233 474 sex3
1257 445 1315 467 nee
1343 435 1487 468 audietur
1510 436 1608 469 haeres
1623 462 1632 478 ‚
1657 439 1711 480 qui
1737 437 1813 468 velit

945 477 1068 510 servare
1090 476 1225 509 vestium
1241 477 1411 517 cohortes,
1436 487 1453 509 a
1471 477 1621 511 testatore
1643 480 1750 521 inepte
1773 478 1818 509 di-

945 519 1109 558 stributas,
1123 519 1241 565 quique
1255 518 1332 550 adeo
1348 519 1428 550 velit
1445 529 1558 562 negare
1573 521 1717 562 pallium,
1732 519 1818 561 quod

944 561 1077 600 debebat
1089 584 1099 600 ,
1124 570 1163 592 ne
1180 562 1264 592 suam
1282 560 1400 602 septem
1415 561 1586 608 palliorum
1605 562 1773 595 cohortem
1789 569 1818 592 a-

41 612 159 645 malitia
182 609 321 652 legatarii
340 607 361 639 11
385 605 482 645 esset,
509 604 716 637 aessimatione
738 611 841 635 rerum
861 603 902 649 le—
945 603 1097 635 mitteret.
1144 601 1187 634 Et
1207 611 1302 643 quum
1315 602 1360 649 Q?
1386 612 1468 649 agris
1494 613 1622 650 quoque
1649 603 1818 650 usurpetur

39 662 179 696 gatarum
197 661 260 683 non
278 647 470 682 satisfaceret
485 647 584 679 litei-es
603 670 612 685 ,
638 653 673 676 ut
694 645 766 686 Jure
785 645 899 676 constl-
935 642 1106 691 synthesis,
1134 652 1169 675 Ut
1188 643 1277 685 supra
1291 644 1378 684 dixi,
1403 644 1503 676 velim
1518 646 1615 684 scire,
1639 656 1677 678 an
1695 645 1727 677 h1
1740 653 1818 687 quo—

40 693 250 777 tuzffdldzstita
267 742 346 775 puto
367 730 437 763 satis
455 730 589 772 intelligi
610 729 704 760 verba
729 729 758 761 δε
785 727 903 760 senten-

40 778 117 810 tiam
139 775 292 809 Scaevolae
305 798 314 813 ,
339 783 397 805 nec
415 771 477 804 esse
495 796 505 811 ,
531 781 587 802 eur
600 771 725 812 prolixe
745 779 904 802 moremur

37 819 172 851 aliorum
187 815 471 859 interpretationes.
571 854 577 859 ·
725 854 730 859 ¹
787 853 792 858 ⁷

40 870 82 892 nu
104 868 173 891 atur
193 856 356 891 Accurlius
368 880 377 895 ,
388 864 422 886 ut
443 854 521 886 solet
538 854 704 896 aliquando
722 864 753 885 in
763 853 820 891 his,
833 861 903 897 quae

41 901 78 933 ad
107 901 199 932 iteras
218 898 385 941 pertinent.
431 895 613 928 Pancirolus
637 899 665 928 d.
691 895 730 927 L.
755 894 793 926 ll.
819 894 902 924 Var.

41 941 130 976 Len.
153 943 185 974 C.
213 950 278 974 100.
299 937 449 980 [yntbeses
472 935 533 967 esse
554 936 632 967 dicit
656 936 752 977 vestes
775 941 900 966 tasnato-

42 986 108 1015 rias
132 982 184 1016 scu
207 982 399 1017 triclinares,
421 986 598 1019 perperam:
626 987 726 1018 neque
750 977 833 1007 enim
857 976 900 1007 ul-

43 1026 99 1058 libi
117 1022 264 1067 synthesis
275 1020 318 1053 est
332 1029 445 1052 nomen
459 1025 553 1049 certae
569 1017 678 1057 vestis,
694 1018 743 1050 scd
756 1026 899 1059 quarum-

44 1076 104 1113 que
113 1064 242 1096 vestium
251 1061 439 1103 compositio
449 1069 458 1097 ;
468 1068 525 1091 nec
533 1060 783 1101 conti-aprobant
793 1058 898 1089 auclo-

41 1115 165 1145 ritates,
181 1113 256 1145 quas
271 1101 334 1145 ipse
351 1100 489 1133 adduxit.
508 1100 669 1132 Salmasius
682 1100 719 1132 ad
737 1101 901 1140 Vopiscum

41 1149 74 1182 in
91 1149 157 1179 uita
173 1143 274 1183 Bonofi
292 1145 324 1176 C.
336 1143 410 1176 XV.
427 1139 817 1184 synthesiminterpretatur
830 1142 899 1182 sep·-

42 1196 127 1221 tenas
135 1185 230 1228 vestes
239 1187 371 1229 ejusdem
381 1185 483 1215 coloris
492 1206 503 1220 ‚
512 1183 645 1222 fatiam
655 1183 830 1219 &materiae
840 1207 849 1222 ,
866 1188 900 1214 ut

32 1231 146 1273 septem
160 1230 268 1261 tunica
281 1227 438 1268 subsericae
461 1225 574 1257 colorioe
586 1227 718 1267 ,septem
730 1232 900 1267 purpurat,

36 1273 146 1314 septem
157 1271 252 1313 pallia
269 1279 343 1303 auro
351 1268 459 1311 sparsa
469 1292 480 1309 ,
492 1267 528 1303 {3⁹
544 1265 581 1306 (ic
595 1271 629 1300 de
647 1269 727 1301 aliis.
753 1267 813 1300 Sed
833 1267 900 1300 nul-

607 1357 963 1396 CAPUT

517 811 567 844 De
580 812 718 854 Jyntbefi
740 813 771 843 in
796 811 906 852 primis

946 696 1007 728 que
1030 695 1062 718 m
1088 684 1207 726 septem
1231 685 1382 718 cohortes
1405 685 1527 719 fuerint
1547 686 1639 719 divisi
1654 712 1663 728 ,
1690 686 1742 719 sed
1762 695 1818 727 po-

948 730 1009 759 tius
1036 727 1067 758 id
1091 727 1200 768 nugari
1223 726 1280 760 est.
1334 727 1432 774 Quod
1458 736 1563 760 autem
1587 729 1751 762 Salmasius
1778 736 1820 758 eo

947 770 1022 801 loco
1046 770 1078 797 m*
1101 771 1132 800 id
1153 767 1195 810 est
1220 777 1381 816 expungat
1399 793 1409 809 ,
1435 777 1580 812 tanquam
1604 771 1744 813 imperiti
1765 768 1820 801 Li-

947 811 1040 842 brarii
1057 814 1073 849 ,'
1099 817 1153 842 aut
1175 809 1263 841 forte
1290 811 1382 851 ipsius
1404 810 1437 842 T
1440 811 1595 844 riboniani
1612 835 1622 852 ‚
1654 813 1709 859 qui
1733 814 1762 844 h.
1789 811 1818 853 ἕ.

947 862 1010 884 non
1028 852 1244 891 intellexerit,
1269 852 1300 883 id
1323 852 1403 883 facit
1423 862 1459 884 ea
1487 853 1698 895 imprudentia
1712 878 1722 893 ,
1758 863 1820 894 qua

946 892 1027 934 saepe
1044 892 1125 924 solet
1138 892 1263 934 grassari
1280 894 1310 925 in
1327 894 1399 934 Jure
1414 893 1514 926 Civili
1525 904 1534 934 3
1547 896 1622 936 quid
1638 896 1693 928 fibi
1713 896 1818 928 velint

945 944 981 965 ea
998 934 1112 973 verba,
1138 934 1229 974 supra
1244 934 1331 973 dixi,
1356 944 1415 966 nec
1432 935 1484 967 hic
1505 943 1626 978 repeto.
1672 937 1724 970 De
1746 937 1816 980 syn-

945 975 1081 1006 th'elibus
1099 976 1174 1015 quid
1194 975 1333 1007 dixerint
1349 975 1538 1016 Turnebus,
1564 978 1588 1010 F
1590 979 1737 1012 errandus
1755 1003 1764 1018 ,
1789 989 1819 1011 a-

945 1016 977 1048 lii
996 1040 1005 1056 ‚
1040 1016 1140 1048 nolim
1165 1015 1290 1047 referre.
1336 1017 1417 1049 Sunt
1431 1042 1440 1057 ,
1472 1020 1526 1059 qui
1549 1020 1611 1052 css'e
1628 1021 1745 1053 volunt
1764 1030 1819 1052 ve-

943 1057 1004 1090 stes
1022 1057 1249 1095 versicolores3
1276 1057 1363 1096 sunt,
1389 1060 1441 1099 qui
1453 1060 1623 1100 lautiore33
1649 1062 1738 1102 sunt,
1764 1063 1820 1103 qui

943 1099 1083 1130 viliores.
1130 1099 1190 1131 Sed
1206 1098 1307 1130 dehis
1323 1100 1470 1130 omnibus
1497 1110 1538 1133 ex
1565 1103 1602 1133 iis
1620 1125 1630 1141 ‚
1661 1113 1732 1145 quae
1756 1104 1819 1144 iam

943 1140 1062 1180 attuli,
1094 1140 1190 1171 etiam
1215 1140 1254 1170 de
1275 1140 1370 1181 plano
1398 1141 1476 1173 licet
1496 1142 1689 1176 constituere
1703 1169 1713 1184 ‚
1745 1155 1820 1178 nam

943 1181 1164 1222 auctoritates,
1190 1181 1304 1223 quibus
1328 1189 1483 1221 utuntur,
1509 1185 1605 1216 nullae
1625 1184 1696 1217 sunt
1716 1209 1726 1225 ,
1751 1196 1818 1217 cer-

944 1232 976 1270 te
1002 1223 1184 1264 ejusmodi,
1213 1231 1249 1255 ut
1273 1223 1377 1265 quivis
1398 1222 1493 1256 facile
1517 1225 1555 1257 iis
1574 1226 1665 1268 possit
1694 1227 1739 1259 ire
1763 1227 1818 1260 ob=

944 1274 1038 1297 viam.

1063 1357 1227 1394 XXV.

704 1448 812 1484 Variae
835 1447 1131 1484 emendatiunculae.

94 1548 97 1551 ’
127 1549 187 1582 abo
214 1549 274 1581 hoc
302 1548 415 1590 Capite
438 1547 560 1589 aliquot
588 1546 873 1579 emendatiunculas
887 1569 898 1585 ,

149 1591 170 1624 li
187 1600 249 1622 non
267 1600 376 1629 veras,
401 1596 488 1621 certe
507 1588 691 1621 verisimiles
702 1611 713 1627 ‚
738 1597 873 1630 quasque
887 1610 897 1626 ,

38 1635 62 1667 fi
83 1643 147 1666 non
171 1632 274 1672 aliud,
290 1631 450 1664 necessitas
473 1629 503 1661 &
522 1629 673 1662 modestia
705 1629 899 1662 commenda-

37 1676 127 1708 bunt.
171 1673 302 1715 Antiqui
324 1672 415 1704 Libri
435 1671 467 1702 in
485 1670 533 1702 his
554 1671 631 1703 mihi
657 1671 812 1714 suppetias
835 1680 899 1703 non

37 1716 194 1754 tulerunt,
218 1724 275 1747 nec
291 1714 424 1746 aliorum
440 1711 561 1744 Critica
578 1711 734 1746 sedulitas.
777 1712 900 1744 Potuis-

34 1756 100 1790 sem
118 1757 166 1789 his
183 1753 474 1789 Observatiunculis
489 1753 610 1794 aliquot
630 1754 743 1796 Capita
763 1753 899 1792 farcire,

35 1798 68 1830 ἃ
82 1796 264 1830 ambitiosos
278 1797 411 1829 Titulos
458 1793 638 1827 raescribere
654 1820 664 1836 ,
689 1795 740 1828 sed
766 1802 898 1827 eonten-

34 1843 86 1872 tus
103 1839 225 1878 dicere,
247 1838 331 1887 quod
346 1847 395 1870 res
409 1846 425 1868 e
461 1860 471 1875 ,
497 1837 603 1877 paucis
622 1837 663 1870 sic
679 1837 772 1869 habe:
826 1880 830 1883 ι

74 1880 110 1914 In
143 1880 164 1912 1.
195 1889 221 1912 1.
254 1882 282 1923 ᾖ.
306 1884 336 1912 6.
364 1879 406 1921 ff.
436 1880 470 1910 de
499 1878 609 1919 Legat.
635 1878 690 1911 111.
715 1889 774 1921 pro
796 1879 896 1911 evium

29 1922 104 1965 fidei
123 1925 266 1960 committi
287 1931 392 1963 QUEM
409 1919 503 1962 poffe,
529 1920 612 1962 quod
630 1919 751 1952 sensum
769 1930 833 1953 non
842 1920 893 1953 ha-

33 1964 280 2006 bet,legendum
297 1961 428 2002 censeo,
453 1971 552 1994 eorum
569 1961 643 2003 fidei
657 1964 802 1994 committi
822 1971 897 1995 REM

30 2006 123 2048 poffe3
143 2014 244 2046 neque
260 2006 305 2037 ita
321 2013 401 2045 opus
421 2004 482 2035 erit
499 2013 566 2036 eam
583 2013 698 2036 vocem
710 2003 896 2046 cumKHalo-

33 2048 131 2080 andro
146 2055 334 2090 expungere.

76 2089 112 2122 In
135 2089 155 2120 1.
181 2089 289 2131 27.'ff.
319 2090 353 2120 de
374 2089 492 2120 Condit.
523 2087 560 2124 ὅθ
580 2087 738 2130 demonstr.
769 2097 828 2130 pro
848 2094 894 2119 za-

32 2129 120 2170 mezfi
138 2131 174 2161 in
187 2133 340 2172 [criptura
362 2140 437 2163 NON
460 2140 538 2162 TUM
560 2129 626 2171 effet
647 2153 659 2170 ,
690 2130 775 2173 quod
801 2139 895 2161 nemo

33 2171 249 2212 intellexerit,
272 2181 327 2213 per
343 2171 587 2213 geminationem
605 2173 698 2214 lego,
723 2170 843 2211 tametsi
862 2173 896 2204 in

23 2216 186 2256 scriptura
214 2223 288 2245 NON
310 2222 437 2245 NOTUM
459 2212 538 2253 effet.
582 2214 688 2255 Atque
715 2213 748 2246 id
771 2213 897 2245 facilius

32 2255 102 2295 est,
128 2264 220 2293 quam
243 2263 316 2286 cum
338 2254 406 2286 aliis
430 2253 547 2295 Legem
564 2256 652 2287 varie
676 2264 895 2296 corrumpere,

33 2298 65 2330 &
80 2295 281 2335 substituere,
305 2297 352 2327 ita
374 2305 432 2327 non
452 2296 519 2336 effet
535 2319 546 2335 ,
569 2298 699 2331 nondum
722 2296 790 2338 effet
806 2320 817 2337 ,
846 2306 895 2328 no-

31 2349 97 2371 men
115 2337 238 2379 deeffet,
262 2337 315 2369 vel
336 2336 358 2368 11
374 2336 448 2379 quid
462 2337 510 2369 his
524 2337 569 2370 est
584 2337 693 2372 fimile.

73 2379 110 2412 In
133 2381 153 2412 Ι.
179 2384 207 2414 8.
234 2378 264 2421 §.
291 2388 316 2410 1.
336 2378 378 2420 ff.
401 2379 436 2410 de
455 2378 566 2420 Legat.
579 2378 619 2412 II.
663 2379 835 2413 Florentiae
854 2380 895 2412 le-

33 2421 134 2463 gitur:
158 2422 208 2453 boc
225 2420 294 2461 casu
308 2421 365 2451 duo
387 2421 413 2452 le
434 2421 571 2461 arufiam
591 2444 601 2458 ‚
612 2421 668 2462 sed
692 2431 756 2454 um
779 2429 896 2454 conten-

34 2471 84 2494 tus
101 2461 153 2502 effe
167 2465 260 2495 debet.
305 2462 385 2494 Sunt
436 2462 495 2494 ibri
512 2484 523 2502 ,
548 2463 602 2504 qui
624 2463 794 2496 exhibeant
816 2474 892 2504 uno,

33 2513 73 2536 ne
92 2502 303 2537 Grammatica
317 2503 431 2535 obstet.
455 2504 527 2545 Ego
542 2505 649 2546 potius
666 2514 722 2546 per
746 2506 893 2537 aivam->m-

34 2559 70 2574 ω-
92 2545 240 2587 legerim,
255 2546 310 2585 sed
327 2547 381 2577 uni
403 2545 584 2578 COntentus
603 2546 656 2587 effe
674 2548 758 2579 debet
773 2571 783 2586 ‚
808 2547 894 2589 quod

35 2580 97 2626 est,
113 2589 167 2626 sed
186 2591 271 2619 unico
293 2593 448 2619 contentus
468 2587 520 2629 effe
539 2589 636 2621 debet.

77 2628 167 2669 Apud
180 2628 295 2669 Julium
307 2628 453 2670 Aquilam
472 2630 503 2661 in
530 2630 550 2661 l.
575 2640 626 2672 34.
644 2630 686 2672 ff.
707 2632 743 2662 de
764 2631 890 2663 Arimin.

34 2668 72 2703 δ’
88 2671 181 2709 peric.
197 2677 254 2701 tut.
281 2670 361 2702 mala
379 2670 472 2702 lectio
492 2671 750 2713 &interpunctio
766 2672 818 2705 est.
845 2673 893 2705 Ita

35 2717 118 2742 nunc
140 2711 151 2742 1
192 2711 277 2743 itur:
309 2713 346 2743 ad
365 2711 571 2753 instruendam
597 2714 790 2755 diligentiam
807 2716 893 2757 judi-

36 2752 150 2790 cantis,
226 2753 405 2793 pupillorum
423 2755 590 2786 utilitatem
608 2759 893 2796 ADMITTENDAM,

28 2795 135 2833 Jervos
153 2803 261 2834 quoque
281 2804 379 2827 eorum
400 2797 587 2836 interrogari
605 2796 690 2838 paffe.
735 2796 813 2839 Legi
842 2807 892 2829 au-

37 2841 120 2873 tem,
143 2835 174 2866 ni
190 2834 301 2875 fallor,
326 2837 356 2868 ὃς
379 2837 556 2880 interpungi
575 2838 669 2869 debet
687 2850 695 2870 :
720 2841 758 2870 ad
779 2839 894 2880 iri-liru-

35 2878 142 2907 endam
162 2876 346 2917 diligentiam
362 2879 551 2919 judicantis,
575 2879 611 2914 ἐπ’*
628 2881 813 2921 pupillorum
832 2883 893 2913 uti-

36 2918 154 2948 lftatem
171 2939 181 2956 ‚
215 2925 480 2954 ADMITTENDUM
496 2945 506 2961 ,
521 2922 630 2964 servos
659 2932 772 2965 quoque
795 2933 894 2955 eorum

36 2960 222 3000 interrogari
236 2959 309 3000 poffe

79 2999 203 3041 Ubique
217 2998 258 3032 fic
271 3002 370 3043 reperi
388 3003 420 3035 in
443 3004 465 3036 l.
488 3014 540 3045 59.
560 3011 610 3046 pr.
627 3005 668 3048 ff.
692 3009 727 3040 de
747 3007 891 3040 Manum.

36 3040 152 3090 testam·
196 3039 358 3086 Qpaefilum
376 3043 436 3084 est,
458 3057 497 3078 an
517 3047 672 3088 Eutychia
689 3071 699 3086 ‚
721 3059 783 3091 quae
805 3048 893 3091 testa-

35 3090 128 3115 menti
142 3084 226 3124 fabii
240 3091 364 3125 tempore
377 3087 457 3119 inter
473 3089 653 3130 pedzffequas
664 3091 833 3124 libertatem
846 3102 893 3122 ac-

36 3131 154 3166 ceperat
166 3129 300 3164 ‚mortis
317 3134 416 3159 autem
437 3135 560 3170 tempore
577 3136 798 3166 INVENIATUR
818 3133 893 3164 asto-

35 3170 66 3200 η’
87 3169 119 3199 in
139 3169 328 3200 contubernio
343 3170 460 3202 tradita
481 3194 490 3208 ,
519 3182 556 3203 ex
572 3175 709 3214 generali
730 3177 827 3217 capite
844 3182 894 3216 pe—

35 3208 232 3252 dzffequarum
251 3211 418 3246 libertatem
438 3213 571 3256 consequi
585 3213 669 3256 poffit
687 3216 704 3250 22
725 3225 784 3258 pro
808 3217 893 3251 inve*-

942 1547 1071 1584 niatur,
1093 1544 1219 1586 sensus,
1245 1540 1275 1579 ὃς
1297 1544 1403 1578 Latini
1430 1545 1583 1581 sermonis
1605 1550 1689 1582 ratio
1709 1550 1816 1592 postu⁴

942 1588 1008 1628 lat,
1033 1595 1069 1619 ut
1088 1587 1230 1629 legatur,
1255 1590 1482 1622 inveniebatur.

985 1629 1099 1661 Praedii
1115 1629 1233 1661 dotalis
1250 1629 1469 1664 venditionem
1487 1632 1635 1665 inutilem
1647 1633 1708 1666 esse
1726 1633 1817 1677 Papi-

943 1671 1053 1716 nianus
1069 1670 1153 1702 dixit
1168 1671 1198 1703 in
1221 1671 1246 1703 l.
1268 1672 1379 1713 42·ff-
1404 1675 1440 1705 de
1466 1674 1580 1715 Usurp.
1616 1675 1653 1711 ὅ)
1676 1675 1759 1717 usuc.
1784 1679 1817 1710 ἃς

942 1712 1048 1744 add1t:
1075 1721 1179 1752 QUAM
1202 1713 1347 1752 defuncta
1367 1714 1466 1756 postea
1494 1719 1621 1750 muliere
1647 1720 1680 1750 in
1710 1722 1817 1752 matri-

942 1755 1057 1792 monio,
1079 1754 1256 1795 confirmari
1270 1758 1410 1789 convenit
1426 1781 1436 1797 ,
1453 1756 1484 1797 fi
1497 1765 1561 1790 tota
1575 1763 1625 1792 dos
1647 1761 1731 1793 lucro
1756 1773 1818 1794 ma-

942 1797 999 1828 riti
1015 1793 1106 1837 ceffit.
1148 1796 1223 1829 Scio
1239 1796 1427 1832 sententiam
1443 1800 1510 1840 ejus
1524 1801 1589 1834 loci
1606 1803 1771 1841 constare,
1796 1805 1819 1838 si

937 1839 969 1867 τέ
992 1848 1083 1880 quam
1106 1837 1223 1870 referas
1246 1839 1284 1870 ad
1307 1841 1531 1883 venditionem,
1557 1854 1626 1886 quae
1641 1842 1816 1887 praeceffit,

938 1878 990 1912 secl
1015 1889 1109 1912 nemo
1131 1880 1259 1922 negabit
1276 1904 1286 1920 ,
1311 1890 1380 1912 eam
1405 1883 1592 1917 sententiam
1615 1887 1719 1919 minus
1739 1897 1817 1920 con-

938 1928 1057 1954 tortam
1073 1944 1083 1960 ,
1107 1923 1207 1967 magis
1224 1922 1393 1963 genuinam
1410 1923 1482 1956 fore
1498 1950 1508 1966 ‚
1533 1926 1555 1959 11
1575 1929 1662 1969 quod
1678 1928 1756 1961 licet
1773 1939 1818 1963 ex

938 1962 1014 2001 usu,
1038 1971 1200 2005 geminato
1218 1973 1330 2005 qnam,
1352 1963 1580 2009 rescribamus,
1599 1979 1793 2012 quamquam.

981 2004 1017 2036 In
1038 2004 1206 2053 omnibus,
1221 2014 1311 2052 quos
1329 2005 1494 2048 consului,
1516 2008 1621 2043 Libris
1640 2012 1758 2045 vitiosa
1770 2013 1818 2047 est

939 2046 959 2078 l..
986 2056 1036 2090 23.
1063 2046 1092 2087 §.
1121 2055 1150 2095 ¹2
1173 2057 1207 2095 in
1220 2048 1282 2095 fin.
1299 2046 1341 2088 ff.
1362 2056 1418 2088 pro
1439 2050 1504 2082 Soc.
1528 2051 1572 2085 ita
1588 2053 1634 2085 ibi
1652 2052 1813 2088 scribitur:

938 2099 991 2120 nec
1018 2088 1092 2129 poffe
1118 2091 1178 2120 dici
1196 2090 1277 2129 socw
1294 2112 1304 2128 ,
1331 2098 1480 2124 Ans'rrNE
1505 2103 1712 2136 COMM0D05
1737 2099 1816 2138 quod

934 2137 990 2172 per
1003 2132 1131 2172 J'ervum
1147 2129 1284 2172 acceffit,
1309 2140 1337 2163 81
1357 2141 1519 2167 DAMNUM
1543 2145 1651 2169 PETIS.
1689 2137 1752 2172 Vel
1767 2139 1814 2174 ita

939 2173 971 2205 in
988 2172 1189 2213 quibusdam:
1214 2183 1267 2205 nec
1280 2172 1355 2213 poffe
1379 2177 1440 2207 dici
1452 2199 1461 2212 ,
1475 2177 1593 2218 socium
1607 2177 1721 2220 abstine
1737 2191 1813 2214 com-

939 2217 1040 2253 modo,
1063 2217 1139 2256 quod
1151 2222 1209 2257 per
1216 2217 1344 2256 servum
1360 2216 1495 2259 acceffit‚
1510 2218 1541 2259 fi
1562 2222 1703 2253 damnum
1719 2225 1817 2264 petit.

939 2256 1023 2288 Illud
1055 2258 1212 2298 petisvel
1236 2259 1315 2298 petit
1338 2259 1431 2291 valde
1458 2258 1595 2294 alienum
1618 2262 1665 2295 est
1687 2263 1725 2296 ab
1748 2264 1815 2298 hoe'

940 2298 1034 2339 loco,
1061 2299 1091 2332 &
1110 2299 1261 2331 tamenin
1279 2300 1445 2340 omnibus,
1470 2311 1506 2334 ut
1527 2303 1614 2343 dixi,
1638 2304 1745 2338 Libris
1767 2307 1815 2339 ita

940 2339 1092 2382 scriptum
1115 2341 1242 2383 reperi,
1274 2341 1390 2374 nullibi
1412 2351 1518 2376 autem
1543 2355 1602 2377 non
1620 2349 1703 2387 petis
1719 2371 1729 2386 ,
1758 2349 1811 2380 vel

939 2391 998 2413 non
1011 2384 1110 2425 petit3
1134 2382 1282 2424 quamvis
1300 2382 1330 2413 id
1355 2383 1479 2416 videam
1503 2388 1634 2428 notari,
1667 2397 1762 2431 atque
1789 2389 1813 2422 si

940 2424 1027 2456 varia
1044 2425 1121 2458 esset
1138 2423 1243 2456 lectio.
1289 2423 1350 2456 Sed
1371 2425 1424 2456 vel
1444 2425 1489 2458 ita
1512 2427 1716 2462 incommoda
1734 2430 1814 2463 esset

937 2466 1082 2506 locutio,
1100 2465 1130 2506 fi
1151 2468 1293 2497 damnum
1314 2477 1372 2498 non
1388 2468 1496 2508 petis;
1522 2470 1593 2510 quis
1617 2472 1700 2504 enim
1720 2479 1812 2513 petat

936 2508 1072 2548 damna;
1104 2517 1165 2550 ego
1189 2516 1248 2549 pro
1264 2505 1295 2545 fi
1316 2509 1457 2540 damnum
1481 2519 1577 2544 PETls
1598 2531 1608 2551 ,
1648 2514 1733 2555 quod
1765 2513 1811 2546 est

935 2549 1126 2590 F1oeenc1ae,
1151 2549 1277 2581 mallem
1299 2572 1310 2589 ,
1329 2549 1358 2589 fi
1379 2553 1522 2583 damnum
1550 2563 1692 2587 METUIS.
1737 2554 1812 2587 Nec

937 2592 1036 2632 magis
1058 2592 1171 2624 idonea
1184 2600 1252 2622 vox
1268 2590 1345 2623 mihi
1362 2602 1447 2624 nunc
1466 2592 1630 2627 succurrit.

979 2632 1165 2672 Aceurfius,
1190 2631 1376 2673 Duarenus,
1403 2633 1551 2675 Cujacius
1566 2660 1576 2676 ,
1600 2637 1673 2676 alii,
1699 2642 1808 2680 perpe-¹

935 2684 1001 2707 ram
1025 2674 1224 2716 interpretati
1247 2673 1318 2706 sunt
1341 2677 1362 2707 l.
1385 2686 1416 2716 5.
1448 2679 1483 2708 de
1515 2677 1627 2719 Usurp.
1657 2678 1694 2713 &⁹
1722 2682 1806 2720 usuc.

936 2716 1019 2763 Quae
1036 2725 1120 2748 nunc
1140 2714 1271 2747 obscura
1288 2716 1349 2757 est,
1375 2716 1509 2750 obscura
1524 2729 1590 2751 non
1610 2720 1692 2760 erit,
1717 2720 1739 2753 11
1762 2723 1808 2754 ita

937 2759 1091 2799 legamus:
1115 2768 1171 2799 quo
1194 2757 1264 2798 casu
1280 2768 1338 2790 non
1354 2760 1503 2799 adversus
1516 2770 1581 2792 eum
1597 2766 1806 2803 tantum‚cm

937 2803 1027 2841 eripit
1039 2801 1295 2840 ‚interrumpitur
1305 2801 1430 2843 poffeffio
1442 2825 1451 2840 ,
1461 2803 1519 2842 sed
1535 2803 1682 2842 adversus
1696 2814 1806 2837 omnes.

937 2842 999 2874 Pro
1023 2844 1076 2883 qui
1106 2842 1179 2883 lego
1202 2844 1252 2873 cui
1265 2851 1276 2878 3
1309 2843 1498 2875 commutari
1528 2844 1612 2875 enim
1634 2844 1742 2878 literas
1764 2846 1803 2879 C.

936 2884 967 2956 ἷξε
986 2882 1244 2958 Q.stFlorentiae
1259 2883 1452 2925 praesertim,
1476 2884 1595 2916 dudum
1611 2886 1804 2920 animadver-

951 2935 1004 2957 um
1019 2935 1036 2956 e
1067 2950 1074 2957 .

978 2967 1132 3008 Ulpianus
1154 2966 1237 2998 dixit
1259 2967 1291 2997 in
1323 2966 1342 2997 l.
1372 2977 1418 3009 15.
1452 2967 1481 3009 §.
1511 2977 1558 3008 15.
1581 2968 1619 3010 ff.
1642 2971 1677 3002 cle
1697 2969 1805 3012 Injur.

934 3008 1037 3040 minus
1051 3017 1197 3050 peccare,
1224 3007 1278 3048 qui
1299 3007 1455 3050 virginem
1469 3010 1606 3051 appellat
1620 3036 1630 3051 ,
1654 3011 1676 3044 11
1699 3020 1804 3044 tamen

935 3049 1048 3081 vestita
1071 3048 1170 3080 fuerit
1194 3047 1279 3080 veste
1303 3050 1466 3090 ancillari,
1497 3051 1598 3083 adhuc
1624 3054 1726 3086 minus
1746 3077 1757 3093 ,
1782 3054 1805 3086 si

935 3091 1023 3123 veste
1044 3091 1231 3122 meretricia.
1271 3090 1330 3122 Sed
1347 3091 1462 3123 mirum
1479 3090 1543 3131 est,
1568 3094 1654 3135 quod
1670 3096 1742 3127 inde
1759 3095 1804 3126 ef-

936 3132 1021 3164 ficit:
1041 3130 1069 3169 fi
1091 3133 1189 3172 igitur
1205 3142 1263 3163 non
1286 3134 1448 3165 matronali
1468 3135 1714 3176 habitufoemina
1729 3138 1801 3178 fue-

936 3178 1001 3211 rit,
1024 3173 1060 3208 &5
1083 3175 1150 3214 quis
1174 3184 1236 3206 eam
1257 3175 1449 3216 appellavit,
1478 3175 1529 3209 vel
1551 3179 1578 3209 ei
1597 3180 1730 3211 comitem
1752 3181 1800 3210 ab·
1854 3192 1859 3194 ·

937 3217 1054 3258 duxit,
1077 3217 1265 3257 injuriarum
1281 3222 1411 3253 tenetur.
1456 3217 1505 3256 Ita
1527 3217 1680 3263 scriptum
1703 3218 1802 3296 estJin

1762 3271 1804 3294 al*
