2008 3436
157 104 229 145 436
394 101 793 139 CORNELII
872 110 980 137 vAN

154 196 281 221 natorcs
300 189 342 221 ita
371 188 551 230 sapiebant,
573 189 649 228 rati,
674 188 948 221 renunciationem
969 197 1020 219 va-

153 229 238 279 d-ffl'C’
265 232 294 262 δε
314 231 341 261 61
369 233 454 263 0111111
481 232 577 263 modo
601 230 741 262 standum
770 229 856 268 esse,
890 229 1022 268 turpiter

153 280 259 302 136616
288 271 548 307 assecuratorem.
574 273 626 312 qui
654 272 745 303 sidem
775 271 878 302 datam
907 270 1022 309 fallat,

153 312 184 344 δεῖ
201 314 274 344 huie
291 314 476 356 turpitudini
502 313 724 345 velificandum
743 322 806 343 non
823 310 893 342 esse.
940 311 1021 350 Alii,

152 353 205 385 sed
222 355 361 387 minores
382 365 530 393 numero,
554 355 706 395 negabant
733 352 873 385 constare
894 353 931 383 de
948 362 1022 383 eon-

153 394 336 435 suetudinc‚
362 407 432 439 qua:
458 397 525 428 illas
551 396 635 436 leges
660 394 825 436 subegisset
841 417 851 432 ‚
878 394 1022 434 quamvis

154 437 237 469 enini
263 439 462 470 Mei-catores
482 437 563 477 saepe
578 436 775 477 paciscantur
793 443 905 467 contra
922 435 1018 475 leges.

154 479 193 515 de
216 479 494 511 assecurationibus
526 480 600 510 latas
616 501 626 516 ,
649 478 678 509 ἂ
705 478 846 519 quamvis
873 485 907 506 ea
935 475 1023 515 passa

154 519 235 561 siepe
251 521 424 558 servarint,
445 529 486 551 ex
513 529 552 550 eo
576 529 679 551 tamen
703 518 781 550 nihil
804 517 906 555 effici,
931 526 1020 555 nam,

153 571 227 593 cum
253 564 291 594 de
318 561 548 593 consuetudine
573 561 725 601 quaeritur
743 583 752 598 ,
782 560 917 601 primum
946 559 1023 589 illud

153 603 381 644 explosandum
399 603 460 641 cst,
485 611 522 633 an
540 603 634 633 etiam
664 600 860 632 contradicto
883 599 1022 639 aliquan-

153 645 327 686 dojudicio
344 643 514 676 111-31313111
529 644 550 675 1.
574 654 624 685 34.
644 643 685 685 ff.
709 645 743 674 (le
764 642 835 674 LL.
863 642 892 673 ἃ
909 640 1022 672 deside-

154 687 263 719 rabant
288 687 333 719 illi
359 686 526 718 Senatores
552 685 603 717 vel
632 694 725 716 unam
747 693 811 715 rem
829 683 1021 723 judicatam,

155 737 225 764 01116
252 737 319 760 eam
341 726 598 758 consuetudinem
622 725 800 767 probasset,
825 723 1021 764 caeteroquin

154 768 277 801 stabant
304 769 419 810 regulae
437 768 501 799 1111.
528 777 555 799 2.
585 768 616 799 C.
645 767 717 812 Qgcae
730 766 772 806 fit
788 768 877 808 longa
896 768 1025 805 consuet.v

154 810 342 849 Addebam,
368 819 408 841 ex
425 810 445 841 1.
469 819 522 851 33.
548 808 584 844 &⁹
605 819 655 852 35.
677 808 716 849 ff.
741 810 774 840 de
800 808 872 839 LL.
899 804 1020 838 consta-

153 861 188 883 re
200 875 209 888 .
235 861 307 884 cum
323 853 362 883 de
379 851 565 882 auftoritate
581 849 823 882 consuetudinis
839 847 941 881 sermo
957 846 1020 885 est,

152 893 191 924 de
213 903 248 925 ea
266 894 335 935 agi,
357 903 445 935 quse,
469 892 637 924 deficiente
664 893 752 933 lege,
775 898 847 923 nata
869 889 930 928 est,
957 898 1021 920 non

153 934 192 966 de
220 944 273 972 ea,
300 944 370 976 quae
397 935 498 974 legem
523 932 682 966 subvertat
699 957 707 970 ,
733 933 835 964 rnulto
860 932 962 963 minus
984 930 1022 961 de

155 985 213 1014 ea,
241 986 333 1017 quam
349 975 412 1017 ipsa
431 977 481 1008 lex
500 975 657 1016 improbat
685 975 714 1006 ἃ
735 973 895 1006 rescindit.
941 971 1020 1003 Lau-

155 1017 197 1048 do
214 1018 452 1056 Mercatorem,
477 1018 529 1058 qui
554 1017 667 1054 fidem,
691 1017 785 1047 etiam
812 1023 923 1047 eontra
940 1013 1024 1053 leges

152 1059 278 1098 datam,
300 1059 415 1097 servat,
442 1058 492 1090 sed
510 1059 539 1090 ἅ
565 1058 657 1090 laudo
677 1057 838 1098 Judicem,
863 1058 914 1096 qui
941 1054 1024 1086 frau-

152 1101 208 1132 des
238 1101 268 1132 δε
295 1101 448 1142 nequitias
485 1100 703 1132 Mercatorum
739 1108 804 1130 non
821 1121 823 1123 .
840 1095 934 1127 fove-t
952 1119 961 1134 ,
993 1095 1023 1126 δε

152 1140 303 1175 rescindit
319 1142 498 1183 pastiones,
521 1150 595 1182 quas
619 1141 671 1172 lex
689 1139 823 1170 rescindi
844 1138 944 1177 jubet.
969 1136 1019 1175 Ju-

152 1183 233 1215 dicis
248 1183 293 1215 est
313 1184 398 1224 leges
417 1182 519 1223 sequi,
545 1191 604 1213 nec
624 1180 800 1221 disputare,
824 1188 862 1210 an
889 1178 1021 1217 turpiter

152 1224 254 1257 faeiat
271 1225 480 1259 assecurator,
499 1224 551 1263 qui
571 1222 664 1254 fidem
679 1222 784 1253 datam
801 1221 913 1252 violat.
932 1216 1020 1257 Esto,

154 1267 289 1307 turpiter
315 1265 433 1302 faciat,
456 1263 507 1295 sed
529 1264 558 1294 ὅ(
583 1263 719 1303 turpiter
747 1262 847 1300 facit,
872 1260 924 1302 qui
945 1268 1022 1291 con-

156 1317 203 1339 tra
221 1309 304 1349 leges
321 1306 502 1346 paciscitur.
548 1304 641 1336 Unde
666 1304 696 1335 &
719 1304 766 1335 illi
794 1305 978 1347 Senatores,
1001 1300 1023 1332 si

156 1359 221 1381 non
248 1349 331 1380 aliud
358 1345 572 1379 intervenisset
592 1370 602 1386 ,
636 1346 674 1377 de
700 1355 764 1386 quo
795 1355 871 1377 mox
900 1344 1024 1379 dicam,

155 1400 220 1422 11011
241 1391 331 1421 3113111
350 1389 506 1420 actionem
523 1387 696 1420 assecurato
718 1387 852 1422 dabant,
878 1394 970 1426 quam
987 1384 1024 1414 ad

154 1441 277 1464 merces
298 1430 480 1462 assecuratas
500 1454 509 1469 ,
540 1429 571 1460 id
597 1429 662 1467 cst,
682 1428 719 1459 ad
747 1428 915 1465 damnum,
938 1426 1023 1466 quod

153 1473 255 1514 passus
272 1481 357 1511 erat,
382 1481 446 1504 non
467 1471 503 1502 ad
520 1471 661 1508 lucrum3
685 1470 768 1511 quod
791 1469 950 1511 sperabat,
973 1466 1023 1499 sed

154 1515 232 1554 alia,
257 1522 293 1546 ut
309 1514 390 1553 dixi,
416 1513 569 1546 sententia
586 1512 737 1544 obtinuit.

198 1556 275 1588 Erat
290 1556 320 1588 &
335 1555 417 1587 aliud
439 1556 470 1586 in
503 1555 562 1585 hae
583 1554 660 1593 lite,
688 1563 728 1584 ex
754 1562 817 1594 quo
842 1551 1024 1593 pellucebat

152 1596 239 1630 fraus
265 1596 456 1630 Mercatori's
483 1595 798 1634 Rotteiuammmfis,
825 1595 854 1626 &
878 1603 918 1625 ex
943 1603 1022 1634 quo,

154 1639 325 1672 secundum
350 1637 520 1671 nonnullos
551 1638 716 1669 Senatores
733 1659 743 1675 ‚
782 1637 869 1668 irrita
895 1643 961 1667 erat
992 1644 1023 1665 o-

155 1681 239 1714 mnis
256 1680 452 1712 assecuratio.
499 1678 689 1711 instruxerat
715 1687 827 1719 nempe
844 1677 950 1709 navim
967 1681 1025 1707 met

154 1734 206 1756 een
229 1727 365 1764 paspoort
390 1732 452 1753 van
478 1722 512 1752 de
549 1721 672 1763 Koning
705 1731 766 1752 van
795 1719 957 1760 Vrankryk
981 1727 1021 1749 ex

154 1765 263 1798 Scotia
283 1765 314 1795 in
342 1763 498 1801 Galliam,
522 1763 550 1794 &
578 1763 648 1794 inde
674 1762 777 1795 rursus
801 1762 833 1793 in
858 1761 1020 1797 Sectiam,

152 1814 261 1848 aperte
280 1813 392 1837 contra
409 1805 587 1836 mandatum
603 1804 789 1845 navigandi,
812 1803 895 1843 quod
911 1811 1016 1833 navar-

153 1850 217 1879 cho
243 1847 299 1879 suo
323 1847 472 1885 dederat,
492 1846 615 1879 scilicet
636 1856 697 1877 van
725 1842 925 1885 Niewcafieel
944 1852 1020 1874 naar

156 1890 201 1921 Sc.
231 1889 336 1927 Malo,
361 1899 397 1920 en
420 1897 483 1920 ‘van
509 1889 584 1919 daar
605 1898 680 1919 naar
704 1887 898 1925 Rocterdam,
920 1884 1018 1927 quod-

154 1941 213 1972 que
231 1930 329 1971 ipsum
350 1931 446 1962 etiam
463 1928 671 1962 instrumento
695 1928 929 1960 assecurationis
955 1934 1022 1958 erat

154 1973 318 2004 insertum.
372 1971 414 2004 Et
437 1971 511 2013 quia
537 1971 605 2003 haec
629 1971 807 2013 pugnabant
835 1979 908 2001 cum
933 1968 1023 1999 venia

155 2013 252 2054 Regis
261 2013 406 2052 Eranciei
416 2036 425 2052 ,
436 2013 508 2044 ideo
520 2013 677 2054 publicata
688 2013 751 2045 fuit
771 2012 859 2044 navis
868 2021 939 2043 cum
950 2018 1023 2041 one-

155 2064 190 2086 re
206 2079 215 2094 ,
249 2062 283 2086 ut
308 2054 493 2086 nominatim
530 2055 682 2086 sententia
703 2053 929 2085 Duinkerkensi
957 2058 1022 2083 erat

153 2096 347 2137 expressum,
373 2094 450 2135 quin
466 2095 495 2126 &
513 2095 583 2126 ideo
600 2096 759 2135 publicata
776 2094 900 2133 fuisset,
925 2093 946 2126 si
969 2093 1020 2124 vel

154 2137 242 2170 salva
257 2136 429 2168 advenisset
453 2141 480 2166 te
504 2137 549 2168 St.
572 2136 659 2167 111310
672 2159 683 2175 ,
705 2146 805 2177 1160116
830 2135 912 2167 6111111
930 2135 1022 2167 licuit

153 2179 227 2211 navi
247 2177 332 2210 aliud
356 2178 417 2209 iter
449 2176 554 2208 facere
574 2200 585 2216 ,
615 2187 707 2219 quam
739 2177 930 2209 concesserat
952 2177 1021 2208 Rex

153 2220 308 2253 Franciae.
353 2218 449 2251 Forte
469 2218 499 2250 &
522 2219 688 2252 Mercator
708 2218 1022 2257 Rotterdammcnsis,

154 2261 352 2303 praevidens,
369 2259 494 2298 navim,
519 2261 661 2301 quamvis
681 2261 812 2300 salvam,
837 2260 955 2301 semper
978 2268 1021 2291 ta-

154 2313 227 2336 men
251 2301 475 2343 publicandam
499 2300 588 2333 fuisse
604 2324 615 2339 ,
639 2301 780 2334 sufficere
804 2310 890 2333 ratus
911 2300 976 2340 est,
1001 2300 1022 2332 si

156 2345 197 2377 de
214 2344 280 2376 sola
294 2342 362 2375 fere
377 2342 428 2382 spe
450 2342 530 2374 lucri
549 2342 603 2375 fibi
625 2343 826 2376 assecuratum
845 2344 933 2375 essct.
980 2342 1023 2373 At

156 2385 311 2427 urgebant
326 2384 537 2416 dissentientes
556 2384 740 2423 Senatores,
759 2385 864 2416 navim
878 2384 936 2416 esse
952 2393 1021 2423 cap-

155 2435 221 2459 tam
236 2450 246 2465 ,
271 2426 345 2457 dum
364 2424 530 2465 navigabat
548 2435 610 2457 van
632 2425 853 2466 Nieuwccisteel
877 2437 952 2458 naar
977 2426 1022 2457 Sc.

158 2468 246 2500 Malo
263 2491 273 2506 ‚
295 2474 389 2509 atque
413 2467 492 2498 adeo
519 2466 580 2498 esse
612 2477 737 2508 captam
763 2469 793 2499 in
823 2469 934 2500 itinere
959 2476 1024 2499 non

156 2508 331 2555 prohibito:
365 2507 433 2540 Inio
451 2517 527 2553 vero
551 2509 582 2540 in
599 2510 782 2549 prohibito,
804 2507 1024 2549 Nieuwcasteel

155 2559 242 2582 enim
257 2548 302 2580 est
320 2558 351 2580 111
371 2548 506 2589 Anglia,
529 2549 560 2580 ὅ(
578 2550 707 2582 licuerat
721 2551 874 2583 duntaxat
891 2560 931 2582 cx
948 2551 1024 2582 Sco-

158 2591 204 2622 tia
226 2590 384 2631 navigare.
429 2589 472 2620 Et
487 2589 561 2629 quid
582 2591 699 2629 refert,
724 2592 775 2622 ubi
806 2600 896 2633 capta
915 2593 951 2624 sit
973 2601 1024 2623 na-

158 2633 224 2671 vis,
249 2630 422 2664 dummodo
441 2628 584 2669 constet,
608 2633 732 2663 veniam
750 2634 844 2674 Regis
863 2643 926 2664 non
947 2642 1024 2663 con-

160 2673 278 2705 venisse
293 2673 459 2710 mandato,
480 2672 565 2713 quod
589 2673 747 2704 navarcho
763 2674 869 2706 datum
887 2681 973 2712 erat,
995 2674 1025 2705 δε

160 2723 329 2756 propterea
346 2713 541 2755 publicatam
562 2713 653 2746 fuisse
677 2715 794 2746 navim.
840 2714 962 2752 Dolus,
987 2724 1024 2745 an

160 2757 256 2797 culpa
274 2755 438 2787 assecurati
461 2754 537 2786 huie
557 2755 724 2787 variationi
744 2755 864 2787 causam
886 2756 1024 2797 1111611116-

160 2797 220 2837 rit,
244 2807 309 2829 non
324 2796 464 2834 definio,
488 2804 548 2827 nec
564 2797 734 2837 quicquam
760 2796 897 2829 interest.
944 2796 1024 2828 Asse-

136 2871 138 2874 ,
160 2846 273 2870 6111310
291 2838 386 2869 etiam
406 2835 546 2879 prodesse
568 2847 631 2870 non
645 2845 790 2878 poterat,
812 2838 897 2880 quod
917 2845 1028 2869 contra

160 2877 265 2920 hostem
283 2888 410 2920 quoque
425 2879 630 2911 assecuratum
646 2879 742 2918 esset,
766 2880 796 2911 id
816 2880 900 2911 enim
920 2878 965 2910 est
982 2879 1026 2909 in-

159 2921 366 2963 telligendum
384 2929 496 2952 contra
525 2920 669 2960 injuriam
695 2920 808 2959 hostis,
831 2930 893 2953 non
914 2927 1027 2951 contra

158 2961 208 2999 id,
231 2961 316 3004 quod
333 2960 430 2993 hostis
449 2961 531 2993 fecit
549 2962 616 3002 Jure
645 2963 789 3004 optimo,
811 2972 851 2993 ex
870 2961 961 3003 ipsius
978 2970 1023 2991 as-

161 3001 293 3034 securati
318 3003 368 3033 vel
385 3003 462 3033 dolo
483 3002 533 3034 vel
551 3004 652 3044 eulpa.
698 3004 769 3036 Alia
787 3013 906 3041 tamen,
930 3012 964 3034 ut
979 3001 1023 3032 di-

162 3042 215 3081 xi,
236 3043 387 3076 sententia
400 3043 540 3076 obtinuit
557 3054 606 3085 25.
626 3044 712 3078 Nov.
741 3054 831 3086 1712.
856 3044 938 3089 Quae
958 3043 1024 3084 plu-

234 3181 248 3219 (
258 3181 294 3219 1)
314 3180 550 3220 Cognoscemencm.

1055 98 1668 136 BYNKERSHOEK

1064 188 1151 259 rafin
1170 187 1229 218 hae
1251 187 1308 218 lite
1329 184 1568 226 adferebantur,
1591 187 1720 229 indigna
1741 187 1811 220 sunt
1827 213 1838 229 ,
1861 200 1927 233 quae

1063 237 1096 259 re
1114 238 1206 260 eram.

1107 269 1213 315 Quum
1234 268 1438 302 Amstei·darni
1455 268 1657 302 assecuratum
1678 271 1754 303 esset
1771 272 1809 304 ab
1825 272 1928 306 Ulissi-

1067 320 1151 351 pone
1177 311 1213 343 ad
1239 310 1455 352 flaminii-gum
1473 335 1483 348 ‚
1515 310 1544 341 &
1567 313 1653 344 navis
1674 313 1808 354 periisset
1832 324 1929 357 prope

1067 353 1237 393 Angliam,
1269 353 1422 393 negabant
1446 352 1666 385 assecuratores
1694 354 1724 385 se
1750 356 1788 386 de
1814 357 1927 389 damno

1065 394 1183 432 teneri,
1198 392 1267 433 quia
1287 393 1448 425 constabat
1462 403 1501 425 ex
1517 394 1732 435 chirographis
1745 396 1761 436 (
1776 405 1788 427 1
1801 397 1819 437 )
1832 421 1838 431 .
1859 398 1928 438 qui-

1065 435 1122 480 bus
1143 434 1316 466 navarchus
1339 434 1510 475 Ulissipone
1530 435 1683 476 professus
1708 444 1794 473 erat,
1817 437 1847 469 se
1875 439 1929 471 has

1065 476 1175 508 illasve
1199 484 1318 507 merces
1341 476 1490 516 recepisse
1511 499 1521 514 ‚
1552 477 1748 509 navim'non
1777 477 1928 511 Hambur-

1065 527 1159 558 guni,
1184 516 1237 562 sed
1254 516 1456 558 Tonningam
1475 518 1506 549 in
1526 518 1667 550 Holsatia
1689 519 1780 551 fuisse
1799 519 1927 552 destina*

1066 568 1128 591 tam
1147 581 1157 597 ,
1178 559 1254 599 juris
1282 566 1385 590 autem
1410 558 1469 590 esse
1497 560 1641 599 nautici,
1667 570 1790 592 mutato
1816 561 1928 594 11111616

1067 600 1182 632 resolvi
1219 599 1477 631 assecurationem
1508 600 1537 640 ὃ.
1577 605 1608 632 6.
1651 601 1710 632 Tit.
1750 602 1820 634 Vll.
1855 602 1927 636 LL.

1067 642 1166 688 Naue.
1196 640 1327 681 Philipp.
1356 645 1447 687 15⁶3·
1480 641 1510 673 ἃ
1535 640 1564 682 §.
1599 652 1628 683 7.
1661 642 1702 674 A.
1733 643 1928 677 Assecuratus'

1065 683 1192 715 dicebat
1210 705 1220 720 ‚
1252 682 1294 714 sic
1323 683 1450 723 quidem
1479 692 1510 714 in
1539 683 1601 715 illis
1631 684 1846 726 chirographis
1869 684 1928 718 esse

1065 725 1232 766 scriptum,
1258 723 1308 754 sed
1332 733 1395 755 non
1421 723 1476 756 nisi
1496 729 1548 764 pro
1559 725 1681 765 forma,
1705 735 1740 757 ut
1765 727 1873 766 ajunt,
1891 727 1931 761 ad

1065 766 1247 798 evitandum
1275 774 1388 805 nempe
1417 766 1612 806 periculum.
1641 767 1726 808 quod
1745 767 1927 800 imminebat

1065 818 1082 840 a
1099 807 1294 849 praedatoriis
1312 805 1472 847 Gallicis(
1486 806 1691 849 Tonningani
1707 809 1790 840 enim
1808 817 1927 850 tempo-

1065 859 1097 880 re
1126 849 1222 887 belli,
1248 847 1332 893 quod
1363 855 1438 880 tunc
1466 856 1533 878 erat
1550 872 1558 887 ‚
1592 858 1773 882 neutrarum
1796 851 1930 891 pai-tium

1063 890 1175 929 fuisse,
1196 899 1262 936 non
1279 897 1355 920 item
1374 889 1617 932 Hamburgum)
1642 891 1850 932 plurimasque
1865 892 1931 932 eius

1064 932 1108 964 rei
1139 932 1341 973 probationes
1365 930 1526 962 adferebat
1553 956 1562 972 ‚
1594 935 1733 974 itemque
1755 931 1931 967 testimonia·

1066 973 1238 1005 celebrium
1255 972 1628 1012 31101101Μ61·63101·11111,
1653 974 1732 1014 saepe
1746 976 1826 1006 hane
1846 975 1929 1016 piam

1066 1015 1210 1048 fraudem
1240 1013 1335 1045 fuisse
1358 1013 1526 1045 adhibitam
1558 1016 1596 1047 ad
1622 1016 1791 1048 eludendos
1814 1015 1928 1049 hostes.

1068 1056 1212 1088 Addebat
1238 1054 1426 1087 assecuratus
1447 1079 1456 1094 ,
1489 1056 1510 1088 si
1533 1057 1585 1089 vel
1621 1067 1728 1089 revera
1757 1059 1931 1091 navanhus

1068 1097 1272 1137 'I'onningam
1299 1095 1473 1127 destinaslet
1491 1121 1500 1136 ,
1526 1098 1555 1129 &
1574 1107 1610 1129 63
1637 1097 1845 1131 destinatione
1871 1101 1931 1132 iter

1067 1138 1230 1175 mutasset,
1254 1137 1460 1169 nihilominus
1479 1146 1581 1170 tamen
1599 1139 1820 1172 affecul·at01·CS
1844 1148 1929 1172 tene-

1065 1180 1090 1211 ri
1106 1189 1146 1210 ex
1165 1179 1192 1209 d.
1219 1177 1246 1218 §.
1269 1188 1299 1218 7.
1323 1177 1366 1208 A.
1384 1178 1439 1210 nisi
1453 1179 1649 1220 probassent,
1673 1181 1758 1221 quod
1789 1181 1840 1213 liic
1866 1191 1930 1214 non

1065 1219 1258 1262 probabant,
1282 1227 1319 1250 ex
1339 1219 1485 1250 mandato
1502 1220 1661 1252 assecurati
1682 1223 1742 1253 iter
1758 1222 1849 1254 fuisse
1868 1232 1931 1255 inu-

1067 1270 1177 1293 tatuni.
1222 1259 1272 1291 Ad
1287 1259 1357 1291 liaee
1380 1260 1511 1300 negabat
1536 1262 1718 1295 assecuratus
1733 1285 1744 1301 ‚
1763 1264 1822 1295 iter
1842 1263 1934 1296 fuisse

1067 1310 1223 1334 mutatum
1241 1325 1250 1340 ‚
1286 1311 1359 1333 cuin
1391 1302 1479 1333 navis
1511 1303 1648 1344 periisset
1676 1304 1758 1335 inter
1781 1314 1817 1335 ca
1841 1305 1930 1345 loca,

1068 1354 1138 1386 quae
1155 1344 1185 1375 in
1206 1343 1297 1384 pasto
1316 1342 1548 1377 assecurationis
1565 1345 1702 1386 expressa
1717 1354 1803 1378 erant
1814 1369 1825 1385 ‚
1848 1356 1933 1380 nem-

1067 1395 1105 1427 pe
1122 1386 1204 1418 inter
1223 1383 1424 1425 Ulissiponem
1448 1384 1477 1415 ὅ(
1499 1385 1726 1427 Hamburgum.

1112 1427 1361 1464 AffecuratoreS,
1385 1427 1470 1466 quod
1493 1427 1532 1458 cle
1555 1429 1604 1469 pia
1628 1428 1738 1460 fraude
1752 1429 1838 1467 dixi,
1860 1428 1932 1464 satis

1067 1467 1294 1510 agnoscebant,
1320 1466 1371 1499 sed
1392 1469 1544 1508 urgebant
1559 1469 1766 1501 instrumento
1785 1470 1932 1503 assecura-

1068 1511 1165 1542 tionis
1191 1517 1271 1555 tune
1294 1507 1488 1554 inserendum
1512 1510 1622 1550 fuisse,
1647 1511 1723 1544 nulli
1748 1513 1932 1552 praejudicio

1066 1553 1227 1589 futurum,
1253 1551 1348 1596 sralia
1375 1550 1446 1582 loca
1465 1553 1673 1592 reperirentur
1692 1553 1724 1585 111
1748 1554 1811 1585 11113
1827 1563 1932 1594 recep·

1069 1603 1170 1626 tarum
1188 1601 1342 1624 mercium
1356 1591 1591 1635 chirographis,
1616 1603 1707 1634 quam
1725 1594 1778 1626 hic
1793 1595 1933 1636 expressa

1068 1636 1164 1668 essent
1176 1658 1186 1674 ‚
1210 1642 1343 1674 eumque
1357 1632 1445 1665 usum
1460 1635 1553 1667 etiam
1571 1635 1716 1674 testibus,
1734 1636 1763 1668 ὅ(
1780 1637 1933 1678 exemplis

1068 1676 1251 1719 probabant.
1280 1674 1340 1706 Sed
1358 1674 1424 1706 haec
1444 1676 1567 1717 quidem
1595 1676 1779 1715 assecuratus
1797 1678 1931 1718 pruden-

1066 1721 1120 1750 tia:
1134 1734 1157 1757 ,·
1174 1727 1239 1749 non
1265 1715 1435 1762 necessitati
1465 1717 1660 1750 adscribebat
1675 1740 1686 1757 ‚
1708 1718 1761 1756 &,
1784 1719 1932 1760 quicquid

1063 1761 1129 1800 ejus
1161 1759 1206 1790 rei
1228 1757 1304 1789 esset
1321 1782 1330 1796 ,
1366 1757 1445 1790 nihil
1469 1767 1573 1791 tamen
1589 1784 1598 1797 ‚
1624 1768 1662 1791 ex
1682 1759 1750 1799 jure
1776 1760 1931 1799 nautico,

1063 1802 1116 1835 sibi
1138 1800 1285 1841 imputari
1304 1799 1406 1841 posse,
1432 1810 1547 1841 quum,
1571 1807 1694 1833 mutato
1722 1801 1861 1841 quamvis
1878 1802 1930 1833 iti-

1063 1852 1155 1882 nere,
1181 1841 1243 1883 ipse
1264 1841 1444 1873 mandatum
1470 1843 1606 1874 mutandi
1634 1851 1697 1873 non
1721 1841 1873 1880 dedisset,
1899 1844 1930 1876 δι’.

1063 1894 1160 1926 01111111
1175 1905 1187 1922 ,
1216 1892 1256 1914 ex
1279 1882 1389 1929 eodem
1412 1883 1481 1923 jure
1496 1908 1506 1923 ,
1540 1894 1579 1916 ne
1603 1883 1728 1925 quidem
1756 1883 1932 1922 navarchus

1066 1928 1126 1959 iter
1143 1933 1335 1962 mutaverit,
1360 1924 1413 1955 vel
1437 1927 1605 1966 quicquam
1629 1925 1831 1965 peccaverit,
1855 1934 1930 1958 tunc

1066 1969 1151 2002 enim
1174 1967 1326 1999 duntaxat
1353 1966 1414 1997 iter
1436 1974 1590 1999 mutatum
1618 1966 1780 2007 intelligi,
1804 1965 1826 1998 fi
1853 1965 1930 2007 quid

1066 2012 1130 2052 ejus
1145 2008 1190 2041 rei
1215 2007 1269 2039 fiat
1294 2008 1324 2040 in
1353 2007 1571 2048 praejudicium
1595 2007 1832 2045 affectu-acoris,
1863 2016 1928 2050 quo

1066 2052 1189 2084 seilicet
1212 2049 1282 2090 plus
1310 2049 1510 2091 periclitetur
1533 2072 1544 2088 ,
1573 2059 1666 2091 quani
1695 2058 1736 2080 ex
1774 2048 1930 2087 destinato

1065 2094 1177 2125 itinere
1192 2091 1388 2132 periclitatus
1408 2089 1534 2130 fuisset,
1556 2092 1586 2123 &
1614 2090 1655 2122 sie
1682 2099 1749 2121 eam
1782 2099 1846 2121 rem
1874 2099 1929 2121 ex-

1063 2135 1180 2176 plicare
1194 2134 1222 2164 cl.
1248 2131 1277 2173 §.
1300 2136 1330 2164 6.
1357 2131 1408 2163 Tit
1431 2132 1503 2164 Vll.
1528 2132 1593 2172 LL.
1618 2131 1743 2163 Nautic.
1768 2131 1807 2163 P.
1834 2134 1926 2174 1563.

1066 2177 1186 2208 licitam
1203 2176 1311 2215 utique
1328 2173 1388 2206 esse
1414 2173 1667 2214 stipulationem,
1690 2181 1726 2204 111
1743 2182 1806 2204 non
1831 2180 1934 2205 totum

1065 2219 1145 2257 iter,
1170 2216 1220 2248 sed
1237 2216 1290 2247 vel
1308 2225 1376 2257 pars
1391 2215 1490 2256 aliqua
1505 2216 1626 2247 itineris
1645 2214 1788 2255 periculo
1803 2213 1838 2246 sit
1854 2214 1932 2254 ejus,

1065 2259 1118 2301 qui
1139 2258 1350 2296 assecuravit3
1373 2266 1466 2298 atque
1490 2258 1568 2288 adeo
1592 2256 1670 2287 nihil
1695 2255 1815 2287 adrem
1833 2255 1928 2296 perti-

1065 2310 1157 2337 nere,
1183 2298 1204 2331 fi
1220 2299 1272 2330 vcl
1290 2307 1398 2330 revera
1425 2300 1494 2329 haec
1519 2298 1606 2329 navis
1625 2296 1828 2337 Tonningain
1855 2294 1932 2328 esset

1066 2341 1240 2378 destinata,
1266 2341 1295 2372 δι
1318 2339 1383 2381 ipse
1407 2339 1593 2371 assecuratus
1620 2338 1651 2369 id
1672 2337 1858 2375 mandasset,
1879 2345 1932 2372 ne-

1067 2393 1128 2425 que
1152 2382 1236 2414 enim
1260 2382 1355 2423 periit
1380 2382 1462 2413 inter
1495 2380 1709 2421 Hamburguin
1736 2379 1765 2410 ἀ
1782 2377 1930 2410 Το1111111-

1066 2434 1135 2465 gam
1155 2447 1164 2463 ,
1197 2423 1248 2456 sed
1282 2423 1363 2454 inter
1399 2422 1601 2462 Ulissiponem
1640 2422 1670 2453 &
1703 2419 1843 2451 Hambur
1867 2427 1931 2450 um.

1067 2466 1175 2510 Quum
1201 2473 1301 2505 partes
1321 2465 1401 2497 hanc
1422 2463 1623 2504 quaestionem
1652 2460 1754 2492 statim
1780 2459 1817 2490 ad
1862 2468 1933 2491 ena-

1069 2516 1135 2540 tum
1163 2507 1350 2548 Supremum
1367 2501 1775 2550 judicandamdetulissent,
1797 2501 1932 2547 Senatus

1072 2559 1121 2581 12.
1150 2548 1225 2588 Apr.
1253 2557 1342 2589 1714.
1373 2548 1415 2578 ob
1437 2556 1488 2578 eas
1516 2552 1672 2582 rationeS,
1696 2551 1771 2583 quas
1794 2551 1856 2582 Jam
1882 2551 1930 2574 re-

1068 2589 1252 2632 praesentavi
1264 2611 1274 2628 ,
1299 2587 1464 2620 secundum
1480 2585 1681 2624 assecuratum
1701 2584 1749 2624 J'us
1766 2583 1859 2615 dixit.

1109 2630 1314 2671 Mediobui·gi
1340 2629 1428 2661 navis
1449 2634 1629 2666 mercesque
1649 2625 1826 2659 assecurata:
1845 2631 1933 2657 erant

1067 2674 1099 2706 in
1126 2672 1192 2704 haec
1219 2671 1329 2703 verba:
1352 2680 1414 2702 van
1441 2667 1633 2709 Middelbmg
1662 2676 1738 2698 naar
1760 2668 1793 2698 de
1817 2663 1930 2707 Kasten

1068 2724 1128 2745 van
1158 2712 1271 2753 Africa
1295 2722 1330 2743 en
1351 2711 1511 2748 America,
1526 2709 1634 2749 ſsmdcr
1654 2707 1795 2750 permz'ffie
1819 2717 1880 2739 van
1897 2708 1932 2739 de

1072 2752 1283 2795 lbsesiirzclilche
1310 2752 1484 2794 Compagm'e
1501 2774 1510 2789 ‚
1534 2759 1602 2781 visor
1627 2750 1685 2781 alle
1703 2749 1836 2790 perikel‚
1858 2757 1933 2790 gem

1070 2796 1292 2837 nytgesbndern
1309 2803 1356 2824 zoo
1373 2795 1424 2824 dar
1439 2793 1486 2823 het
1505 2792 1593 2831 Schip
1611 2801 1733 2834 vermag
1751 2789 1937 2822 OVERAt,

1072 2843 1098 2868 te
1126 2837 1242 2874 milen,
1266 2845 1313 2866 zoo
1330 2840 1363 2874 op
1387 2834 1529 2872 bekende,
1555 2833 1599 2864 als
1625 2833 1783 2864 onbekencle
1799 2854 1809 2870 ‚
1832 2837 1930 2873 geper-

1070 2879 1219 2909 mitteercle
1233 2900 1242 2916 ,
1266 2877 1310 2907 als
1327 2875 1599 2918 origepermineercle
1610 2873 1744 2915 plaatfin
1759 2873 1792 2913 ⁰f
1806 2872 1932 2914 Lueens,

1070 2919 1140 2950 alles
1155 2928 1231 2950 naar
1257 2918 1305 2948 hei:
1324 2918 1511 2959 goedvinclen
1533 2926 1596 2948 vnn
1616 2916 1673 2947 den
1695 2915 1930 2946 Commamleren-

1067 2962 1134 2992 den.
1151 2961 1259 3002 Quum
1277 2959 1344 2990 haec
1361 2958 1451 2990 navis
1470 2956 1642 3000 navigasset
1658 2956 1695 2988 ad
1712 2955 1839 2994 insulas,
1860 2963 1931 2995 quae

1067 3010 1221 3034 vocantur
1255 2999 1410 3047 Biffiiges,
1445 3009 1543 3040 quas,
1575 3008 1613 3030 cx
1643 2997 1810 3039 privilegio
1840 2995 1933 3038 Regis

1068 3042 1229 3082 Erana-ici,
1254 3040 1309 3073 soli
1326 3042 1464 3075 societati
1482 3039 1679 3083 Siriogallicae
1697 3038 1781 3070 adire
1800 3037 1830 3069 δε
1846 3045 1930 3068 eom-

1852 3085 1930 3112 mer—
