2008 3436
219 95 502 166 QuAE'ST-
563 112 793 160 JURIS
848 113 1206 157 PRIVATI,
1259 114 1604 159 L113.111.c.v111.

38 206 99 240 His
115 202 230 246 qiii‘fifii
253 202 375 243 adfirz'b.
402 204 435 234 in
463 198 576 243 testam.
621 200 655 232 In
673 198 901 246 clau-fistigitur

38 245 250 280 testamentis.
282 244 333 275 ubi
360 245 425 278 sola
450 242 608 275 testatoris
635 241 821 281 subscriptio
849 252 900 274 oc-

37 289 156 326 currit,
180 286 256 318 niliil
276 285 394 317 valebit
408 309 417 322 ,
449 284 533 327 quod
552 285 623 326 quis
645 283 699 315 fibi
724 282 900 323 adscripsit,

37 331 67 362 δι
83 329 124 361 {ic
141 336 268 368 quoque
287 326 465 368 responsum
484 326 530 357 est
552 335 604 367 31·
624 324 700 370 jul..
717 328 808 358 1628.
831 324 899 365 (7).

36 370 238 404 Tantundem
263 368 398 400 dicimus
432 367 471 399 dc
502 366 717 407 chirographis
749 375 900 406 privatis,

22 423 105 454 >qua:
121 418 355 451 componuntur
375 419 415 442 ex
435 406 588 449 potestate
605 406 748 439 claiii'ulae
767 407 900 439 reserva-

37 454 127 487 toriae
142 475 152 491 ,
176 452 196 483 fi
213 461 381 483 extraneus
396 451 528 487 scribat,
551 450 582 481 ὅ(
598 450 627 480 in
645 449 693 480 liis
714 449 769 480 libi
791 449 900 481 adscri-

34 496 98 528 bat.
145 494 219 526 Sola
242 492 430 533 subscriptio
451 490 608 523 testatoris
632 500 697 522 non
722 489 767 522 est
791 491 902 521 idonea

33 537 71 568 ad
92 535 328 568 subvertendam
355 533 430 574 juris
455 532 674 564 auctoritatem
692 555 701 568 ,
734 533 900 572 nequidem

34 578 56 611 fi
75 577 229 609 distamen
249 575 426 613 accesserit,
451 575 482 606 ἀ
505 574 550 605 ita
570 583 713 616 quoque,
740 583 789 605 nie
808 574 899 605 Sena-

35 628 125 656 10113,
147 617 297 657 judicavit
312 617 445 648 Senatus
468 616 638 656 Supremus
661 621 690 650 8.
715 615 775 656 Jul.
808 624 900 656 1712.

32 661 65 693 in
86 659 196 697 causa,
217 668 309 699 quain
332 657 419 697 supra
436 657 530 688 retuli
553 658 585 688 C.
606 656 649 688 V.
667 656 709 697 -ιςχζ
732 657 822 688 Titia.

76 701 175 745 Quod
194 700 231 732 ad
251 701 384 731 alterum
403 708 498 739 genus
516 697 690 730 testamenti
703 723 712 737 ‚
734 698 814 739 apud
840 708 899 730 nos

33 743 170 783 recepti,
194 741 278 783 quod
295 742 528 781 nuncupati-vuiti
548 738 650 771 solent
674 741 850 782 appellare,
876 740 898 772 ii

32 795 141 818 revera
157 783 407 822 nuncupativum
422 780 624 819 ell'et,faeile
640 782 817 814 accederem
834 782 897 813 An-

32 827 124 859 tonio
142 825 242 857 Fabi-o
263 825 331 856 Cuil.
348 824 474 855 Sit-baud.
502 822 612 855 1,.1Χ.
634 823 667 855 T.
687 833 733 864 14.
749 822 850 864 Defin.
870 833 895 854 1:

30 868 175 910 putanti,
198 876 260 897 non
285 875 420 899 nocerex
446 865 467 897 fi
492 866 657 905 legatarius
676 869 896 896 testamentum

30 909 214 947 sci-inserit,
237 917 299 948 quo
323 915 501 947 nuncupata
529 908 674 939 voluntas
691 907 895 946 continetur,

31 953 54 985 s1
72 951 184 988 modu,
211 959 244 981 ut
265 949 359 980 Faber
376 949 460 980 addit
476 971 485 985 ‚
498 947 526 979 id
544 948 760 980 testamentum
775 958 833 988 pei·
851 956 895 979 te-

31 993 113 1030 stes,
146 1001 206 1023 non
230 1000 284 1032 pei·
309 991 490 1031 scripturam
511 990 671 1029 probetur.
724 988 835 1022 Nolim
852 988 897 1020 di-

32 1034 174 1076 sputare,
198 1033 229 1064 id
253 1041 350 1074 genus
371 1031 546 1062 testamenti
572 1030 696 1070 scriptis
717 1040 755 1061 an
779 1039 897 1062 nuncu-

31 1075 148 1117 pativis
173 1074 385 1106 Romanorum
409 1072 505 1112 magis
523 1071 557 1103 iit
582 1071 833 1109 accensendum,
857 1080 896 1102 an

29 1117 138 1159 potius
154 1125 214 1157 pro
229 1116 330 1146 mixto
348 1122 460 1155 genere
480 1112 516 1144 fit
538 1112 728 1151 habendum,
754 1113 896 1143 dummo-

30 1159 74 1191 do
91 1156 231 1194 constet‚
255 1155 338 1196 quod
357 1155 470 1195 opinor
493 1154 574 1195 apud
596 1163 706 1186 omnes
734 1153 897 1192 constare,

31 1210 68 1232 ea
89 1197 291 1235 testamenta,
322 1206 393 1237 quae
413 1195 530 1227 Sci-ibae
556 1195 674 1236 publici
698 1195 793 1227 hodie
810 1204 897 1226 com-

31 1247 177 1283 ponunt,
201 1248 264 1270 nnn
285 1246 346 1269 tam
372 1244 552 1277 nuncupata
578 1238 608 1268 C<
634 1235 758 1268 testium
777 1245 895 1268 memo-

28 1284 83 1316 riae
101 1279 263 1313 eominiss'a
284 1278 364 1313 esse,
389 1288 499 1317 quain,
527 1286 561 1308 ut
585 1277 777 1318 scribantur,
803 1278 834 1310 ἃ
855 1278 897 1310 fic

28 1326 180 1361 valeant,
209 1331 248 1353 ex
278 1330 333 1352 ore
361 1320 545 1352 testatorum
578 1318 729 1360 profecta.
776 1319 896 1351 Eorum

27 1367 125 1407 igitur
150 1363 226 1397 fides
243 1363 335 1395 unice
358 1362 474 1402 pendet
499 1361 705 1402 ascriptum,
733 1370 827 1404 atque
853 1361 897 1392 ita

28 1408 62 1440 in
81 1408 128 1438 nis
143 1406 251 1438 eadem
269 1404 399 1435 omnino
420 1401 465 1434 est
483 1403 582 1440 ratio,
608 1411 677 1442 quae
693 1404 723 1434 in
736 1403 902 1434 Romano--

28 1459 99 1481 rum
117 1446 240 1487 scriptis
259 1444 464 1476 testamentis.
511 1443 681 1476 Traditum
705 1453 831 1485 quoque
852 1444 896 1474 in-

27 1491 123 1522 venio
145 1488 224 1529 (8),
246 1487 278 1518 in
295 1494 430 1526 utroque
458 1494 573 1526 genere
595 1485 772 1518 testamenti
800 1485 896 1517 hodie

28 1532 112 1564 idem
129 1531 284 1562 obtinere.
329 1527 388 1560 Sed
399 1550 411 1566 ,
429 1527 571 1567 quamvis
587 1527 616 1558 id
631 1527 744 1568 largiar
756 1551 765 1566 ,
790 1534 895 1559 tamen

26 1573 106 1606 scire
122 1570 280 1608 desidero,
305 1568 570 1611 quemadmodum
586 1569 732 1600 obtinere
753 1568 845 1610 pollit
861 1569 893 1600 in

29 1612 221 1647 testamentis
231 1635 240 1651 ,
264 1620 335 1653 quae
350 1611 478 1643 actuarii
498 1608 638 1641 scribunt
649 1634 658 1645 ,
671 1610 735 1642 five
749 1610 894 1642 tabellio-

27 1666 83 1689 nes
102 1656 178 1695 fint,
201 1654 265 1686 sive
289 1652 397 1684 scribae
415 1652 576 1693 judicum,
602 1652 632 1683 δι
656 1651 726 1684 sane
749 1661 813 1684 non
840 1661 894 1683 oc-

27 1704 160 1736 currunt
184 1694 261 1728 mihi
281 1694 350 1726 duae
370 1694 487 1735 speeies
504 1716 514 1731 ,
547 1693 578 1724 in
603 1693 718 1734 quibus
749 1694 896 1726 obtinere

27 1739 131 1782 poffet
147 1735 314 1776 adscriptio
334 1735 376 1768 sui
387 1759 396 1775 ,
421 1734 442 1767 fi
458 1734 590 1776 persona
611 1735 736 1775 publica
753 1734 789 1767 fit
803 1735 893 1768 testa-

26 1781 199 1814 mentarius
212 1777 329 1816 scriba3
354 1778 451 1819 prima
472 1775 537 1812 est,
563 1776 584 1808 fi
609 1777 764 1817 eiusmodi
790 1776 894 1819 perso-

27 1833 67 1856 na
90 1822 236 1863 publica,
265 1819 320 1851 fibi
348 1818 404 1860 ipfi
435 1817 587 1851 adscribat
609 1818 815 1851 hereditatem
840 1819 893 1850 vel

26 1865 164 1905 legatum
179 1863 251 1900 vel,
274 1860 295 1893 fi
315 1862 455 1902 privatus
479 1860 510 1892 id
527 1860 612 1902 quod
631 1858 770 1902 sci-ipsit,
792 1862 822 1894 δι
838 1861 893 1893 fibi

27 1904 187 1946 adseripfit
201 1927 212 1943 ,
235 1904 335 1934 tradat
356 1901 515 1939 Nomi-io,
538 1910 573 1933 ut
597 1910 690 1942 penes
713 1900 744 1932 se
766 1902 797 1934 in
819 1902 895 1934 at'tis

28 1947 133 1980 servet
151 1955 210 1988 pro
231 1944 383 1984 scriptura
408 1943 608 1980 authentica,
631 1953 700 1974 voor
716 1944 750 1973 (Ie
772 1945 896 1976 minute.

32 1988 124 2024 Unde
145 1986 246 2029 probo
260 2010 268 2024 ‚
292 1985 376 2027 quod
394 1985 422 2017 ἀ
440 1985 492 2017 alii
512 1984 698 2026 scripserunt
719 1984 749 2016 δε
770 1985 896 2027 respon-

28 2031 140 2064 derunt
153 2029 193 2070 (9
222 2051 232 2067 ,
257 2026 459 2059 tabellionem
472 2050 480 2062 ,
505 2027 557 2068 qui
578 2025 797 2059 testamentum
818 2037 895 2059 cou-

28 2072 118 2110 ficit‚
138 2071 171 2102 in
199 2079 272 2101 uum
289 2068 492 2100 commodum
511 2068 590 2099 nihil
604 2067 777 2100 adscribere
796 2068 893 2110 poss‘e.

30 2113 103 2146 Nec
127 2111 197 2150 est,
219 2119 254 2144 ut
280 2119 372 2152 putes
390 2110 421 2141 in
443 2118 572 2149 utraque
596 2108 720 2150 speeie,
743 2118 779 2142 ut
801 2110 896 2142 video

31 2154 194 2197 quemdam
215 2151 336 2194 putasse
352 2151 454 2192 (10),
479 2150 713 2191 piaelettionem
724 2173 735 2189 ,
759 2162 776 2183 a
791 2150 896 2184 Nota-

30 2199 79 2229 rio
107 2204 215 2226 eoram
237 2193 366 2225 testibus
387 2191 502 2224 factam
520 2217 529 2232 ‚
562 2193 592 2225 &
616 2192 708 2234 ipsius
739 2192 899 2226 testatoris

29 2235 294 2277 subscriptionem
313 2233 472 2274 purgaffe,
494 2234 644 2275 quicquid
659 2234 725 2274 ejus
743 2235 815 2266 vitii
833 2233 897 2274 est,

31 2288 133 2320 neque
159 2277 241 2309 enini
266 2283 434 2317 purgatur,
472 2275 527 2307 nili
554 2285 670 2316 praeter
695 2275 898 2318 subscriptio-

29 2329 102 2354 nem
127 2317 256 2351 accedat
284 2316 442 2348 testatoris
468 2315 618 2357 professio
635 2342 645 2357 ‚
681 2315 712 2349 se
735 2317 897 2350 testamen-

30 2370 100 2394 tum
115 2359 230 2401 dictast}
258 2359 288 2390 ἃ
311 2357 515 2400 recognoviffe.
559 2359 668 2401 Ser—iba
683 2359 793 2400 potuit
810 2368 897 2400 quae-

30 2403 100 2435 dam
120 2400 268 2434 adleviss‘e
286 2401 316 2431 in
338 2399 498 2440 proprium
516 2401 738 2438 commodum,
763 2400 847 2441 quod
865 2401 898 2432 in

42 2443 232 2476 'raeleffione
251 2440 451 2479 testatorem,
475 2438 561 2472 forte
577 2442 608 2473 in
621 2442 738 2474 lectulo
756 2451 798 2472 ex
811 2450 896 2472 mor-

54 2495 74 2516 o
90 2483 329 2516 decumbentem
341 2505 350 2521 ‚
375 2483 406 2513 &
420 2481 494 2513 ideo
505 2480 593 2513 forte
605 2483 705 2516 minus
719 2489 876 2515 attentum
884 2506 899 2523 „

30 2526 136 2569 fugit,
158 2524 211 2557 sed
225 2524 247 2557 fi
265 2524 330 2566 ipse
348 2524 478 2555 testator
490 2523 674 2563 dietaverm
699 2524 792 2565 idque
808 2532 896 2555 reco-

54 2567 199 2604 noverit‚
223 2565 253 2598 &
272 2567 304 2598 in
324 2563 552 2606 subscriptione
570 2564 799 2603 adfirmaverit,
812 2564 895 2596 frau-

54 2611 79 2643 is
94 2607 247 2650 suspicio,
270 2607 293 2640 fi
309 2615 382 2639 cum
398 2606 484 2647 JCtis
501 2605 616 2638 nostris
634 2606 820 2648 loquamur,
831 2605 896 2638 ces-

32 2651 100 2690 sat,
122 2648 308 2690 ceteroquin
327 2656 392 2680 non
408 2647 513 2680 cessat.
558 2646 651 2679 Nihil
669 2656 774 2680 tamen
792 2647 898 2688 prohi-

30 2691 88 2725 bet
99 2714 110 2732 ‚
135 2699 200 2732 quo
219 2690 323 2722 minus
341 2699 422 2721 uxor
436 2689 572 2727 marito,
596 2688 648 2729 vel
664 2697 832 2722 extraneus
846 2697 897 2722 ex-

30 2741 143 2766 traneo
162 2731 360 2762 voluntatem
378 2730 460 2773 suam
479 2730 672 2762 scribendam
691 2730 895 2770 committat,

31 2775 63 2808 ὅτ.
76 2774 130 2817 qui
151 2771 195 2806 fic
210 2771 370 2811 scribunt,
392 2772 487 2805 etiam
501 2771 557 2804 fibi
579 2771 775 2812 adscribant,
799 2771 897 2805 modo

71 2905 133 2941 (7)
155 2901 248 2941 Confil.
269 2902 311 2931 H.
333 2902 366 2932 T.
382 2904 418 2932 11.
438 2902 530 2940 Camfil.
547 2897 613 2939 {47}

52 2944 139 2980 :(8)'
152 2943 214 2972 Van
236 2943 376 2971 Leeuwen
390 2941 432 2971 ‘R.
452 2942 494 2973 H.
515 2941 551 2972 Ri
575 2943 672 2973 L,‘111.
692 2940 724 2970 C.
741 2950 768 2971 2.
787 2951 815 2971 n.
831 2949 858 2977 5.
872 2941 899 2971 δε

33 2975 141 3020 Qnssaer.
161 2980 242 3013 Foren
258 3003 263 3009 .
285 2980 364 3011 Part.
382 2980 403 3010 1.
418 2979 453 3010 L·
468 2980 518 3012 111.
539 2979 570 3009 C.
587 2989 614 3014 a.
628 2990 656 3011 π.
672 2988 699 3016 5.
711 2987 742 3009 ut
758 2989 793 3009 ex
808 2981 900 3011 Groe-

36 3020 168 3056 newegio
180 3019 214 3047 ad
255 3020 289 3047 it.
312 3018 342 3047 C.
367 3018 723 3057 de.His‚qui,fibi,;adfirilz.
741 3018 768 3048 ὅ(
783 3028 819 3050 ex
841 3019 899 3051 sen-

38 3059 129 3093 teriti-
141 3058 234 3090 Curiae
254 3059 284 3085 in
297 3056 391 3094 Canfil.
414 3056 456 3088 Η,
478 3055 510 3087 Τ.
526 3057 562 3086 11.
576 3056 676 3094 ‚Consil-
695 3065 759 3092 147,
771 3057 831 3087 ,sed
847 3056 903 3086 nec'

36 3098 254 3132 Groenewegeu
266 3095 296 3125 id
313 3096 403 3129 dixit,
423 3102 476 3124 nec
491 3093 583 3126 Curia·
593 3096 632 3125 H.
648 3095 796 3130 iudicavit.

73 3136 132 3173 (9)
156 3135 218 3162 Van
236 3134 377 3163 Leeuwen
394 3132 500 3170 Censur.
519 3132 578 3164 For,
595 3133 673 3163 Part.
689 3134 715 3164 Ι.
733 3133 770 3163 L.
792 3136 843 3166 ΙΙΙ.
864 3133 899 3165 C.

35 3181 65 3211 4‘,
85 3183 113 3204 η,
129 3180 175 3207 43.
195 3171 291 3209 Con-fila
303 3173 346 3204 Η.
371 3171 402 3201 Τ.
420 3172 470 3202 VI.
490 3170 568 3201 Part.
584 3172 623 3201 Π.
638 3170 737 3211 -Clmfil-
750 3180 798 3209 43.

23 3243 25 3245 ,
84 3211 160 3249 (10)
180 3209 327 3249 Coiifi1.H.
351 3208 430 3239 T.11.
450 3208 543 3247 Confil.
559 3218 626 3247 147.

1737 135 1803 171 391

943 210 978 232 ea
999 199 1273 246 scripturalaliena
1296 211 1390 234 manu
1410 205 1648 247 transcribatur,
1670 211 1701 242 <sc
1723 205 1805 243 tran·-

944 242 1060 282 scripta
1080 251 1238 274 muniatur
1257 243 1433 276 necessariis
1451 245 1707 282 solemnitatibus.
1733 251 1808 284 Hoc

942 283 1029 316 fatto
1044 283 1144 324 prima
1162 283 1313 325 scriptura
1326 285 1426 326 perit,
1452 287 1482 317 ὅ(
1501 287 1629 321 liabetur
1644 301 1701 331 pro
1714 292 1809 323 inuti-

945 326 965 357 li
984 325 1112 359 charta,
1137 334 1176 356 ex
1193 335 1253 366 qua
1268 327 1316 367 jus
1339 336 1403 359 non
1422 327 1585 367 redditur,
1607 332 1635 362 δι
1661 333 1701 363 ita
1726 342 1804 373 quo-

944 376 1006 408 que
1022 365 1211 408 respondent
1225 368 1276 399 alii
1296 368 1388 409 (11).
1432 367 1508 400 Non
1529 370 1674 410 inficior,
1697 383 1804 413 quam-

944 410 993 440 vis
1012 409 1057 440 ita
1072 407 1251 440 constanter
1274 409 1478 452 observetur,
1510 409 1615 450 polle,
1639 413 1690 452 qui
1717 413 1807 445 testa-

944 458 1048 482 menta
1065 459 1212 491 captant,
1238 451 1279 483 lic
1297 452 1392 484 etiam
1410 452 1562 493 obrepere
1591 450 1786 485 testatoribus
1798 477 1809 492 ‚

945 492 995 524 scd
1023 492 1106 534 leges
1135 492 1287 525 Romana:
1316 503 1378 525 non
1402 494 1476 526 alias
1499 492 1724 535 adscriptiones
1758 495 1809 526 da-

944 542 1050 566 mnant
1062 557 1073 571 ‚
1095 543 1183 575 quam
1200 544 1269 575 quae
1283 534 1360 567 fiunt
1377 535 1408 567 in
1427 535 1576 574 scriptura
1586 557 1597 573 ,
1611 534 1699 574 cujus
1717 534 1810 567 fidem

946 576 1038 607 unice
1058 574 1234 615 sequimur,
1260 576 1289 608 ἂ
1301 576 1425 617 providi
1443 576 1597 608 testatoris
1616 575 1662 608 est
1679 577 1810 616 negotio

946 617 1025 648 tanti
1045 618 1195 648 momenti
1221 618 1362 658 probata:
1383 618 1455 650 fidei
1478 618 1622 649 homines
1644 617 1810 655 adbibere,

944 660 975 691 δε
999 658 1100 690 minus
1119 659 1248 698 pei-iculi
1274 659 1319 690 est
1346 660 1377 691 iri
1401 660 1534 700 apertis,
1567 669 1637 701 quae
1667 666 1808 698 vocant,

942 709 1034 741 quarn
1051 700 1083 731 in
1101 700 1211 732 clauiis
1226 700 1430 732 testamenti&

983 741 1036 773 Sic
1059 741 1090 772 in
1114 750 1228 782 genere
1252 741 1479 782 definiveraiii,
1511 743 1677 776 nonnullas
1701 750 1805 775 tamen

941 782 1082 822 species,
1118 792 1187 824 quae
1214 783 1267 814 liic
1292 784 1358 815 illic
1381 792 1573 824 occurrunt,
1603 785 1808 817 excutiamus,

940 824 1026 856 belle
1046 825 1215 864 quaeritur,
1240 835 1277 856 an
1301 825 1421 857 SCtum
1441 826 1536 858 cell‘et
1558 827 1589 858 in
1614 836 1678 858 uno
1696 825 1810 858 utrius-

939 874 1000 906 que
1016 865 1169 907 Conjugis
1184 865 1371 898 testamento
1383 891 1393 905 ‚
1418 868 1449 899 in
1468 877 1531 909 quo
1544 867 1612 900 sunt
1629 875 1746 900 mutuae
1763 867 1809 899 in-

940 906 1121 939 stitutiones
1138 907 1168 939 &
1190 915 1298 940 mutua
1318 909 1438 949 legata,
1462 911 1492 942 tic
1509 909 1625 941 ceil'are
1650 908 1809 950 saepiffime

941 947 1122 990 responsum
1142 947 1187 980 est
1210 949 1314 990 (12),
1346 952 1376 981 ὅ(
1404 950 1446 981 ita
1464 951 1533 991 jure
1560 949 1806 982 Roermondenfi

941 998 1071 1022 cautum
1084 989 1188 1021 fertur
1205 991 1296 1032 (13).
1341 990 1448 1032 Atque
1468 992 1489 1024 fi
1504 993 1547 1024 ita
1561 992 1749 1034 probatione
1763 991 1808 1031 ju-

940 1031 982 1062 ris
1006 1040 1047 1062 ex
1066 1031 1177 1062 eodem
1197 1032 1405 1064 insti-umento
1428 1032 1543 1065 falsum
1568 1033 1699 1065 refutari
1719 1033 1807 1064 vide-

940 1078 1046 1110 retur,
1067 1071 1137 1102 fere
1162 1080 1198 1103 ut
1220 1073 1251 1104 in
1277 1072 1368 1111 filio,
1391 1074 1440 1114 qui
1464 1075 1577 1116 patris,
1606 1075 1696 1115 cujus
1722 1074 1810 1105 lieres

939 1111 1042 1151 effen,
1065 1111 1284 1144 testamentum
1304 1114 1419 1155 scripsit
1434 1115 1456 1146 l.
1477 1125 1502 1147 1.
1524 1117 1554 1147 C.
1577 1117 1610 1147 de
1630 1116 1690 1147 His
1705 1114 1804 1157 quisi-

941 1156 968 1185 bz'
983 1153 1118 1196 adscripfi
1145 1155 1176 1186 ὃς
1193 1154 1279 1196 quod
1296 1156 1338 1186 ob
1351 1156 1485 1196 primum
1507 1157 1661 1188 moriendi
1680 1157 1807 1188 incerti-

940 1196 1079 1227 tudinem
1099 1195 1195 1227 etiam
1213 1197 1341 1228 excludi
1368 1197 1513 1230 videatur
1534 1198 1634 1230 dolus.
1659 1233 1662 1237 ¹
1679 1198 1739 1229 Sed
1758 1198 1806 1229 liae

940 1237 1076 1269 rationes
1102 1246 1166 1269 non
1190 1236 1348 1269 sufficiunt
1374 1247 1487 1270 contra
1509 1238 1705 1271 manifestam
1729 1239 1806 1279 juris

939 1278 1161 1310 auctoritatem
1179 1278 1211 1310 in
1227 1279 1248 1310 l.
1266 1290 1298 1319 4.
1317 1280 1350 1311 C.
1374 1279 1448 1311 Eod.
1474 1281 1505 1312 ἂ
1531 1281 1611 1313 lianc
1634 1280 1687 1312 alii
1705 1280 1804 1311 tutius

940 1319 1064 1360 sequuti
1084 1319 1154 1352 sunt
1167 1342 1178 1358 ‚
1200 1328 1263 1352 tam
1283 1321 1314 1353 in
1331 1320 1572 1362 respondendo,
1595 1332 1686 1363 quam
1708 1322 1740 1353 in
1761 1323 1809 1363 ju-

939 1361 1073 1393 dicando
1102 1361 1193 1402 (14).
1241 1362 1367 1394 Mutuae
1398 1362 1468 1394 sane
1494 1361 1736 1401 institutiones,
1768 1362 1806 1393 ad

939 1412 1015 1442 quas
1034 1411 1231 1444 provocant,
1256 1413 1307 1435 nie
1329 1413 1392 1436 non
1411 1405 1593 1444 moverint,
1618 1414 1692 1436 cum
1714 1404 1810 1436 facile

940 1445 977 1476 fit
997 1445 1086 1475 alteri
1104 1444 1275 1486 conjugum
1301 1445 1385 1477 aliud
1402 1446 1556 1486 posterius
1586 1445 1808 1478 testamentum

938 1486 992 1518 fibi
1015 1485 1073 1517 soli
1093 1485 1222 1525 facere,
1246 1488 1276 1519 ἃ
1298 1496 1370 1518 cum
1387 1487 1435 1527 J'us
1460 1497 1524 1519 non
1545 1486 1728 1519 subvertant
1752 1487 1806 1519 be-

938 1527 1070 1567 neficia,
1116 1537 1162 1559 uae
1180 1528 1262 1559 alter
1279 1528 1446 1570 conjugum
1471 1529 1502 1560 in
1529 1529 1662 1560 alterum
1691 1536 1806 1560 contu·

937 1569 975 1601 lit
989 1593 998 1608 ‚
1023 1577 1059 1600 ut
1071 1578 1089 1600 e
1134 1570 1164 1601 in
1182 1568 1303 1610 specie,
1325 1579 1415 1611 quam
1427 1570 1523 1602 refert
1541 1570 1651 1602 Celsus
1670 1570 1700 1602 in
1719 1570 1740 1602 l.
1752 1575 1805 1611 48,

931 1611 972 1652 ff.
990 1613 1018 1644 cl.
1038 1610 1150 1642 Donat.
1175 1613 1255 1642 inter
1276 1612 1320 1644 V.
1337 1611 1372 1646 ἐξ
1393 1611 1433 1643 U.
1482 1612 1586 1643 Pofi'et
1611 1612 1708 1643 etiam
1725 1612 1806 1643 alter

936 1653 1064 1684 altei·ius
1086 1652 1254 1690 morbum,
1278 1653 1332 1685 vel
1357 1653 1434 1694 quid
1455 1653 1573 1694 fimile,
1598 1660 1744 1695 captare,
1775 1653 1807 1685 δε

936 1694 978 1726 fic
1000 1695 1217 1726 innocentiam
1233 1695 1473 1727 circumvenire.

980 1735 1040 1768 His
1053 1735 1134 1767 addo
1151 1735 1289 1775 causam,
1314 1737 1363 1768 cui
1382 1736 1555 1777 judicandae
1574 1735 1638 1778 ipse
1657 1736 1809 1772 interfui„

936 1777 1030 1817 CaJus
1050 1778 1080 1809 ὃ(
1096 1777 1190 1818 Caja,
1212 1777 1393 1820 Conjuges,
1417 1779 1469 1819 qui
1491 1778 1649 1811 haerebant
1667 1779 1805 1811 Bataviae

937 1818 1105 1858 Indorum,
1129 1819 1258 1858 clauso,
1283 1819 1368 1861 quod
1394 1820 1522 1852 mai-icus
1543 1819 1595 1853 sua
1613 1829 1707 1852 manu
1729 1819 1803 1852 scri-

937 1860 1060 1902 pserat,
1096 1860 1301 1901 testamento,
1332 1861 1412 1894 duos
1438 1861 1539 1901 filios,
1570 1871 1648 1903 quos
1677 1860 1808 1893 sustule-

938 1909 1026 1942 rant,
1050 1901 1219 1934 instituunt
1242 1903 1368 1936 heredes
1386 1912 1427 1935 ex
1444 1904 1606 1945 legitima,
1632 1904 1663 1936 ὄε
1685 1902 1804 1942 Conju-

937 1953 1010 1986 gem
1037 1942 1235 1985 superstitem
1260 1954 1300 1977 ex
1326 1945 1447 1984 reliqua
1465 1945 1649 1977 hereditate.
1695 1944 1807 1976 Testa-

938 1993 1049 2018 mento
1073 1984 1270 2018 subscribunt
1292 1986 1356 2018 duo
1384 1986 1566 2028 Conjuges,
1596 1985 1752 2018 Notarius
1774 1985 1807 2018 δε

938 2028 1003 2062 duo
1021 2026 1124 2059 testes.
1168 2027 1255 2059 Mox
1270 2026 1444 2066 Notarius,
1456 2027 1661 2068 circumjeeto
1677 2027 1806 2059 involu-

939 2078 996 2101 cro
1021 2067 1054 2100 id
1071 2068 1211 2107 claudit,
1241 2069 1272 2101 &
1300 2069 1470 2101 involucro
1493 2069 1655 2108 inscribit,
1687 2067 1809 2101 factum

939 2109 1001 2142 csse
1015 2109 1047 2142 id
1064 2108 1280 2142 testamentum
1299 2109 1371 2152 post
1382 2111 1517 2153 amplam
1536 2109 1610 2143 satis
1627 2110 1658 2142 δε
1675 2110 1808 2151 diligen-

941 2159 1006 2185 tem
1026 2150 1299 2184 deliberationem.
1322 2151 1481 2184 Defuntta
1496 2151 1573 2192 Caja
1584 2151 1808 2184 testamentum

941 2192 1097 2234 aperitur,
1121 2193 1151 2225 &
1172 2192 1264 2233 Caius
1287 2193 1326 2225 ad
1343 2192 1494 2226 secundas
1515 2195 1640 2235 nuptias
1663 2192 1806 2224 transitu-

940 2244 1009 2274 rus,
1033 2233 1107 2266 filiis
1125 2233 1186 2266 suis
1203 2234 1332 2276 affignat
1352 2234 1437 2267 bona
1461 2242 1618 2272 materna,
1652 2233 1714 2265 hoe
1738 2232 1806 2272 est,

939 2275 1114 2318 legitimam
1130 2285 1172 2306 ex
1188 2277 1297 2308 matris
1312 2276 1488 2308 hereditate
1498 2299 1506 2315 ,
1517 2275 1548 2307 ἃ
1563 2274 1604 2307 fic
1621 2275 1711 2306 ducit
1719 2274 1806 2307 Sem·

939 2317 1095 2358 proniam.
1126 2316 1222 2357 Caius
1237 2317 1267 2349 &
1282 2317 1470 2358 Sempronia
1486 2317 1518 2348 in
1535 2315 1740 2348 Hollandiam
1756 2325 1805 2347 re-
1839 2349 1842 2351 ,

940 2365 1130 2396 vertuntur,
1151 2359 1183 2391 ἃ
1197 2358 1241 2390 ibi
1255 2357 1325 2391 fato
1339 2358 1395 2391 suo
1409 2358 1554 2399 fungitur
1568 2357 1674 2398 cnjus,
1719 2356 1806 2389 Inter

939 2397 1045 2438 filios,
1073 2399 1128 2431 seu
1149 2399 1255 2442 potius
1279 2409 1376 2432 unum
1400 2409 1442 2431 cx
1467 2399 1517 2432 his
1534 2399 1565 2430 &
1585 2398 1803 2439 Semproniam

940 2450 1111 2476 novercam
1129 2441 1271 2481 plurimae
1287 2441 1513 2472 controverfiae
1528 2446 1611 2471 natae
1622 2438 1693 2471 sunt
1702 2461 1714 2477 ‚
1729 2447 1804 2479 quas

940 2482 976 2515 ad
1003 2482 1152 2514 Senatum
1181 2482 1369 2522 Supremum
1396 2481 1578 2522 judicandas
1607 2480 1803 2512 detulerunt.

941 2523 1058 2556 Omnia
1082 2523 1213 2564 prolixae
1247 2521 1314 2554 litis
1340 2523 1443 2564 capita
1470 2531 1533 2554 non
1563 2530 1804 2560 commem01·0,

940 2571 1111 2598 contentus
1129 2572 1277 2603 monere,
1300 2572 1396 2595 unum
1417 2562 1529 2603 fuiffe,
1553 2563 1585 2595 in
1603 2571 1667 2604 quo
1685 2572 1804 2603 quaere-

939 2606 1051 2646 batur,
1075 2613 1114 2636 an
1140 2605 1280 2644 valeret,
1303 2605 1389 2646 quod
1411 2604 1467 2637 fibi
1489 2604 1620 2637 maritus
1639 2602 1804 2645 adscripse-

938 2647 1014 2680 rat‘?
1036 2646 1066 2678 ἀ
1083 2655 1149 2678 non
1165 2646 1271 2677 valere
1293 2646 1422 2687 plurimi
1445 2646 1612 2678 Senatores
1637 2644 1803 2686 responde-

938 2689 1036 2726 bant}
1057 2695 1178 2719 remota
1193 2695 1297 2719 tamen
1319 2685 1388 2720 falfi
1409 2696 1524 2729 poena,
1545 2687 1617 2728 quia
1632 2685 1746 2718 falsum
1770 2686 1803 2717 ὅτ.

939 2729 1044 2762 omnis
1060 2727 1197 2770 suspicio
1214 2728 1283 2761 falfi
1299 2728 1437 2761 aberant.
1472 2728 1537 2760 Alii
1555 2736 1659 2758 tamen
1671 2727 1802 2759 Senato„

939 2781 989 2805 res
1005 2778 1118 2802 contra
1135 2769 1338 2809 nitebantur,
1359 2770 1432 2810 quia
1454 2770 1484 2801 d.
1503 2769 1525 2800 l.
1550 2777 1577 2800 1.
1601 2766 1631 2809 §.
1649 2772 1679 2802 8.
1695 2767 1737 2809 ff.
1760 2767 1802 2840 ῗί

974 2903 1055 2942 (11)
1068 2903 1142 2933 lbid.
1165 2901 1199 2931 T.
1215 2902 1253 2930 v.
1274 2900 1367 2939 confit.
1383 2904 1447 2932 188.

973 2942 987 2971 ί
999 2948 1056 2978 12)
1077 2941 1169 2979 confit.
1190 2940 1270 2978 Belg.
1291 2938 1324 2968 T.
1339 2941 1378 2969 11.
1399 2938 1472 2977 Cons.
1488 2946 1514 2974 3.
1536 2936 1562 2966 ἃ
1581 2935 1616 2967 Τ.
1630 2937 1684 2967 IV.
1703 2935 1799 2976 Confil.

937 2988 1002 3016 140.
1023 2980 1116 3019 Consil.
1131 2980 1172 3008 H.
1196 2977 1268 3007 Tam.
1284 2978 1335 3006 VI.
1355 2977 1438 3008 Parte
1453 2978 1490 3006 11.
1511 2975 1604 3014 Confil.
1620 2983 1686 3011 134.

944 3048 947 3050 ,
975 3019 1056 3055 (1³)
1076 3017 1172 3055 Confil.
1185 3017 1226 3047 H.
1236 3017 1264 3047 d.
1287 3014 1381 3045 T.1v,
1401 3015 1494 3052 Consti.
1506 3022 1572 3049 140.
1582 3013 1621 3052 vs.
1637 3012 1801 3042 Derbalvm.

977 3058 1057 3094 (14)
1077 3055 1170 3094 Consti..
1187 3055 1268 3091 Belg.
1286 3053 1318 3082 T.
1337 3055 1360 3082 1.
1380 3053 1472 3091 Confil.
1491 3061 1594 3088 14-20.
1614 3051 1640 3080 &
1653 3050 1800 3089 Confi1.‚H.

940 3095 975 3124 T.
990 3096 1027 3123 11.
1047 3094 1140 3132 Confit.
1160 3100 1226 3128 142.
1246 3090 1283 3126 ἐξ
1301 3095 1364 3126 148.
1384 3092 1411 3122 &
1433 3091 1466 3122 T.
1481 3093 1537 3121 Νι
1554 3089 1646 3128 Consil.
1664 3097 1728 3119 202.
1750 3090 1801 3134 ubi

938 3134 965 3162 d.
985 3132 1078 3171 Consti.
1096 3139 1162 3170 147.
1181 3131 1220 3170 δ’
1234 3139 1300 3161 202.
1319 3137 1492 3161 memoratur
1508 3129 1647 3160 sententia
1666 3128 1758 3159 Curiae
1771 3135 1801 3158 m

938 3173 1012 3203 hanc
1026 3179 1096 3202 rem.
