2008 3436
451 109 852 146 CORNELII

206 188 256 225 qui
276 187 393 227 nuptiis
418 189 644 230 impedimento
665 190 731 228 est,
756 189 880 230 possunt
903 189 955 227 bi,
979 188 1069 219 amis·

207 228 237 259 sa
260 238 375 266 uxore,
398 231 487 262 aliam
510 231 705 269 adscibere,
745 232 990 271 quandocunque
1016 238 1068 259 vc-

210 269 295 308 lint,
328 278 361 301 ut
385 270 455 303 satis
486 273 597 303 videor
620 271 761 312 probasse
789 272 828 303 L.
865 272 905 302 V.
944 271 1067 310 Observ.

205 309 279 351 Jur.
301 310 387 343 Rom..
417 313 447 344 C.
478 324 526 345 12.
570 314 629 345 Sed
654 323 691 344 an
720 313 801 344 idem
828 322 911 343 nunc
930 311 1067 343 mulieri-

205 353 262 381 bus
291 353 425 386 licebit?
450 355 496 386 An
518 355 565 386 {1ae
592 365 607 384 a
632 354 755 384 tumulo
771 354 890 395 prioris
912 353 969 383 viri
993 361 1068 382 mox

206 394 374 426 transibunt
390 396 426 426 ad
442 396 611 426 thalamum
621 394 776 426 secundi?
798 395 892 425 etiam
908 394 929 425 fi
944 401 1068 425 uterum

200 433 305 466 ferant
321 446 361 467 ex
389 437 484 477 prlori
511 436 634 467 marito.
683 435 762 467 Haec
782 436 921 466 creditur
940 434 1001 464 effe
1016 433 1067 472 Ju—

205 476 247 507 ri>¹
268 477 425 508 I’ontifieii
444 477 597 508 sententia
613 478 644 508 in
664 477 694 507 C.
719 486 747 517 7.
776 476 869 516 C‘fflff·
886 475 928 506 ⁴lI.
956 471 1064 521 Qiust.

204 522 233 558 3.
261 518 289 549 Ec
307 518 379 550 ind.
407 519 439 549 C.
460 510 573 558 pdmrlc.
598 517 633 552 ἐξ
651 519 706 549 ult.
730 518 772 549 X.
798 518 957 557 deficiam.
983 521 1065 555 nupt.

204 559 264 589 Sed
292 559 370 591 lianc
395 558 554 591 infamiam
571 569 587 590 a
610 559 683 599 jure
704 559 874 590 Pontificio
891 558 1011 589 removi
1035 557 1063 587 [ί.

203 600 240 630 C.
267 600 309 631 V.
334 610 402 633 eam
431 601 596 632 Canonum
625 609 762 632 mentem
787 599 847 631 elle
870 608 974 637 ratus,
1001 606 1066 643 non

202 640 359 681 integi-utri
381 651 514 679 annum,
538 651 702 681 antequam
729 641 844 678 nubat,
874 641 976 671 viduae
1005 638 1067 669 elle

201 681 439 723 exspectandum
452 707 459 720 ,
479 683 499 714 ii
517 683 612 713 modo
627 682 823 721 constiterit,
837 691 877 713 ex
893 681 988 722 priori
1005 689 1064 711 ma-

202 724 265 754 rito
282 724 440 764 gravidari]
455 734 518 755 non
534 723 595 755 esse
607 748 614 756 .
641 726 669 755 ἃ
687 724 718 755 id
735 725 908 754 convenire
924 722 1003 753 sanae
1021 730 1065 752 ra-

201 765 300 802 tioni,
327 766 355 796 <St
373 766 508 805 antiquae
530 766 742 796 Romanorum
760 762 1023 805 jurisprudentiae.

248 804 378 844 Luctus,
400 807 451 846 qui
481 807 604 848 nuptias
624 806 787 837 viduarum
811 806 978 846 impediat,
1001 812 1066 835 non

200 847 259 878 ali]
275 849 354 878 ratio
371 847 433 886 est,
451 857 542 888 quam
561 848 700 879 turbatio
718 846 871 888 sanguinis
884 848 914 878 ἅ
931 844 1067 882 seminis,

202 888 231 919 ἀ
250 888 460 927 incertitudo,
487 890 547 920 utri
565 890 679 920 marito
694 897 799 929 partus
820 889 988 925 debeatur,
1008 894 1067 917 nec

199 938 280 971 puto
294 929 385 962 fuisse
402 931 496 962 ullam
508 930 662 969 Gentem,
680 930 756 960 adeo
774 929 953 960 obscoenam
965 951 974 966 ‚
997 936 1064 968 quae

196 972 288 1012 plena.
305 981 380 1002 nave
396 972 490 1003 alium
509 972 659 1003 reclorem
670 995 678 1009 ,
693 971 721 1002 id
743 970 804 1009 cst,
819 970 984 1002 secundum
1001 977 1064 999 ma-

201 1014 295 1043 ritum
311 1012 480 1044 admiserit.
499 1012 614 1044 Narrat
631 1011 698 1044 sane
709 1009 1062 1055 HistoriaJudaica-(e),

201 1053 359 1086 nivalem
372 1078 380 1091 ‚
404 1054 582 1095 Judaeorum
601 1054 737 1095 Regem,
762 1062 891 1084 uxorem
909 1052 1062 1088 hominis,

200 1104 291 1136 quem
319 1095 384 1135 ejus
418 1096 578 1136 potiundae
613 1094 702 1127 causa
734 1094 838 1125 occidi
879 1098 1062 1129 curaverat,

200 1146 354 1177 quamque
379 1136 456 1167 vivo
479 1137 574 1167 etiam
591 1137 704 1168 marito
721 1135 875 1166 adulterio
889 1133 1065 1175 polluerat,

198 1179 236 1208 ad
260 1178 289 1208 ie
313 1187 376 1209 non
402 1177 591 1216 traduxisse,
616 1177 670 1208 nisi
690 1176 778 1216 finito
804 1175 902 1212 luctu,
927 1173 977 1219 sed
1001 1181 1066 1203 non

196 1219 292 1250 ausim
308 1219 486 1257 adfirmare,
512 1228 583 1249 eum
604 1218 720 1249 luctum
741 1225 802 1248 tarn
817 1216 871 1247 diu
887 1213 979 1260 fuisse
995 1221 1065 1253 pro-

199 1261 330 1292 trarstum
342 1283 352 1298 ,
376 1268 411 1291 ut
427 1259 567 1290 constare
585 1258 703 1299 pollet,
726 1267 765 1289 an
781 1266 880 1288 vacua
905 1254 982 1286 esset
998 1262 1065 1299 mu-

198 1302 275 1340 her,
301 1311 357 1333 nec
376 1300 406 1332 id
426 1310 553 1341 quoque
572 1298 761 1335 desiderabat
777 1297 914 1330 anterior
932 1294 1066 1342 Dayidis

198 1343 412 1380 concubitus,
451 1342 481 1373 ὅς
508 1340 613 1382 postea
644 1340 738 1371 etiam
761 1340 887 1371 videtur
913 1335 1064 1382 edidisse,

199 1383 282 1424 quod
297 1393 335 1416 ex
352 1383 438 1424 Rege
455 1383 600 1414 adultero
623 1389 824 1422 conceperat.
869 1378 928 1411 Sed
943 1378 981 1410 ab
998 1376 1066 1419 ipsis

197 1425 336 1466 Regibus
354 1448 363 1463 ‚
397 1433 502 1456 amore
522 1423 682 1455 fascinatis
702 1446 712 1462 ,
736 1422 834 1454 nolim
856 1419 1000 1461 exempla
1018 1418 1065 1450 su-

197 1475 292 1498 mere.
339 1466 472 1497 Romani
491 1474 578 1496 certe
598 1464 715 1496 summa
733 1473 794 1504 ope
812 1468 964 1495 caverunt
972 1483 991 1507 ,.
1007 1468 1067 1497 ne,

196 1507 341 1548 repetitis
367 1507 504 1547 nuptiis,
529 1507 567 1538 de
584 1506 673 1548 prole
699 1505 906 1537 dubitaretur.
952 1501 1066 1534 Viduae

208 111 279 152 323⁶
926 118 1036 145 vAN

198 1549 280 1580 intra
299 1556 421 1589 tempus
439 1548 538 1580 lucius
552 1557 615 1579 non
635 1546 845 1579 convolabant
861 1546 897 1577 ad
915 1544 976 1575 alia
990 1549 1076 1587 vota¹

197 1589 251 1622 sub
265 1599 356 1630 poena
374 1588 531 1627 infamiae,
546 1589 587 1621 iic
605 1588 688 1620 enim
701 1587 843 1620 constare
857 1592 1000 1631 poterat,
1026 1593 1063 1616 an

197 1641 237 1663 ex
259 1631 355 1672 priori
373 1631 486 1662 marito
505 1639 627 1663 uterum
650 1629 785 1669 ferrent,
812 1628 863 1660 sed
881 1627 902 1660 fi
922 1634 1063 1664 maritus,

197 1682 327 1715 peregre
344 1671 521 1713 profectus,
548 1672 578 1704 δε
595 1681 648 1712 per
666 1681 780 1702 annum
799 1671 829 1703 δε
847 1669 926 1701 ultra
942 1666 1061 1714 absens,

197 1714 267 1747 fato
293 1713 347 1745 suo
372 1712 578 1754 fungeretur,
604 1712 699 1744 celsae
724 1713 805 1743 ratio
829 1710 973 1743 turbandi
995 1708 1061 1755 san-

197 1755 301 1797 guinis
328 1755 358 1786 δε
385 1753 528 1792 seminis,
553 1755 582 1786 δε
608 1754 686 1786 nibil
707 1753 871 1794 prohibet,
895 1759 1063 1797 quominus

197 1797 310 1829 mulier
334 1795 364 1828 se
388 1795 489 1827 statim
509 1796 628 1836 nuptiis
647 1795 878 1833 collocaverit,
899 1801 934 1824 ut
959 1791 1063 1837 statim

196 1837 322 1880 potest,
345 1847 413 1878 quse
431 1837 511 1868 intra
528 1837 705 1879 legitimum
720 1845 843 1878 tempus
859 1844 984 1876 partum
998 1833 1061 1864 edi-

195 1880 296 1918 derit,
322 1887 355 1909 ut
371 1889 411 1910 ex
429 1878 606 1919 Pomponio
624 1878 777 1919 Ulpianus
794 1877 902 1909 retulit
920 1877 952 1908 in
969 1877 990 1907 l.
1011 1883 1061 1906 11.

196 1921 226 1962 5.
240 1931 269 1952 2.
287 1919 328 1961 ff.
346 1921 379 1952 de
393 1919 454 1951 His
472 1922 521 1961 qul
537 1926 598 1951 not.
617 1920 724 1959 insani.
750 1919 810 1951 Sed
827 1917 979 1960 quicquid
997 1917 1062 1957 ejus

198 1962 370 2002 argumenti
389 1960 433 1993 est
453 1971 493 1993 ex
514 1961 585 2002 Jure
603 1961 767 1998 Romano,
792 1961 852 2000 jam
877 1959 1062 1999 exsequutus

196 2002 263 2034 sum
289 2004 318 2034 cl.
339 2003 370 2033 C.
391 2002 464 2034 ΧΗ.
489 2012 588 2044 neque
611 2003 694 2034 enim
717 2001 910 2033 satisfecerat
933 1999 1061 2032 Curtius

200 2044 240 2075 L.
263 2043 323 2084 111„
347 2044 538 2085 Cvnjeffturtzl.
568 2045 600 2075 C.
617 2054 647 2080 9.
694 2043 795 2074 Video
817 2050 919 2075 autem
940 2041 1061 2087 quaeri,

197 2084 220 2116 fi
238 2085 318 2115 intra
334 2092 456 2124 tempus
468 2086 571 2117 luCtus
587 2086 680 2116 vidua
703 2085 860 2125 nupserit,
884 2084 913 2115 ὃς
930 2083 1012 2114 intra
1031 2083 1061 2113 1d

198 2134 320 2166 teinpus
346 2126 501 2167 pepererit
517 2148 527 2164 ,
560 2126 609 2156 cui
634 2126 748 2157 marito
765 2125 916 2157 debeatur
933 2123 1060 2156 infans?

198 2167 328 2207 ]oeatur
342 2168 379 2197 de
396 2176 435 2197 eo
453 2167 593 2198 Alciatus
612 2166 734 2208 Purerg.
746 2166 817 2208 Jur.
839 2166 879 2198 L.
891 2165 949 2197 IX.
966 2166 996 2206 C.
1013 2175 1060 2197 12.

198 2208 249 2240 ssd
269 2207 462 2239 manifestum
488 2207 550 2246 est,
577 2206 761 2248 sequendam
780 2207 841 2239 esse
863 2208 884 2239 l.
899 2217 946 2239 ιε.
962 2207 1003 2248 ff.
1028 2209 1061 2238 de

200 2249 274 2281 LL.
300 2250 329 2280 δε
353 2250 373 2280 Ζ.
391 2260 420 2291 3.
445 2248 473 2290 §.
490 2259 536 2281 12.
555 2248 596 2289 ff.
613 2250 646 2279 cle
658 2249 723 2289 fiiis
747 2249 782 2284 {3³
799 2249 882 2291 legit.
901 2249 996 2280 ῥεῖ-θεῖ.
1021 2248 1063 2279 Et

199 2289 289 2322 Nero
314 2299 440 2330 quoque
466 2289 586 2322 Drusus
616 2291 711 2321 tertio
734 2289 802 2331 post
825 2290 949 2327 mense,
972 2299 1063 2329 quam

198 2331 291 2363 Livia
315 2330 455 2372 Augusto
480 2331 642 2372 nupserat,
673 2332 797 2369 editus,
821 2341 885 2362 non
912 2329 1063 2371 Augusti,

199 2372 342 2411 quamvis
365 2375 394 2404 ὅ(
419 2381 490 2405 ante
517 2372 657 2404 adulterii
685 2372 836 2413 suspecti,
861 2371 911 2404 sed
938 2371 1062 2403 Tiberii

199 2413 338 2445 Neronis
363 2413 425 2445 fuit
449 2414 549 2452 filius,
570 2413 645 2444 vide
662 2414 849 2445 Suetonium
872 2414 905 2445 in
929 2410 1063 2454 Augusto

203 2457 234 2487 t'.
255 2459 306 2491 69.
331 2456 360 2487 ἅ
383 2456 413 2486 in
442 2456 561 2486 Cimulr‘o
586 2456 616 2486 C.
641 2465 667 2487 1.

242 2497 324 2542 Quae
349 2495 454 2528 Curia:
482 2496 661 2527 Hollandiae
680 2495 831 2528 sententia
847 2495 911 2535 est,
935 2496 1061 2528 viduam

200 2538 281 2569 intra
296 2547 409 2568 annum
426 2537 602 2568 luftusiine
618 2536 746 2570 infamia
761 2538 892 2578 aliisque
907 2538 1008 2579 poenis
1025 2538 1062 2569 ad

199 2577 346 2611 secundas
371 2578 496 2617 nuptias
517 2577 666 2609 festinare
688 2579 796 2619 poll'e,
827 2579 904 2610 adeo
930 2588 969 2611 ex
1010 2588 1063 2610 ure

199 2618 372 2651 Pontificio
391 2618 525 2649 invaluit
537 2642 545 2656 ‚
560 2627 594 2649 ut
611 2627 722 2650 annum
741 2620 841 2651 luCttis
853 2620 966 2660 ubique
1008 2629 1060 2652 en-

201 2661 280 2692 tium
300 2658 508 2697 obibit-viiie,
530 2659 616 2700 vulgi
634 2668 689 2690 ore
706 2659 846 2698 feratur,
864 2659 913 2691 sed
931 2661 1060 2698 vellem,

200 2711 239 2733 ne
258 2711 299 2732 ex
316 2710 354 2731 eo
370 2700 456 2740 jure,
475 2709 639 2741 perperam
660 2700 840 2739 intellecto,
855 2701 998 2732 nonnulli
1015 2701 1060 2733 cf-

198 2742 365 2780 fecislent,
386 2742 546 2773 mulierem
565 2740 665 2772 statim
685 2751 702 2772 a
718 2741 830 2772 funere
847 2742 936 2782 primi
957 2743 1061 2773 mariti

201 2784 296 2816 alium
313 2783 364 2815 sibi
385 2783 533 2814 inducere
543 2782 647 2824 poss'e3
661 2783 703 2814 ita
716 2781 786 2814 sane
826 2781 973 2814 fecer-unt
983 2781 1066 2815 Con-

200 2825 377 2856 suetudines
394 2822 663 2864 Antwerpienies,
685 2833 755 2855 nam
781 2823 842 2854 Tic.
861 2823 948 2855 XLI.
974 2822 1001 2864 §.
1013 2829 1063 2857 80.

201 2874 327 2896 cautum
346 2866 407 2904 eit,
432 2875 483 2896 een
504 2866 637 2896 τῑῡεείειπε
661 2875 729 2907 mag
752 2875 792 2895 na
808 2865 881 2895 Imai-
899 2874 980 2894 mans
997 2866 1065 2895 {laod

200 2907 457 2944 1..‘i*ii·0ll*12;t'ft,tlls
473 2909 492 2936 ἰ
510 2908 583 2937 haur
597 2906 877 2947 helief't,s(>⁷rslei·iot
897 2912 923 2936 te
944 2907 1064 2936 vei-heu-

200 2959 261 2979 mn.
307 2949 365 2979 Sed
383 2948 456 2987 quid
473 2947 493 2979 ii
510 2955 671 2988 praefgiinns
688 2948 743 2986 sit,
768 2948 797 2979 &c
814 2946 887 2988 quid
906 2946 925 2978 ii
942 2946 1064 2977 dubite-

200 2999 269 3029 tur,
295 2999 332 3021 an
352 2989 411 3020 lit?
437 2998 528 3030 turpe
545 2990 607 3029 est,
627 2989 659 3020 id
677 2989 826 3020 dicamus.
852 2987 918 3029 Ipse
938 2987 1065 3028 quidem

240 3119 300 3155 (2)
320 3120 340 3146 S
358 3121 438 3148 mwl.
462 3120 495 3148 L.
514 3122 551 3148 11.
573 3120 602 3148 C.
617 3121 669 3149 XI.
692 3120 715 3156 5
735 3124 779 3149 26.
798 3119 834 3154 ὅ)
851 3127 897 3155 27.

239 3158 303 3193 (53)
327 3159 422 3185 Reum
445 3159 517 3194 apud
539 3159 634 3186 Cor-en
656 3159 741 3196 szfit
766 3159 816 3186 ΧΙ,

237 3199 297 3232 (M
320 3197 577 3232 Grveuewegen-dc
595 3197 794 3234 LL.Abrogat.
810 3197 844 3226 ad
858 3197 880 3226 l.
896 3204 920 3225 1.
940 3195 1018 3226 Cede
1026 3194 1068 3235 se·

1104 107 1710 149 L'YNKERSHOEK

1105 189 1353 222 existimaverim
1366 215 1376 229 ,
1401 201 1513 224 annum
1539 193 1692 231 integrum
1711 203 1772 225 non
1789 195 1849 227 esse
1864 197 1964 240 exspe-

1112 231 1276 270 ctandum,
1299 241 1333 262 ut
1351 241 1453 264 tamen
1472 234 1567 264 Curri
1585 234 1764 265 {iuuandi-„e
1781 236 1811 268 in
1827 238 1884 269 alia
1900 237 1967 273 cmi-

1106 271 1142 303 ’sa
1166 271 1241 314 (3)
1264 273 1389 304 xidetur
1409 273 1554 313 judica-:le
1574 298 1582 313 ,
1618 274 1666 306 sed
1689 285 1785 315 usque
1807 278 1876 310 dum
1893 290 1964 314 con-

1140 322 1190 350 et,
1215 315 1339 353 gravida
1359 315 1413 351 lit,
1439 325 1496 347 nec
1512 325 1561 346 ne.
1609 316 1699 347 Unde
1718 317 1859 356 plurimis
1875 322 1965 354 varia-

1111 363 1179 385 rum
1191 354 1342 386 Gentium
1361 358 1389 387 et
1401 357 1532 388 Urbium
1549 355 1673 398 'legibus
1689 357 1813 390 obviam
1833 359 1909 393 itum
1923 361 1965 396 est

1112 402 1275 436 tantopere
1297 395 1449 428 festinatis
1468 398 1630 429 viduarum
1649 398 1784 438 nuptiis,
1808 403 1967 438 nonnullas

1111 437 1163 466 alii
1181 436 1400 469 recensuerunt
1424 440 1469 478 (4
1483 440 1514 478 ),
1541 440 1569 470 ἃ
1588 440 1689 480 plures
1706 439 1815 471 addere
1830 442 1906 475 nihil
1922 452 1964 478 at-

1112 477 1203 508 tinet.
1248 476 1345 518 Leges
1367 480 1491 518 quidcm
1514 480 1575 511 illae
1594 479 1662 511 fere
1682 480 1784 512 minus
1800 491 1966 525 quamper.

1109 516 1199 549 fectae
1221 517 1307 556 fiint,
1333 520 1404 558 quia
1421 531 1543 561 poenam
1563 531 1623 553 non
1644 520 1798 561 statuunt,
1823 523 1844 555 fi
1866 533 1966 560 conta

1109 568 1158 604 eas
1175 559 1370 591 commissum
1390 561 1444 600 iit,
1472 562 1520 593 sed
1538 572 1649 594 contra
1670 563 1829 595 committi
1842 574 1907 598 non
1921 562 1964 615 Q-

1111 601 1173 631 cile
1193 600 1296 640 potest
1317 626 1326 638 ‚
1358 611 1428 633 cum
1445 603 1665 644 lxslagistratus,
1689 604 1740 643 qui
1766 606 1966 645 matrimonii}

1111 641 1295 672 adnotandis
1315 643 1344 673 ἃ
1359 652 1415 682 pro
1439 644 1586 675 laniandis
1610 644 1743 685 praeest,
1767 644 1900 680 sollicite
1917 658 1967 682 cu-

1111 690 1176 720 ret,
1202 691 1241 713 ne
1261 683 1291 714 in
1309 683 1386 714 hane
1399 692 1521 726 ,partem
1541 695 1698 726 peccetur.
1739 685 1773 718 Id
1784 695 1889 721 <tamen
1904 688 1965 724 no‘n

1112 723 1301 754 laudaverim
1314 746 1324 762 ,
1347 734 1404 756 nec
1427 727 1643 767 probaverim,
1664 728 1747 768 quod
1773 729 1908 769 quaedam
1928 740 1968 765 et

1111 764 1160 810 his
1176 765 1258 804 leges
1274 774 1337 797 non
1356 765 1449 798 solam
1465 767 1656 809 respexerint
1678 768 1887 802 turbationem
1906 769 1966 806 san-

1109 807 1210 878 }uinis
1226 806 1255 837 <St
1270 805 1411 851 seminis,
1423 818 1516 848 quam
1533 808 1628 841 solam
1636 811 1796 851 respicere
1809 811 1967 854 debebant,

1124 847 1162 877 ed
1180 847 1354 893 'lanciftiones
1377 850 1542 882 nonnullas
1573 851 1770 890 addiderint,
1795 861 1863 892 quae
1881 853 1916 885 ad
1937 857 1967 892 q?

1110 890 1202 923 mim·
1222 887 1296 934 visae
1315 887 1384 921 sunt
1398 890 1576 931 pertinere,
1598 893 1628 924 &
1645 892 1749 925 causas
1767 894 1968 929 matrimonia-

1109 929 1154 961 les
1171 938 1268 970 magis
1287 930 1451 970 inhibent,
1474 942 1566 972 quam
1591 943 1803 974 promovent,
1824 933 1874 967 sed
1895 945 1966 970 cott-

1110 978 1155 1002 tra
1180 979 1332 1016 rationein
1358 972 1439 1012 Juris
1459 972 1601 1006 Romani.
1654 976 1763 1008 Viduis
1788 977 1910 1017 quando
1951 976 1978 1005 ’-

1109 1012 1140 1042 in
1160 1011 1207 1042 his
1228 1012 1447 1057 interdicitur,
1473 1016 1610 1056 tepenti,
1635 1024 1670 1048 ut
1699 1017 1743 1048 ita
1761 1017 1882 1056 dicam,
1904 1025 1917 1050 t
1955 1034 1977 1042 ν

1108 1052 1194 1084 lamo
1227 1053 1392 1085 secundam
1417 1064 1549 1087 uxorem
1574 1057 1722 1089 inducere
1742 1068 1749 1089 :
1775 1058 1826 1091 sex
1850 1057 1970 1094 mensa

1110 1093 1148 1124 iis
1163 1103 1180 1124 a
1210 1094 1329 1133 nuptiis
1356 1094 1570 1130 abstinendum
1592 1098 1780 1139 praescripsit
1799 1099 1827 1141 §.
1856 1110 1904 1141 17.
1927 1095 1966 1133 LT.

1108 1133 1132 1165 Ι.
1161 1133 1220 1166 Tit.
1246 1135 1271 1166 l.
1296 1135 1369 1167 LL.
1395 1136 1496 1176 Frific.
1529 1139 1597 1170 aliae
1614 1140 1696 1171 aliud
1715 1148 1837 1181 tempus
1860 1141 1970 1174 defini-

1109 1182 1223 1221 yerunt
1239 1198 1248 1213 ,
1274 1184 1342 1220 quae
1368 1176 1557 1218 supervacua
1583 1180 1614 1211 in
1640 1181 1716 1213 viris
1743 1190 1817 1212 cura
1836 1181 1890 1214 est.
1932 1182 1972 1215 In

1109 1215 1179 1255 ipsis
1199 1216 1383 1247 mulieribus
1409 1219 1490 1251 aliud
1516 1227 1609 1260 atque
1633 1221 1715 1253 aliud
1732 1230 1794 1253 tem
1820 1232 1854 1254 us
1871 1222 1971 1264 Leges

1108 1256 1276 1296 singulares
1315 1256 1549 1297 praestituerunt
1568 1284 1576 1298 ‚
1615 1262 1755 1305 quaedam
1802 1264 1972 1304 impliciter

1108 1297 1177 1338 post
1194 1299 1561 1339 partum'permiserunt3
1586 1303 1668 1342 quod
1691 1303 1843 1335 rationem
1863 1303 1969 1339 habet.

1110 1338 1215 1371 Etiam
1241 1338 1452 1372 Ecclefiastici
1478 1340 1654 1374 Calviniani
1680 1343 1742 1376 sese
1756 1343 1830 1376 huic
1847 1345 1891 1377 rei
1912 1345 1968 1378 im-

1109 1378 1322 1419 miscuerunt,
1344 1381 1487 1423 Synodus
1515 1381 1755 1416 Dor-drechtana
1782 1386 1852 1418 anni
1881 1391 1970 1428 1578.

1108 1420 1194 1466 5¹¹8·
1226 1424 1277 1456 86.
1311 1421 1416 1454 viduae
1443 1431 1579 1464 quatuor
1607 1425 1724 1458 menses
1750 1427 1780 1459 ὅ(
1807 1427 1992 1472 dimidium,

1108 1461 1323 1495 abstinendum
1348 1464 1548 1506 praescripsit,
1574 1474 1640 1497 rata
1659 1490 1669 1505 ,
1700 1468 1840 1510 quamvis
1866 1477 1971 1512 perpo-

1109 1514 1174 1536 ram
1193 1526 1204 1542 ,
1227 1514 1341 1536 annum
1365 1504 1466 1537 luCtus
1489 1506 1558 1546 jure
1583 1506 1727 1539 Caesareo
1745 1507 1837 1541 fuiffe
1859 1509 1965 1543 menfi-

1109 1555 1162 1577 um
1179 1554 1306 1578 novem.
1332 1545 1412 1578 Cum
1437 1548 1466 1579 d.
1490 1547 1518 1588 §.
1543 1552 1594 1583 86.
1618 1549 1769 1582 convenit
1786 1549 1815 1591 §.
1835 1553 1889 1590 56.
1911 1551 1967 1595 Sy-

1106 1586 1180 1619 nodi
1203 1586 1486 1629 Middelburgenfis
1512 1590 1585 1621 anni
1608 1594 1699 1630 1581.
1722 1590 1773 1622 sed
1798 1593 1864 1624 noli
1881 1600 1967 1633 puta-

1105 1638 1157 1667 re,
1183 1627 1353 1660 secundum
1372 1629 1445 1661 illos
1462 1629 1512 1671 55.
1527 1631 1557 1663 &
1573 1629 1741 1664 secundum
1755 1632 1814 1664 alia
1834 1633 1967 1670 Urbium

1105 1670 1250 1707 Statuta,
1271 1679 1339 1711 quae
1366 1670 1421 1703 sex
1445 1673 1495 1704 vel
1522 1671 1638 1714 septem
1661 1672 1808 1706 mentium
1828 1675 1966 1707 vacatio-

1106 1720 1179 1743 nem
1195 1711 1365 1743 desiderant
1379 1736 1389 1751 ‚
1423 1712 1569 1745 omnibus
1595 1713 1762 1754 viduabus‚
1786 1715 1881 1748 etiam
1900 1724 1968 1748 ute-

1106 1762 1175 1784 rum
1190 1752 1363 1785 ferentibus
1375 1778 1382 1785 .
1407 1763 1483 1786 mox
1499 1754 1656 1795 permissas
1673 1754 1734 1788 ess'e
1749 1754 1896 1789 secundas
1910 1766 1967 1790 nu-

1106 1794 1185 1835 ptias
1200 1816 1212 1832 ,
1243 1794 1361 1826 falleris
1376 1818 1386 1834 ‚
1418 1795 1440 1827 fi
1459 1795 1503 1826 ita
1530 1803 1647 1836 putes,
1678 1806 1740 1829 non
1763 1797 1823 1829 alia
1845 1797 1966 1831 scilicet

1105 1843 1211 1868 mente
1226 1835 1291 1867 illae
1308 1836 1392 1877 leges
1410 1836 1592 1869 constitutae
1610 1837 1697 1877 sunt,
1712 1846 1804 1880 quam
1818 1846 1854 1870 ut
1870 1838 1965 1872 inter-

1104 1886 1140 1908 ea
1163 1876 1298 1914 sciatur,
1321 1877 1433 1909 mulier
1452 1887 1613 1920 praegnans
1633 1878 1687 1919 fit,
1711 1888 1770 1912 nec
1784 1889 1842 1918 ne,
1863 1878 1885 1912 ss
1907 1879 1965 1921 fit,

1104 1927 1177 1950 ante
1201 1925 1324 1959 parturn
1348 1919 1458 1959 utique
1475 1929 1539 1951 non
1563 1919 1644 1952 reste
1667 1920 1757 1953 nubit
1775 1920 1863 1952 alteri
1882 1921 1963 1954 viro.

1104 1959 1164 1993 Sed
1188 1959 1288 2000 Leges
1307 1960 1463 2000 nuptiales
1478 1983 1487 1998 ,
1519 1970 1593 2001 quas
1613 1960 1677 2001 ipse
1702 1961 1787 2000 vidi,
1809 1971 1873 1994 non
1893 1960 1966 1995 fitis

1104 2009 1249 2035 accurate
1266 2010 1300 2031 ea
1313 2001 1352 2031 de
1367 2010 1400 2031 re
1415 2000 1596 2042 perscriptae
1612 2001 1701 2041 sunt,
1725 2002 1779 2036 nifi
1796 2001 1882 2035 forte
1897 2002 1964 2044 pla-

1104 2049 1175 2073 ceat
1192 2042 1339 2082 excipere
1365 2042 1465 2083 legem
1482 2042 1756 2082 Enchusanorum,
1784 2043 1822 2076 ab
1841 2044 1910 2076 aliis
1932 2044 1964 2077 in

1105 2083 1168 2114 hoc
1186 2091 1371 2124 argumento
1388 2083 1580 2124 praeteritam
1592 2107 1601 2123 ,
1627 2084 1657 2116 hi
1675 2086 1756 2117 enim
1773 2084 1911 2117 omnium
1929 2086 1964 2117 σ’-

1103 2125 1203 2165 ptime
1226 2128 1274 2158 18.
1291 2123 1381 2155 Febr.
1403 2127 1492 2164 ¹667·
1509 2124 1569 2166 (5)
1585 2125 1836 2164 constituerunt,
1859 2125 1964 2158 vidua·-

1103 2167 1178 2203 bus,
1204 2165 1224 2197 fi
1244 2172 1440 2206 praegnantes
1457 2166 1534 2204 sint,
1558 2176 1620 2198 non
1637 2165 1698 2198 esse
1719 2167 1887 2209 largiendas
1904 2176 1965 2199 ma-

1105 2206 1244 2238 trimonii
1262 2206 1538 2246 denunciationes,
1562 2217 1662 2249 neque
1675 2208 1768 2239 etiam
1785 2208 1872 2248 aliis,
1895 2216 1966 2250 qun-

1105 2258 1175 2279 rum
1193 2247 1297 2278 mariti
1315 2248 1454 2280 nondum
1474 2247 1527 2279 sex
1544 2248 1696 2280 mensibus
1711 2245 1780 2280 'fato
1796 2247 1850 2280 suo
1859 2243 1964 2281 *fune'fi

1105 2288 1183 2327 sint,
1208 2288 1262 2320 nisi
1281 2288 1401 2334 liquido
1427 2289 1650 2330 probaverint,
1673 2289 1703 2321 sc
1722 2299 1776 2330 per
1804 2289 1857 2322 sex
1880 2299 1963 2321 men-

1097 2328 1153 2361 r-ses
1176 2339 1249 2361 cum
1278 2330 1416 2369 maritis,
1441 2339 1567 2372 peregre
1583 2329 1779 2371 absentibus,
1803 2340 1866 2363 non
1891 2339 1966 2362 con-

1106 2370 1254 2403 cubuiss'e.

1148 2412 1250 2453 Pergo
1265 2411 1302 2443 ad
1318 2411 1481 2444 secundam
1497 2421 1615 2453 partem
1631 2411 1778 2449 Decreti,
1824 2409 1965 2443 uaCuria

1105 2453 1286 2486 Hollandiae
1307 2453 1471 2485 occasione
1496 2454 1622 2485 alterius
1640 2453 1723 2488 litis,
1744 2461 1802 2493 apu
1842 2451 1872 2483 se
1894 2461 1966 2493 pen-

1104 2496 1229 2532 dentis,
1251 2494 1385 2535 profess'a
1406 2493 1469 2533 cst,
1493 2494 1592 2525 adhuc
1615 2493 1757 2524 obtinere
1775 2502 1900 2534 poenas,
1924 2492 1966 2525 se-

1105 2537 1217 2568 cundis
1235 2536 1351 2576 nuptiis
1364 2534 1493 2566 statutas
1504 2536 1534 2566 in
1547 2535 1566 2565 l.
1579 2533 1738 2575 Feminaeg.
1754 2535 1784 2566 C.
1798 2535 1831 2565 de
1862 2534 1961 2571 bcund.

1105 2584 1188 2618 nupt.
1202 2576 1238 2611 ἐξ
1253 2577 1344 2608 aliis:
1367 2575 1388 2607 fi
1403 2584 1458 2616 per
1475 2574 1549 2605 alias
1568 2574 1759 2607 intellexerit
1777 2576 1796 2606 l.
1845 2585 1879 2606 ac
1893 2572 1967 2612 Eat-

1107 2619 1176 2650 ἃιιίι·
1196 2621 1226 2649 6.
1255 2618 1285 2648 C.
1307 2617 1382 2648 Eod.
1406 2615 1482 2647 nihil
1505 2615 1608 2646 verius
1631 2614 1675 2646 cst
1690 2638 1702 2654 ,
1724 2625 1814 2657 quam
1834 2625 1902 2649 eam
1921 2616 1966 2648 {e-

1102 2669 1196 2702 gem,
1241 2658 1360 2690 uamvis
1377 2656 1490 2694 serius,
1514 2655 1545 2687 in
1566 2655 1737 2689 Holiandia
1756 2665 1859 2689 tamen
1883 2665 1965 2691 rece·

1104 2710 1188 2743 ptam
1207 2702 1235 2730 ei
1252 2708 1278 2730 e.
1311 2698 1370 2730 Sed
1389 2697 1471 2738 quod
1489 2696 1583 2728 Curia
1603 2698 1647 2729 ait
1665 2698 1704 2728 dc
1725 2698 1744 2729 l.
1758 2708 1786 2740 3.
1811 2707 1872 2730 nun
1897 2699 1969 2731 um*

1108 2741 1195 2783 potui
1215 2747 1414 2780 concoquere
1430 2760 1442 2776 ,
1474 2738 1550 2769 adeo
1567 2738 1703 2771 difficilis
1720 2737 1869 2771 stomachi
1898 2746 1966 2771 um.

1104 2781 1272 2815 'Sententia
1294 2781 1322 2811 d.
1346 2780 1367 2811 l.
1384 2789 1414 2822 3.
1440 2778 1485 2810 est
1501 2801 1510 2817 ‚
1544 2779 1687 2818 viduam,
1722 2789 1792 2821 quae
1807 2788 1849 2811 ex
1869 2779 1966 2820 priori

1107 2821 1309 2856 matrimonio
1334 2820 1450 2852 liberos
1477 2819 1593 2858 habet,
1613 2820 1650 2851 ad
1675 2820 1820 2852 secundas
1846 2819 1968 2861 nuptias

1109 2870 1319 2896 transeuntem
1345 2884 1354 2900 ,
1394 2861 1539 2893 amittere
1572 2862 1794 2902 proprietatem
1827 2860 1966 2894 omnium

1104 2905 1286 2940 bonorum,
1309 2911 1377 2943 quae
1397 2911 1584 2943 quocunque
1599 2903 1693 2934 titulo
1735 2911 1751 2933 a
1766 2901 1862 2941 priori
1876 2901 1965 2944 mari-

1110 2955 1144 2977 to
1162 2944 1285 2985 accepit
1301 2966 1310 2981 ‚
1343 2943 1428 2976 salvo
1457 2943 1611 2975 duntaxat
1637 2942 1690 2975 usu
1709 2943 1815 2982 ruftu,
1839 2951 1907 2975 eam
1929 2942 1966 2974 tie

1106 2985 1331 3028 proprietatem
1349 2985 1460 3016 cedere
1483 2985 1534 3017 vel
1550 2982 1695 3016 omnibus
1715 2985 1765 3015 vel
1786 2985 1837 3016 uni
1855 2992 1875 3015 e
1892 2983 1964 3057 1ᾱὲ-

1911 3034 1917 3042 ⁸
1949 3032 1966 3056 s

1109 3119 1186 3149 eund.
1203 3123 1274 3154 nupt.
1304 3119 1440 3146 Brouwer
1456 3117 1485 3145 de
1499 3116 1573 3156 Jure
1588 3115 1700 3146 cannah.
1721 3116 1756 3146 L.
1771 3117 1807 3146 11.
1828 3115 1857 3144 C.
1879 3121 1920 3154 19.
1937 3111 1962 3150 §-

1111 3167 1156 3194 25.
1180 3157 1205 3186 ὅ(
1226 3158 1301 3184 Voet
1322 3157 1352 3184 de
1373 3156 1406 3184 R.
1424 3156 1463 3184 N.
1485 3166 1510 3184 n.
1528 3158 1573 3190 98.

1147 3197 1184 3233 (5
1198 3193 1342 3230 )'Hanav.
1354 3202 1414 3224 van
1428 3193 1579 3232 Enchuyfin
1593 3202 1624 3231 up.
1642 3195 1705 3222 158.
