2008 3436
171 114 246 167 136
589 99 1530 150 ADLECTOREM.

170 202 331 240 stremurn
353 203 422 246 est,
449 201 485 238 ἃ
507 197 752 245 compleffitur
776 198 889 231 varias
915 193 1220 243 Emendariunculas
1247 190 1302 225 vel
1330 187 1645 238 Observattunculas:
1697 192 1781 229 Non
1811 197 1932 241 placuit

169 252 222 288 his
239 255 370 301 aliquot
386 252 507 297 Capita
525 251 691 295 implere,
719 246 851 292 prolixe
871 243 1021 278 recitatis
1036 243 1072 277 ἀ
1092 241 1251 276 refutatis
1268 239 1430 274 omnibus
1447 238 1602 273 omnium
1623 242 1848 288 interpretum
1863 249 1930 286 sen-

170 303 302 338 tentiis.
358 303 439 338 Uno
457 300 565 336 verbo
583 299 674 339 dixi,
700 295 791 341 quod
813 304 867 327 res
889 291 958 332 eu,
984 292 1040 326 vel
1058 291 1142 324 milii
1161 289 1229 324 effe
1250 289 1443 324 videbatur.
1498 287 1605 331 Aliis,
1631 301 1706 336 quae
1728 295 1835 340 magis
1854 309 1931 333 eno,

172 351 287 387 danda
306 362 424 392 erant,
452 350 575 393 Capita
598 347 677 381 dedi
698 343 898 390 singularia,
925 339 1104 375 contracto
1123 350 1261 382 tamen,
1291 348 1328 372 ut
1345 335 1467 382 potui,
1493 334 1586 381 stilo,
1613 348 1656 374 ne
1681 342 1784 377 taedio
1813 338 1944 392 effetus
1984 380 1986 387 ι

171 399 208 436 ἃ
226 402 386 438 abuterer
404 412 482 436 meo
501 398 537 434 ἃ
556 394 714 431 Leetoris
731 394 818 428 otio.

220 501 373 547 Operam
404 497 482 534 dedi
501 524 510 538 ‚
550 504 588 529 ut
613 493 694 529 boni
721 489 922 534 interpretis
944 496 1061 533 partes
1081 485 1256 530 explerem
1277 483 1309 518 in
1334 483 1385 518 his
1400 510 1409 525 ,
1436 495 1511 530 quae
1528 485 1754 532 interpretem
1772 488 1933 530 desidera.

174 549 270 584 bant.
304 548 528 595 Majestatem
550 543 646 578 Libri
667 541 859 576 Florentini
876 538 1026 572 comiter
1043 534 1251 574 observavi,
1279 533 1314 568 ὰ
1334 561 1342 575 ,
1368 545 1495 579 quanta
1514 536 1611 580 potui
1628 562 1636 576 ,
1665 536 1834 584 religione
1865 542 1933 588 eju3
1986 542 1989 572 ’,

172 598 360 634 Lefflones
380 593 577 633 vindicavi,
607 603 684 626 cum
703 600 770 623 non
793 587 889 633 potui
907 614 915 627 ‚
945 583 1100 620 modeste
1119 582 1286 617 Criticum
1303 582 1384 628 egi,
1413 583 1553 620 servatis
1577 585 1707 631 regulis
1724 612 1736 630 ,
1762 599 1844 633 quas
1868 591 1934 636 ipse

170 648 259 683 mihi
284 647 413 683 dudum
439 640 635 691 praescripsi.
689 636 884 673 Neceffitas
906 634 942 669 <Sc
967 631 1133 669 modestia
1160 631 1424 684 emendationes
1453 632 1554 666 unice
1577 638 1854 681 commendant,
1882 641 1934 678 ubi

172 696 251 732 haec
269 697 326 732 vel
349 696 406 731 illa
431 691 544 732 abest,
573 692 648 733 plus
666 696 790 726 nocet,
816 697 917 731 quam
937 681 1075 729 prodest
1092 692 1144 715 ars
1168 679 1357 722 utiliflima‚
1385 691 1460 726 quae
1475 680 1507 715 in
1531 681 1749 719 restituendis
1767 686 1936 726 Veterum

172 745 268 781 libris
285 752 482 789 occupatur.
535 739 604 775 Ubi
626 735 836 772 Florentinae
857 732 1031 768 Lectionis
1052 729 1185 765 causam
1203 740 1269 774 ago
1288 740 1410 763 contra
1430 729 1624 774 prurientes
1651 744 1769 768 manus
1785 760 1796 777 ‚
1822 747 1936 774 neces-

169 793 309 829 ficatem
329 789 582 829 emendationis
600 786 715 821 abesse
732 793 824 819 ratus
843 782 911 817 sum
930 807 941 825 ‚
967 780 1025 815 sed
1044 778 1101 814 ubi
1122 778 1176 812 illa
1193 777 1309 820 adest,
1336 776 1372 812 ἃ
1395 789 1449 812 res
1468 778 1567 813 aliter
1592 781 1682 817 salva
1707 781 1774 819 esse
1800 786 1949 832 nequit,¹

174 842 329 879 indicavi
354 842 432 876 leve
448 840 624 883 scripturae
642 835 787 874 vitium,
813 831 869 867 vel
896 829 1088 865 aberrantis
1105 827 1252 871 librarii,
1279 827 1335 862 vel
1353 838 1423 863 non
1445 827 1700 877 intelligentis,
1726 830 1750 866 fi
1773 834 1854 881 quid
1871 833 1936 871 for-

172 901 209 927 te
225 891 329 928 semel
351 891 541 937 scriptum,
567 887 693 922 iterum
714 881 962 929 geminandum
982 878 1078 914 effet.

227 990 314 1026 Non
336 989 497 1037 equidem
515 985 676 1027 invideo,
703 982 726 1018 si
746 981 819 1028 quis
837 980 909 1027 Juri
930 980 1089 1013 Romano
1106 987 1210 1020 opem
1234 973 1321 1030 ferat
1346 976 1615 1013 Commentariis
1638 977 1674 1013 ἃ
1697 978 1938 1029 Compendiis,

174 1038 212 1075 ἃ
229 1040 262 1075 in
286 1040 339 1075 his
355 1039 449 1074 forte
470 1038 592 1077 alium,
617 1045 719 1080 quam
734 1031 790 1066 ahi
806 1057 815 1072 ‚
840 1030 997 1064 ordinem
1016 1037 1166 1073 quaerat,
1196 1026 1252 1058 vel
1273 1025 1294 1058 {1
1317 1026 1392 1070 quis
1411 1026 1443 1060 in
1462 1027 1545 1072 Jure
1570 1029 1798 1065 controverso
1825 1032 1934 1067 versa·

176 1098 257 1132 tus,
286 1090 440 1135 integras
458 1086 626 1133 ajengjum
644 1081 679 1115 ὅ(
699 1080 900 1127 negantium
924 1086 1078 1111 catervas
1105 1073 1274 1120 producat
1300 1072 1336 1108 &
1359 1074 1418 1109 sibi
1444 1076 1599 1110 invicem
1623 1087 1804 1122 opponat,
1838 1081 1940 1117 miror

173 1140 287 1184 magis
299 1164 309 1182 ,
338 1149 417 1173 cum
433 1136 588 1171 omnium
607 1143 726 1169 eorum
744 1140 837 1164 nunc
853 1126 955 1172 copia
976 1126 1169 1159 laboremus
1181 1148 1193 1166 ‚
1220 1134 1279 1157 cur
1296 1123 1409 1159 adbuc
1425 1125 1561 1169 placeat
1579 1137 1735 1170 repetere
1755 1128 1872 1164 decies
1889 1141 1939 1165 re·
1986 1158 1989 1163 ,

172 1187 287 1234 petita
304 1214 315 1231 ,
348 1185 386 1222 &
409 1194 553 1232 propter
580 1191 709 1218 novum
739 1177 920 1218 ordinem,
946 1174 1000 1228 vel
1021 1184 1124 1208 unam
1148 1171 1240 1206 forte
1264 1172 1458 1208 alteramve
1479 1174 1829 1212 Observatiunculam
1854 1178 1940 1214 inte-

172 1247 254 1283 gros
275 1236 401 1271 Libros
421 1235 567 1281 implere
581 1260 589 1273 ‚
618 1230 655 1266 ἅ
671 1239 760 1270 non,
788 1235 825 1261 ut
842 1226 901 1260 ille
923 1234 990 1263 ait,
1018 1220 1206 1267 magistros,
1236 1219 1374 1267 (neque
1391 1222 1483 1256 enim
1503 1223 1536 1258 lii
1560 1224 1705 1270 legunt)
1733 1226 1788 1260 sed
1806 1218 1942 1262 audjm‘.

172 1296 251 1328 res,
281 1285 405 1331 quibus
429 1296 470 1320 ea
494 1280 712 1318 obtrudunt,
741 1277 865 1311 crambe
890 1274 1029 1318 repetita
1053 1269 1216 1305 occidere?
1244 1268 1374 1322 Quiqui
1398 1271 1432 1304 in
1458 1271 1510 1306 his
1527 1283 1770 1317 occupantur,
1809 1287 1866 1310 aut
1885 1276 1943 1311 Li-

173 1335 255 1370 bros
273 1333 426 1370 scribunt
445 1332 556 1367 minus
576 1331 751 1374 integrm,
777 1335 860 1365 aut,
886 1321 908 1356 fi
932 1322 1108 1367 integros,
1136 1328 1178 1372 ex
1204 1318 1277 1352 aliis
1297 1319 1486 1355 neceffario
1514 1320 1745 1366 depromunt,
1776 1324 1867 1369 quod
1891 1335 1942 1360 ar.

174 1391 346 1430 gumento
363 1381 577 1418 absolvendo
598 1379 631 1412 in
649 1387 723 1411 rem
744 1373 833 1408 suam
854 1380 1005 1406 vertant.
1059 1368 1132 1403 Res
1151 1368 1224 1412 ipsa
1240 1367 1360 1403 habuit
1377 1369 1565 1404 utilitatem
1585 1379 1743 1415 tempore
1765 1372 1943 1408 renascen-

175 1433 222 1468 tis
245 1431 550 1479 Jurisprudentiae,
579 1437 671 1463 nunc
689 1424 763 1460 fere
779 1421 908 1458 nullam
927 1419 1054 1462 habet,
1079 1416 1116 1452 ἃ
1133 1425 1248 1452 tamen
1269 1417 1388 1453 videas
1407 1417 1494 1462 effe,
1520 1419 1579 1465 qui
1599 1419 1732 1456 malunt
1757 1419 1805 1457 sic
1828 1420 1946 1468 prodi*¹

173 1493 213 1520 re
221 1508 235 1528 ‚
262 1492 363 1529 quam
379 1481 499 1517 latere.

224 1581 278 1616 Ex
304 1579 355 1616 his
378 1578 551 1627 intelliges
568 1604 578 1620 ‚
605 1587 662 1612 me
689 1584 760 1610 non
781 1571 850 1619 alio
867 1567 1010 1606 consilio
1034 1556 1232 1621 acceffiss'ej
1260 1576 1361 1613 quam
1377 1566 1459 1602 olim
1477 1566 1620 1610 acceffi,
1647 1567 1688 1604 ad
1711 1567 1944 1609 illustrandum

179 1631 241 1677 Jus
258 1630 469 1664 Romanum.
523 1627 639 1673 Selegi
656 1623 844 1659 amoeniora
861 1621 960 1662 loca,
984 1628 1130 1664 quorum
1146 1625 1236 1650 ratio
1255 1617 1469 1661 interpretes
1485 1617 1672 1653 videbatur
1687 1617 1812 1665 fugiffe
1829 1646 1838 1662 ‚
1864 1619 1945 1656 sele.

173 1681 214 1726 gi
232 1677 426 1714 difficiliora
443 1676 480 1713 ἃ
500 1686 636 1712 tantum
653 1684 721 1709 non
740 1672 941 1716 desperata,
968 1666 992 1702 si
1007 1666 1088 1713 quid
1106 1665 1191 1700 lucis
1207 1665 1261 1700 vel
1279 1665 1356 1710 opis
1373 1664 1509 1700 adferre
1524 1674 1684 1711 poteram
1705 1694 1715 1711 ,
1741 1666 1766 1702 fi
1790 1678 1859 1704 non
1884 1678 1944 1715 po-

174 1739 285 1765 teram
304 1755 313 1771 ,
345 1727 495 1774 prudens
523 1723 681 1762 abstinui.
733 1718 868 1756 Excuffi
891 1716 948 1752 hic
969 1715 1040 1751 illic
1067 1712 1317 1752 controversias
1341 1713 1431 1760 Juris
1457 1713 1600 1754 illustres
1630 1715 1856 1763 compofitis,
1888 1717 1958 1763 qui,

179 1777 359 1813 diffentire
382 1776 611 1816 videbantur,
638 1771 755 1819 JCris,
780 1768 804 1803 fi
820 1767 895 1803 aliae
917 1765 1060 1800 aliorum
1079 1763 1229 1798 rationes
1252 1761 1296 1798 ad
1316 1763 1522 1798 Eunomiam
1549 1763 1746 1801 Romanam
1766 1776 1835 1801 non
1859 1765 1945 1803 suffi÷

178 1836 310 1863 cerent.
361 1827 478 1871 Selegi
493 1823 530 1860 ἃ
548 1824 682 1862 ulcera,
710 1821 753 1855 ab
770 1817 843 1853 aliis
867 1813 1016 1854 intaeta,
1044 1823 1088 1848 an
1103 1811 1296 1848 sanaverim
1312 1836 1325 1856 ‚
1350 1810 1387 1847 ἃ
1406 1812 1441 1848 in
1464 1812 1517 1848 his
1538 1811 1662 1850 aliisve
1683 1814 1789 1862 scopo
1814 1814 1956 1852 satisfe:

179 1877 306 1921 cerim,
333 1876 563 1921 judicabunt,
590 1871 712 1920 quibus
726 1869 780 1916 jus
798 1864 955 1911 suffragii
976 1861 1036 1898 est.

229 1974 404 2023 Quicquid
432 1974 489 2021 egi
508 1999 517 2014 ‚
545 1971 586 2006 ad
605 1971 663 2018 Jus
687 1968 862 2014 privatum
881 1962 1055 2011 pertinet,
1082 1960 1205 1996 omisso
1226 1960 1384 2005 publim‚
1413 1958 1450 1996 ἃ
1471 1959 1515 1997 fic
1535 1961 1618 1997 olim
1640 1962 1806 1998 Oratores
1829 1960 1945 1999 ieciss'e

181 2025 388 2070 conquestus
410 2022 457 2058 est
483 2023 651 2057 isocrates
675 2018 711 2054 <Sc
738 2015 942 2052 Aristoteles
962 2039 971 2055 ,
1009 2021 1046 2046 ut
1072 2011 1266 2057 Gipnanius
1284 2010 1490 2046 ,observavit
1514 2010 1714 2058 Praefatione
1738 2011 1878 2058 speciali
1903 2010 1946 2048 ad

185 2074 339 2109 Codicem.
392 2071 550 2121 Querelae
569 2070 667 2105 causa
681 2095 691 2110 ‚
719 2065 811 2113 quod
829 2062 1035 2110 quaestiones
1053 2061 1139 2107 Juris
1158 2058 1287 2104 publici
1307 2058 1425 2104 utique
1451 2058 1559 2094 essent
1586 2062 1763 2105 graviores
1780 2088 1790 2105 ,
1818 2059 1854 2096 ὅ(
1878 2072 1946 2098 ma.—

182 2124 235 2170 gis
265 2134 284 2157 e
301 2121 405 2157 salute
426 2119 653 2166 Reipubhcae,
704 2115 772 2152 Sed
793 2124 868 2159 qua:
895 2110 1026 2158 privati
1045 2110 1130 2158 juris
1155 2113 1250 2149 lunt,
1279 2108 1388 2142 multo
1417 2107 1483 2142 effe
1506 2110 1677 2144 acutiores
1694 2137 1704 2152 ,
1736 2108 1772 2144 <St
1798 2109 1946 2153 ingeniis

183 2171 396 2218 explicandis
414 2169 586 2215 aptiores,
614 2164 792 2202 Aristoteli
816 2159 1040 2206 respondebit
1061 2159 1132 2204 ipse
1153 2157 1355 2192 Aristoteles
1375 2184 1384 2198 ‚
1411 2157 1478 2191 alio
1500 2158 1577 2192 loco
1595 2183 1605 2200 ,
1633 2170 1732 2204 quern
1755 2157 1792 2193 (St
1818 2159 1946 2204 Gipha.

183 2222 259 2256 nius
278 2219 329 2261 'ibi
347 2219 528 2255 indicavit.
583 2216 652 2265 Qui
675 2215 719 2250 de
737 2211 935 2257 Republica
952 2208 1140 2249 deliberat,
1169 2207 1234 2241 sola
1251 2205 1322 2240 fere
1338 2206 1470 2240 ratione
1490 2206 1651 2252 magistra
1677 2206 1813 2242 causam
1842 2205 1946 2242 trans·

183 2270 269 2315 igit3
296 2268 354 2316 qui
383 2268 425 2303 de
448 2265 745 2314 Jurisprudentia‚
772 2269 912 2306 oportet
930 2258 1035 2294 etiarn
1054 2257 1129 2292 aliis
1146 2255 1295 2291 subsidiis
1321 2255 1424 2300 longe
1444 2255 1582 2302 lateque
1603 2255 1641 2290 fit
1660 2256 1851 2292 iustrut‘tus.
1876 2257 1962 2292 Uti·-

184 2320 227 2355 de
248 2318 340 2354 forte
357 2318 469 2364 plures
492 2316 566 2363 apti
585 2315 626 2351 ad
645 2310 917 2357 Rempublicam
930 2336 938 2351 ‚
966 2308 1148 2353 pauciores
1165 2305 1206 2340 ad
1228 2304 1558 2352 ‘Jurisprudentiaui-

232 2416 298 2452 Sed
319 2417 426 2452 nolim
446 2415 521 2451 haec
541 2414 693 2460 pluribus
711 2409 850 2456 exsequi
864 2436 871 2448 ,
899 2417 943 2440 ne
965 2404 1107 2441 invidiae
1127 2403 1211 2445 fint‚
1238 2411 1422 2438 contentus
1439 2413 1601 2444 monere,
1627 2414 1682 2438 me
1699 2401 1821 2437 florem
1835 2402 1949 2439 aetatis

185 2478 262 2501 cum
283 2465 447 2512 juvenilis
465 2492 474 2507 ‚
507 2473 580 2498 turn
605 2461 712 2497 virilis
731 2486 741 2504 ,
769 2458 899 2494 dedisse
920 2451 1053 2491 deliciis
1073 2454 1162 2502 Juris
1179 2453 1330 2488 Romani
1349 2477 1359 2494 ‚
1388 2450 1424 2485 ἃ
1442 2475 1454 2493 ,
1481 2453 1526 2486 01)
1546 2452 1845 2496 ingravescentem
1868 2463 1948 2488 aetae

184 2524 255 2551 tem
272 2541 281 2556 ,
317 2525 374 2550 me
397 2525 488 2549 nunc
513 2513 566 2547 his
589 2511 751 2546 omnibus
774 2509 866 2543 bona
889 2505 958 2541 fide
979 2505 1197 2539 valedicere:
1227 2513 1338 2548 neque
1355 2500 1448 2535 enim
1474 2500 1579 2534 de‘eo
1604 2500 1685 2546 Jure
1706 2501 1888 2547 quicquam
1913 2502 1948 2536 in

185 2563 359 2610 posterum
378 2563 501 2604 edam,
528 2561 551 2596 fi
573 2572 633 2606 per
656 2560 741 2595 alios
757 2558 860 2592 liceat
878 2566 921 2589 eo
942 2555 1017 2589 otio
1037 2553 1115 2589 frui.
1168 2551 1415 2597 Ingravescens
1431 2575 1439 2590 ‚
1467 2559 1502 2583 ut
1526 2549 1620 2590 dixi,
1648 2559 1729 2584 aetas
1758 2549 1945 2585 severiores

184 2612 303 2649 Musas
321 2623 390 2647 non
414 2620 505 2647 amat
521 2635 532 2653 ,
559 2617 727 2644 contenta
750 2605 940 2641 levioribus
962 2630 972 2646 ,
999 2615 1082 2650 quas
1107 2601 1144 2637 ἃ
1173 2601 1260 2648 ipsas
1283 2596 1453 2633 senectuti
1477 2597 1662 2633 reservavi.
1715 2598 1830 2648 Quare
1846 2625 1856 2640 ‚
1890 2608 1948 2634 ex·

185 2661 283 2698 cuffis
300 2660 533 2701 Adversariis‚
560 2658 653 2693 forte
677 2655 833 2703 quaedam
849 2654 1014 2697 deinceps
1034 2651 1235 2697 depromam
1250 2677 1258 2692 ‚
1283 2658 1357 2694 quae
1375 2647 1410 2681 ἃ
1430 2646 1602 2681 delectare
1617 2672 1627 2690 ‚
1659 2644 1695 2682 ἃ
1717 2645 1873 2693 prodesse
1889 2657 1946 2692 pos·

187 2718 323 2751 terunt,
349 2708 386 2745 <St
408 2710 450 2745 ad
469 2710 528 2756 Jus
548 2706 724 2752 publicum
743 2705 796 2739 vel
816 2703 963 2749 patrium
979 2698 1295 2748 pertinebunt‚led
1318 2706 1398 2732 vitae
1412 2707 1506 2742 ‚quae
1524 2695 1674 2742 superest
1688 2722 1697 2737 ,
1724 2695 1853 2730 summa
1875 2696 1947 2735 bre·

186 2761 238 2796 vis
259 2761 351 2805 spem
370 2768 470 2794 vetat
491 2756 655 2793 inchoare
674 2756 825 2800 longam.
881 2752 955 2785 Plus
973 2760 1088 2785 tamen
1110 2750 1173 2785 otii
1202 2757 1292 2783 nunc
1307 2773 1316 2788 ,
1341 2757 1442 2792 quam
1465 2744 1547 2779 olim
1563 2771 1573 2787 ,
1602 2743 1718 2780 nafius
1737 2772 1747 2788 ‚
1773 2744 1890 2780 sedulo
1912 2742 1948 2780 id

189 2820 288 2856 agam
304 2833 316 2852 ‚
342 2816 379 2844 ut
396 2807 469 2855 ejus
485 2805 659 2842 rationem
677 2803 819 2839 reddam
839 2800 990 2847 publico.
1935 2816 1939 2831 ,

234 2904 378 2951 Aliquid
398 2905 511 2941 adhuc
529 2904 586 2939 hic
603 2900 818 2950 praefandum
839 2898 909 2940 est,
935 2897 1026 2944 quod
1049 2896 1129 2931 alibi
1152 2893 1314 2940 praefatus
1335 2903 1403 2926 non
1429 2890 1510 2926 sum.
1563 2891 1683 2926 Nemo
1703 2891 1839 2934 nescit,
1866 2875 1948 2939 quot

188 2954 368 2999 quantisve
383 2954 548 2988 convitiis
567 2951 822 2987 'I'ribonianum
844 2947 1051 2982 laceraverit
1069 2946 1180 2979 omnis
1200 2952 1282 2977 aetas
1295 2943 1371 2988 3qui
1387 2953 1464 2976 eum
1489 2945 1514 2976 ἢ
1532 2940 1677 2976 Διαᾶόλων
1693 2939 1833 2988 Α’ςχοντα
1847 2941 1956 2987 (ἤχίῑι

189 3003 306 3036 omnia
328 3001 447 3038 dixisse
471 3002 580 3037 videri
599 3000 733 3047 potest,
762 2997 796 3033 <Sc
815 2997 859 3032 sic
876 2997 952 3031 ausa
972 2994 1018 3029 cll.
1040 2995 1175 3028 (tiraecia
1192 2992 1353 3026 mendax.
1384 2991 1416 3024 Si
1441 2991 1523 3024 iolas
1542 2994 1659 3035 culpas
1681 2995 1825 3024 teletam
1845 2989 1880 3025 δι
1897 3001 1948 3026 περ

192 3049 305 3083 sellim
322 3077 329 3090 ‚
356 3051 488 3096 quasin
508 3052 590 3097 jure
609 3046 856 3095 componendo
874 3042 1039 3080 atlmilisl'e
1057 3043 1204 3081 dicitur,
1226 3051 1359 3085 magum
1377 3039 1477 3073 molis
1499 3051 1585 3083 opus
1607 3039 1690 3073 milii
1712 3038 1946 3079 excresceret,

193 3108 271 3131 nam
289 3097 325 3132 <St
350 3099 521 3135 Francisci
538 3099 730 3135 Hotomani
750 3095 1036 3132 Antirribonianus
1052 3091 1136 3126 esset
1152 3088 1357 3124 refutandus
1369 3114 1380 3130 ,
1408 3099 1444 3122 ut
1462 3087 1605 3122 refutari
1623 3098 1772 3122 meretur
1784 3115 1791 3129 ,
1805 3086 1840 3122 c&
1853 3084 1945 3121 simul

192 3146 395 3188 repellendae
411 3149 483 3181 aliae
503 3148 648 3183 aliorum
664 3173 674 3190 ‚
701 3147 804 3182 etiarn
830 3144 1021 3190 principum
1050 3141 1236 3187 JCtorum,
1263 3137 1393 3182 injuria:
1410 3137 1444 3171 ἃ
1467 3136 1656 3171 calumniae.
1684 3133 1946 3170 tnterana'rri-

192 3193 334 3229 boniani
350 3192 525 3238 facinora,
550 3197 617 3231 hoc
633 3207 713 3232 curn
729 3197 882 3231 maxime
899 3193 1071 3238 pellucere
1090 3196 1235 3236 putant,
1262 3187 1352 3231 quod
1373 3195 1529 3221 veterum
1547 3183 1735 3221 Austoruin
1753 3183 1946 3230 fragmenta

1877 3241 1946 3265 non
