2008 3436
268 77 432 114 LIBRI
479 71 859 130 SINGULARIS'
896 71 972 108 AD
1025 71 1064 106 L.
1115 69 1330 116 LECTA,
1383 71 1481 109 Cir.
1515 70 1621 109 1.11.

98 157 228 194 Nullam
245 167 323 189 vero
341 156 507 192 έλληλυκίαν
526 155 615 188 Libri
636 152 693 186 III.
716 150 919 194 reperireest‚

50 209 83 234 at
98 202 184 235 varia
199 199 280 232 varii
293 198 415 240 generis
431 198 568 241 agitata,
591 205 662 240 quae
679 193 717 226 ad
732 192 918 226 sententiam

673 290 1031 328 CAPUT

1785 79 1826 109 11

961 151 1056 192 Legis
1096 151 1209 185 nostrae
1244 158 1300 183 aut
1339 151 1418 183 nihil
1436 173 1454 198 ,ι
1485 161 1539 185 aut
1573 162 1683 195 parum
1721 151 1830 186 conse«

960 201 1043 224 runt.

1134 290 1193 327 11.

119 387 215 423 Leaa
239 384 283 434 est
309 387 342 422 in
367 384 524 421 auditorio
548 380 677 419 AEmilii
702 379 905 428 Papiniani,
929 378 1081 426 Praefeiii
1102 381 1271 427 previam,
1299 377 1388 426 Jciz·
1404 410 1412 426 ‚
1446 383 1552 418 caiiti0
1577 381 1769 430 hujusmodi.

120 484 182 516 efia
198 481 238 525 efl
262 484 294 515 in
319 482 470 514 auditorio.
518 478 569 511 Ne
595 478 690 521 ipsam
711 479 916 525 cautionem,

50 483 119 568 L
142 534 192 557 tot
212 523 418 566 quaestionum
467 521 527 553 uasi
545 520 691 560 fontem,
716 521 848 560 abrupte
869 529 914 552 ni-

50 579 110 600 niis
127 567 269 598 videatur
285 563 406 605 adgredi
418 532 516 604 Jdtus
525 585 534 602 ,
544 562 695 604 praefatur
710 563 816 594 locum
827 584 838 599 ‚
849 569 914 592 tan-

50 617 82 641 ta
98 607 325 648 disceptatione
339 605 468 646 dignum
478 627 489 644 ,
511 606 688 637 auditorium
706 602 772 636 scil.
793 603 915 636 AEmiiii

48 649 225 691 Papiniani.
545 688 550 692 ι
579 687 585 693 ι

92 689 295 724 Auditorium
323 689 356 721 in
382 697 496 730 genere
520 688 599 720 nilul
619 688 680 720 csse
698 687 803 726 aliud,
824 696 917 728 quam

47 733 156 766 locum
182 730 279 762 causis
303 729 463 762 audiendis
484 728 690 769 destinatum,
715 729 914 770 quemadmo-

47 774 121 806 dum
148 771 270 804 Graecis
297 773 485 810 οέκρςαπὶοοι,
520 780 607 802 certa
624 780 672 803 res
691 772 747 803 est.
792 769 913 802 TraCtu

49 814 201 856 temporis
218 813 319 845 varias
336 824 372 845 ea
388 823 455 845 vox
474 811 583 844 sortita
597 812 644 844 est
659 811 913 854 fignificationes,

47 856 142 889 alata
156 855 265 897 primic
285 854 416 895 originis
441 853 653 894 appellatione
677 853 832 899 deduftaus.
878 851 914 883 ln

46 897 120 940 Jure
136 895 263 935 nostr0‚
287 896 392 928 habita
407 898 530 927 ratione
547 894 584 926 ad
599 894 682 927 bella
699 894 850 940 forensia,
862 902 913 939 au-

47 937 199 972 ditoriuin
215 937 346 970 denotat
365 938 491 975 locum,
514 936 564 967 ubi
586 936 628 975 is,
653 937 706 978 qui
727 934 915 976 jurisdictio-

48 981 80 1013 ni
99 979 229 1021 praeest,
254 978 336 1011 salva
356 977 514 1019 maiestate
533 977 658 1018 imperii
678 976 721 1009 sui
736 999 746 1016 ‚
767 975 916 1016 salvoque

47 1030 138 1054 inore
155 1020 335 1060 Majorum,
358 1020 407 1060 jus
430 1019 534 1050 dicere
559 1017 737 1050 constituit.
781 1017 831 1048 Eo
848 1018 913 1049 sen-

51 1063 86 1096 su
102 1061 191 1094 causa
210 1063 242 1093 in
259 1062 433 1093 auditorium
449 1061 550 1091 induci
560 1082 571 1097 ‚
595 1059 626 1091 in
643 1068 746 1101 eoque
763 1060 914 1090 examina-

48 1107 99 1142 ri,
123 1101 253 1144 &finiri
267 1103 415 1134 dicuntur
433 1101 464 1133 in
488 1101 509 1133 i.
533 1105 579 1135 18.
606 1100 635 1142 §.
660 1110 684 1133 1.
710 1100 746 1136 δ”
769 1110 799 1132 2.
817 1099 857 1141 ff.
880 1100 914 1130 a’e

48 1147 153 1178 minor.
187 1145 217 1176 dt
240 1143 355 1185 paffim.
401 1142 483 1174 Cum
504 1150 607 1174 autem
628 1142 817 1174 Auditorium
834 1141 914 1173 Prae-

49 1188 141 1225 toris,
173 1186 368 1228 majorumque
397 1184 546 1225 cansarum
562 1206 573 1222 ,
604 1194 624 1215 a
652 1183 789 1225 subselliis
808 1181 914 1215 distin-

48 1237 124 1271 guat
144 1226 300 1260 Asconius
322 1226 396 1258 Ped.
424 1227 456 1257 in
479 1226 625 1257 Ciceronis
642 1219 787 1257 Divina).
831 1223 914 1265 Judi-

48 1269 138 1302 cibus
158 1268 303 1311 pedaneis
324 1267 414 1299 nullo
431 1267 527 1298 modo
545 1266 645 1298 videi-i
664 1266 766 1306 poffet
777 1265 915 1298 tribuen-

45 1311 142 1350 dum,
166 1319 198 1342 at
214 1308 453 1351 Magistratibus
479 1308 631 1340 duntaxat
654 1308 738 1341 solis.
783 1308 842 1354 Sed
865 1316 916 1349 ge-

48 1353 198 1386 neraliter
223 1360 258 1382 ea
278 1360 360 1382 voce
388 1350 506 1382 utimur
529 1350 568 1381 de
588 1350 646 1389 iis,
671 1350 725 1390 qui
745 1349 843 1381 cauiae
861 1358 915 1380 co-

48 1394 226 1436 gnitionem
255 1392 400 1431 habent3
431 1392 505 1432 quin
531 1392 561 1424 δε
589 1391 627 1422 de
649 1391 775 1424 arbitris
791 1414 800 1431 ,
825 1399 861 1422 ut
884 1390 916 1423 in

51 1437 71 1468 l.
91 1445 143 1476 41.
163 1435 203 1477 ff.
229 1435 262 1466 de
288 1439 392 1474 recept.
430 1434 532 1464 arbitr.
579 1431 692 1474 Neque
710 1433 804 1464 etiam
821 1440 887 1464 erat
905 1455 914 1472 ‚

50 1487 107 1509 cur
127 1485 273 1517 tanquam
293 1475 444 1516 singulare
459 1474 575 1514 aliquid
593 1482 717 1506 notaret
734 1484 774 1505 ex
794 1474 823 1505 h.
835 1474 854 1505 i.
864 1483 914 1514 40.

49 1519 114 1560 Jac.
143 1516 363 1549 Gothofredus
389 1516 421 1547 in
439 1515 560 1556 Differt.
576 1517 614 1548 aci
640 1517 660 1549 l.
681 1516 714 1548 Si
735 1515 917 1557 Baisatorem

52 1569 102 1603 13.
130 1560 163 1592 C.
178 1560 211 1591 de
223 1556 347 1601 fidejaff.
393 1557 583 1589 Praefectum
606 1558 756 1599 praetorio
780 1555 918 1603 habuisse

51 1601 254 1634 auditorium.
299 1599 420 1632 Habuit
446 1599 521 1637 ille,
554 1599 753 1638 habuerunt,
784 1606 819 1630 ut
835 1598 916 1630 dixi-

50 1653 143 1683 mus,
177 1643 207 1675 &
233 1640 437 1683 Magistratus
466 1641 579 1681 reliqui
599 1663 609 1679 ,
633 1642 653 1673 l.
669 1647 738 1682 pen.
757 1640 798 1682 ff.
818 1641 851 1671 de
868 1641 917 1671 ad-

37 1683 107 1728 Jeff.
130 1686 150 1717 l.
170 1694 222 1725 54.
248 1683 276 1726 §.
297 1693 324 1716 1.
339 1682 379 1724 ff.
403 1683 436 1713 cie
453 1692 482 1713 re
494 1683 590 1724 judic.
623 1681 673 1714 sed
693 1682 773 1714 nibil
792 1680 836 1713 est
853 1691 916 1713 cer-

51 1728 125 1760 tius.
170 1727 231 1759 Per
251 1725 498 1762 excellentiam,
522 1722 646 1763 fateor,
667 1723 854 1756 adscribitur
871 1723 915 1755 lo-

49 1778 114 1808 c0,
145 1768 178 1801 in
201 1777 265 1809 quo
287 1766 446 1808 iudicabat
473 1764 609 1797 summus
634 1766 759 1807 Imperii
782 1765 916 1797 Romani

51 1809 151 1852 Judex
174 1810 202 1841 d.
235 1809 255 1841 l.
281 1813 330 1843 18.
358 1807 387 1849 §.
410 1817 437 1839 1.
455 1806 496 1848 ff.
521 1808 554 1838 cle
575 1807 688 1839 Minor.
714 1808 734 1838 l.
752 1817 802 1839 22.
821 1805 862 1848 ff.
879 1806 917 1837 ad

52 1851 163 1884 SCtam
189 1849 313 1883 Trebeli.
345 1849 398 1881 vel
425 1848 580 1880 Praetorio
606 1848 792 1890 praefefitus,
822 1849 868 1880 uti
885 1848 917 1880 in

48 1892 240 1937 propofit03
273 1893 396 1924 nullum
421 1891 537 1931 quippe
569 1890 616 1922 his
655 1890 845 1922 auditorium
872 1889 916 1921 di-

50 1936 152 1978 gnius.
176 1934 332 1981 Quinimo
353 1941 450 1964 unum
468 1932 612 1973 idemque
627 1931 720 1963 fuisse
737 1931 815 1963 illud
829 1931 916 1963 Prin-

50 1977 131 2018 cipis
154 1978 185 2011 δε
210 1974 354 2009 Praefeffl
371 1973 521 2015 praetorio
533 1996 543 2012 ,
567 1981 603 2004 ut
620 1973 712 2020 longa
729 1973 856 2005 evincat
875 1973 919 2004 di-

51 2017 210 2065 sputatio,
232 2026 296 2050 non
324 2015 368 2047 est
391 2014 557 2047 necessum.
605 2014 749 2047 Praeteffi
771 2014 855 2046 enim
883 2014 919 2046 il-

39 2057 266 2099 'liusjudicare
291 2067 366 2089 vere
399 2065 465 2088 erat
482 2057 548 2087 viee
558 2055 649 2097 sacra
660 2057 796 2099 judicare
819 2056 839 2087 l.
868 2059 916 2088 16.

55 2101 90 2132 C.
109 2099 163 2133 Tb.
185 2103 219 2133 de
235 2099 341 2140 adpeii.
368 2099 398 2131 ὅτ.
417 2097 463 2130 illi
482 2097 558 2138 ipii,
589 2099 642 2139 qui
669 2098 818 2129 vicariam
841 2097 916 2129 dun-

53 2151 142 2174 taxat
157 2141 373 2183 praefecturam
402 2139 572 2181 gerebant,
605 2139 755 2170 dicuntur
763 2138 857 2180 fizcrce
874 2149 916 2170 co-

52 2185 197 2227 gnitionis
225 2183 327 2214 babere
351 2179 521 2222 potestatem
538 2204 548 2219 ,
581 2180 617 2215 ὅ)
634 2181 838 2222 Judz‘caiionis
858 2180 916 2212 Im-

49 2224 175 2266 perialis
196 2223 396 2265 representare
422 2223 616 2253 reverentiam
647 2223 678 2254 in
711 2223 731 2254 l.
762 2232 787 2254 1.
823 2223 855 2254 C.
882 2224 915 2253 cle

43 2263 122 2307 offic,
143 2267 237 2297 vicar.
284 2265 369 2297 Hinc
388 2261 452 2301 est,
476 2263 561 2303 quod
577 2263 761 2304 Papinianus
778 2273 915 2305 pronun-

42 2307 149 2343 ciasse
167 2306 309 2339 videatur
326 2306 357 2337 in
380 2303 401 2337 l.
415 2314 466 2345 97.
484 2303 525 2345 ff.
542 2305 575 2336 de
598 2314 662 2346 acq.
678 2306 725 2336 vei
749 2306 841 2336 omitt.
860 2306 914 2336 hae-

47 2351 114 2387 red.
141 2349 172 2381 ὅ(
188 2357 290 2380 tamen
311 2346 469 2383 Decreta,
490 2354 508 2376 e
526 2345 639 2386 quibus
656 2347 756 2387 petita
781 2346 827 2378 est
843 2348 871 2378 d.
891 2347 913 2378 l.

53 2391 199 2423 dicantur
222 2386 395 2430 Imperialia
422 2387 453 2418 in
478 2386 497 2417 l.
516 2387 570 2418 uli.
590 2387 630 2428 ff.
653 2389 686 2418 cle
704 2387 781 2428 Jure
792 2394 911 2429 patron.

55 2431 163 2471 Adde,
192 2441 261 2472 quae
284 2429 422 2462 diximus
448 2428 517 2468 Cap.
530 2429 652 2469 praeced.
674 2428 704 2460 ὗε
720 2438 788 2470 quae
806 2430 845 2460 de
863 2439 914 2462 au-

54 2472 173 2506 ditorio
198 2471 359 2504 adnotavit
388 2469 519 2502 Curtius
544 2471 657 2501 Εὲκκςῶ-
680 2469 719 2502 L.
738 2470 776 2502 ΙΙ,
806 2471 838 2502 C.
861 2482 913 2513 43.

56 2514 87 2546 ἀ
104 2513 274 2547 Balduinus
290 2513 327 2545 ad
347 2512 475 2543 Paulam
492 2512 525 2542 de
548 2514 699 2550 cautione,
721 2511 795 2543 lesia
812 2514 846 2543 in
863 2523 914 2544 aa·

55 2557 157 2588 clitorio
181 2555 355 2602 Papiniani.
407 2552 496 2584 Hinc
520 2553 615 2592 etiam
640 2552 708 2592 est,
731 2553 816 2594 quod
837 2554 913 2586 Pau-

55 2592 125 2634 lus,
153 2594 323 2638 Ulpianus,
358 2592 412 2626 alii
436 2602 504 2625 tum
525 2595 605 2635 apud
624 2594 847 2636 Imperatorem
863 2595 915 2627 ad-

55 2636 203 2669 sessorum
232 2646 333 2678 partes
360 2635 453 2677 egiffe
477 2644 692 2667 memorentur
710 2658 722 2674 ,
753 2644 819 2668 tum
838 2637 920 2678 apud

57 2677 243 2709 Praefestum
262 2679 429 2719 praetoriO,
453 2684 489 2708 ut
507 2676 552 2709 est
570 2678 601 2709 in
625 2678 644 2709 l.
664 2676 770 2718 nostra.
803 2678 837 2710 In
857 2680 919 2710 hoc

57 2718 156 2760 igitur
172 2716 259 2749 sacro
278 2718 523 2760 amplissimoque
541 2719 720 2758 auditorio,
746 2720 777 2752 in
800 2719 863 2751 hoc
883 2719 919 2751 il-

57 2757 201 2792 lustrium
222 2759 372 2798 JCtorum
399 2759 540 2792 consess'u
569 2762 700 2792 recitata
726 2760 790 2792 fuit
824 2761 918 2804 Legis

57 2800 279 2843 quadragefimoe
291 2802 418 2839 cautio,
438 2800 629 2842 disputatum
655 2803 694 2834 de
713 2802 779 2842 ejus
797 2802 916 2834 senten-

56 2843 119 2880 tia,
145 2842 174 2873 δε
193 2843 353 2873 decretum
364 2864 376 2880 ,
395 2851 492 2883 prout
515 2844 545 2874 in
564 2841 645 2885 seqq.
664 2845 795 2885 parebit.

97 2883 157 2915 Sed
174 2892 233 2923 qua
244 2882 404 2914 occasione
420 2883 457 2914 ad
472 2883 657 2916 Praefeftum
675 2886 830 2927 praetorio
840 2896 915 2919 con-

52 2923 207 2965 ‚troverfia
230 2923 299 2955 haec
319 2923 469 2956 devoluta
493 2924 548 2966 fit,
577 2935 636 2957 nec
651 2928 812 2968 quaefitum
830 2928 915 2967 vidi,

57 2974 116 2997 nec
134 2972 224 2995 certo
249 2963 382 2996 constat.
425 2963 554 3005 Duplex
580 2975 702 3000 tautum
719 2969 757 3001 ad
774 2979 846 3001 eum
863 2979 915 3011 pa-

59 3005 147 3037 tebat
165 3005 285 3045 aditus,
310 3006 361 3037 vel
379 3015 434 3047 pei·
449 3007 708 3049 appellationem,
726 3011 777 3042 vel
793 3020 848 3052 per
864 3011 915 3042 de-

56 3045 248 3087 legationem
263 3056 279 3078 a
295 3046 440 3088 Principe
460 3047 583 3081 faciam.
627 3050 670 3081 Et
688 3052 765 3084 licet
782 3052 916 3093 plerum-

59 3096 121 3127 que
147 3087 272 3127 quidem
295 3088 487 3129 appellatione
509 3089 620 3131 legibus
636 3091 726 3130 fasta
748 3093 915 3134 adsacrum

57 3129 233 3159 auditorium
249 3131 405 3169 veniatur,
430 3129 450 3161 l.
466 3140 496 3170 4.
524 3132 555 3163 C.
573 3133 605 3163 (ἱε
624 3132 740 3172 Jurisd.
753 3134 913 3176 omn.Jud.

59 3176 197 3202 attamen
217 3169 249 3203 in
264 3169 366 3212 specie
381 3170 527 3221 praesenti
546 3181 601 3214 per
619 3174 849 3217 delegationem
857 3185 914 3218 po·

960 477 1022 509 tius
1042 476 1079 509 ad
1096 476 1283 511 Praefectum
1299 488 1390 520 praet.
1411 479 1505 512 fuisse
1531 479 1719 518 decursum,
1742 480 1828 511 vider·

960 527 1011 550 tui·
1028 518 1208 559 probabile:
1233 520 1319 552 nulla
1335 522 1419 553 enim
1438 520 1562 563 prorsus
1610 521 1832 554 rovocationia

958 561 1099 598 mentio,
1122 570 1194 592 cum
1211 569 1314 593 tamen
1334 562 1447 595 Paulus
1464 572 1531 594 eam
1559 573 1575 594 a
1619 570 1751 602 raetore,
1776 563 1830 595 vel

961 600 1116 634 Pia-fecto
1134 601 1204 634 urbi
1224 603 1260 635 ad
1282 603 1343 635 hoc
1360 605 1551 636 auditorium
1571 603 1685 636 faCtam
1700 613 1765 636 non
1783 605 1831 635 so-

960 643 1023 674 leat
1043 644 1213 683 praeterire.
1260 644 1384 677 Retulit
1401 654 1489 677 certe
1505 646 1536 677 in
1562 646 1645 688 i.38.
1667 645 1707 686 ff.
1718 647 1752 677 de
1763 645 1830 676 Mi<

959 694 1021 716 nor.
1046 684 1065 714 i.
1090 689 1140 719 81.
1160 685 1202 726 ff.
1221 688 1259 718 ad
1287 687 1397 718 Sciam
1430 687 1553 720 Trebell.
1577 688 1607 720 ὅ(
1624 687 1709 719 omni
1727 686 1830 719 ferme

960 725 1174 759 Deci-ecorum
1200 737 1295 768 opere
1315 738 1325 766 ς
1355 729 1450 760 etiam
1469 729 1501 761 in
1536 730 1557 761 i.
1582 732 1627 760 16.
1648 728 1688 770 ff.
1703 730 1753 770 qm·
1765 734 1826 769 pot.

959 769 991 798 iii
1004 769 1093 809 pign.
1117 777 1185 809 quae
1207 768 1251 801 est
1268 779 1309 800 ex
1326 770 1438 801 eodem
1458 769 1557 802 Libro
1574 769 1695 813 Quaest.
1719 770 1831 809 tei·ti0‚

959 809 988 840 ἀ
1012 809 1097 840 alibi.
1142 809 1295 842 Dicamus
1322 820 1398 854 ergo
1423 811 1457 843 ΡΔ
1485 812 1643 844 Maevium
1670 812 1699 844 ὅ(
1717 810 1753 843 L.
1771 811 1829 843 Ti-

959 851 1038 881 tium
1050 874 1059 890 ,
1073 851 1136 882 five
1148 851 1336 884 alterutrum
1358 860 1478 885 tantum
1491 877 1500 892 ‚
1526 853 1609 884 reue
1627 853 1734 885 adiisse
1744 853 1831 885 Prin-

958 891 1061 932 cipem
1073 914 1083 929 ,
1105 892 1158 933 qui
1176 891 1298 925 causam
1314 892 1352 925 ad
1368 893 1557 927 Praefectum
1584 893 1672 927 suum
1691 894 1831 935 iudican-

959 933 1029 964 dam
1048 933 1216 975 ablegavit.

1002 974 1123 1006 Eodem
1141 976 1237 1008 modo
1255 977 1430 1018 Imperator
1449 977 1621 1017 Adrianus,
1638 979 1675 1011 ad
1683 977 1830 1020 quaestio-

958 1026 1030 1048 nem
1048 1016 1086 1048 de
1104 1016 1202 1049 usuris
1218 1018 1273 1050 fibi
1295 1019 1506 1060 propositam,
1538 1019 1716 1061 respondit:
1740 1025 1751 1050 ὁ
1776 1022 1832 1057 ἔξω.

959 1059 1091 1096 nahar&
1108 1059 1167 1098 dui?
1180 1083 1189 1095 ,
1210 1061 1331 1095 ἐπῃρχός
1346 1072 1402 1097 με,
1428 1061 1483 1092 a&
1507 1062 1575 1090 τέτκ
1592 1063 1766 1100 πρθέγμκτῶν
1786 1064 1829 1091 ἕκ-

948 1104 1058 1139 m'um,
1084 1099 1350 1142 Excellentiffimus
1367 1102 1430 1134 Vir
1445 1125 1454 1141 ,
1486 1101 1647 1142 Praefefiius
1663 1113 1740 1134 meus
1751 1126 1762 1142 ‚
1776 1103 1829 1145 sa-

954 1147 1009 1183 per
1025 1142 1078 1172 hac
1093 1152 1123 1173 re
1140 1143 1269 1184 inquiret
1280 1165 1289 1182 ,
1321 1143 1585 1185 quemadmodum
1607 1143 1780 1177 Doiitlieus
1798 1146 1830 1178 iri

961 1183 1123 1215 Sententiis
1147 1183 1189 1215 D.
1217 1184 1349 1216 Adriani
1370 1192 1537 1216 memorat.
1581 1185 1634 1217 Sic
1656 1186 1685 1218 δε
1704 1187 1831 1218 mulier-

959 1225 1031 1256 cula
1051 1225 1192 1266 quaedam
1208 1226 1359 1258 Berenice
1370 1250 1380 1266 ,
1404 1227 1509 1268 primo
1525 1226 1630 1266 aditu,
1662 1227 1763 1269 ipsum
1775 1227 1834 1260 Im-

960 1274 1137 1308 peratorem
1166 1267 1424 1300 Valentinianum
1451 1277 1569 1299 vexare
1593 1268 1681 1309 ausa,
1707 1269 1737 1301 ἃ
1757 1278 1832 1311 que-

961 1308 1054 1347 relis,
1078 1309 1117 1340 de
1133 1308 1215 1340 faeta
1231 1309 1285 1342 fibi
1305 1309 1438 1349 injuria,
1462 1309 1495 1341 in
1516 1309 1614 1341 finum
1633 1311 1700 1351 ejus
1715 1310 1833 1351 effusis,

960 1349 998 1381 ad
1023 1349 1203 1382 Sallustium
1219 1374 1228 1388 ,
1261 1350 1448 1383 Praefectum
1474 1352 1629 1392 praetorio
1646 1376 1657 1391 ,
1691 1352 1834 1394 delegata.

957 1390 1043 1429 fuit,
1073 1391 1181 1424 Suidas
1208 1392 1241 1425 iti
1268 1402 1341 1424 voc.
1369 1393 1550 1432 zamae»,
1588 1393 1667 1426 Tom.
1686 1393 1725 1426 ΙΙ.
1771 1394 1835 1427 Sed

959 1432 1035 1472 quid
1051 1432 1131 1465 foris
1158 1433 1303 1475 exempla
1350 1434 1491 1466 etiinus?
1512 1433 1612 1466 Domi
1632 1436 1834 1468 luculentum

959 1474 1032 1506 satis
1055 1474 1185 1516 hujusce
1201 1476 1298 1507 moris
1330 1476 1474 1517 pecimen
1491 1475 1640 1508 habemus
1655 1477 1687 1509 in
1709 1477 1728 1509 l.
1747 1487 1772 1509 1.
1799 1478 1834 1511 C.

959 1516 992 1547 de
1004 1522 1084 1557 pree.
1109 1516 1215 1557 Imper.
1244 1516 1325 1558 offer.
1362 1517 1416 1548 ubi
1432 1516 1533 1558 Iinpp.
1550 1516 1694 1550 Dioclet.
1716 1519 1747 1551 &
1762 1519 1834 1552 Ma-

960 1558 1039 1590 xim.
1058 1557 1136 1589 aditi
1156 1568 1174 1590 a
1187 1557 1326 1598 femina,
1350 1559 1446 1590 etiam
1462 1557 1587 1599 servili,
1613 1560 1834 1602 cognitionem

961 1600 992 1631 ἃ
1008 1599 1179 1631 νίῃάὶξὶειῐῃ
1193 1600 1380 1632 demandant
1409 1599 1564 1633 Praefetio
1580 1609 1670 1642 praet.
1690 1611 1785 1643 quern
1801 1612 1833 1634 a·

959 1640 1021 1672 diri
1036 1641 1158 1681 jubent.
1203 1641 1252 1674 Ita
1269 1650 1396 1683 quoque
1417 1641 1503 1682 Sept.
1523 1642 1676 1675 Severum
1692 1643 1746 1675 vel
1754 1642 1834 1676 Ant.

942 1713 945 1716 ,
961 1681 1154 1729 Caracallain
1178 1682 1363 1729 (incertum
1376 1683 1460 1714 enim
1478 1683 1584 1723 illud)
1607 1687 1834 1724 ›ammunprae-

960 1722 1028 1755 sens
1044 1723 1207 1765 Papiniani
1223 1724 1412 1765 judicationi
1429 1723 1611 1757 conceffiffe
1622 1748 1632 1766 ,
1657 1726 1834 1768 graviffima

959 1765 1076 1797 militat
1096 1764 1289 1806 praesumtio.

1003 1806 1127 1839 AEmiiz'z·
1152 1807 1336 1848 Papiniani,
1369 1808 1510 1849 Praefefti
1531 1811 1666 1849 praetorio
1685 1831 1695 1850 ,
1727 1833 1733 1838 -
1759 1810 1835 1844 cti:

959 1848 1108 1880 AEmilius
1132 1848 1338 1890 Papinianus,
1371 1849 1463 1890 hujus
1481 1851 1630 1883 auditorii
1653 1861 1719 1893 prae
1735 1861 1767 1884 es
1784 1875 1796 1892 ,
1815 1862 1835 1884 a

960 1890 1115 1931 dignitate
1133 1891 1163 1922 ὅς
1182 1890 1342 1931 sapientiae
1369 1890 1561 1933 professione
1584 1892 1773 1925 describitur
1784 1891 1835 1933 :fa

961 1931 1115 1972 dignitate
1132 1931 1271 1972 Proefefti
1290 1934 1423 1973 praetorio
1433 1955 1445 1972 ,
1473 1942 1490 1964 a
1504 1932 1696 1974 professione
1713 1933 1833 1977 sapien*-

963 1973 1016 2004 tiae
1037 1972 1115 2014 Jcti
1134 1983 1252 2005 nornen
1267 1973 1371 2006 habet.
1644 2013 1646 2015 ¹
1790 1996 1795 1999 -

1005 2013 1056 2046 De
1080 2014 1238 2047 Praetorio
1256 2039 1266 2055 ‚
1299 2016 1390 2057 eique
1414 2015 1588 2057 Praefecto,
1613 2017 1702 2050 silere
1719 2018 1834 2051 melius

960 2056 1025 2094 est,
1047 2065 1138 2096 quam
1154 2066 1263 2098 parum
1279 2057 1402 2098 dicere,
1434 2067 1507 2089 cum
1525 2058 1577 2090 alii
1597 2069 1632 2090 ea
1648 2059 1687 2091 de
1707 2069 1741 2092 re
1757 2059 1831 2092 affa-

961 2099 1030 2130 tim.
1075 2098 1153 2129 Sane
1175 2107 1216 2130 ex
1243 2098 1318 2131 Titi.
1331 2098 1372 2140 ff.
1405 2099 1441 2135 ἐξ
1463 2100 1496 2131 C.
1516 2101 1550 2131 de
1567 2100 1660 2141 Praef.
1673 2107 1760 2142 praet.
1777 2112 1830 2133 va-

959 2141 1075 2180 riisque
1094 2140 1291 2180 antiquitatis
1309 2139 1532 2182 scriptoribus,
1566 2140 1662 2174 facile
1678 2142 1723 2175 est
1740 2143 1832 2175 colli-

959 2190 1052 2223 gere,
1086 2181 1232 2214 Praefeeti
1259 2182 1412 2222 praetorio
1443 2182 1631 2223 dignitatem
1650 2184 1680 2216 δε
1697 2184 1832 2217 auctori-

961 2232 1056 2254 tatem
1072 2221 1166 2254 fuisse
1192 2230 1330 2263 tantam,
1364 2231 1400 2255 ut
1425 2224 1509 2256 reete
1536 2224 1601 2257 AEl.
1647 2226 1831 2267 Spartianus

959 2265 991 2296 in
1010 2263 1124 2296 Ancon.
1143 2265 1285 2297 Diadum.
1314 2266 1346 2298 C.
1358 2265 1429 2297 VII.
1454 2275 1526 2297 eum
1536 2265 1657 2307 Imperii
1665 2267 1830 2307 secundum

958 2305 1176 2347 appellaverit.
1220 2307 1382 2339 Secundus
1392 2307 1424 2339 in
1441 2307 1538 2339 caufis
1555 2317 1620 2340 non
1637 2315 1757 2340 tantum
1771 2308 1830 2340 mi-

958 2347 1121 2387 litaribus,
1148 2347 1200 2380 sed
1217 2348 1247 2380 &
1265 2348 1424 2380 civilibus.
1480 2347 1595 2389 Neque
1611 2349 1806 2381 enim-video
1819 2372 1832 2388 ,

958 2398 1018 2430 qua
1034 2389 1157 2421 ratione
1178 2387 1401 2422 Illustriiiimus
1419 2389 1558 2431 Scaliger
1582 2390 1651 2422 Lib.
1665 2390 1703 2422 II.
1730 2389 1829 2432 Epist.

961 2435 1030 2472 183.
1055 2439 1150 2471 neget
1166 2430 1354 2462 Praefectum
1374 2431 1524 2471 praetorio
1543 2431 1713 2471 judicasse,
1737 2432 1833 2472 idque

958 2472 1021 2512 ajat
1041 2496 1050 2511 ,
1079 2482 1116 2503 ex
1138 2470 1356 2514 celebraziſjinia
1379 2473 1400 2504 l.
1432 2471 1526 2504 Lebia
1555 2473 1623 2504 elici
1647 2483 1705 2504 non
1724 2474 1799 2515 poffe
1815 2497 1829 2513 ,

959 2513 1211 2553 quandoquidem
1237 2523 1278 2544 ex
1304 2522 1339 2544 ea
1355 2512 1498 2552 constet,
1528 2512 1715 2547 sententiam
1731 2516 1761 2546 in
1778 2525 1832 2546 au-

958 2555 1078 2586 ditorio
1096 2554 1256 2596 Papiniani
1278 2553 1371 2586 fuisse
1396 2555 1513 2593 latam,
1537 2555 1568 2588 &
1585 2556 1728 2595 aliunde,
1754 2565 1829 2589 eum

963 2596 1203 2637 pronunciasse,
1225 2596 1370 2628 videatur
1386 2605 1509 2628 certum
1533 2597 1553 2628 l.
1574 2606 1625 2638 97.
1644 2597 1685 2639 ff.
1710 2599 1743 2629 de
1760 2607 1826 2639 aeq.

962 2637 1010 2668 vel
1028 2639 1120 2670 oiiziti.
1137 2638 1239 2669 haered.
1287 2637 1375 2682 Quid
1391 2645 1496 2670 autem
1513 2638 1653 2680 Scaliger
1670 2639 1702 2671 in
1719 2649 1752 2670 re
1762 2647 1827 2671 tam

962 2678 1125 2711 manifesta
1141 2679 1302 2719 voluerit,
1326 2683 1409 2708 κεῖται
1428 2681 1454 2708 ὠν
1479 2682 1661 2715 cinomiam:
1685 2681 1826 2712 innume-

960 2730 994 2752 ra
1010 2722 1094 2752 enim
1110 2720 1192 2761 Juris
1208 2721 1280 2753 loca
1291 2743 1304 2760 ,
1325 2720 1497 2753 Praefet‘tos
1523 2722 1678 2762 praetorio
1694 2721 1829 2762 judicas-

959 2761 1014 2800 se,
1047 2763 1222 2800 evincunt,
1254 2762 1284 2794 δι
1312 2763 1403 2794 velut
1442 2762 1614 2803 raecipuum
1632 2770 1765 2801 notant,
1789 2762 1831 2794 ab

958 2813 1069 2836 eorum
1089 2803 1252 2836 sententiis
1275 2801 1387 2845 (salva
1425 2802 1664 2844 applicatione)
1694 2803 1829 2844 appella-

961 2845 1080 2877 tionem
1104 2845 1198 2877 fuiffe
1223 2845 1441 2882 interdistam,
1465 2845 1485 2875 l.
1504 2855 1553 2875 zm.
1577 2844 1606 2886 §.
1630 2854 1654 2875 1.
1674 2844 1714 2885 ff.
1730 2846 1764 2876 de
1781 2845 1827 2884 of-

953 2885 1005 2926 fic.
1018 2887 1104 2928 praef.
1119 2892 1204 2927 praet.
1230 2886 1249 2917 l.
1266 2896 1317 2917 zm.
1346 2886 1377 2917 C.
1402 2886 1436 2916 de
1451 2885 1530 2925 sent.
1552 2885 1638 2926 praef.
1650 2891 1733 2926 praet.
1780 2886 1826 2918 Et.

958 2929 991 2960 in
1014 2929 1032 2960 b.
1053 2939 1083 2970 3.
1106 2927 1133 2970 §.
1155 2938 1186 2969 3.
1206 2927 1248 2967 ff.
1261 2929 1294 2958 de
1311 2927 1387 2968 iffur.
1427 2926 1575 2958 AEmilius
1596 2927 1702 2958 noller
1719 2926 1827 2959 suadet

958 2969 1077 3008 aliquid
1087 2969 1248 3001 Praefectis
1261 2968 1432 3009 praetorio,
1444 2967 1518 3008 quid
1525 2967 1579 2999 nisi
1588 2967 1825 3008 judicantibus?

958 3010 1135 3051 Praefeciar,
1150 3011 1296 3050 inquam,
1308 3009 1352 3040 ita
1370 3017 1503 3049 namque
1518 3009 1548 3040 in
1566 3007 1632 3050 d.§.
1653 3017 1728 3051 3.ut
1747 3010 1824 3050 legi-

959 3060 1031 3091 tur,
1044 3051 1229 3092 legendum;
1248 3051 1286 3081 iis
1300 3050 1377 3090 quip
1401 3059 1418 3080 e
1435 3049 1746 3091 temporibusplures
1755 3050 1823 3082 fue-

956 3100 1032 3124 runt
1051 3093 1104 3124 uni
1124 3091 1283 3123 Praetorio
1298 3059 1442 3122 Praefssffl
1452 3111 1464 3128 ,
1486 3091 1517 3122 in
1533 3090 1597 3132 ipsa
1616 3091 1692 3123 urbe
1710 3092 1827 3124 Roma-

957 3144 1016 3173 na,
1037 3133 1238 3165 Herodianus
1262 3132 1302 3163 L.
1320 3131 1345 3164 I.
1371 3132 1403 3164 C.
1420 3141 1470 3169 29.
1495 3131 1531 3167 ὅ)
1555 3131 1612 3164 111.
1649 3142 1679 3174 3.
1701 3133 1827 3165 Plinius

956 3175 1001 3212 X.
1027 3172 1123 3219 Epist.
1147 3177 1209 3249 651.3
1226 3173 1364 3208 Tacitus
1388 3172 1504 3207 Annai.
1537 3173 1577 3207 L.
1597 3142 1689 3209 XffiV.
1705 3175 1748 3207 -C.
1771 3183 1840 3246 55¹3

1232 3225 1251 3250 2
1802 3231 1822 3249 a
