2008 3436
177 129 246 162 3350
411 114 811 152 CORNELII
884 123 994 149 VAN

176 203 237 234 effe
256 203 418 241 inventas,
442 213 534 244 quam
552 212 590 235 ne
608 202 638 233 id
650 225 661 241 ,
684 201 766 242 quod
783 200 912 232 interest
924 223 933 239 ,
945 200 975 230 in
993 199 1035 230 in-

174 253 264 275 certo
286 244 323 275 sit
336 269 345 282 ,
363 246 391 276 dc
407 245 577 276 dummodo
596 243 753 275 servemus
772 242 918 280 modum,
944 249 1035 281 quem

174 285 285 316 desinit
302 287 329 316 d.
352 286 371 316 l.
392 295 443 317 un.
462 286 493 317 C.
512 287 544 316 de
564 286 695 315 Staieni.
712 293 771 324 quw
782 288 834 323 pro
853 293 882 313 eo
901 283 973 323 quod
988 282 1034 311 in·

175 325 260 367 lereJi
281 327 390 367 profer.
425 327 530 358 nullus
556 327 594 356 ab
620 324 772 364 ejusmodi
799 324 896 363 paffis
922 331 1033 353 metus.

173 367 268 399 Certe
283 367 515 409 stipulationem
538 367 712 407 poenalem,
737 365 836 404 qualis
854 364 905 395 hic
928 372 1037 394 occur-

174 409 235 447 rit,
261 408 404 440 defendit
423 408 452 448 §.
470 408 524 439 ult.
552 405 648 447 [ιγ-[ἐπ.
674 408 706 437 cle
729 406 769 437 V.
796 406 837 436 Ο.
862 404 1037 435 &modica

176 449 295 482 summa
310 460 403 490 5000.
429 449 637 486 florenorum,
652 447 705 478 hic
721 456 822 487 poenae
841 445 968 477 nomine
984 444 1035 474 ad-

175 491 378 530 jeffli2etiam
396 490 496 521 altero
516 497 605 519 tanto
622 487 796 520 minoresse
812 484 1037 529 potest2quam

174 541 287 563 revera
303 531 385 562 Titii
409 529 556 567 interest,
579 537 678 561 artem
690 529 770 560 hanc
788 527 959 560 revelatam
973 535 1037 557 non

174 573 258 611 effe,
281 573 363 604 unde
385 573 415 603 ὃς
433 573 563 603 Senatus
581 580 632 611 27.
646 570 715 610 Jun.
740 579 829 610 1724.
854 568 927 599 huic
947 567 1038 608 pacto

174 614 396 645 aue'toritatem
419 612 502 644 suam
528 611 781 644 accommodavit
799 610 866 651 (4).
915 609 968 641 Sin
990 617 1041 639 au-

177 664 242 686 tem
262 664 371 695 poena,
398 654 428 684 in
450 652 630 693 stipulatum
647 652 796 690 deducta,
821 652 914 693 longe
933 650 1042 681 &late

178 696 313 727 excedat
336 695 384 731 id,
408 695 491 735 quod
517 693 708 734 stipulatoris
735 691 882 730 interest,
912 691 1044 723 omnino

179 736 337 768 servamus
357 737 384 766 d.
402 736 422 767 l.
435 745 484 766 un.
511 734 618 776 Quum
635 735 667 766 in
683 733 890 765 instrumento
906 732 1040 764 locatio-

179 779 226 810 nis
254 777 474 808 conduffionis
505 775 721 813 convenisset,
747 784 788 806 ne
814 775 947 806 colonus
971 772 1040 804 fun-

178 821 272 857 dum,
296 819 546 859 ejusveipartem
567 818 658 848 alteri
686 817 790 848 locare
804 816 924 853 vellet,
947 815 997 853 ἅ,
1022 813 1045 846 fi

180 859 310 892 Ioeass'et
320 882 330 897 ,
340 859 544 900 quadruplum
563 858 716 890 mercedis
729 856 866 890 solveret
884 855 1020 888 locatori
1032 878 1043 894 ,

181 911 217 933 ea
242 900 401 941 stipulatio
420 900 486 932 visa
510 899 554 931 est
579 899 708 932 Senatui
734 899 869 930 immane
895 904 1046 938 quantum

180 943 352 980 excedere,
383 942 470 982 quod
488 950 595 972 revera
618 940 769 973 locatoris
791 940 963 976 intererat,
992 937 1046 969 vel

181 983 327 1016 interesse
355 990 499 1023 poterat,
534 982 670 1023 ideoque
702 990 750 1020 15.
775 980 844 1021 Jun.
881 988 972 1020 1731.
995 978 1043 1010 su-

180 1035 236 1067 per
264 1024 415 1064 ejusmodi
439 1024 530 1066 pacto
557 1031 670 1065 negata
700 1021 746 1053 est
770 1022 947 1054 voluntaria
970 1029 1045 1052 con-

180 1066 342 1099 demnatio
358 1065 426 1106 (5).

226 1107 302 1140 Duo
323 1107 410 1138 Socii
430 1107 540 1138 ineunt
563 1105 746 1138 societatem
767 1103 955 1136 conficiendi
972 1103 1044 1135 Sae-

183 1149 268 1181 chari
291 1149 322 1179 in
343 1157 441 1180 annos
466 1147 540 1180 XII.
568 1156 629 1179 tam
653 1156 711 1187 pro
732 1145 782 1184 se,
808 1155 900 1185 quam
928 1144 1044 1176 heredi-

183 1193 240 1223 bus
253 1189 312 1223 suis
324 1211 335 1227 ,
359 1199 483 1230 poenam
502 1188 641 1230 stipulati
657 1187 704 1219 bis
727 1187 813 1229 mille
832 1185 1021 1217 florenorum
1035 1208 1045 1223 ‚

182 1230 372 1274 pauperibus
390 1229 539 1261 cessuram
553 1253 561 1268 ,
586 1229 608 1260 fi
626 1229 694 1269 quis
709 1227 789 1258 intra
807 1226 839 1257 id
863 1234 985 1266 tempus
1002 1225 1048 1257 so-

184 1273 301 1305 cietate
318 1273 426 1303 abiret.
471 1270 639 1310 Implorata
660 1266 706 1299 est
729 1267 908 1298 voluntaria
935 1267 1048 1297 conde-

185 1313 305 1347 mnatio
320 1312 409 1353 super
426 1320 465 1342 eo
481 1311 592 1351 pasto,
617 1309 813 1351 quaerebatur
828 1318 866 1339 an
882 1308 1050 1339 decernen-

184 1356 222 1387 da
242 1353 343 1385 effer?
366 1352 398 1385 Si
416 1353 447 1383 id
473 1351 598 1393 pactum
614 1351 683 1391 jure
702 1348 897 1387 subsisteret,
920 1349 1050 1389 poenalis

184 1395 345 1437 stipulatio
365 1394 502 1433 nemini,
528 1392 697 1434 quominus
724 1391 967 1429 decerneretur,
993 1390 1050 1421 im-

185 1437 370 1479 pedimento
389 1434 454 1466 fuit
471 1443 598 1476 propter
615 1443 668 1471 ea,
693 1442 762 1474 quae
784 1432 880 1464 modo
896 1431 1050 1463 dicebam.

185 1477 246 1511 Sed
264 1485 299 1508 ut
326 1476 414 1509 heres
429 1475 575 1508 succedat
597 1474 764 1512 societati,
791 1473 907 1515 pacisci
926 1481 989 1504 non
1014 1472 1050 1504 li-

185 1528 238 1551 cet
259 1519 280 1550 l.
299 1528 350 1559 59.
371 1524 419 1559 pr.
432 1517 472 1558 ff.
490 1523 545 1558 pro
567 1517 630 1548 Soc.
654 1525 726 1548 nam
738 1515 781 1547 fic
797 1515 888 1546 alteri
908 1512 1050 1546 morosus

186 1562 217 1593 «St
237 1561 360 1601 ineptus
379 1559 481 1592 socius
501 1558 630 1590 obtrudi
646 1557 743 1590 facile
759 1555 878 1598 poss'et,
904 1556 934 1588 &
952 1565 991 1587 eo
1005 1555 1050 1595 iu-

186 1612 239 1641 re,
263 1610 327 1633 non
349 1601 520 1642 abrogato,
542 1600 642 1631 adhuc
661 1598 811 1630 utendum
833 1597 894 1629 esse
909 1597 1053 1638 plerique

187 1644 353 1676 Senatores
376 1641 624 1681 respondebant,
645 1641 722 1672 licet
739 1649 839 1677 unus,
860 1648 979 1679 magnae
999 1647 1051 1669 au-

189 1684 364 1723 &oritatis,
382 1683 556 1715 diss‘entiret
568 1705 579 1721 ,
600 1682 671 1723 quia
688 1681 776 1720 haec,
798 1681 837 1712 de
852 1690 913 1722 qua
929 1680 1050 1722 agitur,

189 1725 323 1758 societas
356 1732 463 1765 ropter
474 1723 628 1766 impensas
638 1746 649 1762 ,
670 1723 707 1754 ab
722 1723 817 1754 initio
827 1720 987 1754 faciendas
996 1730 1051 1762 po-

190 1774 272 1799 terat
290 1767 328 1797 de
345 1766 427 1798 endi.
473 1767 534 1799 Sed
548 1772 637 1798 erant
657 1765 840 1803 Senatores,
865 1764 920 1805 qui
936 1763 1052 1800 etiam,

189 1808 274 1848 quod
290 1807 326 1839 ad
346 1806 429 1849 ipsos
447 1806 571 1846 socios,
593 1806 765 1848 putabant,
788 1814 828 1838 ne
845 1805 970 1846 quidem
987 1804 1053 1844 jure

189 1848 348 1882 subsistere
367 1849 509 1889 pattum,
531 1858 571 1881 ne
587 1849 668 1880 intra
685 1848 806 1879 eertum
818 1854 941 1887 tempus
954 1844 1052 1877 socie-

192 1899 258 1923 tate
280 1891 406 1923 abeatui·
423 1891 443 1922 l.
473 1900 522 1932 14.
540 1890 580 1931 ff.
606 1889 680 1920 Eod.
704 1889 799 1930 longe
820 1897 925 1919 tamen
949 1887 1054 1928 plures

191 1932 430 1971 existimabant,
456 1933 552 1964 etiam
571 1932 603 1963 in
629 1938 773 1972 tempus,
805 1929 835 1962 &
858 1931 961 1971 quoad
977 1927 1056 1960 socii

194 1975 325 2013 vivunt,
349 1974 432 2005 recte
452 1973 637 2006 societatem
662 1972 735 2004 iniri
753 1972 774 2004 l.
802 1980 829 2003 1.
849 1977 898 2012 pr.
913 1970 953 2012 ff.
979 1969 1054 2001 Eod.

193 2024 305 2046 verum
325 2015 353 2045 ei
371 2015 546 2046 renunciari
567 2013 673 2056 posse,
700 2012 722 2045 fi
741 2011 832 2045 causa
853 2013 972 2044 incidat
990 2011 1056 2042 ido-

192 2066 270 2092 nea,
295 2063 331 2086 ut
350 2054 371 2086 si
390 2055 556 2095 injuriosus
574 2056 604 2087 <Sc
618 2053 784 2086 damnosus
801 2053 915 2084 evadat
934 2051 1057 2088 socius,

193 2099 225 2130 dt
239 2097 281 2129 fic
298 2096 517 2137 intelligebant
530 2097 558 2128 d.
583 2097 605 2128 l.
631 2105 679 2136 14.
717 2095 824 2142 Quare
840 2104 869 2126 2.
882 2094 942 2134 Jul.
966 2097 1057 2133 1728.

194 2138 334 2180 placuit,
363 2137 607 2175 decerneretur,
638 2136 690 2168 sed
719 2146 760 2167 ne
787 2136 1000 2176 porrigeretur
1021 2133 1058 2164 ad

194 2178 364 2215 clausulam
381 2179 420 2209 de
438 2178 552 2209 herede
571 2176 806 2218 insertam-(6).

238 2219 353 2252 Rursus
369 2219 570 2260 Sempronius
586 2220 616 2251 &
631 2218 721 2251 Titia
737 2218 920 2250 societatem
935 2224 1059 2249 contra-

197 2263 297 2298 hunt,
320 2261 498 2292 duraturam
511 2283 522 2299 ‚
546 2260 620 2292 dum
636 2260 762 2291 viveret
780 2259 881 2291 Titia.
927 2259 976 2290 Ad
993 2258 1060 2289 haec

195 2303 365 2345 paciscitur
381 2302 605 2342 Sempronius,
628 2310 684 2338 ut,
709 2301 729 2333 fi
747 2299 811 2342 ipse
827 2300 913 2341 prius
925 2299 994 2330 fato
1005 2298 1060 2330 suo

196 2344 383 2386 fungeretur
395 2366 404 2382 ,
440 2342 567 2375 heredes
583 2343 646 2382 eius
664 2342 695 2373 in
713 2341 895 2374 societatem
917 2340 1060 2372 succede-

199 2395 290 2424 rent,
324 2385 354 2416 ἅ
376 2383 575 2426 paciscuntur
602 2383 716 2423 ambo,
741 2391 776 2414 ut
795 2405 805 2419 ,
835 2382 957 2421 fi,alter
987 2381 1063 2412 viva

199 2427 291 2459 Titia
313 2425 457 2458 societati
479 2425 696 2463 renunciaret,
719 2424 872 2456 incideret
889 2423 921 2454 in
939 2431 1063 2464 poenam

198 2472 292 2500 6000.
316 2467 526 2504 florenorum,
560 2467 589 2498 ἂ
613 2475 765 2507 praeterea
791 2465 883 2497 alteri
904 2464 1064 2501 solveret,

199 2509 284 2549 quod
307 2509 373 2548 ejus
396 2508 557 2540 intererat.
600 2507 761 2539 Petierunt
785 2506 864 2538 socii
878 2530 888 2545 ,
921 2514 956 2537 ut
978 2505 1062 2537 hunc

201 2551 396 2581 contractum
415 2549 594 2580 voluntaria
619 2548 884 2580 condemnatione
910 2546 1061 2578 corrobo-

202 2599 271 2622 rare
288 2590 387 2621 vellet
404 2589 534 2621 Senatus
546 2611 556 2625 ‚
579 2588 631 2620 sed
645 2589 756 2629 repulsi
775 2588 864 2627 sunt;
888 2597 951 2619 non
967 2587 1063 2618 modo

203 2631 287 2673 quod
304 2629 417 2672 pacisci
436 2639 500 2672 non
522 2630 636 2667 liceat,
662 2637 697 2660 ut
719 2629 809 2661 heres
828 2629 860 2660 in
879 2627 1064 2659 societatem

205 2673 372 2710 succedat,
396 2670 447 2703 sed
465 2665 494 2702 &
513 2670 596 2711 quod
613 2679 678 2701 non
694 2670 788 2701 liceat
808 2669 946 2709 stipulari
961 2670 1066 2709 &poe-

205 2724 276 2746 nam
296 2714 326 2745 &
343 2712 431 2745 fimui
452 2712 483 2743 id
498 2711 581 2752 quod
598 2710 744 2750 interest,
767 2709 851 2751 quod
870 2709 900 2740 in
918 2708 1068 2740 societate

204 2756 300 2787 ctiam
319 2754 498 2795 improbant
519 2753 541 2785 l.
563 2762 615 2793 41.
642 2752 678 2787 ἐξ
699 2752 720 2784 l.
743 2761 797 2792 42.
814 2750 854 2791 ff.
869 2756 922 2790 pro
940 2751 1002 2781 Soc.
1016 2759 1067 2782 ne-

206 2805 278 2837 gata
295 2796 392 2836 igitur
407 2793 452 2826 est
467 2794 689 2826 condemnatio
711 2803 760 2825 20.
785 2791 865 2823 Dec.
896 2800 984 2831 1729.
1009 2790 1067 2831 (7)

206 2837 467 2878 quemadmodum
489 2835 531 2866 ob
547 2834 678 2866 eandem
694 2834 845 2865 rationem
856 2832 996 2864 asenatu
1014 2842 1066 2863 ne-

208 2886 279 2919 gata
295 2877 340 2909 est
356 2888 387 2919 3.
405 2877 484 2917 Maj.
511 2885 600 2917 1732.
615 2875 673 2916 (8)
697 2875 749 2906 ubi
770 2874 866 2912 alter,
890 2873 911 2905 si
927 2873 1006 2904 alter
1019 2882 1067 2913 pa-

207 2921 260 2950 cto
282 2928 346 2950 non
375 2917 484 2957 staret,
517 2926 576 2958 pro
600 2917 786 2957 pauperibus
810 2913 975 2956 stipulatus
1004 2921 1070 2944 erat

209 2970 303 3002 3000.
328 2959 483 2999 florenos,
508 2957 638 2991 &simul
656 2957 704 2997 id,
729 2956 814 2999 quod
828 2954 1070 2994 suaintcrcffct,

306 3083 319 3119 )
340 3084 475 3122 Obfirvat.
499 3084 617 3113 Tumulc.
640 3083 672 3112 T.
693 3083 745 3112 IX.
766 3092 792 3111 n.
810 3090 894 3117 2044.

306 3122 317 3156 )
341 3122 477 3159 observat.
501 3122 619 3151 nimuh.
642 3122 674 3151 T.
694 3123 745 3151 xi.
766 3130 793 3150 n.
815 3125 900 3157 2640.

307 3161 319 3194 )
339 3159 447 3189 Ibidem
469 3160 501 3188 T.
523 3162 559 3189 X.
582 3171 609 3190 η.
631 3169 719 3194 227¹·

304 3197 317 3233 )
337 3198 445 3227 Ibidem
468 3198 500 3229 T.
520 3199 571 3228 xi.
591 3208 617 3227 n.
639 3206 723 3234 2557.

1071 92 1673 148 BYNKERSHOEK

1079 197 1174 230 fidem
1197 207 1262 229 non
1285 197 1347 229 esse
1371 197 1534 230 servatam.
1586 198 1639 230 Sin
1664 199 1743 239 aias,
1773 209 1861 241 eum,
1886 203 1938 243 qui

1081 239 1264 283 contrahit,
1286 239 1366 270 nihil
1390 239 1444 270 fibi
1470 237 1626 279 stipulari,
1656 249 1746 280 quam
1775 242 1826 280 id,
1857 243 1939 283 quod

1079 279 1227 325 interest,
1252 289 1376 320 poenam
1396 280 1582 321 pauperibus
1608 281 1737 320 cedere,
1769 282 1798 314 id
1819 284 1939 323 quidem

1081 329 1144 360 ais,
1169 321 1254 361 quod
1272 330 1321 352 res
1342 321 1407 360 est,
1433 321 1483 352 sed
1503 321 1680 354 memineris
1698 322 1844 363 injustum
1859 323 1938 364 effe,

1080 361 1118 392 ab
1135 371 1198 407 uno
1207 361 1381 403 eodemque
1399 370 1564 403 utrumque
1580 363 1715 404 exigere.

1123 401 1189 447 Qui
1215 403 1372 434 locaverat
1396 405 1495 435 varias
1518 403 1748 442 domunculas,
1779 404 1850 437 satis
1878 414 1939 438 am·

1080 443 1164 484 plain
1191 443 1365 474 mercedem
1391 444 1517 484 patius,
1551 443 1758 476 instrumento
1779 447 1883 485 addit,
1904 454 1939 480 ut

1079 483 1322 529 singulis-tribus
1339 484 1490 517 mentibus
1506 485 1560 517 sibi
1573 484 1743 517 solveretur
1759 495 1862 527 quarta
1873 497 1939 529 pars

1081 524 1251 571 mercedis,
1275 533 1372 565 utque
1389 526 1478 557 mille
1499 526 1608 557 floreni
1628 526 1939 570 repraesentarentur,

1083 575 1136 607 qui
1154 565 1208 597 sibl
1221 574 1320 606 poenae
1338 566 1412 597 loco
1422 567 1587 606 cederent,
1611 576 1704 608 quam
1719 569 1851 609 primum
1863 579 1938 603 cou-

1084 607 1195 638 duftor
1211 607 1264 644 vel
1282 604 1376 639 semel
1395 617 1569 640 moraretur
1586 608 1616 639 in
1636 608 1781 642 trimestri
1797 611 1939 643 mercede

1085 646 1285 680 exsolvenda.
1337 647 1508 689 Iinplorata
1534 648 1579 680 est
1607 649 1737 682 Senatus
1766 652 1942 684 voluntaria

1085 688 1309 720 condemnatio
1331 688 1421 730 super
1437 699 1476 720 eo
1493 690 1584 731 pafilo
1596 713 1606 727 ‚
1631 689 1681 723 sed
1697 691 1836 730 'zm-Dec.
1851 702 1940 734 1729.
1969 689 1972 691 ’

1085 730 1144 771 (9)
1166 737 1279 776 negata
1305 730 1390 770 quod
1412 730 1449 762 ad
1472 731 1640 763 clausulam
1662 734 1813 772 poenalem
1830 757 1840 773 ‚
1871 743 1942 776 quae

1086 770 1260 817 longissime
1277 771 1450 817 excedebat
1470 772 1501 803 id
1517 773 1601 812 quod
1621 773 1769 806 locatoris
1785 775 1942 807 intererat.

1086 813 1123 844 In
1145 812 1394 854 quantitatibus,
1424 812 1479 845 suo
1503 813 1555 845 die
1574 823 1636 846 non
1658 814 1785 854 solutis,
1809 815 1945 856 probibi-

1088 861 1155 885 tum
1175 863 1240 900 non
1259 852 1304 885 est
1322 863 1447 894 poenam
1464 854 1592 894 addere,
1616 854 1668 886 sed
1686 856 1717 887 in
1735 855 1946 896 usuris,utsu-

1087 905 1141 936 pra
1157 894 1226 926 dixi
1237 917 1248 933 ,
1271 903 1310 926 ne
1327 895 1487 935 legitimus
1500 896 1612 929 modus
1628 897 1808 929 excedatur.
1852 897 1947 930 Omni

1088 945 1149 979 ope
1160 936 1331 968 cavendum
1341 936 1406 975 est,
1430 947 1470 969 ne
1486 937 1628 970 homines
1643 945 1772 979 propter
1788 938 1946 971 minimam

1087 986 1209 1010 moram
1223 985 1432 1019 emungantur
1448 978 1478 1010 &
1493 978 1722 1019 pess'undentur.
1948 974 1950 978 ’

1132 1017 1241 1064 Quum
1259 1019 1292 1049 in
1313 1019 1473 1050 locatione
1500 1020 1711 1052 conductione
1734 1019 1949 1060 conveniss'et.

1087 1067 1124 1091 ut
1141 1067 1212 1099 ager
1227 1059 1400 1091 conductus
1415 1060 1574 1092 coleretur
1591 1061 1628 1092 ad
1644 1071 1714 1092 eum
1732 1062 1858 1094 modum
1869 1085 1880 1101 ,
1918 1062 1951 1095 ui

1088 1101 1289 1141 praescriptus
1313 1108 1400 1140 erat,
1424 1101 1467 1133 fin
1491 1109 1615 1141 autem,
1641 1103 1814 1135 condustor
1849 1114 1888 1135 rae
1920 1112 1950 1135 a·

1088 1149 1136 1187 ret
1151 1141 1276 1187 duplam
1292 1142 1489 1180 mercedem,
1511 1143 1540 1174 δε
1549 1142 1636 1181 fimul
1657 1144 1707 1182 id,
1730 1144 1814 1183 qnod
1845 1153 1951 1176 oeato-

1089 1192 1133 1213 ris
1149 1189 1315 1227 intererat,
1339 1191 1379 1212 eo
1396 1184 1492 1213 modo
1510 1186 1630 1216 cultum
1647 1194 1709 1216 non
1725 1185 1806 1223 ess'e,
1817 1185 1846 1217 &
1865 1185 1954 1227 super

1090 1231 1130 1254 eo
1156 1221 1363 1253 instrumento
1391 1222 1613 1263 imploraretur
1633 1225 1812 1257 voluntaria
1835 1226 1950 1258 conde-

1091 1263 1210 1309 mnatio
1238 1263 1389 1301 Senatus,
1410 1273 1440 1305 3.
1464 1263 1557 1295 Febr.
1586 1274 1673 1306 1734.
1696 1266 1816 1306 placuit
1838 1267 1951 1299 conde-

1091 1312 1286 1337 mnationem
1302 1303 1491 1343 decernere,
1523 1305 1574 1336 sed
1593 1305 1654 1337 hoc
1674 1307 1800 1346 addito,
1825 1316 1864 1338 ne
1880 1317 1952 1350 por-

1092 1347 1247 1388 rigeretur
1264 1344 1301 1376 ad
1320 1352 1487 1386 utramque
1511 1355 1655 1387 poenam,
1680 1346 1884 1385 insti-umento
1905 1349 1951 1382 in-

1094 1386 1204 1420 sertam
1215 1385 1306 1427 (10).
1351 1385 1457 1427 Dupla
1469 1396 1590 1418 merces
1605 1387 1788 1420 succedebat
1805 1389 1953 1423 inlocum

1093 1429 1178 1469 ejus,
1203 1431 1286 1469 quod
1305 1427 1476 1465 intererat,
1499 1436 1590 1469 atque
1612 1429 1656 1460 ita
1673 1429 1838 1469 injustum,
1864 1429 1952 1472 supra

1094 1479 1163 1502 eam
1178 1478 1303 1510 poenam
1323 1469 1424 1501 adhuc
1443 1468 1580 1510 stipulari
1605 1470 1636 1500 id
1662 1470 1782 1512 ipsum,
1805 1471 1889 1512 quod
1905 1481 1953 1503 re-

1093 1520 1168 1542 vera
1186 1510 1353 1549 intererat,
1373 1519 1439 1542 non
1456 1511 1575 1551 patitui·
1591 1510 1622 1543 id
1637 1512 1666 1543 d.
1681 1512 1700 1543 l.
1713 1521 1764 1543 zm.
1783 1513 1815 1544 C.
1826 1514 1860 1544 de
1870 1512 1955 1545 Sent:

1094 1562 1153 1594 quae
1165 1558 1214 1593 pro
1231 1561 1261 1582 eo
1276 1553 1348 1593 quod
1363 1550 1482 1594 interest
1496 1551 1607 1593 profer.

1137 1593 1322 1633 Sempronia
1348 1592 1442 1625 Titio
1468 1593 1500 1625 in
1516 1593 1731 1636 emphyteusin
1751 1594 1836 1627 dedit
1854 1594 1956 1628 colles

1095 1634 1246 1677 quosdam
1261 1643 1443 1674 arenaceos,
1469 1634 1633 1675 stipulatus
1649 1645 1783 1667 annuum
1803 1645 1955 1669 canonem

1094 1686 1167 1719 443.
1191 1675 1400 1722 florenorum,
1424 1677 1454 1708 ὅ(
1469 1685 1565 1717 porro
1582 1675 1763 1717 stipulatus,
1787 1687 1850 1710 non
1873 1676 1955 1710 solu·

1095 1725 1131 1749 to
1145 1727 1201 1759 per
1218 1717 1387 1749 triennium
1404 1726 1544 1755 canone,
1564 1717 1671 1750 Titius
1686 1718 1815 1759 duplum
1832 1717 1953 1759 praesta-

1096 1767 1165 1798 ret,
1188 1767 1282 1800 atque
1296 1760 1409 1805 etiam,
1427 1758 1450 1791 fi
1467 1758 1681 1800 emphyteusin
1700 1759 1866 1798 venderet,
1890 1757 1958 1800 ipse
1978 1791 1982 1794 ,

1096 1801 1150 1833 vel
1167 1808 1290 1842 emptor
1306 1809 1390 1831 intra
1409 1807 1470 1832 tres
1491 1799 1610 1832 menses
1629 1800 1658 1832 id
1670 1799 1855 1841 significaret
1869 1800 1955 1833 Sem-

1096 1842 1217 1884 proniae
1233 1842 1285 1873 vel
1301 1842 1349 1880 ei,
1373 1841 1410 1873 ad
1425 1851 1518 1882 quem
1528 1841 1679 1874 cin-ectum
1701 1841 1873 1873 dominium
1889 1850 1955 1882 per-

1098 1884 1232 1922 tineret,
1265 1883 1295 1915 &
1318 1892 1377 1924 pro
1396 1882 1520 1924 fingulis
1549 1882 1789 1914 alienationibus
1815 1881 1959 1921 Domino,

1097 1924 1295 1966 praestaietur
1312 1933 1389 1956 unus
1407 1922 1534 1961 Canon;
1559 1923 1581 1956 fi
1600 1923 1679 1956 nihil
1697 1923 1717 1956 fi
1740 1923 1899 1955 nificatum
1911 1931 1957 1955 es-

1099 1966 1146 1999 set
1163 1967 1246 1997 intra
1262 1965 1334 1997 illos
1353 1972 1414 1997 tres
1430 1965 1565 2004 menses,
1591 1974 1678 1996 mora
1693 1965 1714 1997 il
1729 1974 1746 1996 a
1767 1973 1830 1997 non
1845 1972 1954 2006 purga-

1100 2015 1209 2045 retur,
1237 2006 1293 2038 nifi
1319 2005 1478 2037 solutione
1502 2006 1593 2038 unius
1621 2006 1759 2038 canonis.
1804 2005 1958 2037 Praeterea

1100 2048 1271 2086 convenit,
1295 2046 1317 2079 fi
1335 2056 1403 2088 quae
1423 2047 1495 2078 lites
1517 2057 1555 2079 ex
1571 2047 1732 2079 conti-astu
1749 2046 1958 2087 emphyteuti-

1100 2099 1141 2122 co
1163 2089 1338 2126 orirentur,
1358 2088 1398 2119 de
1421 2088 1475 2126 iis,
1504 2088 1673 2129 praeteritis
1695 2087 1762 2120 aliis
1784 2086 1958 2128 judicibus,

1101 2130 1204 2163 statim
1228 2130 1382 2170 Judicaret
1399 2129 1566 2170 Supremus
1584 2130 1724 2161 Senatus.
1769 2129 1875 2174 Quum
1897 2126 1956 2159 Ti-

1103 2173 1165 2204 tius
1187 2169 1403 2213 emphyteusin
1427 2170 1612 2202 vendidiffet
1628 2170 1778 2208 Maeviae‚
1799 2178 1858 2201 nec
1877 2169 1958 2201 intra

1103 2221 1167 2246 tres
1191 2211 1311 2245 menses
1335 2212 1374 2243 de
1399 2221 1436 2243 ea
1461 2212 1646 2244 venditione
1670 2211 1829 2243 admonita
1852 2208 1959 2242 fuiss'et

1104 2254 1309 2295 Sempronia,
1336 2253 1404 2285 haec
1421 2253 1574 2285 Maeviam
1593 2252 1745 2284 convenit
1769 2251 1850 2292 apud
1867 2251 1958 2283 Sena-

1105 2305 1192 2335 tum,
1217 2296 1248 2328 &
1264 2294 1430 2327 contendit
1446 2294 1483 2325 ad
1508 2295 1666 2336 triplicem
1689 2301 1857 2330 canonem,
1881 2291 1959 2323 fidu·
1979 2288 1983 2294 ’

1105 2337 1199 2368 ciaria
1217 2336 1370 2369 sententia
1386 2335 1588 2374 solvendum,
1610 2335 1743 2376 primum
1756 2342 1813 2375 pro
1830 2341 1893 2364 uno
1908 2341 1960 2363 an-

1105 2388 1147 2410 no
1162 2377 1285 2419 elapso,
1309 2376 1477 2408 secundum
1496 2386 1554 2417 pro
1579 2375 1754 2408 mutatione
1776 2373 1961 2414 emphyteu-

1106 2428 1167 2459 tae,
1193 2419 1321 2451 tertium
1341 2427 1402 2459 pro
1413 2428 1517 2456 mora,
1540 2417 1624 2457 quod
1638 2423 1749 2456 nempe
1763 2414 1962 2452 illamutatio

1105 2461 1188 2494 intra
1206 2469 1270 2493 tres
1286 2459 1404 2492 menses
1422 2469 1486 2491 non
1510 2457 1619 2490 fuiss'et
1643 2455 1821 2498 significata.
1867 2453 1960 2486 Duos

1105 2503 1226 2544 priores
1244 2510 1379 2533 canones
1394 2499 1546 2531 offerebat
1560 2497 1678 2530 Maevia
1689 2519 1698 2535 ,
1721 2503 1819 2537 utque
1837 2496 1881 2527 ita
1899 2493 1962 2527 sola

1106 2545 1144 2577 lis
1160 2542 1321 2577 fiduciaria
1335 2541 1432 2575 fuerit
1449 2540 1488 2572 de
1507 2538 1604 2571 tertio
1627 2547 1756 2570 canone.
1800 2536 1895 2569 Hunc
1911 2545 1962 2568 au-

1107 2595 1173 2618 tem
1189 2583 1335 2626 exigebat
1353 2592 1391 2614 ex
1407 2580 1568 2613 contrac‘tu
1579 2601 1589 2617 ,
1613 2579 1644 2610 in
1659 2588 1723 2625 quo
1761 2587 1797 2609 ro
1813 2586 1901 2610 mora
1910 2577 1962 2612 tri·

1109 2626 1214 2660 mesti-i
1235 2634 1312 2657 unus
1335 2632 1436 2655 canon
1461 2621 1560 2661 palam
1583 2628 1650 2652 crat
1672 2630 1703 2651 in
1757 2619 1963 2660 ipulationem

1109 2667 1268 2700 deductus.
1280 2663 1499 2705 Objiciebatur
1514 2661 1640 2702 quidem
1651 2684 1660 2701 ,
1673 2660 1888 2702 stipulationes
1897 2668 1962 2702 poe·

1110 2709 1196 2742 nales
1214 2717 1231 2738 a
1242 2707 1358 2739 Senatu
1371 2713 1435 2736 non
1450 2703 1541 2734 aliter
1561 2703 1683 2743 probari
1697 2726 1704 2740 ‚
1715 2710 1806 2743 quain
1825 2700 1847 2734 fi
1861 2699 1964 2733 succe-

1110 2751 1186 2782 dant
1205 2748 1237 2780 in
1257 2749 1362 2779 iocum
1381 2745 1467 2785 ejus,
1498 2744 1584 2784 quod
1603 2742 1750 2782 interest,
1781 2742 1803 2775 fi
1820 2741 1899 2774 nihil
1918 2741 1962 2773 in-

1111 2790 1216 2828 terfit,
1241 2797 1277 2819 uc
1293 2788 1324 2819 in
1339 2786 1396 2817 hac
1412 2785 1517 2826 specie
1536 2784 1614 2816 nihil
1629 2784 1791 2826 quicquam
1806 2780 1966 2820 interfuit,

1110 2840 1211 2874 poenae
1231 2829 1339 2861 locum
1361 2826 1424 2858 effe
1443 2835 1505 2858 non
1525 2825 1636 2857 videri.
1681 2825 1725 2858 At
1748 2833 1826 2855 vero
1841 2822 1967 2864 plurimi

1111 2875 1276 2906 Senatores
1295 2868 1441 2900 dicebant
1457 2891 1467 2906 ,
1496 2868 1525 2898 δε
1542 2866 1644 2905 recte,
1676 2866 1708 2898 ni
1735 2863 1830 2897 fallor
1844 2887 1854 2903 ,
1885 2863 1966 2896 inter

1111 2914 1207 2948 multa
1227 2910 1410 2952 singularia,
1434 2918 1504 2950 quae
1533 2908 1562 2940 in
1589 2905 1783 2949 emphyteusi
1802 2905 1965 2943 obtinent.

1112 2955 1207 2987 etiam
1225 2952 1255 2984 id
1274 2951 1357 2990 ell'e,
1382 2958 1416 2981 ut
1437 2959 1538 2992 poenae
1556 2949 1646 2981 loeus
1664 2948 1719 2987 sit,
1743 2945 1861 2978 etiamsi
1877 2953 1965 3019 pient

1913 2993 1966 3019 on-

1153 3077 1214 3113 (8)
1235 3077 1342 3106 Ibidem
1365 3074 1398 3104 T.
1418 3076 1469 3104 XI.
1491 3074 1525 3102 nd
1546 3073 1697 3110 marginem
1717 3072 1743 3101 d.
1769 3081 1796 3102 n.
1818 3076 1900 3106 2557.
1938 3085 1940 3088 -

1155 3118 1215 3152 (9)
1239 3115 1346 3145 Ibidem
1369 3113 1400 3142 T.
1422 3115 1473 3142 xi.
1492 3123 1518 3141 n.
1541 3115 1623 3147 2558.
1912 3136 1913 3139 Ἴ

1155 3155 1234 3191 (10)
1254 3154 1363 3183 ibidem
1388 3151 1419 3182 T.
1442 3152 1504 3181 x-Il.
1526 3160 1553 3180 η.
1575 3153 1657 3183 2819.

2003 196 2008 209 i
