<?xml version="1.0" encoding="UTF-8"?>
<!DOCTYPE html PUBLIC "-//W3C//DTD XHTML 1.0 Transitional//EN"
    "http://www.w3.org/TR/xhtml1/DTD/xhtml1-transitional.dtd">
<html xmlns="http://www.w3.org/1999/xhtml" xml:lang="en" lang="en">
 <head>
  <title>
</title>
<meta http-equiv="Content-Type" content="text/html;charset=utf-8" />
  <meta name='ocr-system' content='tesseract 3.04.00' />
  <meta name='ocr-capabilities' content='ocr_page ocr_carea ocr_par ocr_line ocrx_word'/>
</head>
<body>
  <div class='ocr_page' id='page_1' title='image "./corneliivanbynke00bijn_0323.png"; bbox 0 0 2008 3436; ppageno 0'>
   <div class='ocr_carea' id='block_1_1' title="bbox 194 44 218 54">
    <p class='ocr_par' dir='ltr' id='par_1_1' title="bbox 194 44 218 54">
     <span class='ocr_line' id='line_1_1' title="bbox 194 44 218 54; baseline 0 0"><span class='ocrx_word' id='word_1_1' title='bbox 194 44 218 54; x_wconf 68' lang='lat' dir='ltr'><em>J</em></span> 
     </span>
    </p>
   </div>
   <div class='ocr_carea' id='block_1_2' title="bbox 222 115 1567 166">
    <p class='ocr_par' dir='ltr' id='par_1_2' title="bbox 222 115 1567 166">
     <span class='ocr_line' id='line_1_2' title="bbox 222 115 1567 166; baseline -0.008 -1"><span class='ocrx_word' id='word_1_2' title='bbox 222 124 630 165; x_wconf 81' lang='lat' dir='ltr'>PRAETERM.</span> <span class='ocrx_word' id='word_1_3' title='bbox 684 121 777 157; x_wconf 82' lang='lat' dir='ltr'>AD</span> <span class='ocrx_word' id='word_1_4' title='bbox 828 120 950 156; x_wconf 85' lang='lat' dir='ltr'>L.Il.</span> <span class='ocrx_word' id='word_1_5' title='bbox 1002 119 1094 155; x_wconf 82' lang='lat' dir='ltr'>DE</span> <span class='ocrx_word' id='word_1_6' title='bbox 1146 118 1359 156; x_wconf 82' lang='lat' dir='ltr'>ORIG.</span> <span class='ocrx_word' id='word_1_7' title='bbox 1415 115 1567 166; x_wconf 84' lang='lat' dir='ltr'>JUR.</span> 
     </span>
    </p>
   </div>
   <div class='ocr_carea' id='block_1_3' title="bbox 32 201 893 336">
    <p class='ocr_par' dir='ltr' id='par_1_3' title="bbox 32 201 893 336">
     <span class='ocr_line' id='line_1_3' title="bbox 32 201 892 253; baseline -0.014 -10"><span class='ocrx_word' id='word_1_8' title='bbox 32 209 242 253; x_wconf 75' lang='lat' dir='ltr'>Pomponium</span> <span class='ocrx_word' id='word_1_9' title='bbox 258 207 449 246; x_wconf 79' lang='lat' dir='ltr'>adfirmanti,</span> <span class='ocrx_word' id='word_1_10' title='bbox 474 205 541 238; x_wconf 90' lang='lat' dir='ltr'>noli</span> <span class='ocrx_word' id='word_1_11' title='bbox 561 203 717 248; x_wconf 45' lang='lat' dir='ltr'>credere„</span> <span class='ocrx_word' id='word_1_12' title='bbox 731 201 783 248; x_wconf 70' lang='lat' dir='ltr'>liic</span> <span class='ocrx_word' id='word_1_13' title='bbox 800 201 892 240; x_wconf 86' lang='lat' dir='ltr'>dicit,</span> 
     </span>
     <span class='ocr_line' id='line_1_4' title="bbox 33 243 893 328; baseline -0.013 -44"><span class='ocrx_word' id='word_1_14' title='bbox 33 249 384 328; x_wconf 37' lang='lat' dir='ltr'>{pgeskiffsstrgeientaile</span> <span class='ocrx_word' id='word_1_15' title='bbox 411 257 521 280; x_wconf 89' lang='lat' dir='ltr'>omnes</span> <span class='ocrx_word' id='word_1_16' title='bbox 544 246 643 288; x_wconf 84' lang='lat' dir='ltr'>Leges</span> <span class='ocrx_word' id='word_1_17' title='bbox 660 267 670 284; x_wconf 86' lang='lat'>,</span> <span class='ocrx_word' id='word_1_18' title='bbox 710 243 754 274; x_wconf 85' lang='lat' dir='ltr'>ibi</span> <span class='ocrx_word' id='word_1_19' title='bbox 784 251 893 274; x_wconf 87' lang='lat' dir='ltr'>omnes</span> 
     </span>
     <span class='ocr_line' id='line_1_5' title="bbox 75 304 246 336; baseline -0.006 -10"><span class='ocrx_word' id='word_1_20' title='bbox 75 304 122 336; x_wconf 50' lang='lat' dir='ltr'>abi</span> <span class='ocrx_word' id='word_1_21' title='bbox 152 304 166 325; x_wconf 81' lang='lat' dir='ltr'>i·</span> <span class='ocrx_word' id='word_1_22' title='bbox 239 318 246 325; x_wconf 93' lang='lat'>.</span> 
     </span>
    </p>
   </div>
   <div class='ocr_carea' id='block_1_4' title="bbox 370 372 556 416">
    <p class='ocr_par' dir='ltr' id='par_1_4' title="bbox 370 372 556 416">
     <span class='ocr_line' id='line_1_6' title="bbox 370 372 556 416; baseline -0.011 -8"><span class='ocrx_word' id='word_1_23' title='bbox 370 374 421 408; x_wconf 63' lang='lat' dir='ltr'>Aa</span> <span class='ocrx_word' id='word_1_24' title='bbox 464 374 493 416; x_wconf 61' lang='grc' dir='ltr'>ς.</span> <span class='ocrx_word' id='word_1_25' title='bbox 517 372 556 406; x_wconf 85' lang='lat'>11.</span> 
     </span>
    </p>
   </div>
   <div class='ocr_carea' id='block_1_5' title="bbox 31 453 915 2366">
    <p class='ocr_par' dir='ltr' id='par_1_5' title="bbox 31 453 915 2366">
     <span class='ocr_line' id='line_1_7' title="bbox 79 453 893 510; baseline -0.014 -15"><span class='ocrx_word' id='word_1_26' title='bbox 79 461 152 510; x_wconf 66' lang='lat' dir='ltr'>ngae</span> <span class='ocrx_word' id='word_1_27' title='bbox 169 471 262 494; x_wconf 88' lang='lat' dir='ltr'>omnes</span> <span class='ocrx_word' id='word_1_28' title='bbox 275 458 438 499; x_wconf 64' lang='lat' dir='ltr'>conscriptae</span> <span class='ocrx_word' id='word_1_29' title='bbox 461 455 575 498; x_wconf 70' lang='lat' dir='ltr'>exstant</span> <span class='ocrx_word' id='word_1_30' title='bbox 592 457 623 486; x_wconf 83' lang='lat' dir='ltr'>in</span> <span class='ocrx_word' id='word_1_31' title='bbox 639 455 710 486; x_wconf 78' lang='lat' dir='ltr'>libro</span> <span class='ocrx_word' id='word_1_32' title='bbox 731 454 814 486; x_wconf 77' lang='lat' dir='ltr'>Sexti</span> <span class='ocrx_word' id='word_1_33' title='bbox 834 453 893 485; x_wconf 75' lang='lat' dir='ltr'>Pa-</span> 
     </span>
     <span class='ocr_line' id='line_1_8' title="bbox 31 495 895 550; baseline -0.015 -12"><span class='ocrx_word' id='word_1_34' title='bbox 31 509 114 550; x_wconf 76' lang='lat' dir='ltr'>pirii.</span> <span class='ocrx_word' id='word_1_35' title='bbox 160 503 242 536; x_wconf 89' lang='lat' dir='ltr'>Cum</span> <span class='ocrx_word' id='word_1_36' title='bbox 258 496 387 542; x_wconf 74' lang='lat' dir='ltr'>illeipse</span> <span class='ocrx_word' id='word_1_37' title='bbox 395 499 534 540; x_wconf 80' lang='lat' dir='ltr'>Papirius</span> <span class='ocrx_word' id='word_1_38' title='bbox 545 508 562 529; x_wconf 81' lang='lat' dir='ltr'>a</span> <span class='ocrx_word' id='word_1_39' title='bbox 577 496 756 538; x_wconf 89' lang='lat' dir='ltr'>Pomponio</span> <span class='ocrx_word' id='word_1_40' title='bbox 772 495 895 527; x_wconf 65' lang='lat' dir='ltr'>Publi-us</span> 
     </span>
     <span class='ocr_line' id='line_1_9' title="bbox 36 536 897 584; baseline -0.015 -4"><span class='ocrx_word' id='word_1_41' title='bbox 36 555 170 580; x_wconf 89' lang='lat' dir='ltr'>vocetur</span> <span class='ocrx_word' id='word_1_42' title='bbox 200 545 230 576; x_wconf 91' lang='lat' dir='ltr'>in</span> <span class='ocrx_word' id='word_1_43' title='bbox 260 542 288 584; x_wconf 56' lang='grc' dir='ltr'>ὃ,</span> <span class='ocrx_word' id='word_1_44' title='bbox 307 544 357 584; x_wconf 84' lang='lat'>36.</span> <span class='ocrx_word' id='word_1_45' title='bbox 391 541 481 581; x_wconf 87' lang='lat' dir='ltr'>plus,</span> <span class='ocrx_word' id='word_1_46' title='bbox 511 549 604 581; x_wconf 88' lang='lat' dir='ltr'>quarn</span> <span class='ocrx_word' id='word_1_47' title='bbox 623 548 718 576; x_wconf 80' lang='lat' dir='ltr'>mox,</span> <span class='ocrx_word' id='word_1_48' title='bbox 739 536 897 569; x_wconf 88' lang='lat' dir='ltr'>adsentior</span> 
     </span>
     <span class='ocr_line' id='line_1_10' title="bbox 38 576 897 630; baseline -0.014 -9"><span class='ocrx_word' id='word_1_49' title='bbox 38 590 198 630; x_wconf 86' lang='lat' dir='ltr'>Ruperto,</span> <span class='ocrx_word' id='word_1_50' title='bbox 223 584 275 615; x_wconf 90' lang='lat' dir='ltr'>hic</span> <span class='ocrx_word' id='word_1_51' title='bbox 295 582 429 624; x_wconf 79' lang='lat' dir='ltr'>legenti,</span> <span class='ocrx_word' id='word_1_52' title='bbox 446 584 478 613; x_wconf 79' lang='lat' dir='ltr'>i‘n</span> <span class='ocrx_word' id='word_1_53' title='bbox 495 582 568 613; x_wconf 71' lang='lat' dir='ltr'>libro</span> <span class='ocrx_word' id='word_1_54' title='bbox 587 581 673 612; x_wconf 73' lang='lat' dir='ltr'>Sexto</span> <span class='ocrx_word' id='word_1_55' title='bbox 693 576 897 621; x_wconf 76' lang='lat' dir='ltr'>Papi&#39;ri&#39;isnisi</span> 
     </span>
     <span class='ocr_line' id='line_1_11' title="bbox 37 620 897 666; baseline -0.013 -4"><span class='ocrx_word' id='word_1_56' title='bbox 37 639 138 663; x_wconf 83' lang='lat' dir='ltr'>tamen</span> <span class='ocrx_word' id='word_1_57' title='bbox 155 636 216 658; x_wconf 86' lang='lat' dir='ltr'>non</span> <span class='ocrx_word' id='word_1_58' title='bbox 236 624 413 666; x_wconf 80' lang='lat' dir='ltr'>Rupertus,</span> <span class='ocrx_word' id='word_1_59' title='bbox 438 623 490 655; x_wconf 82' lang='lat' dir='ltr'>sed</span> <span class='ocrx_word' id='word_1_60' title='bbox 505 623 652 663; x_wconf 84' lang='lat' dir='ltr'>Cujacius</span> <span class='ocrx_word' id='word_1_61' title='bbox 665 621 773 653; x_wconf 70' lang='lat' dir='ltr'>auCtor</span> <span class='ocrx_word' id='word_1_62' title='bbox 791 620 897 652; x_wconf 90' lang='lat' dir='ltr'>dicen-</span> 
     </span>
     <span class='ocr_line' id='line_1_12' title="bbox 37 662 899 707; baseline -0.012 -4"><span class='ocrx_word' id='word_1_63' title='bbox 37 672 95 704; x_wconf 80' lang='lat' dir='ltr'>dus</span> <span class='ocrx_word' id='word_1_64' title='bbox 114 669 149 702; x_wconf 87' lang='lat' dir='ltr'>sit</span> <span class='ocrx_word' id='word_1_65' title='bbox 170 667 260 707; x_wconf 82' lang='lat' dir='ltr'>hujus</span> <span class='ocrx_word' id='word_1_66' title='bbox 275 665 462 706; x_wconf 71' lang='lat' dir='ltr'>conjesturae</span> <span class='ocrx_word' id='word_1_67' title='bbox 476 689 485 704; x_wconf 84' lang='lat'><strong>‚</strong></span> <span class='ocrx_word' id='word_1_68' title='bbox 509 666 562 705; x_wconf 85' lang='lat' dir='ltr'>qui</span> <span class='ocrx_word' id='word_1_69' title='bbox 580 664 610 695; x_wconf 89' lang='lat' dir='ltr'>in</span> <span class='ocrx_word' id='word_1_70' title='bbox 623 663 718 695; x_wconf 85' lang='lat' dir='ltr'>variis</span> <span class='ocrx_word' id='word_1_71' title='bbox 737 662 830 695; x_wconf 87' lang='lat' dir='ltr'>MSS.</span> <span class='ocrx_word' id='word_1_72' title='bbox 853 669 899 693; x_wconf 89' lang='lat' dir='ltr'>re-</span> 
     </span>
     <span class='ocr_line' id='line_1_13' title="bbox 37 700 902 749; baseline -0.014 -4"><span class='ocrx_word' id='word_1_73' title='bbox 37 712 101 746; x_wconf 84' lang='lat' dir='ltr'>fert</span> <span class='ocrx_word' id='word_1_74' title='bbox 120 711 197 742; x_wconf 84' lang='lat' dir='ltr'>haiic</span> <span class='ocrx_word' id='word_1_75' title='bbox 217 716 325 739; x_wconf 83' lang='lat' dir='ltr'>notam</span> <span class='ocrx_word' id='word_1_76' title='bbox 344 705 398 738; x_wconf 89' lang='lat' dir='ltr'>VI.</span> <span class='ocrx_word' id='word_1_77' title='bbox 423 707 570 749; x_wconf 84' lang='lat' dir='ltr'>reperiri,</span> <span class='ocrx_word' id='word_1_78' title='bbox 595 705 625 738; x_wconf 84' lang='lat'>&amp;</span> <span class='ocrx_word' id='word_1_79' title='bbox 651 704 721 738; x_wconf 87' lang='lat' dir='ltr'>inde</span> <span class='ocrx_word' id='word_1_80' title='bbox 736 702 823 736; x_wconf 89' lang='lat' dir='ltr'>forte</span> <span class='ocrx_word' id='word_1_81' title='bbox 840 700 902 735; x_wconf 90' lang='lat' dir='ltr'>esse</span> 
     </span>
     <span class='ocr_line' id='line_1_14' title="bbox 38 749 348 787; baseline -0.013 -3"><span class='ocrx_word' id='word_1_82' title='bbox 38 752 184 787; x_wconf 87' lang='lat' dir='ltr'>mendum</span> <span class='ocrx_word' id='word_1_83' title='bbox 203 749 296 781; x_wconf 72' lang='lat' dir='ltr'>Sexti.</span> <span class='ocrx_word' id='word_1_84' title='bbox 344 759 348 763; x_wconf 76' lang='grc'><em>’</em></span> 
     </span>
     <span class='ocr_line' id='line_1_15' title="bbox 117 787 901 833; baseline -0.005 -10"><span class='ocrx_word' id='word_1_85' title='bbox 117 795 145 824; x_wconf 78' lang='grc' dir='ltr'>αἱ</span> <span class='ocrx_word' id='word_1_86' title='bbox 154 792 221 833; x_wconf 74' lang='lat' dir='ltr'>fuit</span> <span class='ocrx_word' id='word_1_87' title='bbox 239 791 298 821; x_wconf 80' lang='lat' dir='ltr'>illis</span> <span class='ocrx_word' id='word_1_88' title='bbox 308 791 495 831; x_wconf 76' lang='lat' dir='ltr'>temporibus,</span> <span class='ocrx_word' id='word_1_89' title='bbox 516 791 617 831; x_wconf 62' lang='lat' dir='ltr'>qia-&#39;bus</span> <span class='ocrx_word' id='word_1_90' title='bbox 635 789 776 831; x_wconf 71' lang='lat' dir='ltr'>Superbus</span> <span class='ocrx_word' id='word_1_91' title='bbox 792 787 901 820; x_wconf 76' lang='lat' dir='ltr'>Dema-</span> 
     </span>
     <span class='ocr_line' id='line_1_16' title="bbox 40 827 899 872; baseline -0.012 -3"><span class='ocrx_word' id='word_1_92' title='bbox 40 844 98 869; x_wconf 75' lang='lat' dir='ltr'>rati</span> <span class='ocrx_word' id='word_1_93' title='bbox 119 833 263 866; x_wconf 69' lang='lat' dir='ltr'>Corinthii</span> <span class='ocrx_word' id='word_1_94' title='bbox 274 831 378 871; x_wconf 77' lang='lat' dir='ltr'>filius,</span> <span class='ocrx_word' id='word_1_95' title='bbox 398 842 434 863; x_wconf 63' lang='lat' dir='ltr'>ea:</span> <span class='ocrx_word' id='word_1_96' title='bbox 462 832 680 872; x_wconf 68' lang='lat' dir='ltr'>Principalibm</span> <span class='ocrx_word' id='word_1_97' title='bbox 694 832 779 862; x_wconf 70' lang='lat' dir='ltr'>viris.</span> <span class='ocrx_word' id='word_1_98' title='bbox 822 827 899 860; x_wconf 89' lang='lat' dir='ltr'>Non</span> 
     </span>
     <span class='ocr_line' id='line_1_17' title="bbox 41 868 898 917; baseline -0.011 -8"><span class='ocrx_word' id='word_1_99' title='bbox 41 875 235 917; x_wconf 78' lang='lat' dir='ltr'>Tarquinius</span> <span class='ocrx_word' id='word_1_100' title='bbox 265 873 425 915; x_wconf 76' lang='lat' dir='ltr'><em>Superbus,</em></span> <span class='ocrx_word' id='word_1_101' title='bbox 454 872 503 904; x_wconf 87' lang='lat' dir='ltr'>sed</span> <span class='ocrx_word' id='word_1_102' title='bbox 526 872 644 910; x_wconf 74' lang='lat' dir='ltr'>Priscus</span> <span class='ocrx_word' id='word_1_103' title='bbox 660 871 819 905; x_wconf 81' lang='lat' dir='ltr'>Demarati</span> <span class='ocrx_word' id='word_1_104' title='bbox 837 868 898 901; x_wconf 92' lang='lat' dir='ltr'>Co-</span> 
     </span>
     <span class='ocr_line' id='line_1_18' title="bbox 41 909 898 953; baseline -0.012 -1"><span class='ocrx_word' id='word_1_105' title='bbox 41 917 153 952; x_wconf 87' lang='lat' dir='ltr'>rinthii</span> <span class='ocrx_word' id='word_1_106' title='bbox 169 915 233 947; x_wconf 89' lang='lat' dir='ltr'>fuit</span> <span class='ocrx_word' id='word_1_107' title='bbox 261 915 364 953; x_wconf 86' lang='lat' dir='ltr'>filius,</span> <span class='ocrx_word' id='word_1_108' title='bbox 393 923 428 946; x_wconf 89' lang='lat' dir='ltr'>ut</span> <span class='ocrx_word' id='word_1_109' title='bbox 451 915 553 946; x_wconf 88' lang='lat' dir='ltr'>omnis</span> <span class='ocrx_word' id='word_1_110' title='bbox 573 909 715 946; x_wconf 84' lang='lat' dir='ltr'>Historia</span> <span class='ocrx_word' id='word_1_111' title='bbox 730 911 898 945; x_wconf 85' lang='lat' dir='ltr'>consentit.</span> 
     </span>
     <span class='ocr_line' id='line_1_19' title="bbox 42 952 901 1001; baseline -0.012 -8"><span class='ocrx_word' id='word_1_112' title='bbox 42 959 137 993; x_wconf 88' lang='lat' dir='ltr'>Unde</span> <span class='ocrx_word' id='word_1_113' title='bbox 161 957 280 998; x_wconf 80' lang='lat' dir='ltr'>Superbi</span> <span class='ocrx_word' id='word_1_114' title='bbox 304 965 417 989; x_wconf 90' lang='lat' dir='ltr'>vocem</span> <span class='ocrx_word' id='word_1_115' title='bbox 439 964 623 1001; x_wconf 81' lang='lat' dir='ltr'>expungunt</span> <span class='ocrx_word' id='word_1_116' title='bbox 657 953 838 987; x_wconf 89' lang='lat' dir='ltr'>Haloander</span> <span class='ocrx_word' id='word_1_117' title='bbox 870 952 901 984; x_wconf 70' lang='grc' dir='ltr'>δε</span> 
     </span>
     <span class='ocr_line' id='line_1_20' title="bbox 44 993 900 1039; baseline -0.011 -5"><span class='ocrx_word' id='word_1_118' title='bbox 44 1001 149 1035; x_wconf 82' lang='lat' dir='ltr'>zafius</span> <span class='ocrx_word' id='word_1_119' title='bbox 168 1022 177 1038; x_wconf 94' lang='lat'>‚</span> <span class='ocrx_word' id='word_1_120' title='bbox 206 998 356 1039; x_wconf 81' lang='lat' dir='ltr'>expungit</span> <span class='ocrx_word' id='word_1_121' title='bbox 386 997 416 1028; x_wconf 68' lang='grc' dir='ltr'>ὅ(</span> <span class='ocrx_word' id='word_1_122' title='bbox 441 996 598 1028; x_wconf 86' lang='lat' dir='ltr'>Antonius</span> <span class='ocrx_word' id='word_1_123' title='bbox 622 993 725 1027; x_wconf 78' lang='lat' dir='ltr'>Gai-ro</span> <span class='ocrx_word' id='word_1_124' title='bbox 751 994 788 1026; x_wconf 90' lang='lat' dir='ltr'>ad</span> <span class='ocrx_word' id='word_1_125' title='bbox 812 994 839 1025; x_wconf 83' lang='lat' dir='ltr'>h.</span> <span class='ocrx_word' id='word_1_126' title='bbox 859 993 900 1025; x_wconf 89' lang='lat' dir='ltr'>L.</span> 
     </span>
     <span class='ocr_line' id='line_1_21' title="bbox 46 1035 902 1078; baseline -0.011 -3"><span class='ocrx_word' id='word_1_127' title='bbox 46 1043 98 1075; x_wconf 88' lang='lat' dir='ltr'>sed</span> <span class='ocrx_word' id='word_1_128' title='bbox 124 1042 268 1073; x_wconf 82' lang='lat' dir='ltr'>damnum</span> <span class='ocrx_word' id='word_1_129' title='bbox 293 1037 420 1070; x_wconf 85' lang='lat' dir='ltr'>resarcit</span> <span class='ocrx_word' id='word_1_130' title='bbox 438 1061 449 1076; x_wconf 88' lang='lat'>‚</span> <span class='ocrx_word' id='word_1_131' title='bbox 485 1036 654 1069; x_wconf 84' lang='lat' dir='ltr'>substituto</span> <span class='ocrx_word' id='word_1_132' title='bbox 681 1036 792 1078; x_wconf 73' lang='lat' dir='ltr'>Prisco,</span> <span class='ocrx_word' id='word_1_133' title='bbox 836 1035 902 1068; x_wconf 89' lang='lat' dir='ltr'>Alii</span> 
     </span>
     <span class='ocr_line' id='line_1_22' title="bbox 51 1077 902 1126; baseline -0.006 -12"><span class='ocrx_word' id='word_1_134' title='bbox 51 1082 238 1126; x_wconf 72' lang='lat' dir='ltr'>Tarquinium</span> <span class='ocrx_word' id='word_1_135' title='bbox 263 1078 475 1117; x_wconf 81' lang='lat' dir='ltr'>substituunt,</span> <span class='ocrx_word' id='word_1_136' title='bbox 505 1079 535 1110; x_wconf 84' lang='lat'>&amp;</span> <span class='ocrx_word' id='word_1_137' title='bbox 560 1078 692 1120; x_wconf 76' lang='lat' dir='ltr'>Priscum</span> <span class='ocrx_word' id='word_1_138' title='bbox 708 1077 902 1119; x_wconf 78' lang='lat' dir='ltr'>intelligunt.</span> 
     </span>
     <span class='ocr_line' id='line_1_23' title="bbox 46 1118 902 1172; baseline -0.005 -19"><span class='ocrx_word' id='word_1_139' title='bbox 46 1126 125 1172; x_wconf 77' lang='lat' dir='ltr'>Quae</span> <span class='ocrx_word' id='word_1_140' title='bbox 150 1129 252 1153; x_wconf 88' lang='lat' dir='ltr'>omnia</span> <span class='ocrx_word' id='word_1_141' title='bbox 269 1143 281 1160; x_wconf 93' lang='lat'>,</span> <span class='ocrx_word' id='word_1_142' title='bbox 313 1127 425 1161; x_wconf 83' lang='lat' dir='ltr'>praeter</span> <span class='ocrx_word' id='word_1_143' title='bbox 445 1119 603 1151; x_wconf 88' lang='lat' dir='ltr'>duriorem</span> <span class='ocrx_word' id='word_1_144' title='bbox 624 1120 734 1159; x_wconf 76' lang='lat' dir='ltr'>crisin,</span> <span class='ocrx_word' id='word_1_145' title='bbox 756 1119 809 1151; x_wconf 90' lang='lat' dir='ltr'>vel</span> <span class='ocrx_word' id='word_1_146' title='bbox 830 1118 902 1150; x_wconf 87' lang='lat' dir='ltr'>ideo</span> 
     </span>
     <span class='ocr_line' id='line_1_24' title="bbox 46 1160 901 1208; baseline -0.011 -8"><span class='ocrx_word' id='word_1_147' title='bbox 46 1175 108 1200; x_wconf 87' lang='lat' dir='ltr'>non</span> <span class='ocrx_word' id='word_1_148' title='bbox 130 1161 239 1203; x_wconf 83' lang='lat' dir='ltr'>sequor</span> <span class='ocrx_word' id='word_1_149' title='bbox 255 1185 264 1201; x_wconf 92' lang='lat'>,</span> <span class='ocrx_word' id='word_1_150' title='bbox 293 1160 378 1208; x_wconf 84' lang='lat' dir='ltr'>quod</span> <span class='ocrx_word' id='word_1_151' title='bbox 402 1160 563 1202; x_wconf 82' lang='lat' dir='ltr'>Papirius,</span> <span class='ocrx_word' id='word_1_152' title='bbox 581 1169 618 1193; x_wconf 92' lang='lat' dir='ltr'>ut</span> <span class='ocrx_word' id='word_1_153' title='bbox 634 1171 674 1194; x_wconf 86' lang='lat' dir='ltr'>ex</span> <span class='ocrx_word' id='word_1_154' title='bbox 689 1160 846 1203; x_wconf 82' lang='lat' dir='ltr'>Dionysio</span> <span class='ocrx_word' id='word_1_155' title='bbox 865 1160 901 1192; x_wconf 94' lang='lat' dir='ltr'>li-</span> 
     </span>
     <span class='ocr_line' id='line_1_25' title="bbox 45 1201 903 1249; baseline -0.007 -11"><span class='ocrx_word' id='word_1_156' title='bbox 45 1213 136 1249; x_wconf 87' lang='lat' dir='ltr'>quet,</span> <span class='ocrx_word' id='word_1_157' title='bbox 158 1212 268 1249; x_wconf 77' lang='lat' dir='ltr'>revera</span> <span class='ocrx_word' id='word_1_158' title='bbox 284 1203 404 1235; x_wconf 84' lang='lat' dir='ltr'>vixerit</span> <span class='ocrx_word' id='word_1_159' title='bbox 422 1203 452 1234; x_wconf 85' lang='lat'>&amp;</span> <span class='ocrx_word' id='word_1_160' title='bbox 469 1201 627 1242; x_wconf 83' lang='lat' dir='ltr'>scripserit</span> <span class='ocrx_word' id='word_1_161' title='bbox 645 1203 840 1245; x_wconf 77' lang='lat' dir='ltr'>temporibus</span> <span class='ocrx_word' id='word_1_162' title='bbox 851 1201 903 1232; x_wconf 78' lang='lat' dir='ltr'>Su-</span> 
     </span>
     <span class='ocr_line' id='line_1_26' title="bbox 39 1243 900 1291; baseline -0.007 -12"><span class='ocrx_word' id='word_1_163' title='bbox 39 1248 133 1291; x_wconf 78' lang='lat' dir='ltr'>perbi.</span> <span class='ocrx_word' id='word_1_164' title='bbox 177 1244 243 1291; x_wconf 75' lang='lat' dir='ltr'>Qui</span> <span class='ocrx_word' id='word_1_165' title='bbox 267 1243 424 1286; x_wconf 70' lang='lat' dir='ltr'>Prifitum,</span> <span class='ocrx_word' id='word_1_166' title='bbox 453 1251 491 1275; x_wconf 92' lang='lat' dir='ltr'>ut</span> <span class='ocrx_word' id='word_1_167' title='bbox 509 1243 581 1282; x_wconf 87' lang='lat' dir='ltr'>hic,</span> <span class='ocrx_word' id='word_1_168' title='bbox 610 1244 653 1276; x_wconf 89' lang='lat' dir='ltr'>ita</span> <span class='ocrx_word' id='word_1_169' title='bbox 680 1245 710 1276; x_wconf 69' lang='lat' dir='ltr'>dt</span> <span class='ocrx_word' id='word_1_170' title='bbox 727 1244 821 1282; x_wconf 86' lang='lat' dir='ltr'>alibi,</span> <span class='ocrx_word' id='word_1_171' title='bbox 848 1243 900 1274; x_wconf 76' lang='lat' dir='ltr'>Su-</span> 
     </span>
     <span class='ocr_line' id='line_1_27' title="bbox 35 1284 902 1332; baseline -0.002 -14"><span class='ocrx_word' id='word_1_172' title='bbox 35 1290 157 1332; x_wconf 76' lang='lat' dir='ltr'>perbum</span> <span class='ocrx_word' id='word_1_173' title='bbox 172 1287 236 1332; x_wconf 77' lang='lat' dir='ltr'>dici</span> <span class='ocrx_word' id='word_1_174' title='bbox 255 1285 310 1318; x_wconf 88' lang='lat' dir='ltr'>sibi</span> <span class='ocrx_word' id='word_1_175' title='bbox 327 1284 529 1327; x_wconf 86' lang='lat' dir='ltr'>persuadent,</span> <span class='ocrx_word' id='word_1_176' title='bbox 563 1295 588 1317; x_wconf 81' lang='lat' dir='ltr'>ae</span> <span class='ocrx_word' id='word_1_177' title='bbox 614 1295 652 1318; x_wconf 85' lang='lat' dir='ltr'>ue</span> <span class='ocrx_word' id='word_1_178' title='bbox 670 1285 844 1323; x_wconf 85' lang='lat' dir='ltr'>falluntur,</span> <span class='ocrx_word' id='word_1_179' title='bbox 866 1294 902 1316; x_wconf 90' lang='lat' dir='ltr'>ac</span> 
     </span>
     <span class='ocr_line' id='line_1_28' title="bbox 66 1325 903 1371; baseline -0.005 -9"><span class='ocrx_word' id='word_1_180' title='bbox 66 1330 98 1362; x_wconf 90' lang='lat' dir='ltr'>ui</span> <span class='ocrx_word' id='word_1_181' title='bbox 112 1338 168 1371; x_wconf 90' lang='lat' dir='ltr'>per</span> <span class='ocrx_word' id='word_1_182' title='bbox 180 1328 278 1369; x_wconf 81' lang='lat' dir='ltr'>filium</span> <span class='ocrx_word' id='word_1_183' title='bbox 306 1326 359 1359; x_wconf 90' lang='lat' dir='ltr'>hic</span> <span class='ocrx_word' id='word_1_184' title='bbox 382 1333 510 1368; x_wconf 81' lang='lat' dir='ltr'>nepotem</span> <span class='ocrx_word' id='word_1_185' title='bbox 530 1326 596 1358; x_wconf 89' lang='lat' dir='ltr'>inte</span> <span class='ocrx_word' id='word_1_186' title='bbox 611 1327 713 1359; x_wconf 61' lang='lat' dir='ltr'>liaunt</span> <span class='ocrx_word' id='word_1_187' title='bbox 726 1350 737 1366; x_wconf 87' lang='lat'>,</span> <span class='ocrx_word' id='word_1_188' title='bbox 782 1325 842 1359; x_wconf 83' lang='lat' dir='ltr'>uafi</span> <span class='ocrx_word' id='word_1_189' title='bbox 862 1335 903 1359; x_wconf 82' lang='lat' dir='ltr'>ex</span> 
     </span>
     <span class='ocr_line' id='line_1_29' title="bbox 59 1353 906 1419; baseline -0.005 -16"><span class='ocrx_word' id='word_1_190' title='bbox 59 1376 131 1419; x_wconf 36' lang='lat'>..8-4.</span> <span class='ocrx_word' id='word_1_191' title='bbox 147 1370 167 1401; x_wconf 91' lang='lat' dir='ltr'>l.</span> <span class='ocrx_word' id='word_1_192' title='bbox 178 1378 249 1402; x_wconf 83' lang='lat'>201.</span> <span class='ocrx_word' id='word_1_193' title='bbox 270 1367 307 1404; x_wconf 80' lang='lat'>&amp;&#39;</span> <span class='ocrx_word' id='word_1_194' title='bbox 322 1369 427 1400; x_wconf 84' lang='lat' dir='ltr'>l-220.</span> <span class='ocrx_word' id='word_1_195' title='bbox 447 1374 492 1409; x_wconf 86' lang='lat' dir='ltr'>pr.</span> <span class='ocrx_word' id='word_1_196' title='bbox 508 1367 550 1409; x_wconf 88' lang='lat' dir='ltr'>ff.</span> <span class='ocrx_word' id='word_1_197' title='bbox 571 1369 604 1400; x_wconf 87' lang='lat' dir='ltr'>de</span> <span class='ocrx_word' id='word_1_198' title='bbox 628 1353 669 1401; x_wconf 49' lang='grc' dir='ltr'>ᾖ.</span> <span class='ocrx_word' id='word_1_199' title='bbox 685 1369 715 1401; x_wconf 88' lang='lat' dir='ltr'>S.</span> <span class='ocrx_word' id='word_1_200' title='bbox 776 1367 847 1400; x_wconf 90' lang='lat' dir='ltr'>ullis</span> <span class='ocrx_word' id='word_1_201' title='bbox 862 1367 906 1399; x_wconf 90' lang='lat' dir='ltr'>in-</span> 
     </span>
     <span class='ocr_line' id='line_1_30' title="bbox 42 1407 908 1456; baseline -0.005 -11"><span class='ocrx_word' id='word_1_202' title='bbox 42 1413 135 1446; x_wconf 85' lang='lat' dir='ltr'>diciis</span> <span class='ocrx_word' id='word_1_203' title='bbox 145 1435 154 1450; x_wconf 96' lang='lat'>‚</span> <span class='ocrx_word' id='word_1_204' title='bbox 178 1410 268 1443; x_wconf 84' lang='lat' dir='ltr'>nullo</span> <span class='ocrx_word' id='word_1_205' title='bbox 286 1409 364 1456; x_wconf 79' lang='lat' dir='ltr'>teste</span> <span class='ocrx_word' id='word_1_206' title='bbox 379 1409 530 1451; x_wconf 87' lang='lat' dir='ltr'>probatur</span> <span class='ocrx_word' id='word_1_207' title='bbox 540 1409 754 1453; x_wconf 83' lang='lat' dir='ltr'>‚Tarquinios</span> <span class='ocrx_word' id='word_1_208' title='bbox 768 1407 908 1442; x_wconf 87' lang='lat' dir='ltr'>Priscum</span> 
     </span>
     <span class='ocr_line' id='line_1_31' title="bbox 44 1451 907 1494; baseline -0.005 -7"><span class='ocrx_word' id='word_1_209' title='bbox 44 1455 76 1487; x_wconf 69' lang='grc' dir='ltr'>ὁ(</span> <span class='ocrx_word' id='word_1_210' title='bbox 92 1452 268 1494; x_wconf 88' lang='lat' dir='ltr'>Superbum</span> <span class='ocrx_word' id='word_1_211' title='bbox 284 1461 316 1484; x_wconf 83' lang='lat' dir='ltr'>in</span> <span class='ocrx_word' id='word_1_212' title='bbox 337 1451 439 1483; x_wconf 89' lang='lat' dir='ltr'>veteri</span> <span class='ocrx_word' id='word_1_213' title='bbox 453 1452 605 1483; x_wconf 86' lang='lat' dir='ltr'>memoria</span> <span class='ocrx_word' id='word_1_214' title='bbox 621 1476 631 1491; x_wconf 91' lang='lat'>‚</span> <span class='ocrx_word' id='word_1_215' title='bbox 660 1458 785 1484; x_wconf 87' lang='lat' dir='ltr'>mutato</span> <span class='ocrx_word' id='word_1_216' title='bbox 808 1451 907 1483; x_wconf 91' lang='lat' dir='ltr'>nomi-</span> 
     </span>
     <span class='ocr_line' id='line_1_32' title="bbox 44 1492 907 1542; baseline -0.003 -15"><span class='ocrx_word' id='word_1_217' title='bbox 44 1505 101 1542; x_wconf 78' lang='lat' dir='ltr'>ne,</span> <span class='ocrx_word' id='word_1_218' title='bbox 122 1492 297 1540; x_wconf 84' lang='lat' dir='ltr'>confundi,</span> <span class='ocrx_word' id='word_1_219' title='bbox 321 1492 374 1525; x_wconf 88' lang='lat' dir='ltr'>vel</span> <span class='ocrx_word' id='word_1_220' title='bbox 395 1492 428 1524; x_wconf 93' lang='lat' dir='ltr'>in</span> <span class='ocrx_word' id='word_1_221' title='bbox 447 1494 540 1524; x_wconf 87' lang='lat' dir='ltr'>rebus</span> <span class='ocrx_word' id='word_1_222' title='bbox 558 1493 753 1532; x_wconf 81' lang='lat' dir='ltr'>Histoi-icis,</span> <span class='ocrx_word' id='word_1_223' title='bbox 778 1492 831 1525; x_wconf 91' lang='lat' dir='ltr'>ubi</span> <span class='ocrx_word' id='word_1_224' title='bbox 852 1492 907 1524; x_wconf 93' lang='lat' dir='ltr'>ho-</span> 
     </span>
     <span class='ocr_line' id='line_1_33' title="bbox 43 1534 905 1580; baseline -0.003 -11"><span class='ocrx_word' id='word_1_225' title='bbox 43 1545 164 1574; x_wconf 90' lang='lat' dir='ltr'>mines,</span> <span class='ocrx_word' id='word_1_226' title='bbox 181 1544 234 1576; x_wconf 90' lang='lat' dir='ltr'>qui</span> <span class='ocrx_word' id='word_1_227' title='bbox 253 1534 311 1580; x_wconf 69' lang='lat' dir='ltr'>sint</span> <span class='ocrx_word' id='word_1_228' title='bbox 322 1557 332 1573; x_wconf 87' lang='lat'>‚</span> <span class='ocrx_word' id='word_1_229' title='bbox 355 1543 373 1565; x_wconf 88' lang='lat' dir='ltr'>a</span> <span class='ocrx_word' id='word_1_230' title='bbox 390 1542 478 1575; x_wconf 85' lang='lat' dir='ltr'>patre</span> <span class='ocrx_word' id='word_1_231' title='bbox 493 1534 546 1566; x_wconf 93' lang='lat' dir='ltr'>vel</span> <span class='ocrx_word' id='word_1_232' title='bbox 575 1545 637 1567; x_wconf 90' lang='lat' dir='ltr'>avo</span> <span class='ocrx_word' id='word_1_233' title='bbox 662 1534 880 1567; x_wconf 87' lang='lat' dir='ltr'>describuntur</span> <span class='ocrx_word' id='word_1_234' title='bbox 894 1557 905 1574; x_wconf 91' lang='lat'>,</span> 
     </span>
     <span class='ocr_line' id='line_1_34' title="bbox 40 1575 906 1625; baseline -0.002 -16"><span class='ocrx_word' id='word_1_235' title='bbox 40 1577 102 1625; x_wconf 64' lang='lat' dir='ltr'>filii</span> <span class='ocrx_word' id='word_1_236' title='bbox 120 1576 331 1619; x_wconf 84' lang='lat' dir='ltr'>appellatione</span> <span class='ocrx_word' id='word_1_237' title='bbox 351 1581 481 1616; x_wconf 77' lang='lat' dir='ltr'>nepotem</span> <span class='ocrx_word' id='word_1_238' title='bbox 506 1585 634 1618; x_wconf 87' lang='lat' dir='ltr'>quoque</span> <span class='ocrx_word' id='word_1_239' title='bbox 650 1575 829 1615; x_wconf 81' lang='lat' dir='ltr'>contineri3</span> <span class='ocrx_word' id='word_1_240' title='bbox 848 1585 906 1608; x_wconf 91' lang='lat' dir='ltr'>nec</span> 
     </span>
     <span class='ocr_line' id='line_1_35' title="bbox 43 1616 907 1666; baseline -0.003 -14"><span class='ocrx_word' id='word_1_241' title='bbox 43 1629 78 1666; x_wconf 79' lang='lat' dir='ltr'>in</span> <span class='ocrx_word' id='word_1_242' title='bbox 95 1628 164 1650; x_wconf 89' lang='lat' dir='ltr'>earn</span> <span class='ocrx_word' id='word_1_243' title='bbox 179 1627 249 1664; x_wconf 33' lang='lat' dir='ltr'>rem,</span> <span class='ocrx_word' id='word_1_244' title='bbox 263 1617 430 1660; x_wconf 87' lang='lat' dir='ltr'>oportebat</span> <span class='ocrx_word' id='word_1_245' title='bbox 444 1617 531 1649; x_wconf 90' lang='lat' dir='ltr'>abuti</span> <span class='ocrx_word' id='word_1_246' title='bbox 551 1625 603 1649; x_wconf 89' lang='lat' dir='ltr'>tot</span> <span class='ocrx_word' id='word_1_247' title='bbox 622 1619 703 1652; x_wconf 89' lang='lat' dir='ltr'>loeis</span> <span class='ocrx_word' id='word_1_248' title='bbox 723 1617 804 1659; x_wconf 87' lang='lat' dir='ltr'>Juris</span> <span class='ocrx_word' id='word_1_249' title='bbox 821 1616 907 1650; x_wconf 90' lang='lat' dir='ltr'>Civi-</span> 
     </span>
     <span class='ocr_line' id='line_1_36' title="bbox 44 1658 908 1706; baseline -0.002 -13"><span class='ocrx_word' id='word_1_250' title='bbox 44 1661 104 1699; x_wconf 85' lang='lat' dir='ltr'>lis,</span> <span class='ocrx_word' id='word_1_251' title='bbox 125 1669 194 1702; x_wconf 73' lang='lat' dir='ltr'>quae</span> <span class='ocrx_word' id='word_1_252' title='bbox 208 1659 272 1691; x_wconf 90' lang='lat' dir='ltr'>alio</span> <span class='ocrx_word' id='word_1_253' title='bbox 296 1658 466 1700; x_wconf 87' lang='lat' dir='ltr'>pertinent.</span> <span class='ocrx_word' id='word_1_254' title='bbox 519 1659 607 1706; x_wconf 86' lang='lat' dir='ltr'>Quid</span> <span class='ocrx_word' id='word_1_255' title='bbox 632 1659 756 1702; x_wconf 76' lang='lat' dir='ltr'>igitur?</span> <span class='ocrx_word' id='word_1_256' title='bbox 779 1659 908 1692; x_wconf 87' lang='lat' dir='ltr'>halluci-</span> 
     </span>
     <span class='ocr_line' id='line_1_37' title="bbox 41 1699 910 1742; baseline -0.003 -8"><span class='ocrx_word' id='word_1_257' title='bbox 41 1710 136 1735; x_wconf 83' lang='lat' dir='ltr'>natus</span> <span class='ocrx_word' id='word_1_258' title='bbox 161 1699 206 1732; x_wconf 81' lang='lat' dir='ltr'>est</span> <span class='ocrx_word' id='word_1_259' title='bbox 228 1699 420 1742; x_wconf 87' lang='lat' dir='ltr'>Pomponius</span> <span class='ocrx_word' id='word_1_260' title='bbox 436 1723 448 1739; x_wconf 91' lang='lat'>,</span> <span class='ocrx_word' id='word_1_261' title='bbox 480 1700 604 1742; x_wconf 88' lang='lat' dir='ltr'>eritque</span> <span class='ocrx_word' id='word_1_262' title='bbox 627 1702 690 1734; x_wconf 94' lang='lat' dir='ltr'>hoc</span> <span class='ocrx_word' id='word_1_263' title='bbox 719 1701 786 1741; x_wconf 87' lang='lat' dir='ltr'>ejus</span> <span class='ocrx_word' id='word_1_264' title='bbox 812 1706 910 1742; x_wconf 63' lang='grc' dir='ltr'>ηὸτι.</span> 
     </span>
     <span class='ocr_line' id='line_1_38' title="bbox 41 1741 909 1788; baseline 0.005 -17"><span class='ocrx_word' id='word_1_265' title='bbox 41 1743 156 1780; x_wconf 61' lang='grc' dir='ltr'>ψιῑθῶ·</span> <span class='ocrx_word' id='word_1_266' title='bbox 176 1741 229 1788; x_wconf 77' lang='lat' dir='ltr'>seu</span> <span class='ocrx_word' id='word_1_267' title='bbox 240 1742 410 1779; x_wconf 55' lang='lat' dir='ltr'>ivae-pana?</span> <span class='ocrx_word' id='word_1_268' title='bbox 441 1742 483 1774; x_wconf 89' lang='lat' dir='ltr'>fic</span> <span class='ocrx_word' id='word_1_269' title='bbox 510 1742 639 1784; x_wconf 87' lang='lat' dir='ltr'>plurimi</span> <span class='ocrx_word' id='word_1_270' title='bbox 667 1743 805 1776; x_wconf 88' lang='lat' dir='ltr'>censent.</span> <span class='ocrx_word' id='word_1_271' title='bbox 849 1742 909 1775; x_wconf 86' lang='lat' dir='ltr'>Sed</span> 
     </span>
     <span class='ocr_line' id='line_1_39' title="bbox 41 1783 910 1831; baseline 0.001 -15"><span class='ocrx_word' id='word_1_272' title='bbox 41 1793 103 1827; x_wconf 89' lang='lat' dir='ltr'>ego</span> <span class='ocrx_word' id='word_1_273' title='bbox 113 1792 230 1831; x_wconf 35' lang='lat' dir='ltr'>‚potius</span> <span class='ocrx_word' id='word_1_274' title='bbox 243 1792 382 1816; x_wconf 89' lang='lat' dir='ltr'>errorem</span> <span class='ocrx_word' id='word_1_275' title='bbox 399 1784 433 1816; x_wconf 89' lang='lat' dir='ltr'>in</span> <span class='ocrx_word' id='word_1_276' title='bbox 450 1783 631 1825; x_wconf 81' lang='lat' dir='ltr'>scriptura,</span> <span class='ocrx_word' id='word_1_277' title='bbox 662 1794 754 1826; x_wconf 85' lang='lat' dir='ltr'>quarn</span> <span class='ocrx_word' id='word_1_278' title='bbox 768 1786 800 1817; x_wconf 90' lang='lat' dir='ltr'>in</span> <span class='ocrx_word' id='word_1_279' title='bbox 817 1783 910 1816; x_wconf 90' lang='lat' dir='ltr'>Pom-</span> 
     </span>
     <span class='ocr_line' id='line_1_40' title="bbox 42 1823 908 1869; baseline -0.001 -10"><span class='ocrx_word' id='word_1_280' title='bbox 42 1835 143 1869; x_wconf 76' lang='lat' dir='ltr'>ponio</span> <span class='ocrx_word' id='word_1_281' title='bbox 159 1823 318 1864; x_wconf 64' lang='lat' dir='ltr'>affnosco,</span> <span class='ocrx_word' id='word_1_282' title='bbox 340 1825 416 1858; x_wconf 88' lang='lat' dir='ltr'>&amp;le</span> <span class='ocrx_word' id='word_1_283' title='bbox 439 1836 478 1857; x_wconf 93' lang='lat' dir='ltr'>o:</span> <span class='ocrx_word' id='word_1_284' title='bbox 514 1826 657 1867; x_wconf 80' lang='lat' dir='ltr'>Superbus</span> <span class='ocrx_word' id='word_1_285' title='bbox 678 1826 836 1859; x_wconf 76' lang='lat' dir='ltr'>Demarati</span> <span class='ocrx_word' id='word_1_286' title='bbox 857 1826 908 1858; x_wconf 91' lang='lat' dir='ltr'>Co-</span> 
     </span>
     <span class='ocr_line' id='line_1_41' title="bbox 45 1835 907 1915; baseline -0.002 -14"><span class='ocrx_word' id='word_1_287' title='bbox 45 1867 153 1901; x_wconf 74' lang='lat' dir='ltr'>rinthii</span> <span class='ocrx_word' id='word_1_288' title='bbox 170 1849 300 1915; x_wconf 61' lang='lat' dir='ltr'>Fimics,</span> <span class='ocrx_word' id='word_1_289' title='bbox 313 1867 375 1915; x_wconf 82' lang='lat' dir='ltr'>hoe</span> <span class='ocrx_word' id='word_1_290' title='bbox 389 1835 438 1915; x_wconf 54' lang='grc' dir='ltr'>είῗ</span> <span class='ocrx_word' id='word_1_291' title='bbox 446 1892 455 1907; x_wconf 92' lang='grc'><em>,</em></span> <span class='ocrx_word' id='word_1_292' title='bbox 481 1877 522 1899; x_wconf 85' lang='lat' dir='ltr'>ex</span> <span class='ocrx_word' id='word_1_293' title='bbox 537 1869 646 1910; x_wconf 84' lang='lat' dir='ltr'>regula</span> <span class='ocrx_word' id='word_1_294' title='bbox 661 1862 882 1910; x_wconf 65' lang='lat' dir='ltr'>geminationis</span> <span class='ocrx_word' id='word_1_295' title='bbox 897 1890 907 1908; x_wconf 89' lang='lat'>‚</span> 
     </span>
     <span class='ocr_line' id='line_1_42' title="bbox 45 1907 909 1955; baseline -0.001 -13"><span class='ocrx_word' id='word_1_296' title='bbox 45 1909 204 1955; x_wconf 61' lang='lat' dir='ltr'>Demarati</span> <span class='ocrx_word' id='word_1_297' title='bbox 224 1909 368 1940; x_wconf 72' lang='lat' dir='ltr'>Corinthu</span> <span class='ocrx_word' id='word_1_298' title='bbox 383 1908 444 1949; x_wconf 77' lang='lat' dir='ltr'>filii</span> <span class='ocrx_word' id='word_1_299' title='bbox 461 1908 568 1950; x_wconf 79' lang='lat' dir='ltr'>filius3</span> <span class='ocrx_word' id='word_1_300' title='bbox 591 1910 621 1942; x_wconf 70' lang='grc' dir='ltr'><strong>ἃ</strong></span> <span class='ocrx_word' id='word_1_301' title='bbox 637 1910 695 1943; x_wconf 85' lang='lat' dir='ltr'>filii</span> <span class='ocrx_word' id='word_1_302' title='bbox 712 1910 796 1943; x_wconf 91' lang='lat' dir='ltr'>filius</span> <span class='ocrx_word' id='word_1_303' title='bbox 805 1907 909 1941; x_wconf 87' lang='lat' dir='ltr'>estne-</span> 
     </span>
     <span class='ocr_line' id='line_1_43' title="bbox 43 1949 912 1997; baseline 0 -14"><span class='ocrx_word' id='word_1_304' title='bbox 43 1959 114 1994; x_wconf 84' lang='lat' dir='ltr'>pos.</span> <span class='ocrx_word' id='word_1_305' title='bbox 156 1951 210 1984; x_wconf 87' lang='lat' dir='ltr'>Sic</span> <span class='ocrx_word' id='word_1_306' title='bbox 235 1958 340 1997; x_wconf 80' lang='lat' dir='ltr'>autem</span> <span class='ocrx_word' id='word_1_307' title='bbox 365 1949 447 1990; x_wconf 88' lang='lat' dir='ltr'>fuit,</span> <span class='ocrx_word' id='word_1_308' title='bbox 479 1951 589 1992; x_wconf 90' lang='lat' dir='ltr'>utique</span> <span class='ocrx_word' id='word_1_309' title='bbox 605 1952 628 1985; x_wconf 86' lang='lat' dir='ltr'><strong>fi</strong></span> <span class='ocrx_word' id='word_1_310' title='bbox 644 1961 754 1984; x_wconf 90' lang='lat' dir='ltr'>verum</span> <span class='ocrx_word' id='word_1_311' title='bbox 769 1951 815 1983; x_wconf 90' lang='lat' dir='ltr'>est</span> <span class='ocrx_word' id='word_1_312' title='bbox 828 1974 836 1990; x_wconf 93' lang='lat'>,</span> <span class='ocrx_word' id='word_1_313' title='bbox 856 1951 912 1983; x_wconf 84' lang='lat' dir='ltr'>Su·</span> 
     </span>
     <span class='ocr_line' id='line_1_44' title="bbox 45 1990 911 2035; baseline -0.001 -10"><span class='ocrx_word' id='word_1_314' title='bbox 45 1992 175 2035; x_wconf 82' lang='lat' dir='ltr'>perbum</span> <span class='ocrx_word' id='word_1_315' title='bbox 199 1990 295 2031; x_wconf 86' lang='lat' dir='ltr'>Prisci</span> <span class='ocrx_word' id='word_1_316' title='bbox 321 1991 423 2024; x_wconf 89' lang='lat' dir='ltr'>filium</span> <span class='ocrx_word' id='word_1_317' title='bbox 439 1991 550 2032; x_wconf 83' lang='lat' dir='ltr'>fuisse,</span> <span class='ocrx_word' id='word_1_318' title='bbox 575 2003 639 2025; x_wconf 91' lang='lat' dir='ltr'>non</span> <span class='ocrx_word' id='word_1_319' title='bbox 651 2015 662 2032; x_wconf 86' lang='lat'>,</span> <span class='ocrx_word' id='word_1_320' title='bbox 677 2000 714 2025; x_wconf 90' lang='lat' dir='ltr'>ut</span> <span class='ocrx_word' id='word_1_321' title='bbox 731 1993 784 2025; x_wconf 87' lang='lat' dir='ltr'>alii</span> <span class='ocrx_word' id='word_1_322' title='bbox 802 1993 911 2024; x_wconf 91' lang='lat' dir='ltr'>viden-</span> 
     </span>
     <span class='ocr_line' id='line_1_45' title="bbox 45 2034 912 2080; baseline -0.001 -15"><span class='ocrx_word' id='word_1_323' title='bbox 45 2042 98 2080; x_wconf 69' lang='lat' dir='ltr'>tur</span> <span class='ocrx_word' id='word_1_324' title='bbox 113 2034 215 2079; x_wconf 69' lang='lat' dir='ltr'>velle,</span> <span class='ocrx_word' id='word_1_325' title='bbox 236 2041 386 2075; x_wconf 86' lang='lat' dir='ltr'>nepotem</span> <span class='ocrx_word' id='word_1_326' title='bbox 403 2044 413 2072; x_wconf 82' lang='lat'>3</span> <span class='ocrx_word' id='word_1_327' title='bbox 442 2043 503 2075; x_wconf 86' lang='lat' dir='ltr'>ego</span> <span class='ocrx_word' id='word_1_328' title='bbox 521 2042 627 2066; x_wconf 84' lang='lat' dir='ltr'>autem</span> <span class='ocrx_word' id='word_1_329' title='bbox 644 2044 718 2066; x_wconf 89' lang='lat' dir='ltr'>cum</span> <span class='ocrx_word' id='word_1_330' title='bbox 736 2034 850 2073; x_wconf 87' lang='lat' dir='ltr'>Livio,</span> <span class='ocrx_word' id='word_1_331' title='bbox 876 2041 912 2065; x_wconf 91' lang='lat' dir='ltr'>ut</span> 
     </span>
     <span class='ocr_line' id='line_1_46' title="bbox 47 2073 913 2124; baseline -0.001 -17"><span class='ocrx_word' id='word_1_332' title='bbox 47 2073 113 2122; x_wconf 72' lang='lat' dir='ltr'>lpse</span> <span class='ocrx_word' id='word_1_333' title='bbox 128 2075 287 2124; x_wconf 42' lang='lat' dir='ltr'>loquitu-r,¹</span> <span class='ocrx_word' id='word_1_334' title='bbox 306 2075 443 2116; x_wconf 74' lang='lat' dir='ltr'>plurimis</span> <span class='ocrx_word' id='word_1_335' title='bbox 470 2075 691 2108; x_wconf 65' lang='lat' dir='ltr'>auetoritatibus</span> <span class='ocrx_word' id='word_1_336' title='bbox 705 2074 805 2117; x_wconf 78' lang='lat' dir='ltr'>filium</span> <span class='ocrx_word' id='word_1_337' title='bbox 821 2077 913 2107; x_wconf 83' lang='lat' dir='ltr'>credi-</span> 
     </span>
     <span class='ocr_line' id='line_1_47' title="bbox 47 2116 911 2162; baseline 0.001 -15"><span class='ocrx_word' id='word_1_338' title='bbox 47 2118 156 2162; x_wconf 43' lang='lat' dir='ltr'>derim..</span> <span class='ocrx_word' id='word_1_339' title='bbox 194 2119 227 2147; x_wconf 75' lang='lat' dir='ltr'>Si</span> <span class='ocrx_word' id='word_1_340' title='bbox 244 2117 348 2155; x_wconf 83' lang='lat' dir='ltr'>tilius,</span> <span class='ocrx_word' id='word_1_341' title='bbox 370 2117 431 2157; x_wconf 85' lang='lat' dir='ltr'>jam</span> <span class='ocrx_word' id='word_1_342' title='bbox 441 2116 599 2158; x_wconf 87' lang='lat' dir='ltr'>Superbus</span> <span class='ocrx_word' id='word_1_343' title='bbox 615 2118 698 2149; x_wconf 69' lang='lat' dir='ltr'>reste</span> <span class='ocrx_word' id='word_1_344' title='bbox 713 2117 837 2149; x_wconf 89' lang='lat' dir='ltr'>dicetur</span> <span class='ocrx_word' id='word_1_345' title='bbox 846 2116 911 2149; x_wconf 90' lang='lat' dir='ltr'>De-</span> 
     </span>
     <span class='ocr_line' id='line_1_48' title="bbox 47 2157 910 2204; baseline 0 -14"><span class='ocrx_word' id='word_1_346' title='bbox 47 2165 158 2203; x_wconf 76' lang='lat' dir='ltr'>mai-ati</span> <span class='ocrx_word' id='word_1_347' title='bbox 175 2165 291 2202; x_wconf 79' lang='lat' dir='ltr'>nepos,</span> <span class='ocrx_word' id='word_1_348' title='bbox 313 2158 375 2204; x_wconf 77' lang='lat' dir='ltr'>hoe</span> <span class='ocrx_word' id='word_1_349' title='bbox 391 2157 454 2196; x_wconf 88' lang='lat' dir='ltr'>est,</span> <span class='ocrx_word' id='word_1_350' title='bbox 488 2157 606 2197; x_wconf 88' lang='lat' dir='ltr'>Prisci,</span> <span class='ocrx_word' id='word_1_351' title='bbox 629 2159 689 2192; x_wconf 86' lang='lat' dir='ltr'>filii</span> <span class='ocrx_word' id='word_1_352' title='bbox 703 2158 791 2199; x_wconf 84' lang='lat' dir='ltr'>ejus,</span> <span class='ocrx_word' id='word_1_353' title='bbox 815 2158 910 2190; x_wconf 89' lang='lat' dir='ltr'>filius.</span> 
     </span>
     <span class='ocr_line' id='line_1_49' title="bbox 46 2197 913 2244; baseline 0.001 -14"><span class='ocrx_word' id='word_1_354' title='bbox 46 2207 148 2240; x_wconf 84' lang='lat' dir='ltr'>reperi</span> <span class='ocrx_word' id='word_1_355' title='bbox 175 2207 214 2243; x_wconf 39' lang='lat' dir='ltr'>in·</span> <span class='ocrx_word' id='word_1_356' title='bbox 232 2197 392 2244; x_wconf 63' lang='lat' dir='ltr'>Pandeetis</span> <span class='ocrx_word' id='word_1_357' title='bbox 418 2199 531 2232; x_wconf 82' lang='lat' dir='ltr'>ssmiles</span> <span class='ocrx_word' id='word_1_358' title='bbox 557 2208 710 2241; x_wconf 87' lang='lat' dir='ltr'>nepotum</span> <span class='ocrx_word' id='word_1_359' title='bbox 729 2199 913 2242; x_wconf 87' lang='lat' dir='ltr'>appellatio-</span> 
     </span>
     <span class='ocr_line' id='line_1_50' title="bbox 49 2239 914 2286; baseline 0.001 -15"><span class='ocrx_word' id='word_1_360' title='bbox 49 2249 106 2272; x_wconf 86' lang='lat' dir='ltr'>nes</span> <span class='ocrx_word' id='word_1_361' title='bbox 122 2239 164 2286; x_wconf 78' lang='lat'>.&amp;</span> <span class='ocrx_word' id='word_1_362' title='bbox 187 2239 503 2286; x_wconf 76' lang='lat' dir='ltr'>circumscriptiones.</span> <span class='ocrx_word' id='word_1_363' title='bbox 542 2241 629 2281; x_wconf 13' lang='lat' dir='ltr'>&gt;Aliis</span> <span class='ocrx_word' id='word_1_364' title='bbox 651 2242 786 2274; x_wconf 89' lang='lat' dir='ltr'>aliorum</span> <span class='ocrx_word' id='word_1_365' title='bbox 808 2241 914 2281; x_wconf 72' lang='lat' dir='ltr'>conie-</span> 
     </span>
     <span class='ocr_line' id='line_1_51' title="bbox 49 2281 915 2326; baseline 0.001 -14"><span class='ocrx_word' id='word_1_366' title='bbox 49 2281 166 2326; x_wconf 69' lang='lat' dir='ltr'>&amp;uris‚</span> <span class='ocrx_word' id='word_1_367' title='bbox 189 2287 225 2311; x_wconf 89' lang='lat' dir='ltr'>ut</span> <span class='ocrx_word' id='word_1_368' title='bbox 243 2290 314 2326; x_wconf 70' lang='lat' dir='ltr'>quae¹</span> <span class='ocrx_word' id='word_1_369' title='bbox 330 2281 422 2312; x_wconf 87' lang='lat' dir='ltr'>nimis</span> <span class='ocrx_word' id='word_1_370' title='bbox 436 2281 551 2314; x_wconf 85' lang='lat' dir='ltr'>abeunt</span> <span class='ocrx_word' id='word_1_371' title='bbox 565 2292 583 2314; x_wconf 92' lang='lat' dir='ltr'>a</span> <span class='ocrx_word' id='word_1_372' title='bbox 599 2283 697 2316; x_wconf 86' lang='lat' dir='ltr'>Libro</span> <span class='ocrx_word' id='word_1_373' title='bbox 715 2282 915 2321; x_wconf 83' lang='lat' dir='ltr'>Florentino,</span> 
     </span>
     <span class='ocr_line' id='line_1_52' title="bbox 50 2321 913 2366; baseline 0.002 -13"><span class='ocrx_word' id='word_1_374' title='bbox 50 2331 125 2364; x_wconf 88' lang='lat' dir='ltr'>quin</span> <span class='ocrx_word' id='word_1_375' title='bbox 145 2322 175 2354; x_wconf 75' lang='grc' dir='ltr'>δε</span> <span class='ocrx_word' id='word_1_376' title='bbox 192 2321 253 2353; x_wconf 90' lang='lat' dir='ltr'>fide</span> <span class='ocrx_word' id='word_1_377' title='bbox 270 2321 451 2362; x_wconf 87' lang='lat' dir='ltr'>Historica,</span> <span class='ocrx_word' id='word_1_378' title='bbox 474 2322 515 2355; x_wconf 89' lang='lat' dir='ltr'>fic</span> <span class='ocrx_word' id='word_1_379' title='bbox 535 2331 607 2356; x_wconf 91' lang='lat' dir='ltr'>tuto</span> <span class='ocrx_word' id='word_1_380' title='bbox 624 2324 784 2366; x_wconf 75' lang='lat' dir='ltr'>possumus</span> <span class='ocrx_word' id='word_1_381' title='bbox 799 2332 913 2356; x_wconf 89' lang='lat' dir='ltr'>carere.</span> 
     </span>
    </p>
   </div>
   <div class='ocr_carea' id='block_1_6' title="bbox 351 2406 588 2451">
    <p class='ocr_par' dir='ltr' id='par_1_6' title="bbox 351 2406 588 2451">
     <span class='ocr_line' id='line_1_53' title="bbox 351 2406 588 2451; baseline -0.017 -6"><span class='ocrx_word' id='word_1_382' title='bbox 351 2444 354 2445; x_wconf 10' lang='grc' dir='ltr'><em>γ</em></span> <span class='ocrx_word' id='word_1_383' title='bbox 383 2406 436 2440; x_wconf 63' lang='lat' dir='ltr'>Aa</span> <span class='ocrx_word' id='word_1_384' title='bbox 479 2408 508 2451; x_wconf 61' lang='grc' dir='ltr'>ς.</span> <span class='ocrx_word' id='word_1_385' title='bbox 532 2408 588 2441; x_wconf 87' lang='lat'>111.</span> 
     </span>
    </p>
   </div>
   <div class='ocr_carea' id='block_1_7' title="bbox 48 2490 920 2948">
    <p class='ocr_par' dir='ltr' id='par_1_7' title="bbox 48 2490 920 2948">
     <span class='ocr_line' id='line_1_54' title="bbox 49 2490 917 2535; baseline -0.001 -11"><span class='ocrx_word' id='word_1_386' title='bbox 49 2507 59 2514; x_wconf 87' lang='lat'>-</span> <span class='ocrx_word' id='word_1_387' title='bbox 95 2491 220 2524; x_wconf 70' lang='lat' dir='ltr'>Exaffls</span> <span class='ocrx_word' id='word_1_388' title='bbox 239 2491 340 2522; x_wconf 67' lang='lat' dir='ltr'>deinde</span> <span class='ocrx_word' id='word_1_389' title='bbox 356 2490 489 2535; x_wconf 75' lang='lat' dir='ltr'>Regibus</span> <span class='ocrx_word' id='word_1_390' title='bbox 507 2492 590 2535; x_wconf 82' lang='lat' dir='ltr'>Lege</span> <span class='ocrx_word' id='word_1_391' title='bbox 614 2491 788 2524; x_wconf 74' lang='lat' dir='ltr'>Tribunicia</span> <span class='ocrx_word' id='word_1_392' title='bbox 801 2515 811 2532; x_wconf 87' lang='lat'>,</span> <span class='ocrx_word' id='word_1_393' title='bbox 823 2501 917 2523; x_wconf 82' lang='lat' dir='ltr'>omnes</span> 
     </span>
     <span class='ocr_line' id='line_1_55' title="bbox 51 2530 917 2576; baseline -0.003 -9"><span class='ocrx_word' id='word_1_394' title='bbox 51 2530 149 2576; x_wconf 75' lang='lat' dir='ltr'>Leges</span> <span class='ocrx_word' id='word_1_395' title='bbox 165 2534 205 2564; x_wconf 71' lang='lat' dir='ltr'>1&gt;ae</span> <span class='ocrx_word' id='word_1_396' title='bbox 217 2533 414 2565; x_wconf 72' lang='lat' dir='ltr'>exoleverunt.</span> <span class='ocrx_word' id='word_1_397' title='bbox 459 2533 542 2566; x_wconf 85' lang='lat' dir='ltr'>Haec</span> <span class='ocrx_word' id='word_1_398' title='bbox 560 2533 657 2565; x_wconf 85' lang='lat' dir='ltr'>verba</span> <span class='ocrx_word' id='word_1_399' title='bbox 674 2534 718 2566; x_wconf 89' lang='lat' dir='ltr'>ita</span> <span class='ocrx_word' id='word_1_400' title='bbox 744 2533 806 2566; x_wconf 83' lang='lat' dir='ltr'>esse</span> <span class='ocrx_word' id='word_1_401' title='bbox 821 2533 917 2565; x_wconf 89' lang='lat' dir='ltr'>inter-</span> 
     </span>
     <span class='ocr_line' id='line_1_56' title="bbox 48 2573 917 2620; baseline 0.001 -15"><span class='ocrx_word' id='word_1_402' title='bbox 48 2574 230 2617; x_wconf 77' lang='lat' dir='ltr'>pungenda,</span> <span class='ocrx_word' id='word_1_403' title='bbox 254 2574 315 2620; x_wconf 73' lang='lat' dir='ltr'>iam</span> <span class='ocrx_word' id='word_1_404' title='bbox 336 2574 453 2607; x_wconf 86' lang='lat' dir='ltr'>dudum</span> <span class='ocrx_word' id='word_1_405' title='bbox 474 2574 721 2607; x_wconf 84' lang='lat' dir='ltr'>animadversum</span> <span class='ocrx_word' id='word_1_406' title='bbox 739 2574 795 2607; x_wconf 82' lang='lat' dir='ltr'>est.</span> <span class='ocrx_word' id='word_1_407' title='bbox 839 2573 917 2607; x_wconf 89' lang='lat' dir='ltr'>Non</span> 
     </span>
     <span class='ocr_line' id='line_1_57' title="bbox 51 2614 917 2661; baseline 0 -14"><span class='ocrx_word' id='word_1_408' title='bbox 51 2622 158 2661; x_wconf 39' lang='lat' dir='ltr'>aute-m</span> <span class='ocrx_word' id='word_1_409' title='bbox 182 2623 244 2646; x_wconf 82' lang='lat' dir='ltr'>tam</span> <span class='ocrx_word' id='word_1_410' title='bbox 260 2614 339 2656; x_wconf 83' lang='lat' dir='ltr'>ipsas</span> <span class='ocrx_word' id='word_1_411' title='bbox 358 2616 459 2658; x_wconf 86' lang='lat' dir='ltr'>Leges</span> <span class='ocrx_word' id='word_1_412' title='bbox 478 2617 611 2658; x_wconf 87' lang='lat' dir='ltr'>Regias,</span> <span class='ocrx_word' id='word_1_413' title='bbox 633 2626 725 2658; x_wconf 90' lang='lat' dir='ltr'>quam</span> <span class='ocrx_word' id='word_1_414' title='bbox 739 2626 845 2648; x_wconf 85' lang='lat' dir='ltr'>earum</span> <span class='ocrx_word' id='word_1_415' title='bbox 865 2625 917 2647; x_wconf 91' lang='lat' dir='ltr'>au-</span> 
     </span>
     <span class='ocr_line' id='line_1_58' title="bbox 52 2656 919 2698; baseline 0.001 -10"><span class='ocrx_word' id='word_1_416' title='bbox 52 2657 231 2697; x_wconf 62' lang='lat' dir='ltr'>§toritatem</span> <span class='ocrx_word' id='word_1_417' title='bbox 253 2656 426 2690; x_wconf 79' lang='lat' dir='ltr'>exoleviss&#39;e</span> <span class='ocrx_word' id='word_1_418' title='bbox 447 2666 570 2690; x_wconf 86' lang='lat' dir='ltr'>certum</span> <span class='ocrx_word' id='word_1_419' title='bbox 592 2657 638 2690; x_wconf 88' lang='lat' dir='ltr'>est</span> <span class='ocrx_word' id='word_1_420' title='bbox 656 2682 667 2698; x_wconf 87' lang='lat'>,</span> <span class='ocrx_word' id='word_1_421' title='bbox 699 2658 775 2690; x_wconf 92' lang='lat' dir='ltr'>odio</span> <span class='ocrx_word' id='word_1_422' title='bbox 795 2657 919 2690; x_wconf 82' lang='lat' dir='ltr'>scilicet</span> 
     </span>
     <span class='ocr_line' id='line_1_59' title="bbox 53 2695 919 2743; baseline 0 -12"><span class='ocrx_word' id='word_1_423' title='bbox 53 2695 187 2738; x_wconf 84' lang='lat' dir='ltr'>Regum.</span> <span class='ocrx_word' id='word_1_424' title='bbox 231 2697 328 2743; x_wconf 85' lang='lat' dir='ltr'>Quod</span> <span class='ocrx_word' id='word_1_425' title='bbox 351 2698 404 2731; x_wconf 91' lang='lat' dir='ltr'>ubi</span> <span class='ocrx_word' id='word_1_426' title='bbox 423 2698 590 2739; x_wconf 87' lang='lat' dir='ltr'>efferbuit,</span> <span class='ocrx_word' id='word_1_427' title='bbox 626 2709 732 2731; x_wconf 87' lang='lat' dir='ltr'>earum</span> <span class='ocrx_word' id='word_1_428' title='bbox 749 2699 919 2731; x_wconf 67' lang='lat' dir='ltr'>auctoritas</span> 
     </span>
     <span class='ocr_line' id='line_1_60' title="bbox 53 2737 918 2783; baseline 0 -12"><span class='ocrx_word' id='word_1_429' title='bbox 53 2737 178 2783; x_wconf 47' lang='lat' dir='ltr'>sensim-</span> <span class='ocrx_word' id='word_1_430' title='bbox 190 2747 339 2770; x_wconf 79' lang='lat' dir='ltr'>revocata</span> <span class='ocrx_word' id='word_1_431' title='bbox 357 2739 445 2780; x_wconf 83' lang='lat' dir='ltr'>fuit3</span> <span class='ocrx_word' id='word_1_432' title='bbox 477 2748 564 2772; x_wconf 90' lang='lat' dir='ltr'>certe</span> <span class='ocrx_word' id='word_1_433' title='bbox 594 2741 647 2773; x_wconf 89' lang='lat' dir='ltr'>has</span> <span class='ocrx_word' id='word_1_434' title='bbox 673 2740 774 2783; x_wconf 86' lang='lat' dir='ltr'>Leges</span> <span class='ocrx_word' id='word_1_435' title='bbox 803 2740 851 2772; x_wconf 84' lang='lat' dir='ltr'>Re</span> <span class='ocrx_word' id='word_1_436' title='bbox 874 2740 918 2772; x_wconf 89' lang='lat' dir='ltr'>ias</span> 
     </span>
     <span class='ocr_line' id='line_1_61' title="bbox 53 2778 919 2822; baseline 0.003 -12"><span class='ocrx_word' id='word_1_437' title='bbox 53 2788 127 2811; x_wconf 89' lang='lat' dir='ltr'>curn</span> <span class='ocrx_word' id='word_1_438' title='bbox 149 2778 222 2811; x_wconf 56' lang='lat'>211.</span> <span class='ocrx_word' id='word_1_439' title='bbox 257 2779 363 2812; x_wconf 84' lang='lat' dir='ltr'>Tabb.</span> <span class='ocrx_word' id='word_1_440' title='bbox 390 2780 494 2813; x_wconf 87' lang='lat' dir='ltr'>rursus</span> <span class='ocrx_word' id='word_1_441' title='bbox 521 2782 711 2822; x_wconf 79' lang='lat' dir='ltr'>conquisitas</span> <span class='ocrx_word' id='word_1_442' title='bbox 731 2781 794 2814; x_wconf 82' lang='lat' dir='ltr'>effe</span> <span class='ocrx_word' id='word_1_443' title='bbox 810 2791 849 2813; x_wconf 90' lang='lat' dir='ltr'>au</span> <span class='ocrx_word' id='word_1_444' title='bbox 882 2790 919 2813; x_wconf 90' lang='lat' dir='ltr'>or</span> 
     </span>
     <span class='ocr_line' id='line_1_62' title="bbox 54 2819 920 2866; baseline 0.003 -15"><span class='ocrx_word' id='word_1_445' title='bbox 54 2819 102 2852; x_wconf 88' lang='lat' dir='ltr'>est</span> <span class='ocrx_word' id='word_1_446' title='bbox 126 2819 239 2852; x_wconf 82' lang='lat' dir='ltr'>Livms</span> <span class='ocrx_word' id='word_1_447' title='bbox 265 2819 304 2853; x_wconf 87' lang='lat' dir='ltr'>L.</span> <span class='ocrx_word' id='word_1_448' title='bbox 335 2821 392 2854; x_wconf 92' lang='lat' dir='ltr'>VI.</span> <span class='ocrx_word' id='word_1_449' title='bbox 425 2824 457 2855; x_wconf 91' lang='lat' dir='ltr'>C.</span> <span class='ocrx_word' id='word_1_450' title='bbox 490 2832 518 2855; x_wconf 89' lang='lat'>1.</span> <span class='ocrx_word' id='word_1_451' title='bbox 547 2823 733 2866; x_wconf 82' lang='lat' dir='ltr'>exstantque</span> <span class='ocrx_word' id='word_1_452' title='bbox 746 2824 920 2855; x_wconf 90' lang='lat' dir='ltr'>etiamnum</span> 
     </span>
     <span class='ocr_line' id='line_1_63' title="bbox 54 2860 918 2907; baseline 0.002 -14"><span class='ocrx_word' id='word_1_453' title='bbox 54 2860 156 2893; x_wconf 85' lang='lat' dir='ltr'>multa</span> <span class='ocrx_word' id='word_1_454' title='bbox 184 2870 290 2906; x_wconf 77' lang='lat' dir='ltr'>carum</span> <span class='ocrx_word' id='word_1_455' title='bbox 319 2861 440 2907; x_wconf 82' lang='lat' dir='ltr'>Legum</span> <span class='ocrx_word' id='word_1_456' title='bbox 471 2863 647 2906; x_wconf 84' lang='lat' dir='ltr'>fragmenta</span> <span class='ocrx_word' id='word_1_457' title='bbox 667 2890 676 2905; x_wconf 94' lang='lat'>,</span> <span class='ocrx_word' id='word_1_458' title='bbox 708 2865 747 2897; x_wconf 90' lang='lat' dir='ltr'>ab</span> <span class='ocrx_word' id='word_1_459' title='bbox 773 2864 918 2897; x_wconf 87' lang='lat' dir='ltr'>Antonio</span> 
     </span>
     <span class='ocr_line' id='line_1_64' title="bbox 55 2901 920 2948; baseline 0.005 -15"><span class='ocrx_word' id='word_1_460' title='bbox 55 2901 154 2933; x_wconf 88' lang='lat' dir='ltr'>Claro</span> <span class='ocrx_word' id='word_1_461' title='bbox 167 2901 282 2944; x_wconf 78' lang='lat' dir='ltr'>Sylvro</span> <span class='ocrx_word' id='word_1_462' title='bbox 298 2902 428 2944; x_wconf 80' lang='lat' dir='ltr'>aliisque</span> <span class='ocrx_word' id='word_1_463' title='bbox 453 2905 606 2946; x_wconf 67' lang='lat' dir='ltr'>collecta,</span> <span class='ocrx_word' id='word_1_464' title='bbox 631 2907 716 2939; x_wconf 88' lang='lat' dir='ltr'>edita</span> <span class='ocrx_word' id='word_1_465' title='bbox 734 2907 765 2939; x_wconf 69' lang='grc' dir='ltr'>ὀί</span> <span class='ocrx_word' id='word_1_466' title='bbox 782 2905 920 2948; x_wconf 80' lang='lat' dir='ltr'>explica-</span> 
     </span>
    </p>
   </div>
   <div class='ocr_carea' id='block_1_8' title="bbox 54 2983 922 3236">
    <p class='ocr_par' dir='ltr' id='par_1_8' title="bbox 58 2983 920 3072">
     <span class='ocr_line' id='line_1_65' title="bbox 58 2983 920 3033; baseline 0.006 -18"><span class='ocrx_word' id='word_1_467' title='bbox 58 3026 71 3031; x_wconf 30' lang='grc' dir='ltr'><em>ς</em></span> <span class='ocrx_word' id='word_1_468' title='bbox 100 2983 262 3025; x_wconf 75' lang='lat' dir='ltr'>Rerumque</span> <span class='ocrx_word' id='word_1_469' title='bbox 277 2985 362 3032; x_wconf 60' lang='lat' dir='ltr'>coepit</span> <span class='ocrx_word' id='word_1_470' title='bbox 377 2984 504 3033; x_wconf 65' lang='lat' dir='ltr'>Populus</span> <span class='ocrx_word' id='word_1_471' title='bbox 521 2987 670 3022; x_wconf 85' lang='lat' dir='ltr'>Romanus</span> <span class='ocrx_word' id='word_1_472' title='bbox 694 2991 804 3022; x_wconf 76' lang='lat' dir='ltr'>incerto</span> <span class='ocrx_word' id='word_1_473' title='bbox 823 2990 920 3032; x_wconf 84' lang='lat' dir='ltr'>magis</span> 
     </span>
     <span class='ocr_line' id='line_1_66' title="bbox 71 3023 918 3072; baseline 0.006 -15"><span class='ocrx_word' id='word_1_474' title='bbox 71 3035 120 3057; x_wconf 82' lang='lat' dir='ltr'>ure</span> <span class='ocrx_word' id='word_1_475' title='bbox 145 3023 181 3060; x_wconf 65' lang='grc' dir='ltr'>ὃ)</span> <span class='ocrx_word' id='word_1_476' title='bbox 200 3025 400 3067; x_wconf 75' lang='lat' dir='ltr'>consuetudine</span> <span class='ocrx_word' id='word_1_477' title='bbox 419 3027 483 3066; x_wconf 73' lang='lat' dir='ltr'>ali,</span> <span class='ocrx_word' id='word_1_478' title='bbox 511 3038 598 3070; x_wconf 79' lang='lat' dir='ltr'>qaam</span> <span class='ocrx_word' id='word_1_479' title='bbox 612 3037 666 3072; x_wconf 85' lang='lat' dir='ltr'>per</span> <span class='ocrx_word' id='word_1_480' title='bbox 682 3031 775 3064; x_wconf 81' lang='lat' dir='ltr'>latam</span> <span class='ocrx_word' id='word_1_481' title='bbox 795 3031 840 3063; x_wconf 87' lang='lat' dir='ltr'>Le</span> <span class='ocrx_word' id='word_1_482' title='bbox 864 3041 918 3062; x_wconf 88' lang='lat' dir='ltr'>em.</span> 
     </span>
    </p>

    <p class='ocr_par' dir='ltr' id='par_1_9' title="bbox 54 3066 922 3236">
     <span class='ocr_line' id='line_1_67' title="bbox 92 3066 921 3112; baseline 0.007 -15"><span class='ocrx_word' id='word_1_483' title='bbox 92 3066 259 3112; x_wconf 83' lang='lat' dir='ltr'>aloander‚</span> <span class='ocrx_word' id='word_1_484' title='bbox 284 3067 402 3108; x_wconf 80' lang='lat' dir='ltr'>perlata</span> <span class='ocrx_word' id='word_1_485' title='bbox 427 3068 513 3110; x_wconf 85' lang='lat' dir='ltr'>lege,</span> <span class='ocrx_word' id='word_1_486' title='bbox 541 3069 594 3102; x_wconf 84' lang='lat' dir='ltr'>sed</span> <span class='ocrx_word' id='word_1_487' title='bbox 612 3072 716 3104; x_wconf 90' lang='lat' dir='ltr'>vincit</span> <span class='ocrx_word' id='word_1_488' title='bbox 735 3073 832 3105; x_wconf 60' lang='lat' dir='ltr'>lettio</span> <span class='ocrx_word' id='word_1_489' title='bbox 875 3072 921 3104; x_wconf 93' lang='lat' dir='ltr'>lo-</span> 
     </span>
     <span class='ocr_line' id='line_1_68' title="bbox 54 3108 921 3154; baseline 0.006 -15"><span class='ocrx_word' id='word_1_490' title='bbox 54 3115 190 3154; x_wconf 74' lang='lat' dir='ltr'>rentina.</span> <span class='ocrx_word' id='word_1_491' title='bbox 234 3108 346 3154; x_wconf 76' lang='lat' dir='ltr'>Latum</span> <span class='ocrx_word' id='word_1_492' title='bbox 368 3116 473 3140; x_wconf 89' lang='lat' dir='ltr'>autem</span> <span class='ocrx_word' id='word_1_493' title='bbox 491 3110 604 3153; x_wconf 84' lang='lat' dir='ltr'>Legem</span> <span class='ocrx_word' id='word_1_494' title='bbox 617 3113 754 3154; x_wconf 88' lang='lat' dir='ltr'>appellat</span> <span class='ocrx_word' id='word_1_495' title='bbox 777 3114 827 3154; x_wconf 78' lang='lat' dir='ltr'>ius</span> <span class='ocrx_word' id='word_1_496' title='bbox 844 3122 921 3144; x_wconf 87' lang='lat' dir='ltr'>con-</span> 
     </span>
     <span class='ocr_line' id='line_1_69' title="bbox 54 3148 921 3196; baseline 0.002 -14"><span class='ocrx_word' id='word_1_497' title='bbox 54 3148 224 3196; x_wconf 78' lang='lat' dir='ltr'>stitutum,</span> <span class='ocrx_word' id='word_1_498' title='bbox 247 3149 341 3196; x_wconf 70' lang='lat' dir='ltr'>idque</span> <span class='ocrx_word' id='word_1_499' title='bbox 363 3151 500 3196; x_wconf 71' lang='lat' dir='ltr'>opponit</span> <span class='ocrx_word' id='word_1_500' title='bbox 517 3151 577 3184; x_wconf 90' lang='lat' dir='ltr'>iuri</span> <span class='ocrx_word' id='word_1_501' title='bbox 600 3153 724 3186; x_wconf 86' lang='lat' dir='ltr'>incerto</span> <span class='ocrx_word' id='word_1_502' title='bbox 743 3155 775 3186; x_wconf 64' lang='grc' dir='ltr'>ὅς</span> <span class='ocrx_word' id='word_1_503' title='bbox 791 3153 921 3186; x_wconf 90' lang='lat' dir='ltr'>consue-</span> 
     </span>
     <span class='ocr_line' id='line_1_70' title="bbox 54 3190 922 3236; baseline 0.005 -15"><span class='ocrx_word' id='word_1_504' title='bbox 54 3190 170 3222; x_wconf 78' lang='lat' dir='ltr'>tudini.</span> <span class='ocrx_word' id='word_1_505' title='bbox 213 3191 345 3222; x_wconf 84' lang='lat' dir='ltr'>Scilicet</span> <span class='ocrx_word' id='word_1_506' title='bbox 357 3199 401 3222; x_wconf 90' lang='lat' dir='ltr'>.ut</span> <span class='ocrx_word' id='word_1_507' title='bbox 420 3192 515 3223; x_wconf 87' lang='lat' dir='ltr'>initio</span> <span class='ocrx_word' id='word_1_508' title='bbox 531 3192 682 3226; x_wconf 81' lang='lat' dir='ltr'>Civitatis</span> <span class='ocrx_word' id='word_1_509' title='bbox 699 3194 840 3236; x_wconf 90' lang='lat' dir='ltr'>Populus</span> <span class='ocrx_word' id='word_1_510' title='bbox 859 3194 922 3227; x_wconf 89' lang='lat' dir='ltr'>sine</span> 
     </span>
    </p>
   </div>
   <div class='ocr_carea' id='block_1_9' title="bbox 57 3230 923 3303">
    <p class='ocr_par' dir='ltr' id='par_1_10' title="bbox 57 3230 923 3303">
     <span class='ocr_line' id='line_1_71' title="bbox 57 3230 923 3303; baseline 0.005 -40"><span class='ocrx_word' id='word_1_511' title='bbox 57 3230 128 3303; x_wconf 45' lang='lat' dir='ltr'>[ure</span> <span class='ocrx_word' id='word_1_512' title='bbox 157 3238 248 3266; x_wconf 89' lang='lat' dir='ltr'>certo</span> <span class='ocrx_word' id='word_1_513' title='bbox 268 3231 404 3274; x_wconf 78' lang='lat' dir='ltr'>agebat,</span> <span class='ocrx_word' id='word_1_514' title='bbox 437 3231 480 3266; x_wconf 88' lang='lat' dir='ltr'>fic</span> <span class='ocrx_word' id='word_1_515' title='bbox 496 3232 649 3270; x_wconf 84' lang='lat' dir='ltr'>obsoletis</span> <span class='ocrx_word' id='word_1_516' title='bbox 665 3235 827 3278; x_wconf 87' lang='lat' dir='ltr'>Legibus,</span> <span class='ocrx_word' id='word_1_517' title='bbox 848 3245 923 3277; x_wconf 89' lang='lat' dir='ltr'>quas</span> 
     </span>
    </p>
   </div>
   <div class='ocr_carea' id='block_1_10' title="bbox 1737 124 1806 162">
    <p class='ocr_par' dir='ltr' id='par_1_11' title="bbox 1737 124 1806 162">
     <span class='ocr_line' id='line_1_72' title="bbox 1737 124 1806 162; baseline 0 0"><span class='ocrx_word' id='word_1_518' title='bbox 1737 124 1806 162; x_wconf 75' lang='lat'>309</span> 
     </span>
    </p>
   </div>
   <div class='ocr_carea' id='block_1_11' title="bbox 936 195 1866 3272">
    <p class='ocr_par' dir='ltr' id='par_1_12' title="bbox 936 195 1866 3272">
     <span class='ocr_line' id='line_1_73' title="bbox 936 195 1810 241; baseline -0.005 -9"><span class='ocrx_word' id='word_1_519' title='bbox 936 201 1038 241; x_wconf 81' lang='lat' dir='ltr'>Reges</span> <span class='ocrx_word' id='word_1_520' title='bbox 1062 200 1217 238; x_wconf 85' lang='lat' dir='ltr'>tulerant,</span> <span class='ocrx_word' id='word_1_521' title='bbox 1249 198 1287 230; x_wconf 86' lang='lat' dir='ltr'>ad</span> <span class='ocrx_word' id='word_1_522' title='bbox 1306 199 1444 239; x_wconf 81' lang='lat' dir='ltr'>priorem</span> <span class='ocrx_word' id='word_1_523' title='bbox 1467 198 1590 230; x_wconf 81' lang='lat' dir='ltr'>causam</span> <span class='ocrx_word' id='word_1_524' title='bbox 1612 197 1724 235; x_wconf 82' lang='lat' dir='ltr'>rediit,</span> <span class='ocrx_word' id='word_1_525' title='bbox 1750 195 1810 227; x_wconf 79' lang='lat' dir='ltr'>hac</span> 
     </span>
     <span class='ocr_line' id='line_1_74' title="bbox 938 237 1812 280; baseline -0.005 -7"><span class='ocrx_word' id='word_1_526' title='bbox 938 251 1042 274; x_wconf 78' lang='lat' dir='ltr'>tamen</span> <span class='ocrx_word' id='word_1_527' title='bbox 1066 240 1264 279; x_wconf 84' lang='lat' dir='ltr'>differentia,</span> <span class='ocrx_word' id='word_1_528' title='bbox 1298 248 1334 271; x_wconf 85' lang='lat' dir='ltr'>ut</span> <span class='ocrx_word' id='word_1_529' title='bbox 1359 241 1413 280; x_wconf 86' lang='lat' dir='ltr'>qui</span> <span class='ocrx_word' id='word_1_530' title='bbox 1440 247 1513 270; x_wconf 86' lang='lat' dir='ltr'>ante</span> <span class='ocrx_word' id='word_1_531' title='bbox 1533 250 1652 271; x_wconf 74' lang='lat' dir='ltr'>manna</span> <span class='ocrx_word' id='word_1_532' title='bbox 1672 237 1812 279; x_wconf 79' lang='lat' dir='ltr'>Regibus</span> 
     </span>
     <span class='ocr_line' id='line_1_75' title="bbox 936 279 1807 326; baseline -0.008 -10"><span class='ocrx_word' id='word_1_533' title='bbox 936 283 1192 326; x_wconf 84' lang='lat' dir='ltr'>gubernabatur,</span> <span class='ocrx_word' id='word_1_534' title='bbox 1213 291 1297 313; x_wconf 87' lang='lat' dir='ltr'>nunc</span> <span class='ocrx_word' id='word_1_535' title='bbox 1314 290 1404 312; x_wconf 77' lang='lat' dir='ltr'>man-ii</span> <span class='ocrx_word' id='word_1_536' title='bbox 1416 290 1433 311; x_wconf 86' lang='lat' dir='ltr'>a</span> <span class='ocrx_word' id='word_1_537' title='bbox 1450 279 1642 312; x_wconf 81' lang='lat' dir='ltr'>Consulibus</span> <span class='ocrx_word' id='word_1_538' title='bbox 1656 280 1807 321; x_wconf 81' lang='lat' dir='ltr'>guberna-</span> 
     </span>
     <span class='ocr_line' id='line_1_76' title="bbox 939 318 1810 363; baseline -0.009 -5"><span class='ocrx_word' id='word_1_539' title='bbox 939 333 1036 358; x_wconf 87' lang='lat' dir='ltr'>retur.</span> <span class='ocrx_word' id='word_1_540' title='bbox 1081 324 1244 357; x_wconf 81' lang='lat' dir='ltr'>Sententia</span> <span class='ocrx_word' id='word_1_541' title='bbox 1274 321 1443 363; x_wconf 89' lang='lat' dir='ltr'>Pomponii</span> <span class='ocrx_word' id='word_1_542' title='bbox 1470 320 1632 362; x_wconf 80' lang='lat' dir='ltr'>perspicua</span> <span class='ocrx_word' id='word_1_543' title='bbox 1659 319 1724 359; x_wconf 86' lang='lat' dir='ltr'>est,</span> <span class='ocrx_word' id='word_1_544' title='bbox 1758 318 1810 351; x_wconf 91' lang='lat' dir='ltr'>sed</span> 
     </span>
     <span class='ocr_line' id='line_1_77' title="bbox 941 359 1814 409; baseline -0.01 -9"><span class='ocrx_word' id='word_1_545' title='bbox 941 376 1045 400; x_wconf 85' lang='lat' dir='ltr'>tamen</span> <span class='ocrx_word' id='word_1_546' title='bbox 1060 376 1121 409; x_wconf 89' lang='lat' dir='ltr'>qua</span> <span class='ocrx_word' id='word_1_547' title='bbox 1139 365 1263 397; x_wconf 82' lang='lat' dir='ltr'>ratione</span> <span class='ocrx_word' id='word_1_548' title='bbox 1279 364 1416 403; x_wconf 84' lang='lat' dir='ltr'>dixerit,</span> <span class='ocrx_word' id='word_1_549' title='bbox 1442 362 1599 404; x_wconf 88' lang='lat' dir='ltr'>Populum</span> <span class='ocrx_word' id='word_1_550' title='bbox 1624 362 1661 393; x_wconf 87' lang='lat' dir='ltr'>R.</span> <span class='ocrx_word' id='word_1_551' title='bbox 1684 359 1814 407; x_wconf 74' lang='lat' dir='ltr'>coepisse</span> 
     </span>
     <span class='ocr_line' id='line_1_78' title="bbox 940 404 1813 449; baseline -0.01 -8"><span class='ocrx_word' id='word_1_552' title='bbox 940 408 1044 441; x_wconf 83' lang='lat' dir='ltr'>rursus</span> <span class='ocrx_word' id='word_1_553' title='bbox 1065 409 1137 449; x_wconf 88' lang='lat' dir='ltr'>Jure</span> <span class='ocrx_word' id='word_1_554' title='bbox 1155 407 1279 439; x_wconf 88' lang='lat' dir='ltr'>incerto</span> <span class='ocrx_word' id='word_1_555' title='bbox 1298 406 1328 439; x_wconf 65' lang='grc' dir='ltr'>ὅς</span> <span class='ocrx_word' id='word_1_556' title='bbox 1343 404 1572 437; x_wconf 89' lang='lat' dir='ltr'>consuetudine</span> <span class='ocrx_word' id='word_1_557' title='bbox 1583 404 1625 435; x_wconf 79' lang='lat' dir='ltr'>cili</span> <span class='ocrx_word' id='word_1_558' title='bbox 1634 425 1645 441; x_wconf 89' lang='lat'>,</span> <span class='ocrx_word' id='word_1_559' title='bbox 1657 405 1813 439; x_wconf 80' lang='lat' dir='ltr'>nonium,</span> 
     </span>
     <span class='ocr_line' id='line_1_79' title="bbox 940 443 1813 492; baseline -0.009 -11"><span class='ocrx_word' id='word_1_560' title='bbox 940 451 994 492; x_wconf 86' lang='lat' dir='ltr'>qui</span> <span class='ocrx_word' id='word_1_561' title='bbox 1036 449 1210 491; x_wconf 85' lang='lat' dir='ltr'>erspiciam.</span> <span class='ocrx_word' id='word_1_562' title='bbox 1255 447 1332 480; x_wconf 90' lang='lat' dir='ltr'>Non</span> <span class='ocrx_word' id='word_1_563' title='bbox 1343 446 1546 484; x_wconf 82' lang='lat' dir='ltr'>vescebatur,</span> <span class='ocrx_word' id='word_1_564' title='bbox 1568 446 1683 483; x_wconf 84' lang='lat' dir='ltr'>credo,</span> <span class='ocrx_word' id='word_1_565' title='bbox 1710 443 1813 483; x_wconf 82' lang='lat' dir='ltr'>Popu-</span> 
     </span>
     <span class='ocr_line' id='line_1_80' title="bbox 941 460 1814 532; baseline -0.011 -8"><span class='ocrx_word' id='word_1_566' title='bbox 941 493 988 524; x_wconf 88' lang='lat' dir='ltr'>lus</span> <span class='ocrx_word' id='word_1_567' title='bbox 1008 460 1081 532; x_wconf 57' lang='lat' dir='ltr'>fure</span> <span class='ocrx_word' id='word_1_568' title='bbox 1099 491 1222 523; x_wconf 90' lang='lat' dir='ltr'>incerto</span> <span class='ocrx_word' id='word_1_569' title='bbox 1246 491 1275 522; x_wconf 62' lang='grc' dir='ltr'><strong>ἃ</strong></span> <span class='ocrx_word' id='word_1_570' title='bbox 1297 487 1544 525; x_wconf 83' lang='lat' dir='ltr'>consuetudine,</span> <span class='ocrx_word' id='word_1_571' title='bbox 1578 486 1628 518; x_wconf 87' lang='lat' dir='ltr'>sed</span> <span class='ocrx_word' id='word_1_572' title='bbox 1647 484 1814 517; x_wconf 81' lang='lat' dir='ltr'>utebatur:</span> 
     </span>
     <span class='ocr_line' id='line_1_81' title="bbox 940 525 1815 575; baseline -0.01 -11"><span class='ocrx_word' id='word_1_573' title='bbox 940 533 1021 564; x_wconf 85' lang='lat' dir='ltr'>unde</span> <span class='ocrx_word' id='word_1_574' title='bbox 1045 543 1103 575; x_wconf 87' lang='lat' dir='ltr'>pro</span> <span class='ocrx_word' id='word_1_575' title='bbox 1128 532 1328 572; x_wconf 59' lang='lat' dir='ltr'>consuetudine</span> <span class='ocrx_word' id='word_1_576' title='bbox 1350 530 1411 569; x_wconf 78' lang='lat' dir='ltr'>ali,</span> <span class='ocrx_word' id='word_1_577' title='bbox 1443 530 1475 561; x_wconf 88' lang='lat' dir='ltr'>in</span> <span class='ocrx_word' id='word_1_578' title='bbox 1498 528 1636 569; x_wconf 81' lang='lat' dir='ltr'>antiquis</span> <span class='ocrx_word' id='word_1_579' title='bbox 1656 525 1815 559; x_wconf 85' lang='lat' dir='ltr'>Editioni-</span> 
     </span>
     <span class='ocr_line' id='line_1_82' title="bbox 940 567 1816 620; baseline -0.008 -15"><span class='ocrx_word' id='word_1_580' title='bbox 940 574 1017 620; x_wconf 75' lang='lat' dir='ltr'>bus,</span> <span class='ocrx_word' id='word_1_581' title='bbox 1046 576 1077 607; x_wconf 62' lang='lat' dir='ltr'>&lt;Sc</span> <span class='ocrx_word' id='word_1_582' title='bbox 1103 574 1184 615; x_wconf 85' lang='lat' dir='ltr'>apud</span> <span class='ocrx_word' id='word_1_583' title='bbox 1214 572 1432 605; x_wconf 73' lang='lat' dir='ltr'>llaloandrum</span> <span class='ocrx_word' id='word_1_584' title='bbox 1448 593 1459 610; x_wconf 91' lang='lat'>,</span> <span class='ocrx_word' id='word_1_585' title='bbox 1485 571 1515 602; x_wconf 68' lang='grc' dir='ltr'>ὃ(</span> <span class='ocrx_word' id='word_1_586' title='bbox 1533 571 1565 602; x_wconf 89' lang='lat' dir='ltr'>in</span> <span class='ocrx_word' id='word_1_587' title='bbox 1585 569 1678 602; x_wconf 83' lang='lat' dir='ltr'>MSS.</span> <span class='ocrx_word' id='word_1_588' title='bbox 1703 567 1782 600; x_wconf 83' lang='lat' dir='ltr'>meis</span> <span class='ocrx_word' id='word_1_589' title='bbox 1804 587 1816 603; x_wconf 86' lang='lat'>‚</span> 
     </span>
     <span class='ocr_line' id='line_1_83' title="bbox 941 610 1816 656; baseline -0.011 -9"><span class='ocrx_word' id='word_1_590' title='bbox 941 615 1145 655; x_wconf 77' lang='lat' dir='ltr'>reicribitur,</span> <span class='ocrx_word' id='word_1_591' title='bbox 1178 616 1378 656; x_wconf 56' lang='lat' dir='ltr'>cousuetudine</span> <span class='ocrx_word' id='word_1_592' title='bbox 1404 615 1472 652; x_wconf 72' lang='lat' dir='ltr'>uti,</span> <span class='ocrx_word' id='word_1_593' title='bbox 1498 612 1550 644; x_wconf 87' lang='lat' dir='ltr'>vel</span> <span class='ocrx_word' id='word_1_594' title='bbox 1564 610 1767 652; x_wconf 59' lang='lat' dir='ltr'>consuetudine</span> <span class='ocrx_word' id='word_1_595' title='bbox 1786 618 1816 638; x_wconf 78' lang='lat' dir='ltr'>a·</span> 
     </span>
     <span class='ocr_line' id='line_1_84' title="bbox 942 651 1814 699; baseline -0.009 -11"><span class='ocrx_word' id='word_1_596' title='bbox 942 658 1022 699; x_wconf 77' lang='lat' dir='ltr'>liqna</span> <span class='ocrx_word' id='word_1_597' title='bbox 1037 659 1093 688; x_wconf 71' lang='lat' dir='ltr'>uti.</span> <span class='ocrx_word' id='word_1_598' title='bbox 1139 657 1198 688; x_wconf 84' lang='lat' dir='ltr'>Sed</span> <span class='ocrx_word' id='word_1_599' title='bbox 1215 657 1252 688; x_wconf 77' lang='lat' dir='ltr'>ad</span> <span class='ocrx_word' id='word_1_600' title='bbox 1270 655 1438 697; x_wconf 79' lang='lat' dir='ltr'>vestigium</span> <span class='ocrx_word' id='word_1_601' title='bbox 1466 653 1598 686; x_wconf 85' lang='lat' dir='ltr'>Codicis</span> <span class='ocrx_word' id='word_1_602' title='bbox 1614 651 1730 694; x_wconf 84' lang='lat' dir='ltr'>optimi</span> <span class='ocrx_word' id='word_1_603' title='bbox 1754 658 1814 691; x_wconf 87' lang='lat' dir='ltr'>pro</span> 
     </span>
     <span class='ocr_line' id='line_1_85' title="bbox 942 692 1817 739; baseline -0.011 -8"><span class='ocrx_word' id='word_1_604' title='bbox 942 700 985 731; x_wconf 79' lang='lat' dir='ltr'>ali</span> <span class='ocrx_word' id='word_1_605' title='bbox 1000 699 1132 730; x_wconf 89' lang='lat' dir='ltr'>omnino</span> <span class='ocrx_word' id='word_1_606' title='bbox 1149 698 1365 739; x_wconf 65' lang='lat' dir='ltr'>reponendum</span> <span class='ocrx_word' id='word_1_607' title='bbox 1388 695 1432 728; x_wconf 92' lang='lat' dir='ltr'>est</span> <span class='ocrx_word' id='word_1_608' title='bbox 1456 697 1528 738; x_wconf 73' lang='lat' dir='ltr'>agi,</span> <span class='ocrx_word' id='word_1_609' title='bbox 1551 692 1817 737; x_wconf 80' lang='lat' dir='ltr'>quemadmodum</span> 
     </span>
     <span class='ocr_line' id='line_1_86' title="bbox 943 731 1819 775; baseline -0.01 -3"><span class='ocrx_word' id='word_1_610' title='bbox 943 741 974 773; x_wconf 73' lang='lat' dir='ltr'>«St</span> <span class='ocrx_word' id='word_1_611' title='bbox 992 740 1060 772; x_wconf 79' lang='lat' dir='ltr'>liaec</span> <span class='ocrx_word' id='word_1_612' title='bbox 1078 740 1172 772; x_wconf 73' lang='lat' dir='ltr'>ieffio</span> <span class='ocrx_word' id='word_1_613' title='bbox 1192 740 1274 771; x_wconf 82' lang='lat' dir='ltr'>intcr</span> <span class='ocrx_word' id='word_1_614' title='bbox 1292 739 1450 771; x_wconf 76' lang='lat' dir='ltr'>variantes</span> <span class='ocrx_word' id='word_1_615' title='bbox 1468 745 1619 775; x_wconf 78' lang='lat' dir='ltr'>notatur,</span> <span class='ocrx_word' id='word_1_616' title='bbox 1641 734 1729 767; x_wconf 85' lang='lat' dir='ltr'>forte</span> <span class='ocrx_word' id='word_1_617' title='bbox 1745 731 1819 774; x_wconf 84' lang='lat' dir='ltr'>post</span> 
     </span>
     <span class='ocr_line' id='line_1_87' title="bbox 942 774 1816 818; baseline -0.01 -4"><span class='ocrx_word' id='word_1_618' title='bbox 942 782 1195 814; x_wconf 80' lang='lat' dir='ltr'>emendationem</span> <span class='ocrx_word' id='word_1_619' title='bbox 1211 781 1333 812; x_wconf 71' lang='lat' dir='ltr'>Mureti</span> <span class='ocrx_word' id='word_1_620' title='bbox 1354 782 1384 813; x_wconf 70' lang='grc' dir='ltr'>ὃς</span> <span class='ocrx_word' id='word_1_621' title='bbox 1404 778 1556 812; x_wconf 82' lang='lat' dir='ltr'>Marcilii.</span> <span class='ocrx_word' id='word_1_622' title='bbox 1603 777 1775 818; x_wconf 87' lang='lat' dir='ltr'>Coepitque</span> <span class='ocrx_word' id='word_1_623' title='bbox 1792 774 1816 805; x_wconf 92' lang='lat' dir='ltr'>i-</span> 
     </span>
     <span class='ocr_line' id='line_1_88' title="bbox 944 816 1820 865; baseline -0.008 -10"><span class='ocrx_word' id='word_1_624' title='bbox 944 832 1045 855; x_wconf 82' lang='lat' dir='ltr'>terum</span> <span class='ocrx_word' id='word_1_625' title='bbox 1062 823 1202 865; x_wconf 79' lang='lat' dir='ltr'>Populus</span> <span class='ocrx_word' id='word_1_626' title='bbox 1230 824 1305 864; x_wconf 67' lang='lat' dir='ltr'>agi,</span> <span class='ocrx_word' id='word_1_627' title='bbox 1334 821 1364 853; x_wconf 83' lang='lat' dir='ltr'>id</span> <span class='ocrx_word' id='word_1_628' title='bbox 1384 820 1446 860; x_wconf 85' lang='lat' dir='ltr'>est,</span> <span class='ocrx_word' id='word_1_629' title='bbox 1471 821 1536 862; x_wconf 70' lang='lat' dir='ltr'>regi*</span> <span class='ocrx_word' id='word_1_630' title='bbox 1555 819 1626 859; x_wconf 81' lang='lat' dir='ltr'>Jure</span> <span class='ocrx_word' id='word_1_631' title='bbox 1647 819 1771 851; x_wconf 86' lang='lat' dir='ltr'>incerto</span> <span class='ocrx_word' id='word_1_632' title='bbox 1788 816 1820 847; x_wconf 85' lang='lat'>&amp;</span> 
     </span>
     <span class='ocr_line' id='line_1_89' title="bbox 942 857 1817 911; baseline -0.008 -15"><span class='ocrx_word' id='word_1_633' title='bbox 942 864 1182 897; x_wconf 82' lang='lat' dir='ltr'>consuetudine.</span> <span class='ocrx_word' id='word_1_634' title='bbox 1229 865 1306 911; x_wconf 79' lang='lat' dir='ltr'>Quo</span> <span class='ocrx_word' id='word_1_635' title='bbox 1322 863 1408 896; x_wconf 84' lang='lat' dir='ltr'>sensu</span> <span class='ocrx_word' id='word_1_636' title='bbox 1426 872 1512 902; x_wconf 67' lang='lat' dir='ltr'>agere</span> <span class='ocrx_word' id='word_1_637' title='bbox 1529 860 1754 902; x_wconf 68' lang='lat' dir='ltr'>Rempiioli&#39;cam</span> <span class='ocrx_word' id='word_1_638' title='bbox 1771 857 1817 889; x_wconf 83' lang='lat' dir='ltr'>di-</span> 
     </span>
     <span class='ocr_line' id='line_1_90' title="bbox 943 901 1819 948; baseline -0.009 -10"><span class='ocrx_word' id='word_1_639' title='bbox 943 907 992 939; x_wconf 85' lang='lat' dir='ltr'>xit</span> <span class='ocrx_word' id='word_1_640' title='bbox 1009 906 1211 948; x_wconf 82' lang='lat' dir='ltr'>Capitolinus</span> <span class='ocrx_word' id='word_1_641' title='bbox 1230 906 1260 937; x_wconf 76' lang='lat' dir='ltr'>iii</span> <span class='ocrx_word' id='word_1_642' title='bbox 1284 905 1399 937; x_wconf 57' lang='lat' dir='ltr'>Asinii.</span> <span class='ocrx_word' id='word_1_643' title='bbox 1425 903 1535 945; x_wconf 52' lang='lat' dir='ltr'>Psilos.</span> <span class='ocrx_word' id='word_1_644' title='bbox 1562 904 1593 935; x_wconf 91' lang='lat' dir='ltr'>C.</span> <span class='ocrx_word' id='word_1_645' title='bbox 1621 912 1670 934; x_wconf 83' lang='lat'>20.</span> <span class='ocrx_word' id='word_1_646' title='bbox 1696 901 1727 933; x_wconf 66' lang='grc' dir='ltr'>ὃς</span> <span class='ocrx_word' id='word_1_647' title='bbox 1748 909 1819 942; x_wconf 81' lang='lat' dir='ltr'>age-</span> 
     </span>
     <span class='ocr_line' id='line_1_91' title="bbox 942 942 1817 990; baseline -0.009 -10"><span class='ocrx_word' id='word_1_648' title='bbox 942 958 972 980; x_wconf 84' lang='lat' dir='ltr'>re</span> <span class='ocrx_word' id='word_1_649' title='bbox 990 950 1097 990; x_wconf 74' lang='lat' dir='ltr'>equites</span> <span class='ocrx_word' id='word_1_650' title='bbox 1115 949 1145 981; x_wconf 73' lang='grc' dir='ltr'>δε</span> <span class='ocrx_word' id='word_1_651' title='bbox 1163 948 1325 989; x_wconf 69' lang='lat' dir='ltr'>legionem,</span> <span class='ocrx_word' id='word_1_652' title='bbox 1347 947 1430 978; x_wconf 85' lang='lat' dir='ltr'>idem</span> <span class='ocrx_word' id='word_1_653' title='bbox 1450 946 1482 978; x_wconf 91' lang='lat' dir='ltr'>in</span> <span class='ocrx_word' id='word_1_654' title='bbox 1506 944 1617 976; x_wconf 77' lang='lat' dir='ltr'>Albino</span> <span class='ocrx_word' id='word_1_655' title='bbox 1641 944 1672 975; x_wconf 91' lang='lat' dir='ltr'>C.</span> <span class='ocrx_word' id='word_1_656' title='bbox 1694 946 1723 974; x_wconf 90' lang='lat'>6.</span> <span class='ocrx_word' id='word_1_657' title='bbox 1772 942 1817 973; x_wconf 83' lang='lat' dir='ltr'>A·</span> 
     </span>
     <span class='ocr_line' id='line_1_92' title="bbox 944 985 1815 1031; baseline -0.009 -9"><span class='ocrx_word' id='word_1_658' title='bbox 944 992 1040 1022; x_wconf 57' lang='lat' dir='ltr'>nitore</span> <span class='ocrx_word' id='word_1_659' title='bbox 1059 990 1282 1031; x_wconf 65' lang='lat' dir='ltr'>Reinpubls&#39;ciziii</span> <span class='ocrx_word' id='word_1_660' title='bbox 1296 986 1461 1020; x_wconf 85' lang='lat' dir='ltr'>Sallustius</span> <span class='ocrx_word' id='word_1_661' title='bbox 1480 986 1556 1018; x_wconf 58' lang='lat' dir='ltr'>Beli.</span> <span class='ocrx_word' id='word_1_662' title='bbox 1575 986 1698 1017; x_wconf 59' lang='lat' dir='ltr'>Csitil&#39;n.</span> <span class='ocrx_word' id='word_1_663' title='bbox 1718 985 1749 1015; x_wconf 91' lang='lat' dir='ltr'>C.</span> <span class='ocrx_word' id='word_1_664' title='bbox 1762 988 1815 1025; x_wconf 77' lang='lat'>38.</span> 
     </span>
     <span class='ocr_line' id='line_1_93' title="bbox 942 1019 1817 1073; baseline -0.01 -9"><span class='ocrx_word' id='word_1_665' title='bbox 942 1019 979 1065; x_wconf 64' lang='lat' dir='ltr'>sn</span> <span class='ocrx_word' id='word_1_666' title='bbox 995 1032 1125 1063; x_wconf 87' lang='lat' dir='ltr'>eandem</span> <span class='ocrx_word' id='word_1_667' title='bbox 1143 1040 1269 1073; x_wconf 82' lang='lat' dir='ltr'>quoque</span> <span class='ocrx_word' id='word_1_668' title='bbox 1291 1029 1478 1062; x_wconf 84' lang='lat' dir='ltr'>sententiam</span> <span class='ocrx_word' id='word_1_669' title='bbox 1498 1029 1607 1069; x_wconf 60' lang='lat' dir='ltr'>against</span> <span class='ocrx_word' id='word_1_670' title='bbox 1626 1035 1710 1057; x_wconf 79' lang='lat' dir='ltr'>voce</span> <span class='ocrx_word' id='word_1_671' title='bbox 1727 1024 1817 1056; x_wconf 82' lang='lat' dir='ltr'>usum</span> 
     </span>
     <span class='ocr_line' id='line_1_94' title="bbox 943 1064 1818 1116; baseline -0.002 -14"><span class='ocrx_word' id='word_1_672' title='bbox 943 1082 1023 1116; x_wconf 77' lang='lat' dir='ltr'>puto</span> <span class='ocrx_word' id='word_1_673' title='bbox 1040 1072 1214 1105; x_wconf 85' lang='lat' dir='ltr'>Asconiuin</span> <span class='ocrx_word' id='word_1_674' title='bbox 1241 1072 1279 1103; x_wconf 86' lang='lat' dir='ltr'>ad</span> <span class='ocrx_word' id='word_1_675' title='bbox 1305 1073 1398 1102; x_wconf 70' lang='lat' dir='ltr'>Cicer.</span> <span class='ocrx_word' id='word_1_676' title='bbox 1430 1070 1554 1101; x_wconf 64' lang='lat' dir='ltr'>Verria.</span> <span class='ocrx_word' id='word_1_677' title='bbox 1581 1070 1613 1099; x_wconf 78' lang='lat' dir='ltr'>de</span> <span class='ocrx_word' id='word_1_678' title='bbox 1637 1068 1754 1108; x_wconf 73' lang='lat' dir='ltr'>Jiii-isci.</span> <span class='ocrx_word' id='word_1_679' title='bbox 1781 1064 1818 1100; x_wconf 63' lang='grc' dir='ltr'>ξ’]</span> 
     </span>
     <span class='ocr_line' id='line_1_95' title="bbox 946 1107 1819 1155; baseline -0.01 -8"><span class='ocrx_word' id='word_1_680' title='bbox 946 1116 1036 1147; x_wconf 72' lang='lat' dir='ltr'>Praet.</span> <span class='ocrx_word' id='word_1_681' title='bbox 1070 1115 1156 1147; x_wconf 79' lang='lat' dir='ltr'>Sicil.</span> <span class='ocrx_word' id='word_1_682' title='bbox 1179 1122 1211 1155; x_wconf 78' lang='lat' dir='ltr'>p.</span> <span class='ocrx_word' id='word_1_683' title='bbox 1239 1123 1275 1144; x_wconf 82' lang='lat' dir='ltr'>m.</span> <span class='ocrx_word' id='word_1_684' title='bbox 1311 1121 1379 1149; x_wconf 89' lang='lat'>119.</span> <span class='ocrx_word' id='word_1_685' title='bbox 1402 1120 1473 1143; x_wconf 78' lang='lat' dir='ltr'>nam</span> <span class='ocrx_word' id='word_1_686' title='bbox 1490 1110 1599 1142; x_wconf 76' lang='lat' dir='ltr'>adina</span> <span class='ocrx_word' id='word_1_687' title='bbox 1618 1107 1819 1147; x_wconf 72' lang='lat' dir='ltr'>&#39;l&#39;ullii,fiii&#39;s</span> 
     </span>
     <span class='ocr_line' id='line_1_96' title="bbox 947 1149 1819 1195; baseline -0.01 -6"><span class='ocrx_word' id='word_1_688' title='bbox 947 1157 1098 1194; x_wconf 49' lang='lat' dir='ltr'>Lemnis,</span> <span class='ocrx_word' id='word_1_689' title='bbox 1121 1165 1162 1187; x_wconf 81' lang='lat' dir='ltr'>ex</span> <span class='ocrx_word' id='word_1_690' title='bbox 1185 1155 1225 1189; x_wconf 89' lang='lat' dir='ltr'>L.</span> <span class='ocrx_word' id='word_1_691' title='bbox 1252 1154 1289 1186; x_wconf 85' lang='lat' dir='ltr'>H.</span> <span class='ocrx_word' id='word_1_692' title='bbox 1318 1154 1350 1185; x_wconf 91' lang='lat' dir='ltr'>C.</span> <span class='ocrx_word' id='word_1_693' title='bbox 1375 1163 1426 1195; x_wconf 78' lang='lat'>32.</span> <span class='ocrx_word' id='word_1_694' title='bbox 1450 1157 1553 1184; x_wconf 70' lang='lat' dir='ltr'>contra</span> <span class='ocrx_word' id='word_1_695' title='bbox 1575 1151 1613 1183; x_wconf 85' lang='lat' dir='ltr'><em>V</em></span> <span class='ocrx_word' id='word_1_696' title='bbox 1608 1161 1665 1182; x_wconf 76' lang='lat' dir='ltr'>err.</span> <span class='ocrx_word' id='word_1_697' title='bbox 1687 1150 1729 1181; x_wconf 88' lang='lat' dir='ltr'>sic</span> <span class='ocrx_word' id='word_1_698' title='bbox 1747 1149 1819 1181; x_wconf 80' lang='lat' dir='ltr'>scri-</span> 
     </span>
     <span class='ocr_line' id='line_1_97' title="bbox 944 1180 1820 1272; baseline -0.013 -41"><span class='ocrx_word' id='word_1_699' title='bbox 944 1180 1033 1272; x_wconf 38' lang='lat' dir='ltr'>pqliffi&#39;e</span> <span class='ocrx_word' id='word_1_700' title='bbox 1053 1198 1211 1229; x_wconf 86' lang='lat' dir='ltr'>creditur:</span> <span class='ocrx_word' id='word_1_701' title='bbox 1239 1195 1357 1227; x_wconf 70' lang='lat' dir='ltr'>Ssciiii&#39;s.</span> <span class='ocrx_word' id='word_1_702' title='bbox 1382 1195 1505 1226; x_wconf 73' lang='lat' dir='ltr'>Etenim</span> <span class='ocrx_word' id='word_1_703' title='bbox 1521 1193 1598 1234; x_wconf 67' lang='lat' dir='ltr'>apud</span> <span class='ocrx_word' id='word_1_704' title='bbox 1623 1192 1746 1223; x_wconf 83' lang='lat' dir='ltr'>Veteres</span> <span class='ocrx_word' id='word_1_705' title='bbox 1761 1200 1820 1220; x_wconf 74' lang='lat' dir='ltr'>non</span> 
     </span>
     <span class='ocr_line' id='line_1_98' title="bbox 978 1233 1821 1280; baseline -0.011 -9"><span class='ocrx_word' id='word_1_706' title='bbox 978 1250 1076 1272; x_wconf 71' lang='lat' dir='ltr'>ormino</span> <span class='ocrx_word' id='word_1_707' title='bbox 1098 1245 1213 1270; x_wconf 68' lang='lat' dir='ltr'>tantiam</span> <span class='ocrx_word' id='word_1_708' title='bbox 1239 1239 1337 1280; x_wconf 78' lang='lat' dir='ltr'>Jicre,</span> <span class='ocrx_word' id='word_1_709' title='bbox 1348 1235 1403 1278; x_wconf 82' lang='lat' dir='ltr'>sed</span> <span class='ocrx_word' id='word_1_710' title='bbox 1423 1234 1527 1277; x_wconf 68' lang='lat' dir='ltr'>&amp;suae</span> <span class='ocrx_word' id='word_1_711' title='bbox 1549 1235 1685 1276; x_wconf 76' lang='lat' dir='ltr'>cujusque</span> <span class='ocrx_word' id='word_1_712' title='bbox 1705 1233 1821 1264; x_wconf 70' lang='lat' dir='ltr'>Civita-</span> 
     </span>
     <span class='ocr_line' id='line_1_99' title="bbox 945 1273 1823 1330; baseline -0.014 -14"><span class='ocrx_word' id='word_1_713' title='bbox 945 1284 984 1316; x_wconf 75' lang='lat' dir='ltr'>tis</span> <span class='ocrx_word' id='word_1_714' title='bbox 994 1282 1125 1330; x_wconf 76' lang='lat' dir='ltr'>Legibus</span> <span class='ocrx_word' id='word_1_715' title='bbox 1140 1283 1290 1324; x_wconf 68' lang='lat' dir='ltr'>agebatur.</span> <span class='ocrx_word' id='word_1_716' title='bbox 1314 1278 1377 1319; x_wconf 86' lang='lat' dir='ltr'>sie,</span> <span class='ocrx_word' id='word_1_717' title='bbox 1400 1274 1706 1319; x_wconf 80' lang='lat' dir='ltr'>inquam,scrips1ffe</span> <span class='ocrx_word' id='word_1_718' title='bbox 1722 1273 1823 1306; x_wconf 86' lang='lat' dir='ltr'>credi-</span> 
     </span>
     <span class='ocr_line' id='line_1_100' title="bbox 946 1317 1821 1364; baseline -0.014 -6"><span class='ocrx_word' id='word_1_719' title='bbox 946 1335 1015 1364; x_wconf 86' lang='lat' dir='ltr'>tur,</span> <span class='ocrx_word' id='word_1_720' title='bbox 1039 1324 1090 1358; x_wconf 83' lang='lat' dir='ltr'>led</span> <span class='ocrx_word' id='word_1_721' title='bbox 1106 1331 1160 1356; x_wconf 87' lang='lat' dir='ltr'>aut</span> <span class='ocrx_word' id='word_1_722' title='bbox 1180 1322 1298 1361; x_wconf 84' lang='lat' dir='ltr'>fallor,</span> <span class='ocrx_word' id='word_1_723' title='bbox 1330 1327 1384 1352; x_wconf 89' lang='lat' dir='ltr'>aut</span> <span class='ocrx_word' id='word_1_724' title='bbox 1403 1319 1448 1352; x_wconf 91' lang='lat' dir='ltr'>ita</span> <span class='ocrx_word' id='word_1_725' title='bbox 1462 1317 1601 1360; x_wconf 75' lang='lat' dir='ltr'>scripsit:</span> <span class='ocrx_word' id='word_1_726' title='bbox 1626 1318 1745 1349; x_wconf 78' lang='lat' dir='ltr'>SieuLi</span> <span class='ocrx_word' id='word_1_727' title='bbox 1762 1321 1821 1347; x_wconf 72' lang='lat' dir='ltr'>ete-</span> 
     </span>
     <span class='ocr_line' id='line_1_101' title="bbox 948 1357 1823 1407; baseline -0.013 -8"><span class='ocrx_word' id='word_1_728' title='bbox 948 1369 1012 1399; x_wconf 79' lang='lat' dir='ltr'>nim</span> <span class='ocrx_word' id='word_1_729' title='bbox 1029 1367 1106 1407; x_wconf 76' lang='lat' dir='ltr'>[ip-ud</span> <span class='ocrx_word' id='word_1_730' title='bbox 1127 1370 1239 1397; x_wconf 81' lang='lat' dir='ltr'>veteres</span> <span class='ocrx_word' id='word_1_731' title='bbox 1263 1373 1323 1395; x_wconf 83' lang='lat' dir='ltr'>non</span> <span class='ocrx_word' id='word_1_732' title='bbox 1351 1361 1485 1394; x_wconf 83' lang='lat' dir='ltr'>Romano</span> <span class='ocrx_word' id='word_1_733' title='bbox 1517 1364 1634 1392; x_wconf 79' lang='lat' dir='ltr'>tantum</span> <span class='ocrx_word' id='word_1_734' title='bbox 1651 1358 1748 1400; x_wconf 77' lang='lat' dir='ltr'>Jure,</span> <span class='ocrx_word' id='word_1_735' title='bbox 1766 1357 1823 1399; x_wconf 78' lang='lat' dir='ltr'>sed</span> 
     </span>
     <span class='ocr_line' id='line_1_102' title="bbox 951 1402 1822 1450; baseline -0.011 -9"><span class='ocrx_word' id='word_1_736' title='bbox 951 1409 987 1445; x_wconf 59' lang='grc' dir='ltr'>ὃ)</span> <span class='ocrx_word' id='word_1_737' title='bbox 1005 1409 1067 1450; x_wconf 73' lang='lat' dir='ltr'>suae</span> <span class='ocrx_word' id='word_1_738' title='bbox 1092 1407 1227 1449; x_wconf 77' lang='lat' dir='ltr'>cujusque</span> <span class='ocrx_word' id='word_1_739' title='bbox 1257 1405 1398 1437; x_wconf 73' lang='lat' dir='ltr'>Civitatis</span> <span class='ocrx_word' id='word_1_740' title='bbox 1421 1402 1555 1445; x_wconf 79' lang='lat' dir='ltr'>Legibus</span> <span class='ocrx_word' id='word_1_741' title='bbox 1593 1409 1822 1433; x_wconf 74' lang='lat' dir='ltr'>AGEBANTUR.</span> 
     </span>
     <span class='ocr_line' id='line_1_103' title="bbox 949 1441 1824 1490; baseline -0.013 -7"><span class='ocrx_word' id='word_1_742' title='bbox 949 1450 1033 1484; x_wconf 80' lang='lat' dir='ltr'>Nam</span> <span class='ocrx_word' id='word_1_743' title='bbox 1044 1474 1054 1490; x_wconf 91' lang='lat'>,</span> <span class='ocrx_word' id='word_1_744' title='bbox 1076 1459 1115 1481; x_wconf 91' lang='lat' dir='ltr'>ne</span> <span class='ocrx_word' id='word_1_745' title='bbox 1130 1448 1234 1480; x_wconf 86' lang='lat' dir='ltr'>dicam</span> <span class='ocrx_word' id='word_1_746' title='bbox 1251 1447 1344 1479; x_wconf 84' lang='lat' dir='ltr'>aliam</span> <span class='ocrx_word' id='word_1_747' title='bbox 1362 1444 1532 1478; x_wconf 74' lang='lat' dir='ltr'>leffionem</span> <span class='ocrx_word' id='word_1_748' title='bbox 1548 1443 1606 1483; x_wconf 70' lang='lat' dir='ltr'>vix</span> <span class='ocrx_word' id='word_1_749' title='bbox 1622 1442 1722 1484; x_wconf 90' lang='lat' dir='ltr'>probe</span> <span class='ocrx_word' id='word_1_750' title='bbox 1737 1441 1824 1474; x_wconf 86' lang='lat' dir='ltr'>Lati-</span> 
     </span>
     <span class='ocr_line' id='line_1_104' title="bbox 949 1483 1825 1530; baseline -0.013 -5"><span class='ocrx_word' id='word_1_751' title='bbox 949 1502 1022 1525; x_wconf 86' lang='lat' dir='ltr'>nam</span> <span class='ocrx_word' id='word_1_752' title='bbox 1041 1491 1102 1524; x_wconf 87' lang='lat' dir='ltr'>esse</span> <span class='ocrx_word' id='word_1_753' title='bbox 1115 1514 1124 1530; x_wconf 92' lang='lat'>‚</span> <span class='ocrx_word' id='word_1_754' title='bbox 1156 1491 1252 1521; x_wconf 84' lang='lat' dir='ltr'>etiam</span> <span class='ocrx_word' id='word_1_755' title='bbox 1280 1496 1392 1521; x_wconf 89' lang='lat' dir='ltr'>verum</span> <span class='ocrx_word' id='word_1_756' title='bbox 1414 1495 1479 1519; x_wconf 91' lang='lat' dir='ltr'>non</span> <span class='ocrx_word' id='word_1_757' title='bbox 1495 1483 1564 1523; x_wconf 86' lang='lat' dir='ltr'>est,</span> <span class='ocrx_word' id='word_1_758' title='bbox 1587 1483 1734 1516; x_wconf 90' lang='lat' dir='ltr'>omnibus</span> <span class='ocrx_word' id='word_1_759' title='bbox 1750 1492 1825 1524; x_wconf 88' lang='lat' dir='ltr'>pro-</span> 
     </span>
     <span class='ocr_line' id='line_1_105' title="bbox 949 1524 1824 1567; baseline -0.013 -1"><span class='ocrx_word' id='word_1_760' title='bbox 949 1533 1068 1567; x_wconf 88' lang='lat' dir='ltr'>miscue</span> <span class='ocrx_word' id='word_1_761' title='bbox 1085 1530 1266 1564; x_wconf 85' lang='lat' dir='ltr'>conceflisse</span> <span class='ocrx_word' id='word_1_762' title='bbox 1284 1529 1467 1567; x_wconf 89' lang='lat' dir='ltr'>Romanos,</span> <span class='ocrx_word' id='word_1_763' title='bbox 1488 1535 1525 1558; x_wconf 88' lang='lat' dir='ltr'>ut</span> <span class='ocrx_word' id='word_1_764' title='bbox 1541 1525 1603 1558; x_wconf 89' lang='lat' dir='ltr'>suis</span> <span class='ocrx_word' id='word_1_765' title='bbox 1619 1525 1758 1566; x_wconf 88' lang='lat' dir='ltr'>Legibus</span> <span class='ocrx_word' id='word_1_766' title='bbox 1776 1524 1824 1556; x_wconf 87' lang='lat' dir='ltr'>vi-</span> 
     </span>
     <span class='ocr_line' id='line_1_106' title="bbox 950 1565 1825 1614; baseline -0.014 -6"><span class='ocrx_word' id='word_1_767' title='bbox 950 1582 1083 1614; x_wconf 87' lang='lat' dir='ltr'>verent‚</span> <span class='ocrx_word' id='word_1_768' title='bbox 1110 1583 1222 1606; x_wconf 89' lang='lat' dir='ltr'>verum</span> <span class='ocrx_word' id='word_1_769' title='bbox 1246 1571 1432 1614; x_wconf 85' lang='lat' dir='ltr'>quibusdam</span> <span class='ocrx_word' id='word_1_770' title='bbox 1455 1569 1611 1601; x_wconf 82' lang='lat' dir='ltr'>duntaxat</span> <span class='ocrx_word' id='word_1_771' title='bbox 1637 1577 1678 1599; x_wconf 89' lang='lat' dir='ltr'>ex</span> <span class='ocrx_word' id='word_1_772' title='bbox 1694 1565 1825 1608; x_wconf 89' lang='lat' dir='ltr'>privile-</span> 
     </span>
     <span class='ocr_line' id='line_1_107' title="bbox 950 1606 1824 1659; baseline -0.013 -9"><span class='ocrx_word' id='word_1_773' title='bbox 950 1618 1027 1659; x_wconf 86' lang='lat' dir='ltr'>gio,</span> <span class='ocrx_word' id='word_1_774' title='bbox 1051 1617 1196 1655; x_wconf 83' lang='lat' dir='ltr'>interque</span> <span class='ocrx_word' id='word_1_775' title='bbox 1217 1614 1275 1646; x_wconf 91' lang='lat' dir='ltr'>hos</span> <span class='ocrx_word' id='word_1_776' title='bbox 1292 1612 1417 1645; x_wconf 91' lang='lat' dir='ltr'>Siculis.</span> <span class='ocrx_word' id='word_1_777' title='bbox 1450 1610 1544 1642; x_wconf 92' lang='lat' dir='ltr'>Addo</span> <span class='ocrx_word' id='word_1_778' title='bbox 1562 1609 1606 1643; x_wconf 89' lang='lat' dir='ltr'>D.</span> <span class='ocrx_word' id='word_1_779' title='bbox 1621 1606 1824 1641; x_wconf 91' lang='lat' dir='ltr'>Ambrofium</span> 
     </span>
     <span class='ocr_line' id='line_1_108' title="bbox 954 1649 1826 1695; baseline -0.014 -3"><span class='ocrx_word' id='word_1_780' title='bbox 954 1661 1088 1692; x_wconf 79' lang='lat' dir='ltr'>Sermone</span> <span class='ocrx_word' id='word_1_781' title='bbox 1104 1656 1176 1690; x_wconf 88' lang='lat' dir='ltr'>VII.</span> <span class='ocrx_word' id='word_1_782' title='bbox 1202 1655 1268 1688; x_wconf 84' lang='lat' dir='ltr'>Nec</span> <span class='ocrx_word' id='word_1_783' title='bbox 1282 1653 1509 1695; x_wconf 76' lang='lat' dir='ltr'>Rempubiicam</span> <span class='ocrx_word' id='word_1_784' title='bbox 1524 1661 1624 1695; x_wconf 83' lang='lat' dir='ltr'>gerere</span> <span class='ocrx_word' id='word_1_785' title='bbox 1640 1649 1826 1690; x_wconf 68' lang='lat' dir='ltr'>criminosum</span> 
     </span>
     <span class='ocr_line' id='line_1_109' title="bbox 952 1691 1826 1743; baseline -0.014 -10"><span class='ocrx_word' id='word_1_786' title='bbox 952 1699 1014 1743; x_wconf 78' lang='lat' dir='ltr'>est,</span> <span class='ocrx_word' id='word_1_787' title='bbox 1027 1700 1082 1743; x_wconf 81' lang='lat' dir='ltr'>sed</span> <span class='ocrx_word' id='word_1_788' title='bbox 1096 1700 1158 1731; x_wconf 81' lang='lat' dir='ltr'>ideo</span> <span class='ocrx_word' id='word_1_789' title='bbox 1188 1707 1276 1741; x_wconf 83' lang='lat' dir='ltr'>agere</span> <span class='ocrx_word' id='word_1_790' title='bbox 1301 1694 1543 1736; x_wconf 72' lang='lat' dir='ltr'>Rempahlicam,</span> <span class='ocrx_word' id='word_1_791' title='bbox 1564 1700 1597 1726; x_wconf 80' lang='lat' dir='ltr'>ut</span> <span class='ocrx_word' id='word_1_792' title='bbox 1613 1703 1674 1725; x_wconf 85' lang='lat' dir='ltr'>rem</span> <span class='ocrx_word' id='word_1_793' title='bbox 1683 1691 1826 1733; x_wconf 73' lang='lat' dir='ltr'>familia-</span> 
     </span>
     <span class='ocr_line' id='line_1_110' title="bbox 953 1733 1823 1784; baseline -0.013 -9"><span class='ocrx_word' id='word_1_794' title='bbox 953 1753 1015 1775; x_wconf 85' lang='lat' dir='ltr'>rem</span> <span class='ocrx_word' id='word_1_795' title='bbox 1028 1743 1125 1784; x_wconf 77' lang='lat' dir='ltr'>potius</span> <span class='ocrx_word' id='word_1_796' title='bbox 1142 1750 1271 1783; x_wconf 79' lang='lat' dir='ltr'>augeas,</span> <span class='ocrx_word' id='word_1_797' title='bbox 1291 1739 1410 1770; x_wconf 80' lang='lat' dir='ltr'>videtur</span> <span class='ocrx_word' id='word_1_798' title='bbox 1426 1735 1477 1778; x_wconf 84' lang='lat' dir='ltr'>effe</span> <span class='ocrx_word' id='word_1_799' title='bbox 1493 1735 1671 1768; x_wconf 79' lang='lat' dir='ltr'>damnabile.</span> <span class='ocrx_word' id='word_1_800' title='bbox 1717 1733 1823 1775; x_wconf 90' lang='lat' dir='ltr'>Popu-</span> 
     </span>
     <span class='ocr_line' id='line_1_111' title="bbox 952 1778 1826 1824; baseline -0.01 -8"><span class='ocrx_word' id='word_1_801' title='bbox 952 1785 1001 1817; x_wconf 90' lang='lat' dir='ltr'>lus</span> <span class='ocrx_word' id='word_1_802' title='bbox 1017 1791 1123 1816; x_wconf 88' lang='lat' dir='ltr'>autem</span> <span class='ocrx_word' id='word_1_803' title='bbox 1140 1779 1424 1824; x_wconf 74' lang='lat' dir='ltr'>eleganterdicitur</span> <span class='ocrx_word' id='word_1_804' title='bbox 1441 1778 1493 1820; x_wconf 79' lang='lat' dir='ltr'>agi</span> <span class='ocrx_word' id='word_1_805' title='bbox 1504 1778 1572 1820; x_wconf 82' lang='lat' dir='ltr'>jure</span> <span class='ocrx_word' id='word_1_806' title='bbox 1589 1779 1826 1816; x_wconf 78' lang='lat' dir='ltr'>incerto,quum</span> 
     </span>
     <span class='ocr_line' id='line_1_112' title="bbox 948 1816 1824 1865; baseline -0.013 -7"><span class='ocrx_word' id='word_1_807' title='bbox 948 1825 1082 1858; x_wconf 86' lang='lat' dir='ltr'>arbitria</span> <span class='ocrx_word' id='word_1_808' title='bbox 1099 1824 1223 1865; x_wconf 81' lang='lat' dir='ltr'>Regum</span> <span class='ocrx_word' id='word_1_809' title='bbox 1238 1823 1269 1855; x_wconf 67' lang='grc' dir='ltr'>ἀ</span> <span class='ocrx_word' id='word_1_810' title='bbox 1285 1819 1530 1863; x_wconf 85' lang='lat' dir='ltr'>Magistratuum</span> <span class='ocrx_word' id='word_1_811' title='bbox 1562 1819 1671 1850; x_wconf 88' lang='lat' dir='ltr'>valent</span> <span class='ocrx_word' id='word_1_812' title='bbox 1689 1826 1749 1858; x_wconf 89' lang='lat' dir='ltr'>pro</span> <span class='ocrx_word' id='word_1_813' title='bbox 1764 1816 1824 1848; x_wconf 87' lang='lat' dir='ltr'>Le-</span> 
     </span>
     <span class='ocr_line' id='line_1_113' title="bbox 951 1859 1828 1910; baseline -0.013 -10"><span class='ocrx_word' id='word_1_814' title='bbox 951 1867 1060 1910; x_wconf 84' lang='lat' dir='ltr'>gibus:</span> <span class='ocrx_word' id='word_1_815' title='bbox 1091 1866 1174 1898; x_wconf 84' lang='lat' dir='ltr'>unde</span> <span class='ocrx_word' id='word_1_816' title='bbox 1205 1865 1235 1897; x_wconf 85' lang='lat'>&amp;</span> <span class='ocrx_word' id='word_1_817' title='bbox 1258 1863 1338 1905; x_wconf 81' lang='lat' dir='ltr'>apud</span> <span class='ocrx_word' id='word_1_818' title='bbox 1363 1862 1541 1895; x_wconf 84' lang='lat' dir='ltr'>Homerum</span> <span class='ocrx_word' id='word_1_819' title='bbox 1561 1861 1662 1902; x_wconf 83' lang='lat' dir='ltr'>Reges</span> <span class='ocrx_word' id='word_1_820' title='bbox 1676 1859 1745 1891; x_wconf 89' lang='lat' dir='ltr'>fere</span> <span class='ocrx_word' id='word_1_821' title='bbox 1759 1867 1828 1899; x_wconf 89' lang='lat' dir='ltr'>per-</span> 
     </span>
     <span class='ocr_line' id='line_1_114' title="bbox 953 1900 1828 1950; baseline -0.011 -9"><span class='ocrx_word' id='word_1_822' title='bbox 953 1917 1053 1950; x_wconf 88' lang='lat' dir='ltr'>petuo</span> <span class='ocrx_word' id='word_1_823' title='bbox 1079 1908 1210 1940; x_wconf 84' lang='lat' dir='ltr'>audiunt</span> <span class='ocrx_word' id='word_1_824' title='bbox 1239 1906 1354 1937; x_wconf 58' lang='lat' dir='ltr'>nomine</span> <span class='ocrx_word' id='word_1_825' title='bbox 1379 1909 1466 1942; x_wconf 66' lang='grc' dir='ltr'><em>λαῶν,</em></span> <span class='ocrx_word' id='word_1_826' title='bbox 1489 1903 1527 1934; x_wconf 87' lang='lat' dir='ltr'>iis</span> <span class='ocrx_word' id='word_1_827' title='bbox 1541 1910 1654 1942; x_wconf 86' lang='lat' dir='ltr'>nempe</span> <span class='ocrx_word' id='word_1_828' title='bbox 1676 1900 1828 1941; x_wconf 86' lang='lat' dir='ltr'>tempori-</span> 
     </span>
     <span class='ocr_line' id='line_1_115' title="bbox 953 1942 1825 1990; baseline -0.013 -7"><span class='ocrx_word' id='word_1_829' title='bbox 953 1952 1031 1990; x_wconf 87' lang='lat' dir='ltr'>bus,</span> <span class='ocrx_word' id='word_1_830' title='bbox 1085 1950 1176 1981; x_wconf 85' lang='lat' dir='ltr'>uibus</span> <span class='ocrx_word' id='word_1_831' title='bbox 1202 1947 1297 1980; x_wconf 82' lang='lat' dir='ltr'>nullae</span> <span class='ocrx_word' id='word_1_832' title='bbox 1317 1952 1406 1978; x_wconf 86' lang='lat' dir='ltr'>erant</span> <span class='ocrx_word' id='word_1_833' title='bbox 1432 1944 1552 1986; x_wconf 81' lang='lat' dir='ltr'>Leges,</span> <span class='ocrx_word' id='word_1_834' title='bbox 1572 1942 1624 1975; x_wconf 86' lang='lat' dir='ltr'>sed</span> <span class='ocrx_word' id='word_1_835' title='bbox 1640 1952 1698 1984; x_wconf 90' lang='lat' dir='ltr'>pro</span> <span class='ocrx_word' id='word_1_836' title='bbox 1716 1943 1763 1973; x_wconf 73' lang='lat' dir='ltr'>liis</span> <span class='ocrx_word' id='word_1_837' title='bbox 1779 1951 1825 1972; x_wconf 85' lang='lat' dir='ltr'>ai·-</span> 
     </span>
     <span class='ocr_line' id='line_1_116' title="bbox 954 1982 1828 2033; baseline -0.013 -9"><span class='ocrx_word' id='word_1_838' title='bbox 954 1993 1049 2024; x_wconf 87' lang='lat' dir='ltr'>bitria</span> <span class='ocrx_word' id='word_1_839' title='bbox 1101 1999 1211 2033; x_wconf 80' lang='lat' dir='ltr'>egum3</span> <span class='ocrx_word' id='word_1_840' title='bbox 1246 1988 1394 2026; x_wconf 82' lang='lat' dir='ltr'>arbitria,</span> <span class='ocrx_word' id='word_1_841' title='bbox 1430 1986 1557 2027; x_wconf 73' lang='lat' dir='ltr'>inquam</span> <span class='ocrx_word' id='word_1_842' title='bbox 1577 2007 1588 2023; x_wconf 87' lang='lat'>,</span> <span class='ocrx_word' id='word_1_843' title='bbox 1611 1994 1676 2016; x_wconf 89' lang='lat' dir='ltr'>non</span> <span class='ocrx_word' id='word_1_844' title='bbox 1691 1982 1828 2024; x_wconf 84' lang='lat' dir='ltr'>judicia,</span> 
     </span>
     <span class='ocr_line' id='line_1_117' title="bbox 954 2025 1828 2075; baseline -0.013 -9"><span class='ocrx_word' id='word_1_845' title='bbox 954 2035 987 2067; x_wconf 93' lang='lat' dir='ltr'>in</span> <span class='ocrx_word' id='word_1_846' title='bbox 1005 2043 1042 2065; x_wconf 91' lang='lat' dir='ltr'>ea</span> <span class='ocrx_word' id='word_1_847' title='bbox 1056 2034 1172 2075; x_wconf 87' lang='lat' dir='ltr'>quippe</span> <span class='ocrx_word' id='word_1_848' title='bbox 1193 2033 1287 2069; x_wconf 62' lang='grc' dir='ltr'>ἀνομίᾳ</span> <span class='ocrx_word' id='word_1_849' title='bbox 1311 2028 1365 2071; x_wconf 86' lang='lat' dir='ltr'>ipsi</span> <span class='ocrx_word' id='word_1_850' title='bbox 1390 2028 1492 2069; x_wconf 83' lang='lat' dir='ltr'>Reges</span> <span class='ocrx_word' id='word_1_851' title='bbox 1515 2025 1745 2058; x_wconf 84' lang='lat' dir='ltr'>arbitrabantur</span> <span class='ocrx_word' id='word_1_852' title='bbox 1764 2034 1828 2056; x_wconf 87' lang='lat' dir='ltr'>ma-</span> 
     </span>
     <span class='ocr_line' id='line_1_118' title="bbox 954 2066 1828 2117; baseline -0.013 -10"><span class='ocrx_word' id='word_1_853' title='bbox 954 2076 1020 2117; x_wconf 86' lang='lat' dir='ltr'>gis,</span> <span class='ocrx_word' id='word_1_854' title='bbox 1041 2084 1134 2116; x_wconf 82' lang='lat' dir='ltr'>quam</span> <span class='ocrx_word' id='word_1_855' title='bbox 1153 2072 1356 2114; x_wconf 83' lang='lat' dir='ltr'>judicabant,</span> <span class='ocrx_word' id='word_1_856' title='bbox 1375 2078 1440 2102; x_wconf 88' lang='lat' dir='ltr'>non</span> <span class='ocrx_word' id='word_1_857' title='bbox 1460 2078 1502 2100; x_wconf 83' lang='lat' dir='ltr'>ex</span> <span class='ocrx_word' id='word_1_858' title='bbox 1517 2068 1590 2109; x_wconf 81' lang='lat' dir='ltr'>Jure</span> <span class='ocrx_word' id='word_1_859' title='bbox 1617 2066 1796 2098; x_wconf 89' lang='lat' dir='ltr'>constituto</span> <span class='ocrx_word' id='word_1_860' title='bbox 1816 2089 1828 2105; x_wconf 91' lang='lat'>,</span> 
     </span>
     <span class='ocr_line' id='line_1_119' title="bbox 955 2108 1828 2154; baseline -0.011 -5"><span class='ocrx_word' id='word_1_861' title='bbox 955 2117 1007 2150; x_wconf 87' lang='lat' dir='ltr'>sed</span> <span class='ocrx_word' id='word_1_862' title='bbox 1027 2126 1068 2148; x_wconf 87' lang='lat' dir='ltr'>ex</span> <span class='ocrx_word' id='word_1_863' title='bbox 1086 2116 1147 2148; x_wconf 85' lang='lat' dir='ltr'>fide</span> <span class='ocrx_word' id='word_1_864' title='bbox 1165 2117 1247 2147; x_wconf 85' lang='lat' dir='ltr'>bona</span> <span class='ocrx_word' id='word_1_865' title='bbox 1259 2137 1268 2153; x_wconf 86' lang='lat'>,</span> <span class='ocrx_word' id='word_1_866' title='bbox 1290 2112 1364 2154; x_wconf 90' lang='lat' dir='ltr'>quid</span> <span class='ocrx_word' id='word_1_867' title='bbox 1382 2111 1503 2152; x_wconf 83' lang='lat' dir='ltr'>aequius</span> <span class='ocrx_word' id='word_1_868' title='bbox 1525 2109 1638 2141; x_wconf 88' lang='lat' dir='ltr'>melius</span> <span class='ocrx_word' id='word_1_869' title='bbox 1655 2108 1828 2140; x_wconf 89' lang='lat' dir='ltr'>videretur.</span> 
     </span>
     <span class='ocr_line' id='line_1_120' title="bbox 956 2150 1830 2200; baseline -0.013 -9"><span class='ocrx_word' id='word_1_870' title='bbox 956 2159 1061 2200; x_wconf 84' lang='lat' dir='ltr'>Atque</span> <span class='ocrx_word' id='word_1_871' title='bbox 1072 2158 1135 2189; x_wconf 93' lang='lat' dir='ltr'>hoc</span> <span class='ocrx_word' id='word_1_872' title='bbox 1145 2152 1538 2198; x_wconf 83' lang='lat' dir='ltr'>est,quod]ustinusdixit</span> <span class='ocrx_word' id='word_1_873' title='bbox 1558 2150 1597 2182; x_wconf 95' lang='lat' dir='ltr'>L.</span> <span class='ocrx_word' id='word_1_874' title='bbox 1611 2160 1639 2182; x_wconf 93' lang='lat'>1.</span> <span class='ocrx_word' id='word_1_875' title='bbox 1660 2150 1690 2181; x_wconf 89' lang='lat' dir='ltr'>C.</span> <span class='ocrx_word' id='word_1_876' title='bbox 1710 2151 1830 2190; x_wconf 85' lang='lat' dir='ltr'>1.pri·n-</span> 
     </span>
     <span class='ocr_line' id='line_1_121' title="bbox 957 2190 1830 2242; baseline -0.013 -10"><span class='ocrx_word' id='word_1_877' title='bbox 957 2202 1033 2242; x_wconf 79' lang='lat' dir='ltr'>cipio</span> <span class='ocrx_word' id='word_1_878' title='bbox 1051 2210 1148 2231; x_wconf 83' lang='lat' dir='ltr'>reru-m</span> <span class='ocrx_word' id='word_1_879' title='bbox 1164 2199 1291 2230; x_wconf 78' lang='lat' dir='ltr'>arbitria</span> <span class='ocrx_word' id='word_1_880' title='bbox 1306 2196 1482 2234; x_wconf 79' lang='lat' dir='ltr'>Principum</span> <span class='ocrx_word' id='word_1_881' title='bbox 1495 2199 1548 2234; x_wconf 83' lang='lat' dir='ltr'>pro</span> <span class='ocrx_word' id='word_1_882' title='bbox 1573 2192 1706 2235; x_wconf 79' lang='lat' dir='ltr'>Legibus</span> <span class='ocrx_word' id='word_1_883' title='bbox 1716 2190 1807 2232; x_wconf 79' lang='lat' dir='ltr'>fuzffe</span> <span class='ocrx_word' id='word_1_884' title='bbox 1818 2213 1830 2229; x_wconf 90' lang='lat'><em>‚</em></span> 
     </span>
     <span class='ocr_line' id='line_1_122' title="bbox 959 2233 1832 2283; baseline -0.014 -8"><span class='ocrx_word' id='word_1_885' title='bbox 959 2243 990 2275; x_wconf 85' lang='lat'>&amp;</span> <span class='ocrx_word' id='word_1_886' title='bbox 1007 2241 1092 2283; x_wconf 89' lang='lat' dir='ltr'>quod</span> <span class='ocrx_word' id='word_1_887' title='bbox 1105 2240 1204 2283; x_wconf 83' lang='lat' dir='ltr'>supra</span> <span class='ocrx_word' id='word_1_888' title='bbox 1220 2237 1437 2280; x_wconf 88' lang='lat' dir='ltr'>Pomponius,</span> <span class='ocrx_word' id='word_1_889' title='bbox 1465 2236 1563 2266; x_wconf 83' lang='lat' dir='ltr'>omnia</span> <span class='ocrx_word' id='word_1_890' title='bbox 1579 2243 1684 2265; x_wconf 86' lang='lat' dir='ltr'>MANU</span> <span class='ocrx_word' id='word_1_891' title='bbox 1702 2244 1720 2264; x_wconf 88' lang='grc' dir='ltr'><em>α</em></span> <span class='ocrx_word' id='word_1_892' title='bbox 1736 2233 1832 2274; x_wconf 84' lang='lat' dir='ltr'>Regi-</span> 
     </span>
     <span class='ocr_line' id='line_1_123' title="bbox 960 2274 1833 2326; baseline -0.015 -9"><span class='ocrx_word' id='word_1_893' title='bbox 960 2281 1108 2325; x_wconf 81' lang='lat' dir='ltr'>busfuiffe</span> <span class='ocrx_word' id='word_1_894' title='bbox 1121 2285 1307 2326; x_wconf 79' lang='lat' dir='ltr'>gubernata,</span> <span class='ocrx_word' id='word_1_895' title='bbox 1336 2278 1388 2311; x_wconf 89' lang='lat' dir='ltr'>sed</span> <span class='ocrx_word' id='word_1_896' title='bbox 1413 2286 1499 2309; x_wconf 88' lang='lat' dir='ltr'>nunc</span> <span class='ocrx_word' id='word_1_897' title='bbox 1523 2276 1664 2316; x_wconf 89' lang='lat' dir='ltr'>Populus</span> <span class='ocrx_word' id='word_1_898' title='bbox 1681 2274 1833 2315; x_wconf 84' lang='lat' dir='ltr'>guberna-</span> 
     </span>
     <span class='ocr_line' id='line_1_124' title="bbox 959 2314 1832 2364; baseline -0.013 -6"><span class='ocrx_word' id='word_1_899' title='bbox 959 2327 1051 2358; x_wconf 83' lang='lat' dir='ltr'>batur</span> <span class='ocrx_word' id='word_1_900' title='bbox 1067 2334 1163 2357; x_wconf 87' lang='lat' dir='ltr'>manu</span> <span class='ocrx_word' id='word_1_901' title='bbox 1180 2321 1445 2364; x_wconf 84' lang='lat' dir='ltr'>Magistratuum,</span> <span class='ocrx_word' id='word_1_902' title='bbox 1467 2318 1520 2351; x_wconf 89' lang='lat' dir='ltr'>vel</span> <span class='ocrx_word' id='word_1_903' title='bbox 1534 2325 1621 2349; x_wconf 90' lang='lat' dir='ltr'>certe</span> <span class='ocrx_word' id='word_1_904' title='bbox 1642 2314 1832 2355; x_wconf 85' lang='lat' dir='ltr'>Consulum,</span> 
     </span>
     <span class='ocr_line' id='line_1_125' title="bbox 958 2366 1254 2407; baseline -0.014 -8"><span class='ocrx_word' id='word_1_905' title='bbox 958 2375 996 2399; x_wconf 92' lang='lat' dir='ltr'>ut</span> <span class='ocrx_word' id='word_1_906' title='bbox 1012 2374 1103 2398; x_wconf 89' lang='lat' dir='ltr'>antea</span> <span class='ocrx_word' id='word_1_907' title='bbox 1121 2366 1254 2407; x_wconf 83' lang='lat' dir='ltr'>Regum.</span> 
     </span>
     <span class='ocr_line' id='line_1_126' title="bbox 1003 2399 1833 2449; baseline -0.013 -8"><span class='ocrx_word' id='word_1_908' title='bbox 1003 2408 1093 2449; x_wconf 78' lang='lat' dir='ltr'>quue</span> <span class='ocrx_word' id='word_1_909' title='bbox 1109 2413 1193 2449; x_wconf 85' lang='lat' dir='ltr'>prope</span> <span class='ocrx_word' id='word_1_910' title='bbox 1212 2406 1328 2448; x_wconf 84' lang='lat' dir='ltr'>viginti</span> <span class='ocrx_word' id='word_1_911' title='bbox 1347 2404 1434 2435; x_wconf 82' lang='lat' dir='ltr'>annis</span> <span class='ocrx_word' id='word_1_912' title='bbox 1447 2402 1543 2444; x_wconf 81' lang='lat' dir='ltr'>paffzii·</span> <span class='ocrx_word' id='word_1_913' title='bbox 1565 2399 1614 2442; x_wconf 75' lang='lat' dir='ltr'>eft.</span> <span class='ocrx_word' id='word_1_914' title='bbox 1648 2399 1761 2445; x_wconf 86' lang='lat' dir='ltr'>Qualis</span> <span class='ocrx_word' id='word_1_915' title='bbox 1778 2399 1833 2431; x_wconf 89' lang='lat' dir='ltr'>hic</span> 
     </span>
     <span class='ocr_line' id='line_1_127' title="bbox 959 2440 1835 2488; baseline -0.013 -6"><span class='ocrx_word' id='word_1_916' title='bbox 959 2450 1004 2483; x_wconf 86' lang='lat' dir='ltr'>est</span> <span class='ocrx_word' id='word_1_917' title='bbox 1022 2451 1204 2486; x_wconf 59' lang='grc' dir='ltr'>ἁναχροηνμὶς</span> <span class='ocrx_word' id='word_1_918' title='bbox 1217 2446 1408 2488; x_wconf 90' lang='lat' dir='ltr'>Pomponii,</span> <span class='ocrx_word' id='word_1_919' title='bbox 1441 2453 1513 2476; x_wconf 79' lang='lat' dir='ltr'>nam</span> <span class='ocrx_word' id='word_1_920' title='bbox 1538 2452 1603 2474; x_wconf 91' lang='lat' dir='ltr'>non</span> <span class='ocrx_word' id='word_1_921' title='bbox 1621 2441 1756 2483; x_wconf 82' lang='lat' dir='ltr'>viginti,</span> <span class='ocrx_word' id='word_1_922' title='bbox 1781 2440 1835 2472; x_wconf 88' lang='lat' dir='ltr'>sed</span> 
     </span>
     <span class='ocr_line' id='line_1_128' title="bbox 960 2482 1833 2533; baseline -0.015 -8"><span class='ocrx_word' id='word_1_923' title='bbox 960 2491 1120 2533; x_wconf 82' lang='lat' dir='ltr'>sexaginta</span> <span class='ocrx_word' id='word_1_924' title='bbox 1135 2490 1204 2523; x_wconf 88' lang='lat' dir='ltr'>fere</span> <span class='ocrx_word' id='word_1_925' title='bbox 1217 2488 1290 2521; x_wconf 82' lang='lat' dir='ltr'>anni</span> <span class='ocrx_word' id='word_1_926' title='bbox 1319 2485 1562 2521; x_wconf 83' lang='lat' dir='ltr'>intercefferunt</span> <span class='ocrx_word' id='word_1_927' title='bbox 1582 2493 1600 2515; x_wconf 90' lang='lat' dir='ltr'>a</span> <span class='ocrx_word' id='word_1_928' title='bbox 1615 2482 1753 2524; x_wconf 84' lang='lat' dir='ltr'>Legibus</span> <span class='ocrx_word' id='word_1_929' title='bbox 1770 2483 1833 2514; x_wconf 71' lang='lat' dir='ltr'>Re.-</span> 
     </span>
     <span class='ocr_line' id='line_1_129' title="bbox 958 2523 1837 2576; baseline -0.015 -10"><span class='ocrx_word' id='word_1_930' title='bbox 958 2534 1019 2576; x_wconf 83' lang='lat' dir='ltr'>giis</span> <span class='ocrx_word' id='word_1_931' title='bbox 1037 2532 1168 2565; x_wconf 82' lang='lat' dir='ltr'>sublatis</span> <span class='ocrx_word' id='word_1_932' title='bbox 1190 2530 1228 2563; x_wconf 91' lang='lat' dir='ltr'>ad</span> <span class='ocrx_word' id='word_1_933' title='bbox 1244 2528 1457 2562; x_wconf 86' lang='lat' dir='ltr'>Decemviros</span> <span class='ocrx_word' id='word_1_934' title='bbox 1474 2525 1684 2564; x_wconf 75' lang='lat' dir='ltr'>constitutos,</span> <span class='ocrx_word' id='word_1_935' title='bbox 1708 2523 1761 2556; x_wconf 89' lang='lat' dir='ltr'>seu</span> <span class='ocrx_word' id='word_1_936' title='bbox 1780 2533 1837 2564; x_wconf 87' lang='lat' dir='ltr'>po-</span> 
     </span>
     <span class='ocr_line' id='line_1_130' title="bbox 960 2565 1833 2616; baseline -0.015 -8"><span class='ocrx_word' id='word_1_937' title='bbox 960 2576 1025 2607; x_wconf 90' lang='lat' dir='ltr'>tius</span> <span class='ocrx_word' id='word_1_938' title='bbox 1042 2574 1080 2607; x_wconf 89' lang='lat' dir='ltr'>ad</span> <span class='ocrx_word' id='word_1_939' title='bbox 1095 2572 1311 2616; x_wconf 82' lang='lat' dir='ltr'>promulgatas</span> <span class='ocrx_word' id='word_1_940' title='bbox 1338 2569 1415 2603; x_wconf 87' lang='lat' dir='ltr'>XII.</span> <span class='ocrx_word' id='word_1_941' title='bbox 1437 2568 1543 2601; x_wconf 89' lang='lat' dir='ltr'>Tabb.</span> <span class='ocrx_word' id='word_1_942' title='bbox 1555 2568 1572 2600; x_wconf 72' lang='grc' dir='ltr'>ἵ)</span> <span class='ocrx_word' id='word_1_943' title='bbox 1597 2566 1740 2598; x_wconf 87' lang='lat' dir='ltr'>Ventura</span> <span class='ocrx_word' id='word_1_944' title='bbox 1759 2565 1833 2596; x_wconf 89' lang='lat' dir='ltr'>Coe-</span> 
     </span>
     <span class='ocr_line' id='line_1_131' title="bbox 961 2605 1838 2654; baseline -0.015 -5"><span class='ocrx_word' id='word_1_945' title='bbox 961 2626 1018 2650; x_wconf 84' lang='lat' dir='ltr'>cus</span> <span class='ocrx_word' id='word_1_946' title='bbox 1049 2615 1091 2648; x_wconf 94' lang='lat' dir='ltr'>L.</span> <span class='ocrx_word' id='word_1_947' title='bbox 1119 2625 1145 2647; x_wconf 92' lang='lat'>1.</span> <span class='ocrx_word' id='word_1_948' title='bbox 1177 2612 1304 2654; x_wconf 78' lang='lat' dir='ltr'>Excurs.</span> <span class='ocrx_word' id='word_1_949' title='bbox 1329 2616 1358 2646; x_wconf 87' lang='lat'>8.</span> <span class='ocrx_word' id='word_1_950' title='bbox 1394 2610 1432 2643; x_wconf 85' lang='lat' dir='ltr'>ad</span> <span class='ocrx_word' id='word_1_951' title='bbox 1457 2611 1487 2642; x_wconf 87' lang='lat' dir='ltr'>h.</span> <span class='ocrx_word' id='word_1_952' title='bbox 1511 2610 1552 2642; x_wconf 91' lang='lat' dir='ltr'>L.</span> <span class='ocrx_word' id='word_1_953' title='bbox 1574 2608 1735 2640; x_wconf 86' lang='lat' dir='ltr'>existimat</span> <span class='ocrx_word' id='word_1_954' title='bbox 1750 2628 1763 2645; x_wconf 86' lang='grc'>,</span> <span class='ocrx_word' id='word_1_955' title='bbox 1784 2605 1838 2637; x_wconf 91' lang='lat' dir='ltr'>sed</span> 
     </span>
     <span class='ocr_line' id='line_1_132' title="bbox 961 2646 1838 2696; baseline -0.016 -5"><span class='ocrx_word' id='word_1_956' title='bbox 961 2658 1053 2691; x_wconf 89' lang='lat' dir='ltr'>nullo</span> <span class='ocrx_word' id='word_1_957' title='bbox 1082 2656 1210 2690; x_wconf 63' lang='lat' dir='ltr'>austore</span> <span class='ocrx_word' id='word_1_958' title='bbox 1226 2678 1238 2694; x_wconf 88' lang='lat'>,</span> <span class='ocrx_word' id='word_1_959' title='bbox 1270 2654 1361 2696; x_wconf 89' lang='lat' dir='ltr'>plura</span> <span class='ocrx_word' id='word_1_960' title='bbox 1385 2652 1481 2684; x_wconf 84' lang='lat' dir='ltr'>lustra</span> <span class='ocrx_word' id='word_1_961' title='bbox 1497 2650 1605 2683; x_wconf 82' lang='lat' dir='ltr'>abiiffe</span> <span class='ocrx_word' id='word_1_962' title='bbox 1620 2648 1693 2690; x_wconf 90' lang='lat' dir='ltr'>post</span> <span class='ocrx_word' id='word_1_963' title='bbox 1710 2646 1838 2679; x_wconf 67' lang='lat' dir='ltr'>exactos</span> 
     </span>
     <span class='ocr_line' id='line_1_133' title="bbox 962 2688 1836 2742; baseline -0.017 -9"><span class='ocrx_word' id='word_1_964' title='bbox 962 2700 1066 2742; x_wconf 85' lang='lat' dir='ltr'>Reges</span> <span class='ocrx_word' id='word_1_965' title='bbox 1084 2723 1094 2739; x_wconf 91' lang='lat'>,</span> <span class='ocrx_word' id='word_1_966' title='bbox 1125 2698 1307 2740; x_wconf 88' lang='lat' dir='ltr'>priusquam</span> <span class='ocrx_word' id='word_1_967' title='bbox 1337 2693 1423 2736; x_wconf 84' lang='lat' dir='ltr'>Lege</span> <span class='ocrx_word' id='word_1_968' title='bbox 1447 2692 1640 2725; x_wconf 68' lang='lat' dir='ltr'>Tribunicia</span> <span class='ocrx_word' id='word_1_969' title='bbox 1655 2689 1756 2730; x_wconf 86' lang='lat' dir='ltr'>Leges</span> <span class='ocrx_word' id='word_1_970' title='bbox 1774 2688 1836 2719; x_wconf 89' lang='lat' dir='ltr'>Re-</span> 
     </span>
     <span class='ocr_line' id='line_1_134' title="bbox 961 2731 1836 2784; baseline -0.017 -10"><span class='ocrx_word' id='word_1_971' title='bbox 961 2741 1021 2784; x_wconf 80' lang='lat' dir='ltr'>giae</span> <span class='ocrx_word' id='word_1_972' title='bbox 1033 2739 1246 2773; x_wconf 84' lang='lat' dir='ltr'>exoleverint.</span> <span class='ocrx_word' id='word_1_973' title='bbox 1291 2735 1465 2768; x_wconf 84' lang='lat' dir='ltr'>Goveanus</span> <span class='ocrx_word' id='word_1_974' title='bbox 1484 2734 1515 2766; x_wconf 88' lang='lat'>&amp;</span> <span class='ocrx_word' id='word_1_975' title='bbox 1533 2731 1836 2776; x_wconf 38' lang='lat' dir='ltr'>CuJ&#39;aciusauttein-</span> 
     </span>
     <span class='ocr_line' id='line_1_135' title="bbox 960 2770 1836 2825; baseline -0.018 -9"><span class='ocrx_word' id='word_1_976' title='bbox 960 2783 1048 2825; x_wconf 89' lang='lat' dir='ltr'>poris</span> <span class='ocrx_word' id='word_1_977' title='bbox 1074 2783 1158 2815; x_wconf 86' lang='lat' dir='ltr'>ratio</span> <span class='ocrx_word' id='word_1_978' title='bbox 1183 2778 1342 2813; x_wconf 86' lang='lat' dir='ltr'>constaret</span> <span class='ocrx_word' id='word_1_979' title='bbox 1358 2800 1368 2816; x_wconf 88' lang='lat'><em>‚</em></span> <span class='ocrx_word' id='word_1_980' title='bbox 1393 2776 1454 2808; x_wconf 86' lang='lat' dir='ltr'>alia</span> <span class='ocrx_word' id='word_1_981' title='bbox 1469 2774 1666 2810; x_wconf 87' lang='lat' dir='ltr'>attulerunt,</span> <span class='ocrx_word' id='word_1_982' title='bbox 1691 2770 1743 2802; x_wconf 80' lang='lat' dir='ltr'>led</span> <span class='ocrx_word' id='word_1_983' title='bbox 1765 2779 1836 2811; x_wconf 82' lang='lat' dir='ltr'>quae</span> 
     </span>
     <span class='ocr_line' id='line_1_136' title="bbox 960 2812 1834 2865; baseline -0.018 -8"><span class='ocrx_word' id='word_1_984' title='bbox 960 2824 1038 2856; x_wconf 88' lang='lat' dir='ltr'>adeo</span> <span class='ocrx_word' id='word_1_985' title='bbox 1060 2823 1228 2865; x_wconf 88' lang='lat' dir='ltr'>displicent</span> <span class='ocrx_word' id='word_1_986' title='bbox 1243 2843 1254 2860; x_wconf 92' lang='lat'>,</span> <span class='ocrx_word' id='word_1_987' title='bbox 1285 2827 1322 2851; x_wconf 89' lang='lat' dir='ltr'>ut</span> <span class='ocrx_word' id='word_1_988' title='bbox 1341 2827 1406 2859; x_wconf 80' lang='lat' dir='ltr'>prae</span> <span class='ocrx_word' id='word_1_989' title='bbox 1422 2817 1471 2848; x_wconf 85' lang='lat' dir='ltr'>his</span> <span class='ocrx_word' id='word_1_990' title='bbox 1487 2812 1656 2854; x_wconf 89' lang='lat' dir='ltr'>Pomponii</span> <span class='ocrx_word' id='word_1_991' title='bbox 1673 2819 1834 2851; x_wconf 79' lang='lat' dir='ltr'>errorem,</span> 
     </span>
     <span class='ocr_line' id='line_1_137' title="bbox 960 2851 1836 2907; baseline -0.019 -8"><span class='ocrx_word' id='word_1_992' title='bbox 960 2866 993 2898; x_wconf 88' lang='lat' dir='ltr'>in</span> <span class='ocrx_word' id='word_1_993' title='bbox 1020 2864 1244 2907; x_wconf 88' lang='lat' dir='ltr'>supputatione</span> <span class='ocrx_word' id='word_1_994' title='bbox 1269 2858 1438 2900; x_wconf 82' lang='lat' dir='ltr'>temporis,</span> <span class='ocrx_word' id='word_1_995' title='bbox 1463 2855 1570 2900; x_wconf 83' lang='lat' dir='ltr'>malim</span> <span class='ocrx_word' id='word_1_996' title='bbox 1587 2851 1774 2894; x_wconf 86' lang='lat' dir='ltr'>agnoscere,</span> <span class='ocrx_word' id='word_1_997' title='bbox 1797 2861 1836 2884; x_wconf 77' lang='lat' dir='ltr'>ut</span> 
     </span>
     <span class='ocr_line' id='line_1_138' title="bbox 959 2897 1836 2949; baseline -0.018 -9"><span class='ocrx_word' id='word_1_998' title='bbox 959 2907 1062 2949; x_wconf 84' lang='lat' dir='ltr'>palam</span> <span class='ocrx_word' id='word_1_999' title='bbox 1079 2911 1278 2947; x_wconf 80' lang='lat' dir='ltr'>agnoverunt</span> <span class='ocrx_word' id='word_1_1000' title='bbox 1295 2901 1359 2932; x_wconf 88' lang='lat' dir='ltr'>alii.</span> <span class='ocrx_word' id='word_1_1001' title='bbox 1404 2897 1482 2931; x_wconf 90' lang='lat' dir='ltr'>Non</span> <span class='ocrx_word' id='word_1_1002' title='bbox 1506 2903 1610 2936; x_wconf 80' lang='lat' dir='ltr'>agitur</span> <span class='ocrx_word' id='word_1_1003' title='bbox 1628 2903 1774 2940; x_wconf 83' lang='lat' dir='ltr'>quoque,</span> <span class='ocrx_word' id='word_1_1004' title='bbox 1798 2902 1836 2926; x_wconf 86' lang='lat' dir='ltr'>ut</span> 
     </span>
     <span class='ocr_line' id='line_1_139' title="bbox 961 2934 1833 2989; baseline -0.017 -7"><span class='ocrx_word' id='word_1_1005' title='bbox 961 2949 1031 2981; x_wconf 86' lang='lat' dir='ltr'>aliis</span> <span class='ocrx_word' id='word_1_1006' title='bbox 1056 2946 1178 2989; x_wconf 86' lang='lat' dir='ltr'>placuit</span> <span class='ocrx_word' id='word_1_1007' title='bbox 1195 2967 1206 2983; x_wconf 91' lang='lat'>,</span> <span class='ocrx_word' id='word_1_1008' title='bbox 1229 2944 1269 2975; x_wconf 88' lang='lat' dir='ltr'>de</span> <span class='ocrx_word' id='word_1_1009' title='bbox 1299 2941 1472 2980; x_wconf 65' lang='lat' dir='ltr'>tempore,</span> <span class='ocrx_word' id='word_1_1010' title='bbox 1493 2945 1558 2978; x_wconf 88' lang='lat' dir='ltr'>quo</span> <span class='ocrx_word' id='word_1_1011' title='bbox 1575 2935 1614 2967; x_wconf 90' lang='lat' dir='ltr'>de</span> <span class='ocrx_word' id='word_1_1012' title='bbox 1631 2935 1769 2976; x_wconf 84' lang='lat' dir='ltr'>Legibus</span> <span class='ocrx_word' id='word_1_1013' title='bbox 1785 2934 1833 2968; x_wconf 85' lang='lat' dir='ltr'>fe-</span> 
     </span>
     <span class='ocr_line' id='line_1_140' title="bbox 961 2975 1836 3023; baseline -0.016 0"><span class='ocrx_word' id='word_1_1014' title='bbox 961 2989 1070 3023; x_wconf 89' lang='lat' dir='ltr'>rundis</span> <span class='ocrx_word' id='word_1_1015' title='bbox 1093 2994 1250 3018; x_wconf 84' lang='lat' dir='ltr'>certatum</span> <span class='ocrx_word' id='word_1_1016' title='bbox 1272 2982 1356 3020; x_wconf 88' lang='lat' dir='ltr'>fuit,</span> <span class='ocrx_word' id='word_1_1017' title='bbox 1391 2978 1444 3011; x_wconf 86' lang='lat' dir='ltr'>sed</span> <span class='ocrx_word' id='word_1_1018' title='bbox 1471 2978 1565 3010; x_wconf 90' lang='lat' dir='ltr'>unice</span> <span class='ocrx_word' id='word_1_1019' title='bbox 1585 2976 1616 3009; x_wconf 88' lang='lat'>&amp;</span> <span class='ocrx_word' id='word_1_1020' title='bbox 1633 2975 1836 3017; x_wconf 77' lang='lat' dir='ltr'>simpliciter,</span> 
     </span>
     <span class='ocr_line' id='line_1_141' title="bbox 959 3017 1838 3072; baseline -0.015 -10"><span class='ocrx_word' id='word_1_1021' title='bbox 959 3037 1078 3072; x_wconf 87' lang='lat' dir='ltr'>quanto</span> <span class='ocrx_word' id='word_1_1022' title='bbox 1105 3025 1296 3063; x_wconf 87' lang='lat' dir='ltr'>intervallo,</span> <span class='ocrx_word' id='word_1_1023' title='bbox 1319 3019 1391 3063; x_wconf 84' lang='lat' dir='ltr'>post</span> <span class='ocrx_word' id='word_1_1024' title='bbox 1406 3020 1508 3062; x_wconf 84' lang='lat' dir='ltr'>Reges</span> <span class='ocrx_word' id='word_1_1025' title='bbox 1523 3017 1671 3057; x_wconf 69' lang='lat' dir='ltr'>exactos,</span> <span class='ocrx_word' id='word_1_1026' title='bbox 1690 3017 1838 3059; x_wconf 66' lang='lat' dir='ltr'>‚Populus</span> 
     </span>
     <span class='ocr_line' id='line_1_142' title="bbox 961 3058 1838 3108; baseline -0.011 -6"><span class='ocrx_word' id='word_1_1027' title='bbox 961 3069 1099 3103; x_wconf 85' lang='lat' dir='ltr'>caruerit</span> <span class='ocrx_word' id='word_1_1028' title='bbox 1114 3068 1187 3108; x_wconf 87' lang='lat' dir='ltr'>Jure</span> <span class='ocrx_word' id='word_1_1029' title='bbox 1202 3073 1303 3098; x_wconf 89' lang='lat' dir='ltr'>certo.</span> <span class='ocrx_word' id='word_1_1030' title='bbox 1350 3062 1451 3103; x_wconf 88' lang='lat' dir='ltr'>Igitur</span> <span class='ocrx_word' id='word_1_1031' title='bbox 1468 3070 1518 3093; x_wconf 89' lang='lat' dir='ltr'>res</span> <span class='ocrx_word' id='word_1_1032' title='bbox 1538 3058 1678 3102; x_wconf 85' lang='lat' dir='ltr'>postulat</span> <span class='ocrx_word' id='word_1_1033' title='bbox 1689 3081 1700 3098; x_wconf 91' lang='lat'>,</span> <span class='ocrx_word' id='word_1_1034' title='bbox 1724 3067 1761 3090; x_wconf 88' lang='lat' dir='ltr'>ut</span> <span class='ocrx_word' id='word_1_1035' title='bbox 1777 3060 1838 3092; x_wconf 82' lang='lat' dir='ltr'>alia</span> 
     </span>
     <span class='ocr_line' id='line_1_143' title="bbox 960 3099 1839 3149; baseline -0.014 -6"><span class='ocrx_word' id='word_1_1036' title='bbox 960 3113 1125 3148; x_wconf 81' lang='lat' dir='ltr'>dicantur3</span> <span class='ocrx_word' id='word_1_1037' title='bbox 1155 3115 1236 3149; x_wconf 89' lang='lat' dir='ltr'>puto</span> <span class='ocrx_word' id='word_1_1038' title='bbox 1264 3112 1372 3136; x_wconf 89' lang='lat' dir='ltr'>autem</span> <span class='ocrx_word' id='word_1_1039' title='bbox 1397 3103 1429 3135; x_wconf 92' lang='lat' dir='ltr'>in</span> <span class='ocrx_word' id='word_1_1040' title='bbox 1452 3101 1558 3135; x_wconf 88' lang='lat' dir='ltr'>Libris</span> <span class='ocrx_word' id='word_1_1041' title='bbox 1572 3099 1725 3142; x_wconf 82' lang='lat' dir='ltr'>scriptum</span> <span class='ocrx_word' id='word_1_1042' title='bbox 1744 3099 1839 3132; x_wconf 79' lang='lat' dir='ltr'>fuisse</span> 
     </span>
     <span class='ocr_line' id='line_1_144' title="bbox 964 3142 1838 3194; baseline -0.014 -10"><span class='ocrx_word' id='word_1_1043' title='bbox 964 3151 1091 3194; x_wconf 75' lang='lat' dir='ltr'>Vigint.</span> <span class='ocrx_word' id='word_1_1044' title='bbox 1105 3150 1215 3187; x_wconf 79' lang='lat' dir='ltr'>annis,</span> <span class='ocrx_word' id='word_1_1045' title='bbox 1236 3145 1323 3188; x_wconf 91' lang='lat' dir='ltr'>quod</span> <span class='ocrx_word' id='word_1_1046' title='bbox 1346 3144 1465 3186; x_wconf 87' lang='lat' dir='ltr'>exponi</span> <span class='ocrx_word' id='word_1_1047' title='bbox 1485 3142 1618 3175; x_wconf 80' lang='lat' dir='ltr'>debebat</span> <span class='ocrx_word' id='word_1_1048' title='bbox 1641 3151 1706 3174; x_wconf 88' lang='lat' dir='ltr'>non</span> <span class='ocrx_word' id='word_1_1049' title='bbox 1722 3143 1838 3185; x_wconf 79' lang='lat' dir='ltr'>viginti</span> 
     </span>
     <span class='ocr_line' id='line_1_145' title="bbox 964 3183 1866 3233; baseline -0.013 -8"><span class='ocrx_word' id='word_1_1050' title='bbox 964 3195 1052 3225; x_wconf 77' lang='lat' dir='ltr'>annis</span> <span class='ocrx_word' id='word_1_1051' title='bbox 1063 3216 1072 3231; x_wconf 92' lang='lat'>,</span> <span class='ocrx_word' id='word_1_1052' title='bbox 1097 3190 1182 3233; x_wconf 89' lang='lat' dir='ltr'>quod</span> <span class='ocrx_word' id='word_1_1053' title='bbox 1196 3197 1308 3221; x_wconf 83' lang='lat' dir='ltr'>verum</span> <span class='ocrx_word' id='word_1_1054' title='bbox 1323 3195 1388 3219; x_wconf 91' lang='lat' dir='ltr'>non</span> <span class='ocrx_word' id='word_1_1055' title='bbox 1403 3184 1469 3224; x_wconf 88' lang='lat' dir='ltr'>est,</span> <span class='ocrx_word' id='word_1_1056' title='bbox 1491 3183 1543 3216; x_wconf 82' lang='lat' dir='ltr'>sed</span> <span class='ocrx_word' id='word_1_1057' title='bbox 1552 3184 1718 3226; x_wconf 78' lang='lat' dir='ltr'>sexaginta</span> <span class='ocrx_word' id='word_1_1058' title='bbox 1734 3185 1834 3214; x_wconf 80' lang='lat' dir='ltr'>annis.</span> <span class='ocrx_word' id='word_1_1059' title='bbox 1861 3188 1866 3190; x_wconf 88' lang='grc'><strong><em>·</em></strong></span> 
     </span>
     <span class='ocr_line' id='line_1_146' title="bbox 963 3224 1840 3272; baseline -0.015 -4"><span class='ocrx_word' id='word_1_1060' title='bbox 963 3235 1006 3268; x_wconf 87' lang='lat' dir='ltr'>Et</span> <span class='ocrx_word' id='word_1_1061' title='bbox 1027 3233 1069 3267; x_wconf 91' lang='lat' dir='ltr'>fic</span> <span class='ocrx_word' id='word_1_1062' title='bbox 1087 3230 1241 3272; x_wconf 77' lang='lat' dir='ltr'>temporis</span> <span class='ocrx_word' id='word_1_1063' title='bbox 1257 3228 1340 3263; x_wconf 87' lang='lat' dir='ltr'>ratio</span> <span class='ocrx_word' id='word_1_1064' title='bbox 1349 3226 1540 3266; x_wconf 84' lang='lat' dir='ltr'>conveniet,</span> <span class='ocrx_word' id='word_1_1065' title='bbox 1573 3224 1703 3259; x_wconf 69' lang='lat' dir='ltr'>dixiiset</span> <span class='ocrx_word' id='word_1_1066' title='bbox 1723 3224 1840 3266; x_wconf 84' lang='lat' dir='ltr'>quippe</span> 
     </span>
    </p>
   </div>
   <div class='ocr_carea' id='block_1_12' title="bbox 1147 3265 1839 3327">
    <p class='ocr_par' dir='ltr' id='par_1_13' title="bbox 1147 3265 1839 3327">
     <span class='ocr_line' id='line_1_147' title="bbox 1147 3265 1839 3327; baseline -0.003 -28"><span class='ocrx_word' id='word_1_1067' title='bbox 1147 3272 1182 3317; x_wconf 84' lang='lat' dir='ltr'>Q</span> <span class='ocrx_word' id='word_1_1068' title='bbox 1198 3281 1217 3327; x_wconf 59' lang='lat' dir='ltr'>q</span> <span class='ocrx_word' id='word_1_1069' title='bbox 1240 3280 1259 3314; x_wconf 76' lang='lat'>3</span> <span class='ocrx_word' id='word_1_1070' title='bbox 1747 3265 1839 3297; x_wconf 72' lang='lat' dir='ltr'>Poin-</span> 
     </span>
    </p>
   </div>
  </div>
 </body>
</html>
