2008 3436
265 107 359 146 DE
431 105 627 144 FORO
702 103 1232 152 LEGATORUM,

43 195 83 227 Ic.
127 189 265 233 Rejestis

43 234 190 267 Aitzema
209 231 280 264 Lib.

43 275 75 308 &
95 274 178 307 rec‘ie
196 273 284 305 vicit.

86 317 200 358 Longo
224 313 281 346 usu
304 312 441 354 legatum
469 312 518 353 jus
556 309 644 356 Asyli
692 319 809 342 uaererc
840 320 904 343 non

42 357 148 400 posse,
174 356 204 388 &
229 355 282 387 alii
310 353 540 391 observarunt,
564 352 630 383 vid.
711 351 841 383 uberum
871 353 904 383 <ie

44 400 122 442 Jtaee
142 398 233 429 Civit.
256 395 327 428 Lib.
338 394 394 427 111.
419 394 534 433 Sestu.
562 392 635 424 (ἴε.
660 403 754 435 ⁷²·32·
800 393 907 425 Etiam

43 442 115 474 ideo
138 439 170 470 id
197 446 308 469 verum
332 435 396 475 est,
420 434 504 476 quod
527 433 652 466 actuum
678 433 856 474 frequentia
877 435 907 467 δε

43 479 215 524 patientia,
241 487 310 519 quae
333 476 371 509 ad
396 474 668 518 praescriptionem
694 473 876 508 suffecerint
896 499 906 515 ,

44 522 142 564 vulgo
157 520 314 553 deficiant.
358 517 417 559 Ipli
442 515 614 549 Pontifices
633 517 793 557 Maximi,
826 518 908 559 apud

312 187 425 220 uerelis
452 187 533 219 vicit
555 185 670 224 Curia,
693 192 729 216 ut
754 183 799 216 est
824 185 906 225 apud

331 228 460 261 XXIX.
480 234 513 270 p.
532 238 571 260 m.
589 230 663 268 655.
679 229 753 258 662.
779 227 809 258 ὅ(
830 229 903 268 663.

580 601 955 661 vCAPUT

1284 107 1322 143 C.
1351 108 1445 144 XXI.
1474 110 1587 149 XXII.
1748 123 1818 159 179

948 194 1041 231 quem
1069 185 1163 232 legati
1192 186 1385 226 potissimum
1409 198 1476 220 cam
1495 200 1560 222 rem
1580 198 1736 231 peccant,
1760 190 1825 225 sae-,

947 236 987 267 pe
1011 236 1042 257 vr
1065 228 1094 258 t&
1117 237 1148 258 vr
1173 236 1290 259 armata
1322 229 1488 270 imperium
1513 231 1542 262 ἃ
1569 232 1816 271 jurisdictionem

948 267 1032 300 suam
1051 267 1122 300 sunt
1143 268 1236 307 tuiti,
1262 269 1438 312 interrupta
1465 272 1506 303 sic
1530 273 1712 312 poss'cssione
1732 273 1817 306 nefa-

948 310 1002 341 riae
1023 308 1273 355 consuetudinis.
1320 311 1426 352 Atque
1450 313 1517 344 haec
1536 313 1623 344 forte
1637 315 1705 346 addi
1726 322 1818 356 pote-

950 359 1024 383 runt
1043 360 1101 396 ris,
1127 360 1195 391 quae
1213 352 1307 383 audio
1334 353 1542 386 Tliomafium
1558 352 1706 395 scripiiss'e
1719 360 1752 388 cle
1771 357 1816 395 ju-

950 403 980 424 re
1006 392 1114 434 Asyli,
1137 393 1298 433 legatorum
1328 396 1433 426 aeclr'lms
1458 405 1516 426 non
1540 401 1714 435 competente
1731 421 1739 436 ,
1766 394 1818 429 sed

951 443 1044 475 quam
1057 432 1321 467 Differ-tationem
1338 437 1462 469 occulis
1477 436 1555 468 meis
1574 436 1721 478 usurpavi
1741 448 1819 471 nun-

951 484 1053 517 quam.

1055 625 1238 662 XXII.

294 712 347 749 An
374 723 438 760 quae
457 711 584 760 species
603 711 673 759 sint
691 712 895 761 singulares,
921 725 962 749 ex
987 715 1100 760 quibus
1127 715 1254 761 legatus
1281 714 1418 752 detineri
1441 716 1565 765 pfft?

134 813 255 846 uamvis
279 812 416 854 legatum
436 821 494 843 nec
515 820 555 843 ex
576 811 740 843 contrastu
757 810 906 843 conveni-

151 855 195 895 ri,
217 864 276 888 nec
290 856 332 886 ob
350 854 468 885 crimen
491 851 627 884 accusari
649 852 736 893 polle
760 852 907 884 defenda-

151 905 239 936 mus,
264 906 301 928 an
320 904 423 928 tamen
440 895 529 926 nullo
547 894 640 935 plane
661 893 732 925 casu
751 894 778 925 ei
799 903 908 926 manus

46 939 133 980 injici
151 937 265 985 possit,
287 947 336 969 res
353 935 418 974 est,
441 945 510 976 quae
529 934 801 981 mercturinspici.
820 934 908 978 Quid

43 982 128 1013 enim
145 980 166 1011 ii
184 980 281 1018 exul,
303 979 334 1010 &
350 978 381 1009 in
408 986 530 1018 poenam
556 975 771 1017 proscriptus,
795 977 831 1007 ad
851 985 909 1007 nos

45 1023 169 1063 legetur
187 1045 196 1060 ,
228 1030 265 1052 an
289 1020 465 1061 legatorum
493 1018 560 1057 jura
587 1017 615 1047 ei
642 1017 855 1058 competent?
880 1017 909 1049 δ(

45 1064 138 1102 sunt,
160 1063 212 1103 qui
229 1068 340 1101 putant
362 1059 442 1100 apud
462 1057 684 1090 Ber-tachinum
703 1059 856 1099 Repertor.
878 1058 910 1089 in

46 1104 91 1138 V.
114 1102 297 1142 Ambastator
316 1107 347 1142 p.
372 1111 410 1131 m.
430 1109 496 1140 ³4.⁷·
523 1100 553 1131 ἃ
572 1098 662 1139 sunt,
686 1101 737 1141 qui
765 1109 828 1131 non
851 1108 906 1140 pu-

46 1153 134 1184 tant,
159 1142 298 1175 Gentilis
320 1143 353 1173 de
384 1141 543 1181 Legation.
580 1139 652 1173 Lib.
676 1141 714 1174 ll.
744 1141 776 1173 C.
804 1150 851 1173 10.
878 1140 909 1172 &

46 1185 218 1221 Zoucheus
242 1183 331 1216 Part.
360 1181 400 1215 II.
428 1181 502 1214 Seri.
528 1192 558 1222 4.
592 1179 634 1227 Q.
672 1193 720 1221 19.
744 1182 838 1228 idque
863 1181 908 1213 est

47 1226 237 1261 veriffimum
250 1247 262 1264 ,
308 1225 359 1256 uia
382 1234 445 1256 non
471 1233 597 1255 omnem
615 1229 753 1266 legatum
770 1232 910 1265 recipere

47 1277 209 1307 tenemur,
233 1274 269 1298 ut
323 1266 424 1297 rotius
445 1265 515 1296 Lib.
551 1264 590 1296 II.
629 1267 660 1298 C.
689 1271 736 1301 18.
771 1264 799 1306 §.
826 1276 856 1307 3.
881 1265 911 1296 δε

47 1309 217 1344 Zoucheus
237 1310 264 1339 d.
292 1308 330 1339 P.
363 1306 403 1339 II.
429 1306 504 1338 Seri.
537 1317 568 1347 4.
593 1307 634 1352 Q
674 1317 720 1354 ¹3·
747 1307 777 1339 ὃς
802 1315 912 1338 omnes

46 1350 118 1386 fere
141 1349 222 1390 Juris
240 1348 363 1381 Publici
387 1347 540 1379 Auum-es
558 1349 769 1381 consentiunt.
816 1346 913 1380 Recte

49 1393 95 1425 ita
119 1400 158 1422 ue
176 1391 250 1423 exul
267 1400 330 1422 non
347 1389 512 1428 accedere,
538 1389 587 1429 (St,
612 1391 632 1423 si
652 1391 713 1430 jam
730 1388 910 1429 accesserit,

50 1433 107 1468 fini
131 1442 166 1464 us
190 1431 305 1464 nostris
332 1431 484 1463 excedere
510 1431 687 1471 jubebitur,
715 1431 762 1470 &,
786 1430 841 1463 nisi
856 1439 911 1462 ex-

50 1474 176 1507 cess‘erit
196 1496 207 1512 ,
229 1473 341 1513 inJ‘eaa
367 1481 459 1504 manu
481 1473 643 1505 educetur.
691 1472 735 1504 Ut
760 1472 913 1514 pretiatur

51 1524 155 1554 tamen
170 1537 181 1553 ‚
202 1514 378 1547 humanitas
393 1514 423 1545 &
440 1514 521 1544 bona
539 1514 615 1546 fides
627 1539 635 1552 ,
652 1524 720 1556 quae
740 1512 913 1555 praesertim

51 1557 136 1591 inter
161 1555 281 1588 Gentes
303 1555 526 1587 exuberantior
548 1556 737 1588 defidcratur
752 1578 762 1593 ,
785 1555 842 1594 vix
862 1554 919 1595 acl-7

52 1599 196 1632 mittunt.
227 1596 331 1629 Etiam
350 1597 441 1635 ide0‚
466 1596 550 1637 quod
567 1607 603 1629 ea
622 1607 671 1629 res
699 1597 842 1628 videatur
858 1596 912 1628 du-

51 1640 125 1679 bia,
150 1639 180 1671 &
208 1639 239 1671 in
259 1638 356 1670 dubio
382 1645 496 1669 contra
517 1648 580 1670 non
600 1638 758 1671 subditum
772 1662 780 1677 ‚
805 1638 857 1679 qui
876 1647 916 1669 cx

52 1680 199 1715 mandato
221 1680 331 1718 venit,
354 1679 495 1720 quamvis
521 1688 632 1712 contra
656 1680 836 1712 mandatum
862 1689 918 1711 no-

51 1721 148 1756 strum
158 1744 171 1760 ,
193 1721 271 1754 nihil
289 1721 429 1753 atrocius
449 1720 656 1754 statuendum.
680 1721 795 1762 Neque
814 1728 917 1753 tamen

50 1763 206 1796 vetandus
226 1762 388 1804 quisquam
412 1763 480 1803 jure
498 1760 553 1793 suo
575 1764 642 1802 uti,
664 1763 686 1796 fi
714 1762 813 1802 velit,
838 1762 916 1794 sum-

51 1814 127 1844 mo,
150 1813 222 1836 nam
238 1804 417 1836 interdictio
444 1802 549 1835 nostra
565 1804 719 1847 Principis
734 1803 777 1836 sui
795 1804 918 1835 manda-

53 1854 122 1880 tum
147 1845 299 1887 praecesfit
316 1868 328 1885 ,
351 1846 381 1878 &
406 1845 486 1877 alius
511 1845 663 1887 Princeps
691 1845 747 1878 suo
771 1845 918 1877 mandato

53 1887 240 1924 sententiam
275 1885 412 1919 nostram
437 1886 546 1928 nequit
581 1888 765 1921 rescindere.
821 1886 918 1919 Recte

52 1928 231 1963 clementiae
258 1928 408 1960 Romanae
435 1928 624 1969 imputatum
658 1929 739 1970 apud
765 1928 919 1960 Tacitum

53 1970 162 2007 Arma!
185 1969 256 2001 Lib.
282 1969 304 2001 I.
333 1971 365 2002 C.
387 1980 439 2011 57.
464 1969 551 2011 quod
572 1969 705 2013 Segestis
722 1970 844 2008 filium,
866 1979 917 2002 an-

53 2021 108 2046 tea
131 2010 168 2042 ad
194 2010 326 2043 rebelles
362 2010 534 2052 profugum
554 2034 566 2050 ‚
597 2012 735 2053 legatum
759 2020 914 2052 recepere.

52 2053 135 2090 Haec
148 2052 226 2093 juris
247 2052 375 2093 &aequi
393 2060 508 2094 pugna.
552 2052 690 2099 Quidam
715 2053 767 2085 hic
792 2052 917 2084 damna-

51 2102 127 2134 tus,
152 2102 188 2125 ut
201 2093 307 2135 lingua
323 2094 390 2134 ejus
409 2093 641 2139 perforaretur,
664 2095 701 2133 ad
718 2094 834 2136 Regem
856 2094 919 2126 An-

57 2136 129 2178 gliae
142 2133 245 2176 fugit,
267 2135 319 2175 qui
335 2145 406 2167 eum
431 2135 492 2167 huc
519 2135 658 2176 legatum
674 2136 785 2168 mittit.
828 2135 917 2169 Post-

57 2186 152 2219 quam
174 2175 364 2215 advenisset,
395 2176 498 2218 Hagae
514 2178 631 2209 carceri
648 2177 841 2218 includitur,
868 2176 919 2210 sed

104 2217 166 2250 stea
189 2217 324 2259 impunis
343 2217 483 2250 dimiss'us
496 2217 560 2257 est,
585 2219 650 2251 vid.
680 2219 829 2251 Aitzema
847 2219 918 2252 Lib.

55 2228 149 2295 §VL
170 2265 203 2300 p.
225 2269 263 2290 m.
290 2267 359 2300 277.
385 2258 415 2291 dt
429 2263 500 2299 278.
524 2259 642 2292 accidit
661 2260 692 2292 id
711 2259 805 2292 Anno
827 2264 917 2303 1636.

56 2311 98 2336 eo
117 2299 241 2332 scilicet
255 2307 415 2341 tempore,
430 2309 493 2342 quo
509 2299 600 2341 hujus
615 2302 672 2334 Rei
697 2301 810 2334 ublicae
826 2312 919 2344 quam

55 2342 196 2379 maxime
213 2342 386 2380 intererat,
408 2341 528 2382 Anglos
545 2351 607 2374 non
629 2352 649 2375 o
677 2343 759 2375 endi.
783 2343 919 2376 Pruden-

58 2385 122 2418 tius
142 2382 263 2414 Gravio
280 2383 312 2414 in
330 2381 498 2421 Portland,
525 2381 693 2416 Wilhelmi
714 2384 768 2416 III.
795 2385 919 2426 Angliae

57 2424 156 2467 Regis
174 2424 295 2465 legatus
311 2423 349 2455 ad
367 2423 569 2456 Ludovicum
587 2425 677 2457 XIV.
702 2424 842 2457 Franciae
858 2426 919 2458 Re-

57 2476 150 2510 gem,
171 2473 335 2506 antequam
352 2465 445 2498 Anno
466 2468 555 2507 1697.
578 2466 610 2498 in
626 2465 790 2498 Franciam
809 2467 922 2506 abiret,

57 2518 78 2541 a
92 2507 214 2540 Franco
238 2506 353 2547 petiit,
377 2507 407 2538 &
429 2507 589 2546 obtinuit,
613 2516 649 2539 ut
669 2508 779 2539 liceret
794 2508 921 2548 quibus-

59 2549 149 2588 dam,
171 2558 190 2580 e
208 2547 337 2580 Francia
351 2548 517 2587 exulibus,
540 2549 622 2581 inter
638 2549 773 2581 comites
789 2550 861 2582 suos
877 2559 921 2581 es-

61 2590 102 2624 se.
147 2589 212 2622 Abs
236 2598 273 2620 ue
287 2599 326 2620 eo
342 2588 492 2629 fortaffe,
519 2598 555 2621 ut
572 2590 702 2628 exules,
725 2600 779 2622 cos
798 2591 922 2622 habuis-

63 2631 110 2664 set
126 2631 194 2662 Rex
239 2631 352 2662 ranciae
364 2641 374 2670 3
387 2630 469 2662 idem
489 2631 624 2704 quippe,
636 2641 707 2663 cum
725 2632 818 2663 Anno
832 2636 923 2674 ¹⁶7⁰·

63 2671 256 2705 Utrechtum
281 2679 416 2711 teneret,
441 2672 535 2704 etiam
581 2672 792 2705 ltrechtanum
805 2683 880 2706 recu
896 2684 924 2706 a·

59 2713 134 2751 ‚vit‚
160 2712 215 2752 qui
236 2712 390 2745 Ordinum
406 2712 611 2746 Generalium
628 2715 750 2756 legatus
769 2714 864 2754 essct,
888 2723 925 2746 ut

66 2753 112 2786 est
132 2755 165 2785 in
183 2754 216 2785 de
239 2753 444 2801 'Hollfzndscbe
461 2755 594 2788 Mer-cur.
627 2758 665 2788 ad
684 2756 808 2788 Annum
834 2760 923 2799 1673.

61 2801 93 2840 p.
115 2804 169 2836 54.
193 2804 266 2840 quia
284 2794 405 2834 scilicet
425 2795 479 2828 fibi
503 2796 645 2830 subditus
659 2806 746 2838 erat,
770 2806 806 2829 ut
821 2801 923 2830 multo

64 2846 97 2871 m
140 2838 164 2868 is
180 2844 332 2867 comitem
347 2836 472 2869 exulem
488 2838 642 2871 arcuiss'et.

59 2910 66 2914 ,
145 2877 175 2909 ic
191 2876 502 2918 quoque'videndum
519 2878 563 2912 est
582 2881 622 2919 de
641 2880 770 2913 talione.
817 2880 925 2924 Negat

68 2917 202 2952 Grotius
225 2920 259 2950 de
278 2918 356 2960 Jure
383 2917 410 2949 B
434 2918 469 2954 ἃ
485 2920 523 2952 Ρ.
549 2921 680 2954 Lib.·11.
708 2924 739 2954 C.
769 2928 818 2958 18.
842 2922 870 2964 §.
894 2934 924 2964 7.

60 2960 136 3001 ‚ejus
161 2960 306 3006 legatos,
328 2959 379 2999 qui
396 2960 519 2992 nostros
543 2964 623 3005 male
643 2961 753 2996 habuit
767 2988 776 3003 ,
800 2974 817 2996 a
835 2965 926 2997 nobis

70 3002 152 3034 male
168 3000 274 3047 haberi
292 2999 379 3042 poffe
390 3023 402 3039 ‚
425 3001 456 3033 &
471 3004 612 3046 quamvis
628 3003 782 3045 ejusmodi
799 3006 927 3037 talionis

70 3051 164 3084 quam
182 3042 318 3085 plurima
338 3041 483 3083 exempla
507 3042 565 3085 [int
607 3042 712 3077 laudat
731 3055 835 3079 tamen
853 3057 928 3079 con-

60 3083 172 3128 ,traria
197 3083 360 3124 exempla,
383 3093 452 3124 quae
474 3083 505 3115 ἁ
527 3066 590 3127 ipsa
615 3084 679 3128 non
696 3087 828 3126 desunt,
851 3088 880 3120 &
912 3098 929 3120 a

61 3133 169 3160 ‚varus
177 3124 260 3155 varia
269 3125 401 3156 recitata
410 3123 428 3156 s
426 3132 492 3156 unt.
502 3123 562 3165 Jus
575 3124 714 3160 Gentium
726 3153 735 3168 ‚
746 3129 863 3170 inquit,
872 3140 929 3161 non

75 3169 190 3196 tantum
204 3166 348 3198 mittentis
363 3172 449 3197 cavet
475 3161 638 3208 dignitati,
652 3169 707 3210 fied
722 3169 758 3204 {5⁹
773 3171 835 3211 ejus
845 3194 855 3210 ,
879 3171 929 3212 qui

63 3205 414 3249 ,mittitur-‚securitazk
445 3216 533 3250 quare
562 3217 628 3251 cum
649 3208 699 3242 hos'
717 3220 821 3252 quoque
840 3214 928 3245 tacite

951 814 1143 845 contrahitur.
1190 813 1274 845 Huic
1303 823 1370 856 ergo
1394 813 1434 854 fit
1461 815 1603 857 injuria,
1633 811 1748 853 etiamsi
1770 814 1818 852 ej,

950 855 999 894 qui
1017 853 1112 894 unfit,
1137 855 1220 886 nulla
1243 854 1313 895 fiat.
1357 855 1509 896 Optime;
1535 855 1585 888 sed
1612 865 1647 888 ut
1674 855 1821 896 injuriam

950 895 1169 937 distinguimus
1185 919 1196 935 ,
1228 896 1269 928 sic
1300 897 1330 928 ὃ(
1353 896 1402 936 jus
1427 897 1554 929 talionis
1580 898 1818 939 distinguamus.

951 936 1077 977 ’Υπιρρχὴ
1093 936 1223 978 justitiae
1238 937 1343 979 negari
1359 937 1482 978 potest,
1493 938 1613 978 justitia
1626 948 1688 971 non
1699 939 1795 970 etiam
1807 961 1820 977 ‚

952 978 1025 1017 quia
1052 979 1105 1011 illa
1135 979 1316 1011 voluntaria
1339 978 1403 1018 est,
1429 979 1497 1011 haec
1513 989 1619 1013 autem
1638 979 1818 1012 necessaria.

953 1019 1061 1062 Quare
1085 1021 1152 1059 eJ'us
1177 1021 1288 1061 legatis
1304 1043 1313 1059 ,
1347 1021 1402 1060 qui
1432 1019 1556 1053 nostros
1584 1022 1664 1054 male
1688 1021 1821 1059 habuit,

953 1070 1020 1093 vim
1051 1060 1168 1092 inferre
1191 1070 1256 1092 non
1279 1060 1411 1100 licebit,
1436 1061 1486 1093 scd
1501 1061 1588 1093 forte
1612 1063 1724 1094 habere
1744 1062 1822 1094 lice-

949 1101 998 1134 bit
1023 1110 1057 1133 ut
1081 1101 1223 1134 subditos
1238 1125 1248 1141 ‚
1273 1102 1394 1144 negatis
1419 1102 1595 1144 legatorum
1623 1103 1823 1144 privilegiis,

951 1153 1022 1185 quae
1034 1143 1175 1175 moribus
1197 1143 1353 1175 Gentium
1370 1144 1470 1185 vulgo
1489 1145 1668 1177 introdutta
1684 1143 1753 1176 sunt
1764 1166 1775 1182 ,
1790 1145 1824 1176 &

951 1186 989 1217 ad
1017 1187 1145 1224 v'maexn‘u
1170 1183 1300 1226 justitiae
1318 1186 1491 1226 pertinent.
1537 1187 1644 1228 Atque
1660 1185 1721 1217 hoc
1741 1185 1822 1217 mihi

953 1225 1068 1267 justum
1086 1226 1230 1266 videtur,
1255 1236 1327 1258 cum
1346 1226 1388 1259 sic
1408 1226 1461 1269 ipss
1478 1228 1584 1269 legato
1600 1227 1687 1260 nulla
1704 1226 1760 1258 fiat
1777 1227 1824 1260 in-

953 1269 1052 1309 juria,
1074 1267 1125 1300 sed
1145 1267 1222 1306 soli,
1246 1269 1298 1309 qui
1314 1268 1408 1300 inifit.
1454 1269 1520 1301 Alii
1537 1270 1627 1301 aliter
1643 1268 1777 1310 sapiunt.

998 1309 1049 1341 De
1064 1309 1249 1350 repreffaliis
1268 1310 1297 1342 ὃς
1315 1311 1401 1342 omni
1417 1311 1485 1351 J'ure
1503 1311 1683 1344 retorsionis
1699 1316 1825 1343 tantun-

955 1351 1027 1382 dem
1053 1351 1196 1383 dicimus.
1244 1350 1290 1383 Re
1313 1351 1452 1384 ress'alias
1479 1353 1582 1391 tolli,
1615 1360 1744 1390 eorum,
1768 1352 1824 1392 qui

954 1403 1018 1425 non
1045 1393 1097 1424 uni
1122 1391 1260 1433 Principi
1297 1392 1429 1432 ubsunt,
1455 1393 1642 1434 improbitas
1659 1402 1724 1425 non
1742 1393 1823 1434 pati-

956 1442 1018 1466 tur.
1064 1434 1168 1465 Variis
1192 1433 1318 1475 quidem
1345 1432 1500 1466 Gentium
1528 1435 1628 1476 pastis
1660 1444 1766 1466 earum
1784 1434 1823 1468 li-

955 1475 1060 1507 centia
1082 1475 1244 1514 coercita,
1269 1474 1321 1507 sed
1339 1476 1390 1507 cui
1406 1476 1493 1508 bono
1512 1476 1581 1508 haec
1597 1476 1707 1519 passm,
1731 1475 1753 1508 si
1769 1475 1824 1508 vel

956 1517 1163 1549 nihilominus
1183 1517 1253 1557 jus,
1275 1525 1390 1548 mutuo
1417 1517 1601 1559 promiss'um
1619 1542 1629 1558 ,
1653 1527 1713 1550 nec
1738 1517 1826 1549 dica-

957 1567 1028 1597 tur,
1052 1568 1112 1590 nec
1136 1556 1310 1600 praestetur.
1357 1557 1404 1590 Ita
1426 1559 1519 1591 rebus
1543 1559 1746 1601 exigentibus
1769 1567 1824 1591 ne-

957 1599 1104 1631 cessar-ius
1131 1599 1193 1631 effe
1216 1600 1316 1641 coepit
1342 1600 1591 1641 repressaliarum
1615 1600 1708 1638 usus3
1730 1598 1783 1631 sed
1800 1599 1826 1633 fi

957 1640 1216 1680 Ecclefiasticos‚
1240 1640 1262 1674 si
1286 1641 1474 1681 studiosos,
1497 1642 1519 1674 fi
1544 1643 1625 1675 alios
1649 1641 1826 1674 nonnullos

959 1682 1144 1725 repreffaliis
1160 1682 1349 1721 eximimus,
1373 1683 1482 1724 utique
1497 1684 1658 1716 eximendi
1676 1683 1826 1715 videban-

960 1733 1011 1757 tur
1036 1725 1134 1766 legati
1158 1733 1268 1756 eorum
1294 1733 1332 1755 ue
1357 1726 1515 1765 comites,
1541 1726 1595 1768 qui
1621 1725 1651 1758 &
1678 1734 1733 1766 per
1757 1724 1826 1766 ipsa

960 1767 1042 1799 bella
1059 1766 1122 1797 tuti
1149 1764 1232 1798 sunt.
1299 1766 1330 1797 in
1360 1766 1442 1807 ajas,
1466 1767 1645 1808 legatorum
1661 1765 1828 1808 privilegia

960 1808 1047 1841 nulla
1064 1807 1135 1849 lege
1151 1808 1204 1839 vel
1225 1805 1379 1839 Gentium
1405 1808 1458 1840 vel
1482 1809 1582 1841 Civili
1598 1807 1660 1840 ess'e
1676 1807 1827 1846 definita,

961 1857 1064 1891 neque
1078 1848 1289 1881 necessitatem
1308 1848 1422 1881 habere
1436 1851 1589 1883 moralem
1599 1874 1609 1891 ‚
1633 1858 1730 1891 atque
1745 1848 1830 1881 adeo

961 1891 1124 1932 Principes
1141 1900 1206 1923 non
1224 1890 1364 1931 obligare
1375 1914 1384 1930 ‚
1403 1891 1425 1923 ii
1439 1901 1550 1924 eorum
1559 1915 1571 1932 ,
1585 1902 1602 1924 a
1617 1892 1732 1933 quibus
1746 1889 1828 1922 miffi

962 1930 1053 1972 sunt,
1077 1932 1224 1973 potentia
1247 1941 1313 1963 non
1336 1931 1565 1973 defendantur,
1582 1931 1623 1965 'id
1647 1932 1715 1971 ais,
1739 1931 1828 1972 quod

962 1983 1057 2005 omne
1074 1974 1122 2014 jus
1138 1972 1293 2005 Gentium
1313 1980 1435 2005 tantum
1453 1984 1518 2006 non
1534 1973 1702 2007 subvertit.
1728 1972 1839 2020 Quod·

958 2016 1104 2053 ratione,
1126 2013 1212 2056 quod
1235 2013 1291 2046 usu
1317 2015 1347 2046 ὅς
1364 2014 1559 2048 humanitate
1575 2016 1708 2056 nititur,
1733 2015 1828 2049 &ita

960 2057 1041 2099 apud
1056 2056 1221 2098 plerasque
1240 2055 1361 2088 Gentes
1375 2065 1540 2098 receptum
1558 2056 1625 2096 est,
1649 2065 1686 2088 ut
1703 2066 1762 2098 pro
1775 2055 1828 2097 Ju-

959 2108 994 2131 re
1018 2097 1172 2129 Gentium
1190 2096 1413 2137 observemus,
1438 2099 1568 2139 placuit.
1614 2097 1753 2140 Legatos
1777 2107 1826 2130 re-

959 2139 1170 2182 press'aliarum
1188 2138 1250 2170 esse
1265 2140 1419 2171 immunes
1433 2140 1536 2172 omnis
1554 2140 1614 2172 aevi
1632 2140 1736 2179 ratio,
1760 2149 1827 2171 om-

961 2182 1049 2214 nium
1068 2179 1262 2222 populorum
1279 2179 1350 2212 usus
1365 2180 1533 2222 probavit,
1556 2181 1608 2214 sed
1624 2181 1828 2223 quemadmo-

961 2223 1036 2255 dum
1062 2222 1093 2253 id
1115 2222 1278 2261 obtinuit,
1303 2222 1348 2253 ita
1374 2222 1404 2254 δε
1420 2222 1562 2255 obtinuit
1579 2224 1749 2264 exceptio,
1771 2222 1830 2255 nisi

963 2264 1085 2297 scilicet
1108 2263 1253 2303 inJ'uriam
1271 2287 1281 2303 ‚
1317 2263 1422 2305 legato
1445 2263 1553 2296 nostro
1578 2271 1670 2297 antea
1691 2263 1829 2302 fafitam,

962 2305 1176 2345 vindicemus;
1199 2315 1290 2346 quam
1306 2305 1530 2346 exceptionem
1542 2307 1670 2348 prolixe
1687 2305 1831 2338 defendit

962 2347 1156 2380 Kirchnerus
1179 2347 1211 2378 in
1236 2346 1354 2389 Legato
1385 2347 1457 2379 Lib.
1482 2347 1523 2380 ΙΙ.
1557 2348 1591 2380 C.
1614 2347 1638 2380 Ι.
1663 2358 1692 2379 n.
1717 2350 1768 2384 69.
1793 2345 1830 2380 δὲ

954 2390 1036 2432 seqq.
1061 2388 1103 2421 Et
1118 2387 1159 2420 fic
1176 2388 1270 2420 Anno
1290 2390 1382 2428 1665.
1405 2387 1508 2430 Hagae
1525 2390 1557 2421 in
1573 2398 1731 2426 carcerem
1749 2397 1827 2419 con-

962 2430 1060 2472 jectus
1085 2429 1180 2470 legati
1204 2429 1332 2470 Anglici
1353 2428 1593 2471 scriba,¹quum
1618 2429 1715 2471 Angli
1741 2429 1829 2469 prius

964 2470 1120 2504 Ordinum
1144 2469 1348 2502 Generalium
1371 2470 1405 2501 in
1428 2470 1543 2512 Anglia
1569 2471 1665 2512 legati
1693 2469 1828 2501 scribam

964 2512 1079 2545 carceri
1096 2510 1304 2550 inclusissent,
1328 2510 1393 2542 vid.
1416 2510 1564 2544 Aitzema
1580 2512 1649 2544 Lib.
1665 2510 1780 2548 XLV.
1792 2517 1826 2551 p.

969 2562 1060 2594 1017.
1078 2552 1108 2584 ὅ(
1124 2551 1244 2584 XLVI.
1259 2558 1291 2592 p.
1313 2555 1379 2593 167.
1406 2552 1543 2593 Omnes,
1568 2553 1622 2594 qui
1638 2552 1740 2594 Hagae
1758 2553 1828 2584 ade-

965 2602 1055 2633 rant,
1079 2593 1175 2634 legati
1198 2592 1230 2625 id
1250 2593 1368 2625 faCtum
1397 2594 1540 2634 probaffe
1566 2595 1715 2626 dicuntur
1736 2595 1763 2625 d.
1793 2600 1827 2635 p.

969 2640 1037 2677 167.
1082 2633 1144 2667 Sed
1163 2634 1265 2666 minus
1281 2634 1454 2676 probabant
1473 2636 1601 2669 Zelandi
1615 2658 1626 2675 ,
1660 2635 1746 2677 quod
1772 2634 1832 2667 soli

966 2676 1149 2711 Hollandiae
1180 2675 1336 2714 Ordines,
1359 2676 1465 2709 insciis
1489 2678 1618 2718 reliquis
1635 2677 1830 2714 Foederatis,

966 2718 1098 2752 scribam
1125 2717 1220 2758 legati
1243 2717 1369 2759 Anglici
1393 2717 1598 2751 detinuissent
1623 2720 1652 2750 d.
1677 2725 1711 2759 p.
1738 2726 1828 2758 1017.

968 2760 1080 2800 &jure
1104 2759 1220 2791 merito
1247 2759 1489 2801 indignabantur
1504 2759 1652 2799 Zelandi,
1678 2760 1751 2800 quia
1769 2758 1832 2790 bel·

967 2801 990 2833 li
1008 2800 1203 2833 occasionem
1226 2800 1364 2842 praebere
1380 2800 1507 2842 singulis
1530 2801 1708 2837 Provinciis
1734 2801 1830 2832 inter-

965 2842 1082 2874 dietum
1099 2841 1155 2874 est.
1200 2841 1259 2883 Ipfi
1288 2849 1391 2874 tamen
1413 2842 1543 2874 Zelandi
1561 2851 1625 2874 non
1648 2841 1741 2874 semel
1757 2841 1833 2873 alias

968 2884 1028 2916 alia
1047 2882 1202 2915 sententia
1219 2882 1262 2915 ufi
1282 2882 1372 2922 sunt3
1397 2881 1449 2914 sed
1465 2883 1526 2921 hoc
1541 2883 1603 2923 jam
1621 2892 1686 2915 non
1701 2892 1772 2924 ago.

1010 2926 1099 2966 Saepe
1120 2925 1151 2957 δι
1175 2924 1259 2956 ultra
1281 2923 1474 2966 progressum
1497 2924 1564 2962 est,
1587 2924 1619 2956 &
1642 2923 1831 2964 repressaliae

968 2967 1060 2998 etiam
1084 2966 1121 2997 ad
1141 2965 1216 2998 alias
1236 2966 1342 2998 causas
1366 2966 1529 3006 porrectae.
1575 2964 1658 2997 Cum
1683 2963 1830 3005 Cardina-

969 3009 1009 3040 lis
1031 3007 1164 3045 blattas,
1188 3007 1230 3038 ob
1254 3017 1318 3039 non
1344 3005 1488 3038 restituta
1505 3006 1660 3046 Equitum
1676 3006 1830 3047 Meliten-

959 3049 1046 3082 'fium
1072 3048 1152 3079 bona
1161 3070 1172 3086 ,
1195 3057 1305 3080 omnes
1329 3047 1495 3087 Belgarum
1521 3047 1760 3080 Foederatorum
1779 3057 1831 3080 na-

968 3099 1028 3129 ,ves
1046 3090 1078 3121 in
1093 3089 1208 3129 Anglia
1224 3087 1339 3120 arresto
1355 3087 1536 3120 detinuisset
1547 3111 1559 3128 ,
1582 3088 1716 3121 Ordines
1731 3088 1835 3121 Gene-

972 3131 1052 3163 rales
1078 3139 1125 3169 15.
1151 3131 1208 3170 jun
1241 3133 1332 3161 1662.
1365 3129 1546 3170 petierunt,
1569 3129 1725 3163 Ordinum
1749 3130 1832 3163 Hol-

973 3171 1087 3204 landiae
1105 3170 1281 3202 Confiliarii
1300 3169 1474 3202 Cardinalis
1500 3170 1670 3211 ACtorem,
1694 3172 1837 3213 quamvis

972 3222 1031 3256 pro
1048 3211 1334 3284 leg{to2habitum‚
1361 3220 1424 3245 tam
1447 3211 1528 3253 apud
1550 3212 1685 3248 Ordines
1703 3212 1839 3285 Genlera·
1875 3225 1880 3227 ·

1788 3262 1839 3291 es,
