2008 3436
448 110 844 147 CORNELII

196 193 265 230 dit,
288 192 441 224 recentiori
464 190 540 232 Jure
572 192 712 223 Gentium
739 192 818 223 inter
838 190 989 232 Europoeos
1002 189 1059 221 Po-

193 234 276 275 pulos
302 232 494 264 introductum
518 233 665 273 videmus,
690 239 722 264 uc
737 233 812 264 talia
825 239 912 273 capta
927 232 1059 271 censean-

198 281 262 313 tur,
286 277 334 306 nbi
352 280 407 315 per
430 274 512 305 horas
530 276 644 317 viginti
687 279 790 304 uatuor
808 275 840 305 in
856 271 996 314 potestate
1015 272 1060 303 ho-

191 314 283 356 stium
293 317 424 356 fuerint.
471 315 568 362 Quod
593 317 624 347 in
641 284 732 347 Agnis
751 315 845 346 etiam
861 315 898 346 ad
911 324 946 346 ea
965 323 1060 345 trans-

197 357 283 395 fert,
308 367 376 398 quae
403 365 483 388 terra
504 357 678 398 capiuntur.
726 354 877 387 Grotium
902 355 986 387 bona
1002 354 1063 386 fide

197 397 357 440 descriplit
382 398 550 430 Zoucheus
585 399 618 429 de
652 396 729 438 Jnre
759 396 867 428 Fetial.
904 397 991 428 Part.
1019 395 1060 427 ΙΙ.

198 439 276 471 Sed.
301 445 330 475 8.
357 439 398 486 ρ,
426 450 451 472 1.
479 440 508 471 ὅ(
532 438 712 471 Loccenius
734 439 767 469 cle
783 438 860 479 Jure
881 438 992 469 llffarz't.
1019 436 1059 468 L.

198 480 240 513 ΙΙ.
263 482 297 513 C.
321 493 351 521 4.
375 492 404 512 n.
429 491 459 521 4.
486 480 580 526 Quod
599 479 733 510 Grotius
759 481 804 511 ait
821 479 859 511 de
881 489 930 518 24.
957 478 1060 516 horis,

198 521 284 554 nunc
313 522 425 554 servari
451 521 532 563 apud
556 530 665 552 omnes
691 519 830 561 Populos
857 522 937 551 citra
964 519 1061 550 ullam

198 562 429 595 distinetionem
441 586 451 602 ,
470 573 507 594 an
522 570 613 603 capta
631 561 721 593 navis
739 563 770 593 in
790 570 916 602 portum
934 558 1060 591 avido-

202 614 237 636 re
263 604 362 636 fuerit
387 603 551 645 pei-dueta,
576 612 636 634 nec
659 612 721 641 ne,
754 603 832 635 olim
864 610 990 643 quoque
1013 610 1060 632 re-

199 644 344 685 spondit,
359 645 412 685 qui
430 645 510 685 apud
521 644 770 676 Admiralitatem
787 643 1066 676 Amsterdammen-

199 686 261 718 sem
289 685 313 718 F
310 685 370 767 ἐπὶ]
396 685 518 717 causam
544 685 610 727 egit
625 685 703 726 (1),
730 685 760 717 &
775 685 816 717 fic
835 685 929 716 etiam
945 684 999 716 alii
1022 682 1064 715 sa-

201 738 208 742 ·
225 735 292 759 iunt
331 737 348 758 2
372 751 380 758 .
931 754 933 757 ⁴

201 739 221 770 ρ
241 768 300 801 Sed
317 777 377 809 ego
401 768 480 800 illud
506 767 562 800 usu
579 765 692 800 servari
713 778 870 810 nunquam
889 768 980 810 potui
999 768 1062 799 ani·

198 810 404 842 madvertere.
451 809 565 851 Repeti
596 810 740 851 quidem,
764 810 889 850 Judices
911 809 1063 841 militares

199 851 244 882 ita
267 849 414 891 judicasse
443 861 493 891 24.
520 850 601 883 Dec.
630 854 719 891 1624.
745 851 805 893 (3)
827 852 856 884 &
873 854 999 882 eosdem
1017 858 1061 881 et-

200 894 260 923 iam
283 891 357 923 alias
381 893 426 923 ita
457 891 608 924 censuisse
630 892 707 933 (4),
731 902 842 924 verum
869 892 938 933 quis
960 891 1064 923 audiat

202 933 366 972 homines,
386 933 464 973 juris
492 934 678 976 plerumque
705 933 972 975 imperitiffimos‚
995 932 1062 964 nul-

201 975 231 1007 la
249 974 340 1015 plane
362 974 550 1007 auetoritate
568 973 660 1014 usos,
685 975 715 1007 ἂ
732 974 820 1007 forte
840 974 936 1007 solius
955 972 1063 1005 Grotii

198 1016 386 1048 auctoritate
412 1015 552 1048 seductos
570 1017 587 1049 ‘2
610 1017 642 1048 in
665 1015 733 1056 ipso
758 1017 870 1058 Belgio
899 1016 922 1047 F
925 1015 1064 1047 oederato

200 1057 300 1098 Leges
325 1067 491 1099 moresque
525 1066 699 1099 repugnare
713 1079 724 1096 ,
756 1057 877 1089 abunde
900 1055 1062 1098 persuade-

199 1098 299 1138 bunt,
314 1109 385 1140 quae
404 1100 455 1130 hoc
474 1098 652 1140 &sequenti
673 1099 774 1139 Capite
791 1098 937 1140 proxime
957 1098 1063 1129 dicen-

201 1148 261 1171 tur.
308 1141 402 1179 Scio,
426 1140 580 1172 Ordinum
610 1138 811 1172 Generalium
841 1150 858 1171 a
881 1138 922 1170 ud
943 1138 1064 1179 Anglos

201 1181 356 1222 Legatum
379 1191 461 1213 anno
490 1184 582 1223 1631.
607 1180 788 1213 defiderasse
813 1180 851 1222 (5
882 1202 892 1218 ,
918 1188 953 1211 ut
970 1179 1062 1211 Ordi-

199 1232 255 1254 nes
281 1232 347 1254 eam
374 1222 675 1264 Jurisprudentiam‚
700 1232 769 1263 quae
789 1231 839 1263 24.
865 1222 957 1253 horas
975 1219 1063 1260 justae

200 1264 404 1304 occupationi
430 1263 624 1305 praescribit,
651 1262 704 1294 sua
726 1263 915 1297 auctoritate
930 1261 1065 1302 probare

200 1306 343 1343 vellent,
367 1304 418 1336 sed
441 1305 605 1344 probatam
630 1313 694 1335 non
724 1304 863 1336 invenio.
911 1302 1008 1334 Omni
1034 1311 1064 1333 e-

201 1348 277 1378 tiarn
295 1346 417 1377 ratione
432 1344 632 1384 destituitur,
655 1343 678 1376 fi
693 1345 776 1377 enirn
795 1354 835 1377 ex
852 1353 888 1376 ea
904 1353 970 1375 rem
988 1341 1066 1375 aesti-

200 1398 284 1427 mes,
312 1386 376 1418 sola
399 1389 512 1417 mutati
535 1385 668 1419 dominii
683 1386 765 1418 ratio
784 1387 815 1419 in
836 1395 911 1418 vera
928 1393 1065 1426 occupa-

201 1430 290 1461 tione
302 1426 467 1466 confistit;
490 1434 679 1459 vernantem
698 1427 869 1468 occupatio
888 1426 951 1466 est,
975 1435 1068 1467 quam

201 1478 270 1502 tuta
285 1469 424 1501 retentio
442 1469 584 1510 excipit,
617 1469 668 1501 cui
686 1469 761 1510 quid
776 1469 900 1501 faciunt
912 1468 998 1499 horae
1015 1476 1065 1507 24.

202 1521 298 1553 quum
321 1511 351 1543 &
369 1511 452 1543 ultra
468 1519 519 1542 eas
542 1519 591 1543 res
606 1510 699 1552 poffit
715 1510 777 1548 ess‘e
798 1520 863 1542 non
880 1518 955 1541 vere
972 1518 1067 1540 occu-

201 1561 275 1595 pata
286 1576 296 1592 ,
320 1560 415 1594 atque
433 1551 529 1589 etiam
547 1552 630 1584 citra
647 1561 698 1583 eas
714 1559 870 1594 occupata
889 1549 1068 1582 veriffime‘?

201 1596 280 1627 Sane
305 1593 348 1625 ob
373 1593 531 1625 factorum
565 1591 776 1633 differentiam
802 1592 948 1635 generale
971 1591 1070 1633 quid,

203 1635 289 1678 quod
314 1643 437 1667 certum
466 1634 523 1674 fit,
546 1644 582 1666 ea
601 1635 640 1666 de
663 1644 697 1666 re
720 1634 872 1667 constitui
892 1642 958 1667 non
979 1640 1068 1675 pote-

203 1678 266 1717 rit,
292 1675 344 1709 sed
372 1676 489 1718 fingula
515 1675 597 1708 facta
621 1676 842 1714 consideranda
866 1674 961 1715 sunt,
985 1674 1016 1706 ἀ
1031 1673 1070 1705 de

203 1719 330 1760 fingulis
354 1718 417 1749 hoc
433 1717 625 1757 habendum,
649 1718 739 1750 aliter
754 1727 820 1750 rem
841 1716 939 1749 hostis
955 1714 1069 1748 faciam

204 1770 269 1793 non
292 1759 412 1798 videri,
437 1758 492 1791 nifi
520 1759 565 1790 ita
591 1758 672 1791 facta
698 1759 754 1799 fit,
780 1768 816 1792 ut
842 1768 910 1791 eam
933 1758 1070 1789 retinere

206 1803 238 1835 ἃ
253 1800 421 1833 defendere
437 1800 538 1841 poffit.
574 1800 612 1833 In
634 1801 706 1833 bello
724 1807 811 1843 capta
829 1801 892 1843 ejus
901 1798 1001 1840 fiunt,
1020 1799 1070 1840 qui

202 1845 316 1885 primus
339 1852 434 1874 eorum
446 1840 634 1883 pqffeffionem
648 1842 750 1875 nastris
766 1841 808 1884 est
823 1842 844 1874 l.
871 1851 899 1874 1.
923 1840 953 1882 §.
982 1850 1008 1873 Ι.
1027 1839 1069 1881 ff.

205 1887 240 1917 de
255 1884 381 1926 Acquir.
404 1884 452 1915 ‘vel
469 1886 567 1916 amitt.
587 1883 692 1925 poffeff.
719 1885 750 1917 ὅ(
766 1895 824 1917 non
839 1885 957 1915 videtur
968 1881 1070 1924 poffes-

201 1925 311 1965 sionem
330 1927 450 1966 adeptus
464 1925 508 1963 is,
530 1926 580 1967 qui
598 1926 642 1956 ita
664 1925 767 1958 nutius
783 1924 844 1966 est,
866 1931 902 1957 ut
921 1934 985 1957 eam
1000 1924 1070 1955 reti-

208 1978 275 1999 nere
302 1977 359 1998 non
378 1965 463 2008 poffit
486 1966 507 1998 l.
531 1977 583 1999 22.
637 1991 644 1998 .
671 1967 745 1999 Eod.
771 1967 855 2000 Haec
879 1975 954 1998 vera
976 1964 1070 2006 JCto-

208 2018 277 2040 rum
293 2006 491 2048 philosophia
507 2006 572 2046 est,
585 2017 602 2039 a
640 2008 708 2050 ipso
716 2008 789 2049 Jure
807 2007 963 2040 Gentium
977 2006 1071 2038 dicta-

210 2059 255 2081 ta.
298 2048 436 2095 Quando
460 2058 567 2081 autem
587 2049 631 2081 ita
652 2050 758 2090 adepti
776 2050 938 2082 videamur
954 2047 1070 2089 poffes-

209 2090 349 2128 fionem,
373 2096 409 2120 ut
423 2089 578 2129 retinere,
604 2091 656 2122 vel
672 2100 737 2122 non
759 2091 895 2123 retinere
911 2088 1071 2130 poffimus,

209 2130 388 2169 causarum,
412 2138 449 2162 ut
465 2130 550 2169 dixi,
572 2131 706 2163 varietas
720 2131 850 2164 definire
865 2140 930 2163 non
967 2129 1073 2162 ermit-

211 2173 263 2205 tit.
307 2171 407 2203 Tunc
432 2178 535 2203 tamen
565 2172 700 2204 retinere
725 2173 868 2205 videmur
890 2181 933 2213 po
960 2180 996 2210 e,
1018 2170 1072 2202 ubi

209 2223 277 2246 rem
289 2211 442 2248 ‚hostilem
454 2236 463 2245 .
487 2221 523 2244 ut
540 2212 594 2253 Jus
610 2213 787 2246 Romanum
807 2214 968 2255 loquitur,
992 2214 1074 2244 intra

206 2253 342 2296 praesz‘dia
356 2253 560 2294 deduximus,
580 2254 777 2295 praefidiorunz
796 2262 899 2287 autem
926 2254 1074 2292 nomine,

213 2297 244 2328 &
267 2294 397 2334 Castra,
422 2296 453 2327 ἀ
476 2294 608 2335 Portus,
632 2297 662 2328 ὅ(
686 2295 808 2336 Urbes,
834 2297 864 2328 &
882 2295 999 2327 Claffes
1026 2295 1072 2326 in-

212 2337 386 2378 telligimus
403 2360 413 2375 ,
437 2346 547 2368 eorum
573 2337 658 2369 enim
687 2336 961 2372 omnium‘eadem
983 2334 1073 2369 causa

213 2378 259 2410 est
274 2378 305 2409 in
327 2385 395 2409 tuta
413 2376 594 2410 defensione
615 2379 659 2410 rei
679 2386 855 2420 occupatae.

257 2418 318 2452 Sed
347 2419 423 2460 quid
453 2418 608 2451 sufficiant
634 2430 684 2461 24.
716 2419 822 2459 horae,
845 2429 919 2452 cum
945 2429 985 2452 ne
1009 2420 1075 2460 qui-

212 2462 301 2499 dem,
327 2460 478 2491 mutando
503 2459 645 2492 dominio
661 2485 672 2500 ,
702 2460 834 2493 sufficiat
853 2484 863 2500 ,
888 2470 953 2493 rem
978 2459 1074 2493 hosti-

213 2504 276 2534 lem
298 2502 379 2533 intra
395 2500 532 2542 praefidia
551 2501 613 2533 effe
628 2502 817 2535 deductam?
839 2502 862 2534 fi
881 2511 994 2543 nempe
1010 2512 1076 2534 cre·

216 2544 269 2574 das
286 2565 296 2581 ,
322 2551 392 2582 quae
415 2543 484 2574 aliis
507 2543 588 2574 male
612 2541 682 2575 sana
702 2544 784 2575 ratio
798 2543 962 2586 suggeffit,
986 2544 1081 2575 etiam

218 2585 258 2615 iis
276 2603 286 2621 ,
310 2591 444 2624 quorum
470 2583 611 2623 alioquin
638 2584 816 2616 auctoritati
838 2583 1006 2627 ‘adsurgere
1030 2585 1080 2626 jus

215 2624 327 2665 fasque
344 2621 398 2654 est.
424 2621 612 2655 Existimant
633 2632 758 2664 autem,
781 2631 876 2657 naves
892 2633 998 2667 captas
1014 2635 1077 2658 non

218 2666 310 2698 aliter
326 2664 463 2696 hostium
489 2663 574 2703 fieri,
599 2672 690 2704 quam
705 2664 727 2696 fi
743 2666 773 2697 &
791 2665 823 2698 in
839 2672 967 2706 portum
982 2665 1078 2698 hosti-

218 2707 282 2739 lem
298 2704 438 2737 deducite
450 2704 527 2743 sint,
538 2704 569 2736 ὅ(
583 2704 626 2736 ibi
640 2704 870 2745 publicatae,&
888 2706 959 2737 inde
973 2707 1079 2748 postea

218 2748 327 2780 liberae
352 2745 547 2787 enavigarint
566 2745 598 2777 in
639 2752 743 2778 ortum
760 2755 824 2779 non
838 2745 991 2778 hostilem.
1026 2747 1078 2779 Dc

218 2788 374 2821 mercibus
396 2787 425 2819 &
448 2787 519 2818 aliis
543 2795 606 2828 prae
630 2787 678 2826 is,
725 2796 833 2818 uarum
850 2796 952 2819 tamen
971 2789 1077 2820 eadem

214 2830 302 2861 —ratio
319 2827 383 2867 est,
406 2827 487 2860 idem
506 2827 672 2860 dicendum
685 2837 702 2859 e
725 2826 780 2868 'et,
805 2827 856 2860 scd
872 2827 996 2868 dicere,
1011 2839 1075 2861 cre-

219 2871 280 2909 do,
302 2870 423 2911 puduit.
469 2868 571 2908 Audi,
595 2869 669 2909 quid
693 2869 732 2901 de
756 2870 888 2901 navibus
905 2871 1003 2910 captis
1020 2871 1077 2902 Or-

219 2913 307 2943 dines
344 2909 514 2942 Generales
546 2910 744 2942 decreverint
777 2920 828 2951 27.
859 2909 948 2942 Nov.
982 2914 1074 2943 1666.

221 2952 279 2993 (6)
299 2953 349 2983 dat
375 2952 524 2992 Schepen,
547 2953 583 2993 by
612 2953 666 2983 den
689 2954 788 2994 vyand
804 2961 966 2994 genomen,
988 2962 1024 2983 en
1043 2954 1076 2984 i'n

197 117 261 158 198
919 119 1027 147 vin

338 3073 429 3111 Confil.
450 3073 529 3111 Betg.
553 3073 584 3103 T.
601 3075 638 3104 Π.
661 3074 763 3105 Consil.
780 3077 829 3111 46.
848 3083 876 3113 p.
894 3078 958 3105 161.

346 3112 446 3140 Ibidem
466 3112 568 3141 Consil.
588 3122 650 3148 15-1.
665 3123 693 3145 v.
711 3114 785 3142 mits.

342 3149 424 3183 Apud
441 3150 502 3178 Vin
514 3150 604 3180 Dalen
616 3151 972 3192 NotabileKrygshesoignes
985 3155 1083 3192 p.158.

343 3186 424 3223 Apud
445 3187 560 3219 Eundem
578 3198 610 3226 p.
627 3193 676 3226 48.

1102 2340 1271 2371 ‘vocantes‘
1290 2338 1328 2370 ad
1355 2338 1458 2385 Caput
1486 2347 1620 2379 primum

1100 106 1706 150 BYNKERSHOEK

1104 187 1265 231 Engeland
1288 199 1328 221 ‘en
1353 191 1386 222 de
1410 190 1539 233 Ryken,
1559 193 1632 224 daur
1649 194 1736 225 onder
1753 194 1888 239 horende,
1911 204 1955 244 op»
2005 229 2007 237 ‚

1102 231 1249 273 gebrczgt,
1270 241 1307 263 en
1323 232 1428 263 aldaar
1448 233 1694 276 geconfisqneert,
1716 246 1751 267 en
1772 238 1806 278 hy
1827 239 1953 275 Neutra-

1104 272 1151 302 len
1167 274 1291 314 gekogt,
1316 275 1348 304 do
1399 275 1430 305 in
1460 276 1633 316 t'nytkomen
1653 286 1715 308 van
1731 279 1764 308 (le
1779 283 1954 324 vyandelyke

1103 313 1236 344 havenen
1260 314 1293 345 in
1316 283 1384 356 ipfo
1409 315 1478 347 actu
1496 339 1506 355 ,
1539 316 1572 356 of
1594 318 1716 360 vervolg
1746 323 1828 351 van's
1857 323 1957 357 Lands

1106 354 1234 395 Schepen
1253 362 1406 395 verovert,
1429 367 1475 388 eer
1500 367 1536 398 zy
1555 359 1588 388 in
1603 359 1677 390 haar
1693 362 1778 402 eigen
1805 362 1839 402 of
1853 367 1956 398 andere

1103 403 1174 436 vrye
1202 396 1311 427 baveris
1333 398 1461 439 geweest
1493 409 1568 440 zyn,
1591 400 1635 430 als
1662 410 1702 431 nu
1722 411 1756 432 en
1782 403 1814 434 in
1831 406 1852 435 ’t
1871 407 1961 439 tocko.

1104 438 1203 467 mende
1220 437 1317 469 zallen
1334 440 1491 471 verscliiard
1511 442 1631 472 werden
1648 451 1715 473 voor
1728 445 1835 485 goeden
1847 449 1946 488 prinjk

1103 477 1190 518 gelyk
1224 487 1284 509 ‘van
1310 482 1376 511 onds
1398 481 1481 525 alt31d
1506 483 1694 528 gebriciltelyk
1713 486 1738 514 is
1754 486 1899 528 geweest,
1920 472 1960 522 en,

1105 528 1152 549 zoo
1174 519 1218 550 als
1234 520 1282 551 ook
1306 522 1353 552 het
1378 521 1519 563 dispofitzj
1548 530 1581 564 op
1605 527 1624 555 ’τ
1639 526 1737 556 vierde
1754 528 1837 567 point
1851 538 1911 560 van
1926 533 1960 563 cie

1107 559 1195 600 Casus
1213 559 1316 605 *pofitie
1341 572 1402 608 van
1428 567 1477 610 26.
1502 564 1589 606 Juny
1620 570 1709 613 1630.
1733 569 1820 599 onder
1836 572 1963 604 anderen

1108 608 1235 632 mutatis
1255 603 1411 635 mutandis
1428 604 1558 637 dzcleert.
1614 606 1682 649 lpla
1701 609 1794 640 verba
1811 611 1963 653 exhibui,

1108 651 1148 673 ne
1172 650 1263 683 putes
1280 665 1291 681 ,
1323 653 1374 675 me
1397 644 1592 679 incredibilia
1617 658 1749 681 narrare.
1795 651 1965 687 Miraberis

1108 690 1233 721 autem,
1255 693 1315 725 ego
1339 693 1426 730 certe
1454 687 1570 732 miror,
1591 690 1665 729 quid
1695 690 1732 721 ad
1756 701 1821 724 rem
1846 692 1965 734 faciat,

1107 731 1213 756 utrum
1243 733 1338 757 naves
1361 735 1393 758 in
1420 736 1580 771 proprium
1597 731 1750 770 emtoris,
1774 734 1826 765 vel
1845 735 1876 766 in
1891 736 1967 768 arni-

1105 774 1178 797 cum
1205 773 1332 806 portum
1359 776 1579 808 pervenerint,
1601 780 1659 802 nec
1686 781 1736 804 ne.
1779 772 1837 805 Ille
1857 784 1969 816 portus

1105 815 1162 848 pro
1185 807 1250 838 rius
1273 807 1324 853 vel
1352 809 1492 847 amicus,
1515 810 1610 841 modo
1636 811 1742 844 nescio
1772 824 1857 855 qu0,
1880 816 1967 850 dabit

1106 857 1145 880 ne
1160 849 1213 894 cio
1240 857 1312 886 cui,
1335 848 1441 881 nescio
1466 850 1550 891 quid.
1594 850 1780 886 Dominiurn
1807 856 1879 887 dare
1906 867 1970 893 non

1106 896 1214 930 potuit
1244 888 1326 921 hosti
1335 912 1348 928 ‚
1370 891 1422 932 qui
1453 891 1515 931 jam
1541 901 1751 934 occupaverat
1776 895 1806 927 δε
1824 898 1968 931 vendide-

1107 938 1174 970 rat,
1198 939 1300 971 neque
1324 933 1482 973 emptori,
1505 933 1557 974 qui
1580 934 1622 966 ita
1637 944 1704 967 rem
1724 935 1860 970 nostram
1879 941 1968 981 emisi»

1108 970 1153 1003 set
1180 981 1196 1003 a
1215 981 1287 1018 non·
1305 972 1457 1013 domino,
1483 983 1613 1016 eamque
1634 985 1700 1008 rein
1725 978 1817 1010 nobis
1835 981 1968 1022 eriperet

1107 1020 1218 1059 poi-tus
1235 1013 1360 1053 quidam
1376 1015 1520 1055 proprius
1543 1017 1594 1047 vel
1615 1017 1742 1051 amicus.
1774 1019 1967 1062 Fingendum

1107 1062 1215 1095 potius
1237 1062 1302 1085 erat
1318 1077 1329 1098 ,
1360 1056 1465 1087 navim
1484 1079 1493 1095 ‚
1527 1056 1625 1089 hostis
1649 1057 1761 1091 saetam
1778 1083 1790 1100 ,
1824 1061 1968 1098 hostilem

1107 1094 1188 1134 ess'e,
1211 1094 1241 1126 δι
1266 1094 1412 1128 hostilem
1439 1106 1585 1136 manere,
1607 1098 1708 1131 donec
1734 1111 1773 1133 eo
1793 1103 1876 1135 vitio
1898 1114 1968 1145 pur·

1107 1144 1217 1178 getur,
1242 1136 1279 1182 &.
1301 1146 1364 1169 non
1386 1139 1531 1179 purgari,
1556 1139 1611 1171 nifi
1637 1142 1797 1182 proprium
1815 1146 1968 1186 emptoris

1108 1177 1280 1223 veleamici
1302 1186 1430 1218 portum
1453 1178 1603 1220 subierit,
1629 1182 1763 1224 ideoque
1781 1193 1871 1217 antea
1886 1187 1971 1220 reete

1108 1227 1188 1258 capi.
1233 1217 1294 1263 Sed
1323 1219 1353 1249 id
1384 1228 1510 1260 quoque
1533 1221 1648 1262 fingere
1679 1234 1743 1257 non
1768 1225 1844 1258 licet
1862 1251 1872 1266 ,
1897 1237 1970 1261 cum

1108 1268 1159 1304 ex·
1179 1266 1344 1304 emptione
1370 1268 1419 1291 res
1449 1261 1487 1291 ad
1511 1270 1686 1302 emptorem
1711 1267 1886 1307 pertineat,
1910 1279 1970 1301 nec

1108 1307 1276 1345 quicquam
1294 1299 1435 1339 interfit,
1470 1311 1508 1333 an
1531 1303 1705 1337 venditoris
1723 1306 1820 1339 fuerit
1845 1309 1883 1340 ab
1911 1310 1972 1343 ini,

1110 1348 1158 1373 tio
1170 1364 1180 1380 ,
1203 1349 1242 1372 an
1259 1349 1299 1372 ex
1319 1343 1529 1383 occupatione
1547 1344 1577 1375 ἃ
1597 1346 1824 1386 publicatione.
1968 1342 1973 1347 ¹

1152 1382 1379 1414 Animadverte
1406 1392 1530 1424 autem,
1556 1394 1649 1426 quam
1674 1389 1755 1421 male
1781 1392 1973 1431 provocetur

1111 1423 1149 1456 ad
1178 1424 1338 1464 antiquam
1362 1423 1640 1467 consuetudinem,
1665 1429 1695 1461 &
1715 1431 1798 1463 aliud
1819 1433 1973 1471 Ordmuin

1112 1464 1315 1497 Generalium
1336 1464 1511 1498 Decretum
1530 1471 1581 1500 26.
1598 1468 1667 1509 Jun.
1689 1474 1780 1514 1630.
1801 1472 1971 1516 (7)‚qu0d

1112 1507 1161 1540 illi
1179 1504 1399 1538 consuetudini
1411 1506 1532 1540 causam
1553 1510 1738 1550 praebuisset.
1784 1513 1911 1548 Factum
1928 1517 1973 1552 est

1112 1548 1145 1580 id
1171 1547 1348 1580 Decretum
1372 1548 1410 1580 ad
1439 1548 1715 1585 Consultationem
1745 1555 1972 1593 Admiralitatis

1112 1588 1418 1622 Amsterdammenfis
1439 1613 1449 1630 ,
1482 1600 1552 1632 quae
1577 1593 1662 1625 varia
1683 1595 1815 1629 habebat
1840 1600 1942 1640 capita
1960 1621 1972 1639 ,

1114 1631 1145 1664 &
1173 1631 1210 1663 ad
1236 1639 1381 1672 quartum
1410 1630 1451 1663 fic
1480 1631 1669 1674 respondent
1697 1636 1849 1672 Ordines:
1877 1640 1926 1682 Op
1950 1643 1972 1674 ’t

1111 1674 1211 1705 vierde
1218 1674 1304 1714 point
1318 1671 1474 1705 verklaren
1485 1675 1558 1706 haar
1571 1676 1658 1719 Hoog
1671 1677 1821 1721 Mogende
1835 1682 1869 1713 de
1885 1682 1972 1714 Sche-

1107 1721 1187 1756 pen,
1205 1716 1241 1757 b‘y
1259 1717 1314 1747 den
1330 1714 1370 1747 V
1363 1716 1442 1756 yand
1454 1725 1613 1758 genomen,
1631 1720 1664 1750 in
1680 1719 1873 1754 Vlaanderen
1890 1725 1972 1766 inge-

1113 1758 1223 1799 bragt,
1246 1768 1282 1789 en
1304 1758 1339 1798 by
1368 1755 1535 1790 Neutralen
1561 1761 1687 1803 gekogt,
1710 1771 1793 1793 maur
1808 1764 1841 1794 in
1861 1766 1882 1794 't
1904 1770 1971 1805 αγι-

1113 1799 1213 1830 Ιωννιεη
1230 1809 1292 1831 van
1308 1801 1342 1830 de
1357 1798 1396 1830 V
1410 1800 1552 1841 andelyke
1568 1804 1702 1833 havenen
1718 1802 1751 1834 in
1767 1801 1835 1845 ipso
1851 1805 1922 1837 adu
1940 1806 1975 1847 of

1112 1840 1235 1883 vervolg
1255 1850 1317 1873 van
1337 1842 1359 1871 's
1410 1841 1483 1872 ands
1502 1841 1630 1884 Schepen
1646 1850 1801 1884 verovert,
1823 1856 1870 1878 eer
1888 1856 1924 1888 zy
1939 1848 1973 1880 in

1112 1882 1187 1914 haar
1214 1883 1300 1925 eigen
1321 1882 1355 1923 of
1375 1883 1481 1914 andere
1508 1893 1579 1925 vrgye
1603 1885 1713 1916 baveris
1735 1885 1864 1928 geweest
1890 1897 1970 1929 ayn,

1113 1933 1181 1956 voor
1203 1927 1312 1966 goeden
1332 1922 1453 1965 prinse,
1476 1925 1564 1966 gelyk
1593 1935 1654 1957 van
1679 1927 1745 1958 onds
1770 1927 1859 1960 altoos
1881 1929 1907 1960 is
1921 1938 1973 1971 ge·

1114 1966 1271 2007 bruykelyk
1295 1963 1441 2008 geweest,
1463 1966 1497 1996 in
1522 1968 1626 2010 kragte
1650 1977 1712 1999 van
1732 1968 1782 2000 het
1797 1975 1886 2011 regt,
1908 1970 1973 2003 hier

1114 2017 1217 2038 vorens
1237 2014 1271 2049 op
1293 2010 1341 2039 het
1365 2004 1452 2047 eerste
1470 2009 1557 2047 point
1578 2008 1776 2051 geallegeert;
1795 2010 1841 2041 als
1858 2011 1907 2043 vok
1923 2021 1969 2043 zo-

1114 2049 1264 2091 danz'gen‚
1284 2048 1378 2079 welke
1406 2057 1453 2078 zoo
1479 2058 1619 2091 genomen
1641 2059 1678 2081 en
1705 2051 1812 2093 gekogt
1827 2073 1839 2090 ,
1860 2062 1896 2083 en
1922 2059 1975 2095 ayt

1116 2091 1149 2122 de
1181 2090 1401 2132 voorschrevene
1437 2087 1612 2132 Vlaanffclie
1635 2090 1784 2123 Havenen
1817 2093 1897 2135 geloo
1917 2103 1975 2135 en,

1116 2133 1149 2163 in
1178 2133 1282 2164 andere
1309 2131 1459 2163 Havenen
1478 2132 1564 2164 onder
1583 2133 1638 2164 den
1655 2132 1770 2176 Coning
1789 2143 1851 2166 van
1895 2141 1972 2176 pane

1112 2174 1167 2217 jen
1185 2175 1387 2216 gearriveert,
1409 2181 1472 2204 van
1493 2174 1569 2206 daar
1591 2175 1727 2206 komende
1754 2185 1768 2206 ο
1815 2174 1874 2208 Zee
1889 2179 1974 2211 vm's

1117 2215 1222 2251 Lands
1246 2215 1374 2255 Schepen
1404 2220 1541 2246 verovert
1571 2217 1701 2248 werden.
1784 2215 1826 2248 ffe
1854 2217 1886 2250 id
1908 2216 1973 2253 Dn-

1116 2265 1238 2289 cretum
1253 2256 1346 2288 valde
1361 2255 1498 2288 alienum
1513 2255 1552 2287 ab
1567 2256 1625 2288 hac
1646 2255 1735 2289 causa
1745 2279 1757 2296 ,
1769 2267 1810 2289 ex
1821 2257 1974 2300 ipsaCon-

1119 2296 1291 2330 sultatione
1318 2304 1465 2340 apparet,
1489 2298 1565 2343 quin
1596 2297 1626 2330 &
1652 2298 1661 2330 i
1686 2297 1707 2330 fi
1724 2297 1879 2338 Ordines,
1900 2309 1973 2342 pro-

1681 2340 1783 2372 ecreti
1799 2362 1809 2378 ,
1833 2339 1904 2372 satis
1929 2341 1975 2374 ibi

1116 2380 1293 2422 fignificant
1303 2402 1314 2418 ,
1329 2389 1399 2422 quae
1416 2388 1483 2419 eius
1498 2379 1652 2412 condendi
1670 2378 1767 2412 fuerit
1779 2380 1868 2412 ratio.
1883 2381 1976 2414 Scili-

1118 2429 1171 2453 cet
1197 2421 1380 2453 commercii
1410 2420 1637 2455 intercludendi
1656 2429 1731 2461 ergo
1756 2419 1890 2453 Ordines
1909 2421 1974 2454 Ge-

1119 2463 1239 2496 nerales
1284 2470 1372 2494 ortus
1391 2460 1416 2493 F
1418 2461 1543 2494 landriae
1560 2461 1691 2494 navibus
1710 2460 1832 2492 bellicis
1849 2461 1978 2496 obsede-

1124 2512 1212 2543 rant,
1236 2513 1253 2536 a
1275 2513 1376 2546 eoque
1398 2512 1507 2536 omnes
1524 2509 1782 2544 quorumcunque
1800 2511 1914 2543 naves,
1935 2514 1975 2537 eo

1122 2545 1289 2578 destinatas
1314 2567 1326 2584 ,
1361 2543 1496 2585 indeque
1523 2550 1675 2575 exeuntes
1701 2564 1712 2581 ,
1753 2542 1974 2587 publicabant,

1123 2586 1383 2628 quemadmodum
1398 2594 1439 2616 ex
1452 2583 1573 2616 ratione
1589 2582 1618 2615 ὁ(
1636 2581 1790 2615 Gentium
1811 2583 1868 2616 usu
1884 2585 1976 2619 Urbi-

1122 2627 1180 2660 bus
1197 2627 1320 2660 obseffis
1341 2625 1420 2658 nihil
1438 2625 1604 2665 quicquam
1625 2623 1703 2656 licet
1725 2623 1898 2666 advehere,
1923 2627 1975 2661 vel

1121 2679 1163 2701 ex
1186 2669 1234 2700 his
1266 2667 1408 2698 evehere.
1452 2665 1557 2706 Atque
1579 2664 1649 2696 inde
1672 2665 1796 2697 dicebat
1814 2666 1977 2703 Admirati-

1123 2719 1189 2748 tas,
1213 2716 1249 2740 ut
1274 2708 1304 2740 ἀ
1326 2706 1460 2739 Ordines
1488 2705 1720 2746 decreverunt,-
1742 2706 1825 2739 idem
1853 2717 1978 2750 quoque

1117 2750 1196 2791 juris
1221 2748 1282 2781 esse
1308 2748 1341 2780 in
1369 2747 1524 2785 navibus,
1546 2756 1614 2789 quae
1637 2754 1729 2780 antea
1747 2748 1840 2781 nobis
1858 2747 1976 2791 ereptae

1121 2792 1151 2823 ἃ.
1177 2789 1289 2822 deinde
1314 2788 1450 2820 venditae
1478 2796 1584 2828 erant,
1609 2797 1704 2827 cum,
1727 2787 1850 2822 obsesfis
1868 2799 1978 2831 portu-

1118 2832 1193 2871 bus,
1218 2831 1312 2862 etiam
1341 2829 1514 2862 amicorum
1540 2839 1634 2861 naves
1658 2829 1751 2862 liceat
1778 2829 1977 2873 intercipere.

1119 2872 1216 2916 Quod
1245 2871 1289 2903 ita
1317 2879 1428 2903 verum
1450 2869 1514 2910 est,
1537 2870 1560 2903 fi
1589 2879 1624 2902 ca
1650 2871 1751 2903 iantur
1770 2870 1883 2904 itinere
1899 2882 1976 2914 non,-

1117 2913 1191 2945 dum
1216 2911 1362 2944 absoluto
1379 2936 1390 2951 ‚
1419 2912 1493 2944 dum
1516 2921 1629 2944 navare
1653 2921 1679 2944 ae
1706 2910 1868 2945 versantur
1891 2915 1976 2954 inre

1117 2954 1230 2986 illicita
1248 2977 1258 2992 ,
1292 2952 1470 2986 absolutum
1503 2960 1609 2986 autem
1644 2953 1706 2985 iter
1730 2961 1795 2986 non
1821 2953 1954 3003 intelligi

1921 3005 1974 3030 nil

1247 3074 1293 3105 Sic
1313 3075 1397 3105 refert
1416 3076 1546 3107 Aitzcma
1563 3075 1600 3105 L.
1612 3075 1663 3105 XI.
1683 3084 1711 3113 p.
1727 3079 1792 3112 461.

1269 3113 1338 3152 onsil.
1359 3114 1437 3153 Belg.
1461 3115 1492 3144 T.
1509 3117 1545 3145 11.
1568 3113 1670 3143 Conssl.
1685 3117 1731 3143 61.

1165 3075 1227 3150 {23
1247 3114 1270 3141 ς

1165 3152 1226 3191 (7)
1248 3152 1368 3190 Amaci.
1388 3152 1479 3192 Cousih
1500 3153 1575 3187 Heu.
1593 3151 1725 3190 Amsterd.
1744 3160 1773 3190 p.
1789 3159 1835 3188 57·
