<?xml version="1.0" encoding="UTF-8"?>
<!DOCTYPE html PUBLIC "-//W3C//DTD XHTML 1.0 Transitional//EN"
    "http://www.w3.org/TR/xhtml1/DTD/xhtml1-transitional.dtd">
<html xmlns="http://www.w3.org/1999/xhtml" xml:lang="en" lang="en">
 <head>
  <title>
</title>
<meta http-equiv="Content-Type" content="text/html;charset=utf-8" />
  <meta name='ocr-system' content='tesseract 3.04.00' />
  <meta name='ocr-capabilities' content='ocr_page ocr_carea ocr_par ocr_line ocrx_word'/>
</head>
<body>
  <div class='ocr_page' id='page_1' title='image "./corneliivanbynke00bijn_0781.png"; bbox 0 0 2008 3436; ppageno 0'>
   <div class='ocr_carea' id='block_1_1' title="bbox 828 15 832 30">
    <p class='ocr_par' dir='ltr' id='par_1_1' title="bbox 828 15 832 30">
     <span class='ocr_line' id='line_1_1' title="bbox 828 15 832 30; baseline 0 0"><span class='ocrx_word' id='word_1_1' title='bbox 828 15 832 30; x_wconf 87' lang='grc' dir='ltr'><strong><em>Ι</em></strong></span> 
     </span>
    </p>
   </div>
   <div class='ocr_carea' id='block_1_2' title="bbox 273 116 560 169">
    <p class='ocr_par' dir='ltr' id='par_1_2' title="bbox 273 116 560 169">
     <span class='ocr_line' id='line_1_2' title="bbox 273 116 560 169; baseline -0.014 -14"><span class='ocrx_word' id='word_1_2' title='bbox 273 116 560 169; x_wconf 59' lang='lat' dir='ltr'>QUAEsm</span> 
     </span>
    </p>
   </div>
   <div class='ocr_carea' id='block_1_3' title="bbox 6 196 902 2915">
    <p class='ocr_par' dir='ltr' id='par_1_3' title="bbox 32 196 902 404">
     <span class='ocr_line' id='line_1_3' title="bbox 34 196 902 243; baseline -0.005 -11"><span class='ocrx_word' id='word_1_3' title='bbox 34 198 146 243; x_wconf 81' lang='lat' dir='ltr'>gundae</span> <span class='ocrx_word' id='word_1_4' title='bbox 170 200 220 229; x_wconf 84' lang='lat'>26.</span> <span class='ocrx_word' id='word_1_5' title='bbox 244 197 345 230; x_wconf 81' lang='lat' dir='ltr'>Mart,</span> <span class='ocrx_word' id='word_1_6' title='bbox 367 201 455 239; x_wconf 77' lang='lat'>1476.</span> <span class='ocrx_word' id='word_1_7' title='bbox 480 197 562 239; x_wconf 84' lang='lat'>(18)</span> <span class='ocrx_word' id='word_1_8' title='bbox 585 206 645 239; x_wconf 85' lang='lat' dir='ltr'>qua</span> <span class='ocrx_word' id='word_1_9' title='bbox 663 196 791 229; x_wconf 85' lang='lat' dir='ltr'>Curiam</span> <span class='ocrx_word' id='word_1_10' title='bbox 815 196 902 228; x_wconf 86' lang='lat' dir='ltr'>illam</span> 
     </span>
     <span class='ocr_line' id='line_1_4' title="bbox 36 236 901 279; baseline -0.005 -5"><span class='ocrx_word' id='word_1_11' title='bbox 36 240 177 274; x_wconf 86' lang='lat' dir='ltr'>nonnihil</span> <span class='ocrx_word' id='word_1_12' title='bbox 193 239 371 271; x_wconf 86' lang='lat' dir='ltr'>emendavit</span> <span class='ocrx_word' id='word_1_13' title='bbox 384 263 394 277; x_wconf 87' lang='lat'>‚</span> <span class='ocrx_word' id='word_1_14' title='bbox 420 240 450 271; x_wconf 70' lang='grc' dir='ltr'>δε</span> <span class='ocrx_word' id='word_1_15' title='bbox 467 239 499 271; x_wconf 90' lang='lat' dir='ltr'>in</span> <span class='ocrx_word' id='word_1_16' title='bbox 515 239 605 279; x_wconf 88' lang='lat' dir='ltr'>cujus</span> <span class='ocrx_word' id='word_1_17' title='bbox 622 236 816 270; x_wconf 82' lang='lat' dir='ltr'>Praefatione</span> <span class='ocrx_word' id='word_1_18' title='bbox 837 239 880 270; x_wconf 83' lang='lat' dir='ltr'>ait</span> <span class='ocrx_word' id='word_1_19' title='bbox 891 261 901 276; x_wconf 92' lang='lat'>‚</span> 
     </span>
     <span class='ocr_line' id='line_1_5' title="bbox 33 279 901 320; baseline -0.001 -8"><span class='ocrx_word' id='word_1_20' title='bbox 33 283 136 316; x_wconf 86' lang='lat' dir='ltr'>Avum</span> <span class='ocrx_word' id='word_1_21' title='bbox 162 281 192 312; x_wconf 74' lang='grc' dir='ltr'>ὅ(</span> <span class='ocrx_word' id='word_1_22' title='bbox 221 279 344 312; x_wconf 89' lang='lat' dir='ltr'>Patrem</span> <span class='ocrx_word' id='word_1_23' title='bbox 371 279 477 319; x_wconf 89' lang='lat' dir='ltr'>suum,</span> <span class='ocrx_word' id='word_1_24' title='bbox 510 280 541 312; x_wconf 91' lang='lat' dir='ltr'>id</span> <span class='ocrx_word' id='word_1_25' title='bbox 562 279 628 318; x_wconf 88' lang='lat' dir='ltr'>est,</span> <span class='ocrx_word' id='word_1_26' title='bbox 662 279 844 320; x_wconf 82' lang='lat' dir='ltr'>Philippum</span> <span class='ocrx_word' id='word_1_27' title='bbox 871 280 901 311; x_wconf 76' lang='lat' dir='ltr'>&lt;St</span> 
     </span>
     <span class='ocr_line' id='line_1_6' title="bbox 35 320 898 363; baseline -0.003 -7"><span class='ocrx_word' id='word_1_28' title='bbox 35 322 182 356; x_wconf 83' lang='lat' dir='ltr'>Caroium</span> <span class='ocrx_word' id='word_1_29' title='bbox 209 322 394 363; x_wconf 65' lang='lat' dir='ltr'>But-gundos</span> <span class='ocrx_word' id='word_1_30' title='bbox 422 321 522 363; x_wconf 84' lang='lat' dir='ltr'>Hagae</span> <span class='ocrx_word' id='word_1_31' title='bbox 547 321 685 353; x_wconf 87' lang='lat' dir='ltr'>Comitis</span> <span class='ocrx_word' id='word_1_32' title='bbox 704 320 845 353; x_wconf 76' lang='lat' dir='ltr'>habuiss&#39;c</span> <span class='ocrx_word' id='word_1_33' title='bbox 864 321 898 353; x_wconf 93' lang='lat' dir='ltr'>il-</span> 
     </span>
     <span class='ocr_line' id='line_1_7' title="bbox 32 362 896 404; baseline -0.003 -6"><span class='ocrx_word' id='word_1_34' title='bbox 32 365 95 398; x_wconf 89' lang='lat' dir='ltr'>lam</span> <span class='ocrx_word' id='word_1_35' title='bbox 112 362 258 402; x_wconf 81' lang='lat' dir='ltr'>Curiam,</span> <span class='ocrx_word' id='word_1_36' title='bbox 284 373 378 404; x_wconf 88' lang='lat' dir='ltr'>quam</span> <span class='ocrx_word' id='word_1_37' title='bbox 397 372 473 394; x_wconf 91' lang='lat' dir='ltr'>tunc</span> <span class='ocrx_word' id='word_1_38' title='bbox 493 362 688 394; x_wconf 86' lang='lat' dir='ltr'>emendabat.</span> <span class='ocrx_word' id='word_1_39' title='bbox 718 362 833 401; x_wconf 75' lang='lat' dir='ltr'>Alzoo,</span> <span class='ocrx_word' id='word_1_40' title='bbox 856 363 896 395; x_wconf 90' lang='lat' dir='ltr'>in-</span> 
     </span>
    </p>

    <p class='ocr_par' dir='ltr' id='par_1_4' title="bbox 21 403 899 861">
     <span class='ocr_line' id='line_1_8' title="bbox 54 403 899 446; baseline -0.001 -9"><span class='ocrx_word' id='word_1_41' title='bbox 54 406 121 444; x_wconf 90' lang='lat' dir='ltr'>uit,</span> <span class='ocrx_word' id='word_1_42' title='bbox 143 406 179 445; x_wconf 77' lang='lat' dir='ltr'>by</span> <span class='ocrx_word' id='word_1_43' title='bbox 193 405 346 436; x_wconf 74' lang='lat' dir='ltr'>voorleden</span> <span class='ocrx_word' id='word_1_44' title='bbox 363 406 450 446; x_wconf 74' lang='lat' dir='ltr'>tydeii</span> <span class='ocrx_word' id='word_1_45' title='bbox 467 404 530 445; x_wconf 76' lang='lat' dir='ltr'>0an</span> <span class='ocrx_word' id='word_1_46' title='bbox 545 403 741 446; x_wconf 79' lang='lat' dir='ltr'>welgeminde</span> <span class='ocrx_word' id='word_1_47' title='bbox 760 403 843 436; x_wconf 84' lang='lat' dir='ltr'>Heer</span> <span class='ocrx_word' id='word_1_48' title='bbox 864 414 899 436; x_wconf 78' lang='lat' dir='ltr'>en</span> 
     </span>
     <span class='ocr_line' id='line_1_9' title="bbox 31 415 898 489; baseline 0 -11"><span class='ocrx_word' id='word_1_49' title='bbox 31 415 134 482; x_wconf 56' lang='grc' dir='ltr'><em>ἳῖαάεν</em></span> <span class='ocrx_word' id='word_1_50' title='bbox 153 456 188 476; x_wconf 83' lang='lat' dir='ltr'>en</span> <span class='ocrx_word' id='word_1_51' title='bbox 208 446 333 478; x_wconf 67' lang='lat' dir='ltr'>Oiai-V</span> <span class='ocrx_word' id='word_1_52' title='bbox 328 447 397 478; x_wconf 79' lang='lat' dir='ltr'>ader</span> <span class='ocrx_word' id='word_1_53' title='bbox 416 445 489 477; x_wconf 77' lang='lat' dir='ltr'>znlr.</span> <span class='ocrx_word' id='word_1_54' title='bbox 512 445 709 489; x_wconf 74' lang='lat' dir='ltr'>gedagtetziffe</span> <span class='ocrx_word' id='word_1_55' title='bbox 721 467 731 484; x_wconf 95' lang='lat'>,</span> <span class='ocrx_word' id='word_1_56' title='bbox 754 446 798 476; x_wconf 75' lang='lat' dir='ltr'>cili·</span> <span class='ocrx_word' id='word_1_57' title='bbox 821 446 898 478; x_wconf 67' lang='lat' dir='ltr'>Grei-</span> 
     </span>
     <span class='ocr_line' id='line_1_10' title="bbox 31 486 896 527; baseline -0.005 -5"><span class='ocrx_word' id='word_1_58' title='bbox 31 497 87 522; x_wconf 76' lang='lat' dir='ltr'>ven</span> <span class='ocrx_word' id='word_1_59' title='bbox 100 497 161 520; x_wconf 82' lang='lat' dir='ltr'>van</span> <span class='ocrx_word' id='word_1_60' title='bbox 180 486 335 527; x_wconf 77' lang='grc' dir='ltr'><strong><em>Ηοίιιιηιί,</em></strong></span> <span class='ocrx_word' id='word_1_61' title='bbox 360 487 491 519; x_wconf 77' lang='grc' dir='ltr'><em>Ζεείαηιί</em></span> <span class='ocrx_word' id='word_1_62' title='bbox 509 496 545 517; x_wconf 77' lang='lat' dir='ltr'>en</span> <span class='ocrx_word' id='word_1_63' title='bbox 559 487 721 518; x_wconf 74' lang='lat' dir='ltr'>Vrieslancl</span> <span class='ocrx_word' id='word_1_64' title='bbox 739 489 826 518; x_wconf 74' lang='lat' dir='ltr'>Oiicler</span> <span class='ocrx_word' id='word_1_65' title='bbox 843 498 896 519; x_wconf 80' lang='lat' dir='ltr'>cin-</span> 
     </span>
     <span class='ocr_line' id='line_1_11' title="bbox 22 528 898 572; baseline 0 -11"><span class='ocrx_word' id='word_1_66' title='bbox 22 528 195 570; x_wconf 76' lang='lat' dir='ltr'>-dercsaken</span> <span class='ocrx_word' id='word_1_67' title='bbox 215 530 310 572; x_wconf 73' lang='lat' dir='ltr'>gebad</span> <span class='ocrx_word' id='word_1_68' title='bbox 328 530 434 560; x_wconf 80' lang='lat' dir='ltr'><em>hebben</em></span> <span class='ocrx_word' id='word_1_69' title='bbox 453 529 564 559; x_wconf 67' lang='lat' dir='ltr'>bivinen</span> <span class='ocrx_word' id='word_1_70' title='bbox 581 528 650 559; x_wconf 84' lang='lat' dir='ltr'>hare</span> <span class='ocrx_word' id='word_1_71' title='bbox 670 528 796 560; x_wconf 70' lang='lat' dir='ltr'>Laudem</span> <span class='ocrx_word' id='word_1_72' title='bbox 818 539 898 561; x_wconf 63' lang='lat' dir='ltr'>&lt;isaar¹⁴</span> 
     </span>
     <span class='ocr_line' id='line_1_12' title="bbox 21 569 896 615; baseline 0 -13"><span class='ocrx_word' id='word_1_73' title='bbox 21 571 100 615; x_wconf 76' lang='lat' dir='ltr'>fihr.</span> <span class='ocrx_word' id='word_1_74' title='bbox 126 580 214 601; x_wconf 70' lang='lat' dir='ltr'>tenen</span> <span class='ocrx_word' id='word_1_75' title='bbox 233 571 424 602; x_wconf 75' lang='lat' dir='ltr'>Scedehouder</span> <span class='ocrx_word' id='word_1_76' title='bbox 447 578 483 600; x_wconf 82' lang='lat' dir='ltr'>en</span> <span class='ocrx_word' id='word_1_77' title='bbox 501 569 705 602; x_wconf 56' lang='lat' dir='ltr'>Raiid-kamer</span> <span class='ocrx_word' id='word_1_78' title='bbox 718 592 729 608; x_wconf 86' lang='lat'>,</span> <span class='ocrx_word' id='word_1_79' title='bbox 747 576 804 601; x_wconf 77' lang='lat' dir='ltr'>mec</span> <span class='ocrx_word' id='word_1_80' title='bbox 815 571 896 611; x_wconf 71' lang='lat' dir='ltr'>stke-</span> 
     </span>
     <span class='ocr_line' id='line_1_13' title="bbox 28 608 897 651; baseline -0.002 -6"><span class='ocrx_word' id='word_1_81' title='bbox 28 623 59 646; x_wconf 83' lang='lat' dir='ltr'>re</span> <span class='ocrx_word' id='word_1_82' title='bbox 77 613 183 644; x_wconf 82' lang='lat' dir='ltr'>andere</span> <span class='ocrx_word' id='word_1_83' title='bbox 208 611 365 643; x_wconf 74' lang='lat' dir='ltr'>Dienaren</span> <span class='ocrx_word' id='word_1_84' title='bbox 388 621 424 642; x_wconf 84' lang='lat' dir='ltr'>en</span> <span class='ocrx_word' id='word_1_85' title='bbox 455 608 634 651; x_wconf 75' lang='lat' dir='ltr'>Officieren,</span> <span class='ocrx_word' id='word_1_86' title='bbox 666 611 840 650; x_wconf 73' lang='lat' dir='ltr'>residerende</span> <span class='ocrx_word' id='word_1_87' title='bbox 865 614 897 644; x_wconf 76' lang='lat' dir='ltr'>in</span> 
     </span>
     <span class='ocr_line' id='line_1_14' title="bbox 26 651 895 696; baseline 0.001 -12"><span class='ocrx_word' id='word_1_88' title='bbox 26 655 83 687; x_wconf 76' lang='lat' dir='ltr'>den</span> <span class='ocrx_word' id='word_1_89' title='bbox 97 653 187 696; x_wconf 76' lang='lat' dir='ltr'>Hage</span> <span class='ocrx_word' id='word_1_90' title='bbox 205 652 268 687; x_wconf 57' lang='lat' dir='ltr'>&amp;a</span> <span class='ocrx_word' id='word_1_91' title='bbox 300 652 366 685; x_wconf 91' lang='lat' dir='ltr'>Cur</span> <span class='ocrx_word' id='word_1_92' title='bbox 382 652 422 684; x_wconf 88' lang='lat' dir='ltr'>de</span> <span class='ocrx_word' id='word_1_93' title='bbox 441 651 533 683; x_wconf 82' lang='lat' dir='ltr'>Patre</span> <span class='ocrx_word' id='word_1_94' title='bbox 550 653 579 684; x_wconf 68' lang='lat' dir='ltr'>d&lt;</span> <span class='ocrx_word' id='word_1_95' title='bbox 595 653 666 684; x_wconf 86' lang='lat' dir='ltr'>Avo</span> <span class='ocrx_word' id='word_1_96' title='bbox 685 653 779 684; x_wconf 75' lang='lat' dir='ltr'>verba</span> <span class='ocrx_word' id='word_1_97' title='bbox 798 654 895 693; x_wconf 81' lang='lat' dir='ltr'>facit,</span> 
     </span>
     <span class='ocr_line' id='line_1_15' title="bbox 28 693 898 729; baseline -0.001 -1"><span class='ocrx_word' id='word_1_98' title='bbox 28 704 91 729; x_wconf 86' lang='lat' dir='ltr'>non</span> <span class='ocrx_word' id='word_1_99' title='bbox 109 696 203 726; x_wconf 89' lang='lat' dir='ltr'>etiarn</span> <span class='ocrx_word' id='word_1_100' title='bbox 220 694 260 725; x_wconf 89' lang='lat' dir='ltr'>de</span> <span class='ocrx_word' id='word_1_101' title='bbox 277 694 346 726; x_wconf 86' lang='lat' dir='ltr'>aliis</span> <span class='ocrx_word' id='word_1_102' title='bbox 366 693 608 725; x_wconf 78' lang='lat' dir='ltr'>Gravionibus‘?</span> <span class='ocrx_word' id='word_1_103' title='bbox 632 693 708 726; x_wconf 91' lang='lat' dir='ltr'>Non</span> <span class='ocrx_word' id='word_1_104' title='bbox 728 695 821 727; x_wconf 86' lang='lat' dir='ltr'>aliam</span> <span class='ocrx_word' id='word_1_105' title='bbox 843 704 898 727; x_wconf 89' lang='lat' dir='ltr'>no-</span> 
     </span>
     <span class='ocr_line' id='line_1_16' title="bbox 26 733 897 777; baseline 0 -9"><span class='ocrx_word' id='word_1_106' title='bbox 26 737 60 769; x_wconf 86' lang='lat' dir='ltr'>vi</span> <span class='ocrx_word' id='word_1_107' title='bbox 81 735 220 774; x_wconf 83' lang='lat' dir='ltr'>causam,</span> <span class='ocrx_word' id='word_1_108' title='bbox 245 745 338 777; x_wconf 84' lang='lat' dir='ltr'>quam</span> <span class='ocrx_word' id='word_1_109' title='bbox 356 735 442 776; x_wconf 90' lang='lat' dir='ltr'>quod</span> <span class='ocrx_word' id='word_1_110' title='bbox 460 733 562 766; x_wconf 82' lang='lat' dir='ltr'>sermo</span> <span class='ocrx_word' id='word_1_111' title='bbox 579 734 617 766; x_wconf 80' lang='lat' dir='ltr'>iit</span> <span class='ocrx_word' id='word_1_112' title='bbox 634 735 672 766; x_wconf 88' lang='lat' dir='ltr'>de</span> <span class='ocrx_word' id='word_1_113' title='bbox 690 735 807 774; x_wconf 85' lang='lat' dir='ltr'>Curia,</span> <span class='ocrx_word' id='word_1_114' title='bbox 827 746 897 777; x_wconf 80' lang='lat' dir='ltr'>quae</span> 
     </span>
     <span class='ocr_line' id='line_1_17' title="bbox 27 776 896 819; baseline 0.001 -11"><span class='ocrx_word' id='word_1_115' title='bbox 27 777 275 819; x_wconf 74' lang='lat' dir='ltr'>Hagaeseciebat,</span> <span class='ocrx_word' id='word_1_116' title='bbox 287 777 317 809; x_wconf 89' lang='lat'>&amp;</span> <span class='ocrx_word' id='word_1_117' title='bbox 335 786 428 819; x_wconf 89' lang='lat' dir='ltr'>quam</span> <span class='ocrx_word' id='word_1_118' title='bbox 446 776 618 809; x_wconf 77' lang='lat' dir='ltr'>antei-iores</span> <span class='ocrx_word' id='word_1_119' title='bbox 636 776 815 810; x_wconf 81' lang='lat' dir='ltr'>Graviones</span> <span class='ocrx_word' id='word_1_120' title='bbox 831 787 896 809; x_wconf 88' lang='lat' dir='ltr'>non</span> 
     </span>
     <span class='ocr_line' id='line_1_18' title="bbox 27 818 437 861; baseline -0.005 -9"><span class='ocrx_word' id='word_1_121' title='bbox 27 819 69 852; x_wconf 88' lang='lat' dir='ltr'>ibi</span> <span class='ocrx_word' id='word_1_122' title='bbox 86 827 240 861; x_wconf 83' lang='lat' dir='ltr'>perpetuo</span> <span class='ocrx_word' id='word_1_123' title='bbox 256 818 437 850; x_wconf 81' lang='lat' dir='ltr'>habuerant.</span> 
     </span>
    </p>

    <p class='ocr_par' dir='ltr' id='par_1_5' title="bbox 6 859 897 2915">
     <span class='ocr_line' id='line_1_19' title="bbox 67 859 895 901; baseline 0 -10"><span class='ocrx_word' id='word_1_124' title='bbox 67 861 174 901; x_wconf 82' lang='lat' dir='ltr'>Atque</span> <span class='ocrx_word' id='word_1_125' title='bbox 198 859 285 898; x_wconf 80' lang='lat' dir='ltr'>haec,</span> <span class='ocrx_word' id='word_1_126' title='bbox 311 860 341 892; x_wconf 67' lang='grc' dir='ltr'>ὅτ.</span> <span class='ocrx_word' id='word_1_127' title='bbox 368 860 448 898; x_wconf 81' lang='lat' dir='ltr'>alia,</span> <span class='ocrx_word' id='word_1_128' title='bbox 473 869 541 901; x_wconf 86' lang='lat' dir='ltr'>quae</span> <span class='ocrx_word' id='word_1_129' title='bbox 566 869 642 894; x_wconf 82' lang='lat' dir='ltr'>mox</span> <span class='ocrx_word' id='word_1_130' title='bbox 666 860 793 899; x_wconf 84' lang='lat' dir='ltr'>addam,</span> <span class='ocrx_word' id='word_1_131' title='bbox 817 860 895 891; x_wconf 89' lang='lat' dir='ltr'>milii</span> 
     </span>
     <span class='ocr_line' id='line_1_20' title="bbox 26 901 896 943; baseline 0 -10"><span class='ocrx_word' id='word_1_132' title='bbox 26 901 176 933; x_wconf 85' lang='lat' dir='ltr'>videntur</span> <span class='ocrx_word' id='word_1_133' title='bbox 192 902 317 942; x_wconf 79' lang='lat' dir='ltr'><strong>plenam</strong></span> <span class='ocrx_word' id='word_1_134' title='bbox 336 901 429 934; x_wconf 88' lang='lat' dir='ltr'>fidem</span> <span class='ocrx_word' id='word_1_135' title='bbox 445 901 571 940; x_wconf 83' lang='lat' dir='ltr'>facere,</span> <span class='ocrx_word' id='word_1_136' title='bbox 590 911 660 934; x_wconf 84' lang='lat' dir='ltr'>nam</span> <span class='ocrx_word' id='word_1_137' title='bbox 679 903 763 943; x_wconf 84' lang='lat' dir='ltr'>quod</span> <span class='ocrx_word' id='word_1_138' title='bbox 777 902 896 933; x_wconf 73' lang='lat' dir='ltr'>Auctor</span> 
     </span>
     <span class='ocr_line' id='line_1_21' title="bbox 25 942 893 984; baseline -0.003 -8"><span class='ocrx_word' id='word_1_139' title='bbox 25 942 112 976; x_wconf 82' lang='lat' dir='ltr'>illius</span> <span class='ocrx_word' id='word_1_140' title='bbox 133 943 309 984; x_wconf 84' lang='lat' dir='ltr'>MScripti,</span> <span class='ocrx_word' id='word_1_141' title='bbox 333 943 370 973; x_wconf 86' lang='lat' dir='ltr'>ad</span> <span class='ocrx_word' id='word_1_142' title='bbox 388 944 476 982; x_wconf 87' lang='lat' dir='ltr'>cujus</span> <span class='ocrx_word' id='word_1_143' title='bbox 495 952 583 975; x_wconf 88' lang='lat' dir='ltr'>aures</span> <span class='ocrx_word' id='word_1_144' title='bbox 606 943 749 975; x_wconf 90' lang='lat' dir='ltr'>nonnihil</span> <span class='ocrx_word' id='word_1_145' title='bbox 766 953 804 975; x_wconf 82' lang='lat' dir='ltr'>cx</span> <span class='ocrx_word' id='word_1_146' title='bbox 828 943 893 981; x_wconf 78' lang='lat' dir='ltr'>liis,</span> 
     </span>
     <span class='ocr_line' id='line_1_22' title="bbox 16 983 894 1026; baseline 0 -12"><span class='ocrx_word' id='word_1_147' title='bbox 16 994 102 1026; x_wconf 48' lang='lat' dir='ltr'>iquas</span> <span class='ocrx_word' id='word_1_148' title='bbox 130 985 215 1023; x_wconf 73' lang='lat' dir='ltr'>dixi,</span> <span class='ocrx_word' id='word_1_149' title='bbox 248 984 487 1025; x_wconf 77' lang='lat' dir='ltr'>probationibus</span> <span class='ocrx_word' id='word_1_150' title='bbox 506 992 711 1024; x_wconf 84' lang='lat' dir='ltr'>pervenerat,</span> <span class='ocrx_word' id='word_1_151' title='bbox 742 983 894 1025; x_wconf 77' lang='lat' dir='ltr'>splendidi</span> 
     </span>
     <span class='ocr_line' id='line_1_23' title="bbox 16 1024 896 1067; baseline -0.002 -10"><span class='ocrx_word' id='word_1_152' title='bbox 16 1026 178 1060; x_wconf 66' lang='lat' dir='ltr'>mendacii</span> <span class='ocrx_word' id='word_1_153' title='bbox 198 1026 299 1067; x_wconf 79' lang='lat' dir='ltr'>arguit</span> <span class='ocrx_word' id='word_1_154' title='bbox 315 1025 466 1056; x_wconf 82' lang='lat' dir='ltr'>Carolum</span> <span class='ocrx_word' id='word_1_155' title='bbox 490 1026 519 1056; x_wconf 69' lang='grc' dir='ltr'>δε</span> <span class='ocrx_word' id='word_1_156' title='bbox 539 1025 672 1056; x_wconf 80' lang='lat' dir='ltr'>Mariam</span> <span class='ocrx_word' id='word_1_157' title='bbox 685 1047 694 1062; x_wconf 94' lang='lat'>,</span> <span class='ocrx_word' id='word_1_158' title='bbox 720 1025 750 1055; x_wconf 90' lang='lat' dir='ltr'>id</span> <span class='ocrx_word' id='word_1_159' title='bbox 772 1032 807 1055; x_wconf 85' lang='lat' dir='ltr'>ut</span> <span class='ocrx_word' id='word_1_160' title='bbox 831 1024 896 1065; x_wconf 88' lang='lat' dir='ltr'>ipse</span> 
     </span>
     <span class='ocr_line' id='line_1_24' title="bbox 18 1065 895 1108; baseline -0.003 -8"><span class='ocrx_word' id='word_1_161' title='bbox 18 1066 156 1105; x_wconf 78' lang='lat' dir='ltr'>faciam,</span> <span class='ocrx_word' id='word_1_162' title='bbox 181 1067 294 1108; x_wconf 84' lang='lat' dir='ltr'>religio</span> <span class='ocrx_word' id='word_1_163' title='bbox 325 1075 392 1096; x_wconf 87' lang='lat' dir='ltr'>inca</span> <span class='ocrx_word' id='word_1_164' title='bbox 415 1075 480 1097; x_wconf 91' lang='lat' dir='ltr'>non</span> <span class='ocrx_word' id='word_1_165' title='bbox 496 1065 628 1105; x_wconf 84' lang='lat' dir='ltr'>patitur.</span> <span class='ocrx_word' id='word_1_166' title='bbox 673 1065 840 1098; x_wconf 83' lang='lat' dir='ltr'>Versamur</span> <span class='ocrx_word' id='word_1_167' title='bbox 863 1065 895 1097; x_wconf 90' lang='lat' dir='ltr'>in</span> 
     </span>
     <span class='ocr_line' id='line_1_25' title="bbox 19 1106 896 1148; baseline -0.003 -7"><span class='ocrx_word' id='word_1_168' title='bbox 19 1116 59 1142; x_wconf 68' lang='lat' dir='ltr'>re</span> <span class='ocrx_word' id='word_1_169' title='bbox 73 1107 167 1144; x_wconf 72' lang='lat' dir='ltr'>fasti,</span> <span class='ocrx_word' id='word_1_170' title='bbox 193 1108 223 1139; x_wconf 90' lang='lat'>&amp;</span> <span class='ocrx_word' id='word_1_171' title='bbox 237 1107 324 1148; x_wconf 87' lang='lat' dir='ltr'>quod</span> <span class='ocrx_word' id='word_1_172' title='bbox 341 1106 475 1138; x_wconf 82' lang='lat' dir='ltr'>Carolus</span> <span class='ocrx_word' id='word_1_173' title='bbox 489 1106 572 1138; x_wconf 80' lang='lat' dir='ltr'>dixit</span> <span class='ocrx_word' id='word_1_174' title='bbox 591 1115 674 1138; x_wconf 82' lang='lat' dir='ltr'>anno</span> <span class='ocrx_word' id='word_1_175' title='bbox 698 1110 789 1147; x_wconf 74' lang='lat'>1462.</span> <span class='ocrx_word' id='word_1_176' title='bbox 814 1106 896 1139; x_wconf 83' lang='lat' dir='ltr'>dixit</span> 
     </span>
     <span class='ocr_line' id='line_1_26' title="bbox 19 1147 894 1190; baseline -0.003 -8"><span class='ocrx_word' id='word_1_177' title='bbox 19 1158 62 1182; x_wconf 81' lang='lat' dir='ltr'>eo</span> <span class='ocrx_word' id='word_1_178' title='bbox 81 1157 241 1189; x_wconf 62' lang='lat' dir='ltr'>ternpore,</span> <span class='ocrx_word' id='word_1_179' title='bbox 269 1157 332 1190; x_wconf 88' lang='lat' dir='ltr'>quo</span> <span class='ocrx_word' id='word_1_180' title='bbox 344 1148 467 1189; x_wconf 84' lang='lat' dir='ltr'>plurimi</span> <span class='ocrx_word' id='word_1_181' title='bbox 488 1147 632 1179; x_wconf 88' lang='lat' dir='ltr'>homines</span> <span class='ocrx_word' id='word_1_182' title='bbox 649 1148 798 1179; x_wconf 78' lang='lat' dir='ltr'>vivebant</span> <span class='ocrx_word' id='word_1_183' title='bbox 810 1157 894 1186; x_wconf 88' lang='lat' dir='ltr'>,ine-</span> 
     </span>
     <span class='ocr_line' id='line_1_27' title="bbox 26 1188 894 1231; baseline -0.002 -9"><span class='ocrx_word' id='word_1_184' title='bbox 26 1200 130 1224; x_wconf 86' lang='lat' dir='ltr'>mores</span> <span class='ocrx_word' id='word_1_185' title='bbox 155 1191 228 1222; x_wconf 90' lang='lat' dir='ltr'>anni</span> <span class='ocrx_word' id='word_1_186' title='bbox 248 1195 339 1231; x_wconf 78' lang='lat'>1428-</span> <span class='ocrx_word' id='word_1_187' title='bbox 363 1198 457 1231; x_wconf 86' lang='lat' dir='ltr'>atque</span> <span class='ocrx_word' id='word_1_188' title='bbox 480 1190 523 1221; x_wconf 83' lang='lat' dir='ltr'>ita</span> <span class='ocrx_word' id='word_1_189' title='bbox 543 1198 697 1221; x_wconf 82' lang='lat' dir='ltr'><strong>memores</strong></span> <span class='ocrx_word' id='word_1_190' title='bbox 721 1190 786 1229; x_wconf 86' lang='lat' dir='ltr'>ejus</span> <span class='ocrx_word' id='word_1_191' title='bbox 809 1188 894 1221; x_wconf 89' lang='lat' dir='ltr'>insti-</span> 
     </span>
     <span class='ocr_line' id='line_1_28' title="bbox 6 1230 894 1273; baseline -0.003 -9"><span class='ocrx_word' id='word_1_192' title='bbox 6 1232 175 1273; x_wconf 53' lang='lat' dir='ltr'>sationis,</span> <span class='ocrx_word' id='word_1_193' title='bbox 201 1232 231 1264; x_wconf 72' lang='grc' dir='ltr'>δε</span> <span class='ocrx_word' id='word_1_194' title='bbox 247 1232 316 1273; x_wconf 88' lang='lat' dir='ltr'>quis</span> <span class='ocrx_word' id='word_1_195' title='bbox 332 1231 439 1262; x_wconf 85' lang='lat' dir='ltr'>credat</span> <span class='ocrx_word' id='word_1_196' title='bbox 459 1230 609 1262; x_wconf 89' lang='lat' dir='ltr'>Carolum</span> <span class='ocrx_word' id='word_1_197' title='bbox 622 1252 632 1268; x_wconf 97' lang='lat'>,</span> <span class='ocrx_word' id='word_1_198' title='bbox 643 1240 829 1271; x_wconf 82' lang='lat' dir='ltr'>quamquam</span> <span class='ocrx_word' id='word_1_199' title='bbox 841 1240 894 1262; x_wconf 87' lang='lat' dir='ltr'>au-</span> 
     </span>
     <span class='ocr_line' id='line_1_29' title="bbox 18 1271 894 1314; baseline -0.002 -8"><span class='ocrx_word' id='word_1_200' title='bbox 18 1272 149 1311; x_wconf 80' lang='lat' dir='ltr'>dacem,</span> <span class='ocrx_word' id='word_1_201' title='bbox 174 1274 240 1314; x_wconf 82' lang='lat' dir='ltr'>ejus</span> <span class='ocrx_word' id='word_1_202' title='bbox 261 1272 399 1304; x_wconf 77' lang='lat' dir='ltr'>audacia:</span> <span class='ocrx_word' id='word_1_203' title='bbox 415 1271 526 1311; x_wconf 83' lang='lat' dir='ltr'>fuisse,</span> <span class='ocrx_word' id='word_1_204' title='bbox 553 1279 589 1302; x_wconf 90' lang='lat' dir='ltr'>ut</span> <span class='ocrx_word' id='word_1_205' title='bbox 612 1272 643 1304; x_wconf 89' lang='lat' dir='ltr'>se</span> <span class='ocrx_word' id='word_1_206' title='bbox 661 1272 791 1313; x_wconf 89' lang='lat' dir='ltr'>publico</span> <span class='ocrx_word' id='word_1_207' title='bbox 814 1272 894 1304; x_wconf 86' lang='lat' dir='ltr'>ludi-</span> 
     </span>
     <span class='ocr_line' id='line_1_30' title="bbox 20 1314 313 1355; baseline -0.007 -7"><span class='ocrx_word' id='word_1_208' title='bbox 20 1314 94 1348; x_wconf 69' lang='lat' dir='ltr'>brio</span> <span class='ocrx_word' id='word_1_209' title='bbox 111 1322 284 1355; x_wconf 54' lang='lat' dir='ltr'>exponeret</span> <span class='ocrx_word' id='word_1_210' title='bbox 296 1314 313 1346; x_wconf 71' lang='lat'>‘2</span> 
     </span>
     <span class='ocr_line' id='line_1_31' title="bbox 18 1355 894 1389; baseline -0.002 0"><span class='ocrx_word' id='word_1_211' title='bbox 18 1374 28 1382; x_wconf 85' lang='lat'><strong>·</strong></span> <span class='ocrx_word' id='word_1_212' title='bbox 64 1356 288 1389; x_wconf 84' lang='lat' dir='ltr'>Memorantur</span> <span class='ocrx_word' id='word_1_213' title='bbox 303 1363 407 1388; x_wconf 79' lang='lat' dir='ltr'>tamen</span> <span class='ocrx_word' id='word_1_214' title='bbox 433 1357 464 1388; x_wconf 89' lang='lat' dir='ltr'>in</span> <span class='ocrx_word' id='word_1_215' title='bbox 482 1355 538 1387; x_wconf 90' lang='lat' dir='ltr'>illo</span> <span class='ocrx_word' id='word_1_216' title='bbox 563 1355 634 1387; x_wconf 81' lang='lat' dir='ltr'>MS.</span> <span class='ocrx_word' id='word_1_217' title='bbox 659 1355 690 1387; x_wconf 77' lang='lat' dir='ltr'>&lt;St</span> <span class='ocrx_word' id='word_1_218' title='bbox 714 1355 788 1386; x_wconf 86' lang='lat' dir='ltr'>alibi</span> <span class='ocrx_word' id='word_1_219' title='bbox 817 1365 894 1387; x_wconf 88' lang='lat' dir='ltr'>nori-</span> 
     </span>
     <span class='ocr_line' id='line_1_32' title="bbox 17 1398 893 1438; baseline -0.002 -8"><span class='ocrx_word' id='word_1_220' title='bbox 17 1398 115 1432; x_wconf 75' lang='lat' dir='ltr'>nullae</span> <span class='ocrx_word' id='word_1_221' title='bbox 139 1399 298 1437; x_wconf 83' lang='lat' dir='ltr'>rationes,</span> <span class='ocrx_word' id='word_1_222' title='bbox 321 1407 391 1438; x_wconf 78' lang='lat' dir='ltr'>quae</span> <span class='ocrx_word' id='word_1_223' title='bbox 420 1399 451 1429; x_wconf 92' lang='lat' dir='ltr'>in</span> <span class='ocrx_word' id='word_1_224' title='bbox 478 1398 673 1429; x_wconf 86' lang='lat' dir='ltr'>contrarium</span> <span class='ocrx_word' id='word_1_225' title='bbox 704 1406 893 1434; x_wconf 84' lang='lat' dir='ltr'>moventur,</span> 
     </span>
     <span class='ocr_line' id='line_1_33' title="bbox 20 1437 894 1480; baseline -0.003 -8"><span class='ocrx_word' id='word_1_226' title='bbox 20 1438 94 1477; x_wconf 80' lang='lat' dir='ltr'>sed,</span> <span class='ocrx_word' id='word_1_227' title='bbox 125 1438 146 1471; x_wconf 84' lang='lat' dir='ltr'><strong>fi</strong></span> <span class='ocrx_word' id='word_1_228' title='bbox 166 1440 263 1474; x_wconf 79' lang='lat' dir='ltr'>alios,</span> <span class='ocrx_word' id='word_1_229' title='bbox 297 1448 348 1470; x_wconf 81' lang='lat' dir='ltr'>mc</span> <span class='ocrx_word' id='word_1_230' title='bbox 372 1447 458 1470; x_wconf 85' lang='lat' dir='ltr'>certe</span> <span class='ocrx_word' id='word_1_231' title='bbox 484 1448 546 1470; x_wconf 91' lang='lat' dir='ltr'>non</span> <span class='ocrx_word' id='word_1_232' title='bbox 575 1437 747 1470; x_wconf 85' lang='lat' dir='ltr'>moverint.</span> <span class='ocrx_word' id='word_1_233' title='bbox 793 1438 894 1480; x_wconf 82' lang='lat' dir='ltr'>Urget</span> 
     </span>
     <span class='ocr_line' id='line_1_34' title="bbox 22 1479 893 1554; baseline -0.002 -41"><span class='ocrx_word' id='word_1_234' title='bbox 22 1480 95 1514; x_wconf 85' lang='lat' dir='ltr'>MS.</span> <span class='ocrx_word' id='word_1_235' title='bbox 119 1488 192 1513; x_wconf 88' lang='lat' dir='ltr'>ante</span> <span class='ocrx_word' id='word_1_236' title='bbox 210 1480 390 1554; x_wconf 57' lang='lat' dir='ltr'>Philippum</span> <span class='ocrx_word' id='word_1_237' title='bbox 410 1480 610 1520; x_wconf 81' lang='lat' dir='ltr'>Burgundiim</span> <span class='ocrx_word' id='word_1_238' title='bbox 627 1479 688 1520; x_wconf 77' lang='lat' dir='ltr'>jani</span> <span class='ocrx_word' id='word_1_239' title='bbox 705 1488 800 1511; x_wconf 88' lang='lat' dir='ltr'>notos</span> <span class='ocrx_word' id='word_1_240' title='bbox 816 1479 893 1511; x_wconf 88' lang='lat' dir='ltr'>fuis-</span> 
     </span>
     <span class='ocr_line' id='line_1_35' title="bbox 22 1520 891 1559; baseline -0.002 -5"><span class='ocrx_word' id='word_1_241' title='bbox 22 1520 55 1556; x_wconf 69' lang='lat' dir='ltr'>se</span> <span class='ocrx_word' id='word_1_242' title='bbox 71 1521 276 1554; x_wconf 81' lang='lat' dir='ltr'>consiliarios</span> <span class='ocrx_word' id='word_1_243' title='bbox 328 1522 511 1559; x_wconf 88' lang='lat' dir='ltr'>ravionum,</span> <span class='ocrx_word' id='word_1_244' title='bbox 536 1521 739 1552; x_wconf 61' lang='lat' dir='ltr'>Raa„.i·l:ciderz</span> <span class='ocrx_word' id='word_1_245' title='bbox 755 1521 804 1552; x_wconf 88' lang='lat' dir='ltr'>vel</span> <span class='ocrx_word' id='word_1_246' title='bbox 827 1521 891 1552; x_wconf 82' lang='lat' dir='ltr'>Ra-</span> 
     </span>
     <span class='ocr_line' id='line_1_36' title="bbox 19 1561 892 1605; baseline -0.002 -9"><span class='ocrx_word' id='word_1_247' title='bbox 19 1564 98 1602; x_wconf 75' lang='lat' dir='ltr'>den,</span> <span class='ocrx_word' id='word_1_248' title='bbox 123 1562 175 1595; x_wconf 86' lang='lat' dir='ltr'>sed</span> <span class='ocrx_word' id='word_1_249' title='bbox 193 1563 220 1594; x_wconf 88' lang='lat' dir='ltr'>ei</span> <span class='ocrx_word' id='word_1_250' title='bbox 240 1563 301 1604; x_wconf 85' lang='lat' dir='ltr'>jam</span> <span class='ocrx_word' id='word_1_251' title='bbox 319 1562 497 1605; x_wconf 83' lang='lat' dir='ltr'>responsum</span> <span class='ocrx_word' id='word_1_252' title='bbox 513 1561 568 1594; x_wconf 84' lang='lat' dir='ltr'>est.</span> <span class='ocrx_word' id='word_1_253' title='bbox 602 1562 694 1594; x_wconf 88' lang='lat' dir='ltr'>Addo</span> <span class='ocrx_word' id='word_1_254' title='bbox 715 1562 869 1595; x_wconf 79' lang='lat' dir='ltr'>duntaxat</span> <span class='ocrx_word' id='word_1_255' title='bbox 881 1585 892 1601; x_wconf 90' lang='lat'>,</span> 
     </span>
     <span class='ocr_line' id='line_1_37' title="bbox 17 1603 895 1646; baseline -0.002 -9"><span class='ocrx_word' id='word_1_256' title='bbox 17 1612 62 1637; x_wconf 67' lang='lat' dir='ltr'>ex</span> <span class='ocrx_word' id='word_1_257' title='bbox 79 1603 142 1646; x_wconf 88' lang='lat' dir='ltr'>ipso</span> <span class='ocrx_word' id='word_1_258' title='bbox 168 1604 198 1646; x_wconf 86' lang='lat'>§.</span> <span class='ocrx_word' id='word_1_259' title='bbox 214 1615 264 1642; x_wconf 91' lang='lat'>90.</span> <span class='ocrx_word' id='word_1_260' title='bbox 290 1604 396 1636; x_wconf 89' lang='lat' dir='ltr'>Form.</span> <span class='ocrx_word' id='word_1_261' title='bbox 421 1604 526 1636; x_wconf 84' lang='lat' dir='ltr'>Curiae</span> <span class='ocrx_word' id='word_1_262' title='bbox 552 1603 639 1636; x_wconf 88' lang='lat' dir='ltr'>Holl.</span> <span class='ocrx_word' id='word_1_263' title='bbox 668 1607 760 1644; x_wconf 77' lang='lat'><strong>¹462·</strong></span> <span class='ocrx_word' id='word_1_264' title='bbox 786 1611 895 1642; x_wconf 83' lang='lat' dir='ltr'>aperte</span> 
     </span>
     <span class='ocr_line' id='line_1_38' title="bbox 20 1645 895 1685; baseline -0.002 -6"><span class='ocrx_word' id='word_1_265' title='bbox 20 1645 184 1682; x_wconf 65' lang='lat' dir='ltr'>constare.</span> <span class='ocrx_word' id='word_1_266' title='bbox 208 1647 288 1679; x_wconf 84' lang='lat' dir='ltr'>alios</span> <span class='ocrx_word' id='word_1_267' title='bbox 306 1645 400 1678; x_wconf 78' lang='lat' dir='ltr'>fuiss&#39;e</span> <span class='ocrx_word' id='word_1_268' title='bbox 414 1647 580 1679; x_wconf 77' lang='lat' dir='ltr'>Senatores</span> <span class='ocrx_word' id='word_1_269' title='bbox 597 1646 662 1685; x_wconf 86' lang='lat' dir='ltr'>ejus</span> <span class='ocrx_word' id='word_1_270' title='bbox 680 1645 895 1685; x_wconf 82' lang='lat' dir='ltr'>Curiae‚alios</span> 
     </span>
     <span class='ocr_line' id='line_1_39' title="bbox 21 1686 896 1728; baseline -0.002 -8"><span class='ocrx_word' id='word_1_271' title='bbox 21 1696 101 1720; x_wconf 61' lang='lat' dir='ltr'>vero</span> <span class='ocrx_word' id='word_1_272' title='bbox 132 1686 336 1719; x_wconf 85' lang='lat' dir='ltr'>Confiliarios</span> <span class='ocrx_word' id='word_1_273' title='bbox 361 1687 539 1728; x_wconf 86' lang='lat' dir='ltr'>Principis,</span> <span class='ocrx_word' id='word_1_274' title='bbox 577 1696 646 1718; x_wconf 86' lang='lat' dir='ltr'>nani</span> <span class='ocrx_word' id='word_1_275' title='bbox 678 1686 710 1718; x_wconf 89' lang='lat' dir='ltr'>iti</span> <span class='ocrx_word' id='word_1_276' title='bbox 729 1687 826 1718; x_wconf 85' lang='lat' dir='ltr'>caulis</span> <span class='ocrx_word' id='word_1_277' title='bbox 852 1696 896 1718; x_wconf 84' lang='lat' dir='ltr'>ar-</span> 
     </span>
     <span class='ocr_line' id='line_1_40' title="bbox 20 1727 895 1770; baseline -0.001 -9"><span class='ocrx_word' id='word_1_278' title='bbox 20 1729 112 1767; x_wconf 73' lang='lat' dir='ltr'>duis,</span> <span class='ocrx_word' id='word_1_279' title='bbox 135 1738 206 1770; x_wconf 80' lang='lat' dir='ltr'>quae</span> <span class='ocrx_word' id='word_1_280' title='bbox 225 1728 269 1760; x_wconf 90' lang='lat' dir='ltr'>ibi</span> <span class='ocrx_word' id='word_1_281' title='bbox 285 1727 503 1767; x_wconf 84' lang='lat' dir='ltr'>recensentur,</span> <span class='ocrx_word' id='word_1_282' title='bbox 527 1729 696 1761; x_wconf 83' lang='lat' dir='ltr'>Senatores</span> <span class='ocrx_word' id='word_1_283' title='bbox 712 1728 778 1768; x_wconf 87' lang='lat' dir='ltr'>ejus</span> <span class='ocrx_word' id='word_1_284' title='bbox 790 1727 895 1760; x_wconf 83' lang='lat' dir='ltr'>Curiae</span> 
     </span>
     <span class='ocr_line' id='line_1_41' title="bbox 20 1769 895 1813; baseline -0.001 -11"><span class='ocrx_word' id='word_1_285' title='bbox 20 1770 170 1813; x_wconf 71' lang='lat' dir='ltr'>iubentur</span> <span class='ocrx_word' id='word_1_286' title='bbox 198 1769 252 1802; x_wconf 87' lang='lat' dir='ltr'>fibi</span> <span class='ocrx_word' id='word_1_287' title='bbox 281 1769 451 1802; x_wconf 78' lang='lat' dir='ltr'>adsciscere</span> <span class='ocrx_word' id='word_1_288' title='bbox 486 1770 691 1802; x_wconf 83' lang='lat' dir='ltr'>Conliliarios</span> <span class='ocrx_word' id='word_1_289' title='bbox 719 1769 895 1810; x_wconf 85' lang='lat' dir='ltr'>Principis,</span> 
     </span>
     <span class='ocr_line' id='line_1_42' title="bbox 22 1811 895 1853; baseline -0.003 -8"><span class='ocrx_word' id='word_1_290' title='bbox 22 1814 70 1845; x_wconf 66' lang='lat' dir='ltr'>die</span> <span class='ocrx_word' id='word_1_291' title='bbox 89 1812 199 1843; x_wconf 76' lang='lat' dir='ltr'>andere</span> <span class='ocrx_word' id='word_1_292' title='bbox 219 1811 432 1853; x_wconf 69' lang='lat' dir='ltr'>Raasisluyden</span> <span class='ocrx_word' id='word_1_293' title='bbox 449 1822 510 1843; x_wconf 78' lang='lat' dir='ltr'>van</span> <span class='ocrx_word' id='word_1_294' title='bbox 528 1821 633 1853; x_wconf 73' lang='lat' dir='ltr'>mynen</span> <span class='ocrx_word' id='word_1_295' title='bbox 655 1811 752 1842; x_wconf 75' lang='lat' dir='ltr'>Heere</span> <span class='ocrx_word' id='word_1_296' title='bbox 769 1821 805 1842; x_wconf 79' lang='lat' dir='ltr'>en</span> <span class='ocrx_word' id='word_1_297' title='bbox 830 1811 895 1843; x_wconf 87' lang='lat' dir='ltr'>Va-</span> 
     </span>
     <span class='ocr_line' id='line_1_43' title="bbox 19 1851 897 1894; baseline -0.003 -8"><span class='ocrx_word' id='word_1_298' title='bbox 19 1851 91 1892; x_wconf 60' lang='grc' dir='ltr'>ζεν,</span> <span class='ocrx_word' id='word_1_299' title='bbox 114 1852 134 1886; x_wconf 86' lang='lat' dir='ltr'>fi</span> <span class='ocrx_word' id='word_1_300' title='bbox 151 1853 201 1894; x_wconf 89' lang='lat' dir='ltr'>qui</span> <span class='ocrx_word' id='word_1_301' title='bbox 222 1854 253 1885; x_wconf 90' lang='lat' dir='ltr'>in</span> <span class='ocrx_word' id='word_1_302' title='bbox 272 1851 442 1885; x_wconf 82' lang='lat' dir='ltr'>Hollandia</span> <span class='ocrx_word' id='word_1_303' title='bbox 461 1853 539 1892; x_wconf 86' lang='lat' dir='ltr'>sirit,</span> <span class='ocrx_word' id='word_1_304' title='bbox 564 1861 600 1884; x_wconf 87' lang='lat' dir='ltr'>ut</span> <span class='ocrx_word' id='word_1_305' title='bbox 615 1852 703 1885; x_wconf 81' lang='lat' dir='ltr'>simui</span> <span class='ocrx_word' id='word_1_306' title='bbox 721 1852 897 1884; x_wconf 85' lang='lat' dir='ltr'>deliberent</span> 
     </span>
     <span class='ocr_line' id='line_1_44' title="bbox 17 1893 896 1934; baseline -0.003 -7"><span class='ocrx_word' id='word_1_307' title='bbox 17 1893 56 1928; x_wconf 66' lang='grc' dir='ltr'>ἁ</span> <span class='ocrx_word' id='word_1_308' title='bbox 71 1896 252 1927; x_wconf 81' lang='lat' dir='ltr'>decernant.</span> <span class='ocrx_word' id='word_1_309' title='bbox 298 1894 384 1926; x_wconf 85' lang='lat' dir='ltr'>Alibi</span> <span class='ocrx_word' id='word_1_310' title='bbox 405 1902 615 1932; x_wconf 84' lang='lat' dir='ltr'>memoratur,</span> <span class='ocrx_word' id='word_1_311' title='bbox 632 1893 648 1934; x_wconf 83' lang='lat'>(</span> <span class='ocrx_word' id='word_1_312' title='bbox 657 1894 712 1934; x_wconf 80' lang='lat'>¹9)</span> <span class='ocrx_word' id='word_1_313' title='bbox 729 1893 896 1925; x_wconf 86' lang='lat' dir='ltr'>Albertum</span> 
     </span>
     <span class='ocr_line' id='line_1_45' title="bbox 21 1934 895 1978; baseline -0.003 -8"><span class='ocrx_word' id='word_1_314' title='bbox 21 1936 181 1970; x_wconf 54' lang='lat' dir='ltr'>&amp;avarum</span> <span class='ocrx_word' id='word_1_315' title='bbox 208 1945 291 1967; x_wconf 91' lang='lat' dir='ltr'>anno</span> <span class='ocrx_word' id='word_1_316' title='bbox 314 1945 406 1978; x_wconf 80' lang='lat'>1357.</span> <span class='ocrx_word' id='word_1_317' title='bbox 430 1935 530 1977; x_wconf 77' lang='lat' dir='ltr'>Hagae</span> <span class='ocrx_word' id='word_1_318' title='bbox 556 1934 721 1967; x_wconf 80' lang='lat' dir='ltr'>instituiss&#39;e</span> <span class='ocrx_word' id='word_1_319' title='bbox 749 1934 895 1967; x_wconf 88' lang='lat' dir='ltr'>Nosoco-</span> 
     </span>
     <span class='ocr_line' id='line_1_46' title="bbox 22 1975 894 2016; baseline -0.005 -5"><span class='ocrx_word' id='word_1_320' title='bbox 22 1979 121 2011; x_wconf 82' lang='lat' dir='ltr'>mium</span> <span class='ocrx_word' id='word_1_321' title='bbox 140 1977 172 2009; x_wconf 91' lang='lat' dir='ltr'>in</span> <span class='ocrx_word' id='word_1_322' title='bbox 188 1978 319 2016; x_wconf 71' lang='lat' dir='ltr'>gratiam</span> <span class='ocrx_word' id='word_1_323' title='bbox 340 1977 548 2010; x_wconf 65' lang='lat' dir='ltr'>subditorum</span> <span class='ocrx_word' id='word_1_324' title='bbox 572 1977 662 2008; x_wconf 86' lang='lat' dir='ltr'>Aulae</span> <span class='ocrx_word' id='word_1_325' title='bbox 688 1976 742 2007; x_wconf 84' lang='lat' dir='ltr'>vel</span> <span class='ocrx_word' id='word_1_326' title='bbox 768 1975 894 2013; x_wconf 72' lang='lat' dir='ltr'>Curiae,</span> 
     </span>
     <span class='ocr_line' id='line_1_47' title="bbox 21 2017 897 2062; baseline -0.002 -10"><span class='ocrx_word' id='word_1_327' title='bbox 21 2028 95 2052; x_wconf 73' lang='lat' dir='ltr'>war</span> <span class='ocrx_word' id='word_1_328' title='bbox 109 2021 143 2050; x_wconf 83' lang='lat' dir='ltr'>de</span> <span class='ocrx_word' id='word_1_329' title='bbox 162 2019 356 2062; x_wconf 66' lang='lat' dir='ltr'>Havetingen</span> <span class='ocrx_word' id='word_1_330' title='bbox 371 2029 409 2051; x_wconf 80' lang='lat' dir='ltr'>en</span> <span class='ocrx_word' id='word_1_331' title='bbox 425 2020 530 2050; x_wconf 79' lang='lat' dir='ltr'>andere</span> <span class='ocrx_word' id='word_1_332' title='bbox 548 2024 590 2050; x_wconf 78' lang='lat' dir='ltr'>tot</span> <span class='ocrx_word' id='word_1_333' title='bbox 612 2017 755 2049; x_wconf 79' lang='lat' dir='ltr'>Armoede</span> <span class='ocrx_word' id='word_1_334' title='bbox 771 2019 897 2060; x_wconf 75' lang='lat' dir='ltr'>geraakt</span> 
     </span>
     <span class='ocr_line' id='line_1_48' title="bbox 20 2058 895 2103; baseline -0.005 -9"><span class='ocrx_word' id='word_1_335' title='bbox 20 2061 117 2103; x_wconf 61' lang='lat' dir='ltr'>cyme</span> <span class='ocrx_word' id='word_1_336' title='bbox 143 2058 336 2101; x_wconf 71' lang='lat' dir='ltr'>Siippoafien‚</span> <span class='ocrx_word' id='word_1_337' title='bbox 368 2061 398 2092; x_wconf 70' lang='grc' dir='ltr'>ὅ(</span> <span class='ocrx_word' id='word_1_338' title='bbox 428 2060 499 2091; x_wconf 90' lang='lat' dir='ltr'>inde</span> <span class='ocrx_word' id='word_1_339' title='bbox 526 2059 689 2098; x_wconf 83' lang='lat' dir='ltr'>constare,</span> <span class='ocrx_word' id='word_1_340' title='bbox 719 2068 810 2100; x_wconf 82' lang='lat' dir='ltr'>quam</span> <span class='ocrx_word' id='word_1_341' title='bbox 837 2068 895 2100; x_wconf 87' lang='lat' dir='ltr'>pro</span> 
     </span>
     <span class='ocr_line' id='line_1_49' title="bbox 23 2099 896 2142; baseline -0.003 -7"><span class='ocrx_word' id='word_1_342' title='bbox 23 2102 74 2135; x_wconf 83' lang='lat' dir='ltr'>his</span> <span class='ocrx_word' id='word_1_343' title='bbox 87 2111 193 2133; x_wconf 84' lang='lat' dir='ltr'>curam</span> <span class='ocrx_word' id='word_1_344' title='bbox 211 2102 376 2134; x_wconf 76' lang='lat' dir='ltr'>habuerint</span> <span class='ocrx_word' id='word_1_345' title='bbox 393 2102 514 2142; x_wconf 84' lang='lat' dir='ltr'>antiqui</span> <span class='ocrx_word' id='word_1_346' title='bbox 534 2100 724 2132; x_wconf 85' lang='lat' dir='ltr'>Graviones.</span> <span class='ocrx_word' id='word_1_347' title='bbox 757 2099 896 2139; x_wconf 89' lang='lat' dir='ltr'>Nescio,</span> 
     </span>
     <span class='ocr_line' id='line_1_50' title="bbox 24 2141 894 2184; baseline -0.003 -8"><span class='ocrx_word' id='word_1_348' title='bbox 24 2149 83 2176; x_wconf 79' lang='lat' dir='ltr'>cui·</span> <span class='ocrx_word' id='word_1_349' title='bbox 105 2151 169 2175; x_wconf 91' lang='lat' dir='ltr'>non</span> <span class='ocrx_word' id='word_1_350' title='bbox 196 2151 305 2184; x_wconf 78' lang='lat' dir='ltr'>pocius</span> <span class='ocrx_word' id='word_1_351' title='bbox 329 2144 401 2176; x_wconf 89' lang='lat' dir='ltr'>inde</span> <span class='ocrx_word' id='word_1_352' title='bbox 426 2142 569 2175; x_wconf 80' lang='lat' dir='ltr'>effecerit</span> <span class='ocrx_word' id='word_1_353' title='bbox 590 2142 708 2181; x_wconf 86' lang='lat' dir='ltr'>Curia,</span> <span class='ocrx_word' id='word_1_354' title='bbox 730 2150 766 2174; x_wconf 90' lang='lat' dir='ltr'>ut</span> <span class='ocrx_word' id='word_1_355' title='bbox 784 2141 894 2173; x_wconf 85' lang='lat' dir='ltr'>effecit</span> 
     </span>
     <span class='ocr_line' id='line_1_51' title="bbox 22 2182 893 2225; baseline -0.003 -7"><span class='ocrx_word' id='word_1_356' title='bbox 22 2185 121 2222; x_wconf 73' lang='lat' dir='ltr'>elius,</span> <span class='ocrx_word' id='word_1_357' title='bbox 145 2183 227 2224; x_wconf 80' lang='lat'><em>(20)</em></span> <span class='ocrx_word' id='word_1_358' title='bbox 238 2182 268 2215; x_wconf 89' lang='lat' dir='ltr'>se</span> <span class='ocrx_word' id='word_1_359' title='bbox 289 2185 398 2225; x_wconf 86' lang='lat' dir='ltr'>utique</span> <span class='ocrx_word' id='word_1_360' title='bbox 417 2194 499 2217; x_wconf 85' lang='lat' dir='ltr'>anno</span> <span class='ocrx_word' id='word_1_361' title='bbox 522 2188 613 2225; x_wconf 82' lang='lat'>1428.</span> <span class='ocrx_word' id='word_1_362' title='bbox 635 2183 772 2225; x_wconf 79' lang='lat' dir='ltr'>priorem</span> <span class='ocrx_word' id='word_1_363' title='bbox 795 2184 823 2215; x_wconf 69' lang='grc' dir='ltr'>ὃ(</span> <span class='ocrx_word' id='word_1_364' title='bbox 841 2193 893 2215; x_wconf 83' lang='lat' dir='ltr'>an-</span> 
     </span>
     <span class='ocr_line' id='line_1_52' title="bbox 26 2224 892 2268; baseline -0.003 -9"><span class='ocrx_word' id='word_1_365' title='bbox 26 2226 194 2268; x_wconf 71' lang='lat' dir='ltr'>tiquiorem</span> <span class='ocrx_word' id='word_1_366' title='bbox 216 2224 376 2257; x_wconf 80' lang='lat' dir='ltr'>exstitisse.</span> <span class='ocrx_word' id='word_1_367' title='bbox 422 2227 453 2257; x_wconf 91' lang='lat' dir='ltr'>Si</span> <span class='ocrx_word' id='word_1_368' title='bbox 469 2226 611 2266; x_wconf 82' lang='lat' dir='ltr'>diploma</span> <span class='ocrx_word' id='word_1_369' title='bbox 628 2224 764 2256; x_wconf 88' lang='lat' dir='ltr'>instituti</span> <span class='ocrx_word' id='word_1_370' title='bbox 787 2224 892 2256; x_wconf 86' lang='lat' dir='ltr'>Noso-</span> 
     </span>
     <span class='ocr_line' id='line_1_53' title="bbox 27 2264 893 2308; baseline -0.003 -8"><span class='ocrx_word' id='word_1_371' title='bbox 27 2267 125 2300; x_wconf 89' lang='lat' dir='ltr'>comii</span> <span class='ocrx_word' id='word_1_372' title='bbox 154 2264 289 2298; x_wconf 78' lang='lat' dir='ltr'>exstaret</span> <span class='ocrx_word' id='word_1_373' title='bbox 312 2267 329 2308; x_wconf 90' lang='grc'>(</span> <span class='ocrx_word' id='word_1_374' title='bbox 342 2266 393 2298; x_wconf 87' lang='lat' dir='ltr'>sed</span> <span class='ocrx_word' id='word_1_375' title='bbox 414 2267 446 2298; x_wconf 91' lang='lat' dir='ltr'>id</span> <span class='ocrx_word' id='word_1_376' title='bbox 469 2265 582 2298; x_wconf 82' lang='lat' dir='ltr'>frustra</span> <span class='ocrx_word' id='word_1_377' title='bbox 602 2266 749 2307; x_wconf 83' lang='lat' dir='ltr'>quaefivi‚</span> <span class='ocrx_word' id='word_1_378' title='bbox 772 2266 824 2297; x_wconf 90' lang='lat' dir='ltr'>ubi</span> <span class='ocrx_word' id='word_1_379' title='bbox 848 2266 893 2298; x_wconf 89' lang='lat' dir='ltr'>in-</span> 
     </span>
     <span class='ocr_line' id='line_1_54' title="bbox 25 2307 895 2349; baseline -0.001 -8"><span class='ocrx_word' id='word_1_380' title='bbox 25 2309 125 2341; x_wconf 52' lang='lat' dir='ltr'>ueniri</span> <span class='ocrx_word' id='word_1_381' title='bbox 142 2307 305 2349; x_wconf 85' lang='lat' dir='ltr'>debebat)</span> <span class='ocrx_word' id='word_1_382' title='bbox 328 2317 367 2340; x_wconf 85' lang='lat' dir='ltr'>ex</span> <span class='ocrx_word' id='word_1_383' title='bbox 383 2317 422 2338; x_wconf 89' lang='lat' dir='ltr'>eo</span> <span class='ocrx_word' id='word_1_384' title='bbox 440 2307 526 2339; x_wconf 87' lang='lat' dir='ltr'>foi-te</span> <span class='ocrx_word' id='word_1_385' title='bbox 544 2308 613 2339; x_wconf 89' lang='lat' dir='ltr'>sciri</span> <span class='ocrx_word' id='word_1_386' title='bbox 630 2307 732 2349; x_wconf 71' lang='lat' dir='ltr'>poll‘et</span> <span class='ocrx_word' id='word_1_387' title='bbox 745 2332 754 2348; x_wconf 89' lang='lat'>‚</span> <span class='ocrx_word' id='word_1_388' title='bbox 780 2317 818 2340; x_wconf 86' lang='lat' dir='ltr'>an</span> <span class='ocrx_word' id='word_1_389' title='bbox 829 2317 895 2340; x_wconf 89' lang='lat' dir='ltr'>non</span> 
     </span>
     <span class='ocr_line' id='line_1_55' title="bbox 26 2347 895 2390; baseline -0.002 -8"><span class='ocrx_word' id='word_1_390' title='bbox 26 2350 178 2383; x_wconf 82' lang='lat' dir='ltr'>duntaxat</span> <span class='ocrx_word' id='word_1_391' title='bbox 205 2347 384 2381; x_wconf 87' lang='lat' dir='ltr'>institutum</span> <span class='ocrx_word' id='word_1_392' title='bbox 409 2348 519 2380; x_wconf 79' lang='lat' dir='ltr'>fuiffet</span> <span class='ocrx_word' id='word_1_393' title='bbox 546 2349 578 2381; x_wconf 91' lang='lat' dir='ltr'>in</span> <span class='ocrx_word' id='word_1_394' title='bbox 606 2350 738 2390; x_wconf 86' lang='lat' dir='ltr'>gratiam</span> <span class='ocrx_word' id='word_1_395' title='bbox 764 2359 895 2388; x_wconf 85' lang='lat' dir='ltr'>eorum,</span> 
     </span>
     <span class='ocr_line' id='line_1_56' title="bbox 27 2389 894 2436; baseline -0.001 -13"><span class='ocrx_word' id='word_1_396' title='bbox 27 2392 81 2436; x_wconf 88' lang='lat' dir='ltr'>qui</span> <span class='ocrx_word' id='word_1_397' title='bbox 101 2391 211 2422; x_wconf 83' lang='lat' dir='ltr'>Aulam</span> <span class='ocrx_word' id='word_1_398' title='bbox 226 2390 488 2430; x_wconf 84' lang='lat' dir='ltr'>frequentabant,</span> <span class='ocrx_word' id='word_1_399' title='bbox 511 2391 584 2431; x_wconf 86' lang='lat' dir='ltr'>quin</span> <span class='ocrx_word' id='word_1_400' title='bbox 601 2392 622 2422; x_wconf 85' lang='lat' dir='ltr'>ss</span> <span class='ocrx_word' id='word_1_401' title='bbox 638 2390 689 2422; x_wconf 89' lang='lat' dir='ltr'>vel</span> <span class='ocrx_word' id='word_1_402' title='bbox 708 2389 816 2422; x_wconf 84' lang='lat' dir='ltr'>Curiae</span> <span class='ocrx_word' id='word_1_403' title='bbox 832 2400 894 2422; x_wconf 89' lang='lat' dir='ltr'>me-</span> 
     </span>
     <span class='ocr_line' id='line_1_57' title="bbox 26 2430 893 2472; baseline -0.003 -7"><span class='ocrx_word' id='word_1_404' title='bbox 26 2431 182 2470; x_wconf 85' lang='lat' dir='ltr'>miniffet,</span> <span class='ocrx_word' id='word_1_405' title='bbox 207 2440 301 2463; x_wconf 89' lang='lat' dir='ltr'>nemo</span> <span class='ocrx_word' id='word_1_406' title='bbox 320 2432 444 2472; x_wconf 84' lang='lat' dir='ltr'>ignorat</span> <span class='ocrx_word' id='word_1_407' title='bbox 476 2432 593 2463; x_wconf 75' lang='lat' dir='ltr'>Curiam</span> <span class='ocrx_word' id='word_1_408' title='bbox 616 2430 750 2470; x_wconf 89' lang='lat' dir='ltr'>Latine,</span> <span class='ocrx_word' id='word_1_409' title='bbox 772 2431 803 2462; x_wconf 72' lang='grc' dir='ltr'>ὅ(</span> <span class='ocrx_word' id='word_1_410' title='bbox 823 2431 893 2462; x_wconf 91' lang='lat' dir='ltr'>Bel-</span> 
     </span>
     <span class='ocr_line' id='line_1_58' title="bbox 23 2472 894 2516; baseline -0.003 -10"><span class='ocrx_word' id='word_1_411' title='bbox 23 2475 97 2516; x_wconf 81' lang='lat' dir='ltr'>gice</span> <span class='ocrx_word' id='word_1_412' title='bbox 111 2473 160 2505; x_wconf 82' lang='lat' dir='ltr'>het</span> <span class='ocrx_word' id='word_1_413' title='bbox 175 2472 260 2513; x_wconf 84' lang='lat' dir='ltr'>Hof,</span> <span class='ocrx_word' id='word_1_414' title='bbox 282 2474 384 2514; x_wconf 83' lang='lat' dir='ltr'>accipi</span> <span class='ocrx_word' id='word_1_415' title='bbox 404 2474 434 2505; x_wconf 72' lang='grc' dir='ltr'>ὅ(</span> <span class='ocrx_word' id='word_1_416' title='bbox 451 2481 509 2513; x_wconf 87' lang='lat' dir='ltr'>pro</span> <span class='ocrx_word' id='word_1_417' title='bbox 532 2472 612 2504; x_wconf 88' lang='lat' dir='ltr'>Aula</span> <span class='ocrx_word' id='word_1_418' title='bbox 626 2496 636 2511; x_wconf 89' lang='lat'>,</span> <span class='ocrx_word' id='word_1_419' title='bbox 661 2473 692 2504; x_wconf 74' lang='lat' dir='ltr'>&lt;Sc</span> <span class='ocrx_word' id='word_1_420' title='bbox 715 2481 775 2513; x_wconf 89' lang='lat' dir='ltr'>pro</span> <span class='ocrx_word' id='word_1_421' title='bbox 800 2472 894 2511; x_wconf 88' lang='lat' dir='ltr'>loco,</span> 
     </span>
     <span class='ocr_line' id='line_1_59' title="bbox 27 2513 895 2556; baseline -0.005 -8"><span class='ocrx_word' id='word_1_422' title='bbox 27 2516 60 2548; x_wconf 89' lang='lat' dir='ltr'>in</span> <span class='ocrx_word' id='word_1_423' title='bbox 99 2524 139 2546; x_wconf 89' lang='lat' dir='ltr'>uo</span> <span class='ocrx_word' id='word_1_424' title='bbox 157 2514 206 2554; x_wconf 84' lang='lat' dir='ltr'>jus</span> <span class='ocrx_word' id='word_1_425' title='bbox 227 2514 376 2546; x_wconf 82' lang='lat' dir='ltr'>redditur.</span> <span class='ocrx_word' id='word_1_426' title='bbox 430 2513 536 2546; x_wconf 89' lang='lat' dir='ltr'>Dubia</span> <span class='ocrx_word' id='word_1_427' title='bbox 555 2523 680 2556; x_wconf 83' lang='lat' dir='ltr'>quoque</span> <span class='ocrx_word' id='word_1_428' title='bbox 702 2514 772 2545; x_wconf 89' lang='lat' dir='ltr'>sunt</span> <span class='ocrx_word' id='word_1_429' title='bbox 799 2513 895 2545; x_wconf 90' lang='lat' dir='ltr'>verba</span> 
     </span>
     <span class='ocr_line' id='line_1_60' title="bbox 20 2524 893 2597; baseline -0.002 -9"><span class='ocrx_word' id='word_1_430' title='bbox 20 2524 173 2592; x_wconf 53' lang='lat' dir='ltr'>mugtoris</span> <span class='ocrx_word' id='word_1_431' title='bbox 185 2554 267 2597; x_wconf 89' lang='lat'>(21)</span> <span class='ocrx_word' id='word_1_432' title='bbox 288 2565 391 2596; x_wconf 89' lang='lat' dir='ltr'>neque</span> <span class='ocrx_word' id='word_1_433' title='bbox 405 2556 488 2587; x_wconf 91' lang='lat' dir='ltr'>enim</span> <span class='ocrx_word' id='word_1_434' title='bbox 505 2556 542 2588; x_wconf 90' lang='lat' dir='ltr'>iis</span> <span class='ocrx_word' id='word_1_435' title='bbox 560 2557 678 2593; x_wconf 85' lang='lat' dir='ltr'>utitur,</span> <span class='ocrx_word' id='word_1_436' title='bbox 702 2555 815 2597; x_wconf 88' lang='lat' dir='ltr'>quibus</span> <span class='ocrx_word' id='word_1_437' title='bbox 836 2556 893 2587; x_wconf 91' lang='lat' dir='ltr'>uti-</span> 
     </span>
     <span class='ocr_line' id='line_1_61' title="bbox 24 2596 894 2638; baseline -0.001 -9"><span class='ocrx_word' id='word_1_438' title='bbox 24 2603 79 2629; x_wconf 74' lang='lat' dir='ltr'>tur</span> <span class='ocrx_word' id='word_1_439' title='bbox 103 2596 216 2634; x_wconf 85' lang='lat' dir='ltr'>Curia,</span> <span class='ocrx_word' id='word_1_440' title='bbox 247 2596 299 2629; x_wconf 89' lang='lat' dir='ltr'>sed</span> <span class='ocrx_word' id='word_1_441' title='bbox 320 2599 366 2630; x_wconf 87' lang='lat' dir='ltr'>ait</span> <span class='ocrx_word' id='word_1_442' title='bbox 387 2607 457 2629; x_wconf 84' lang='lat' dir='ltr'>voor</span> <span class='ocrx_word' id='word_1_443' title='bbox 481 2596 653 2638; x_wconf 78' lang='lat' dir='ltr'>Suppoofleiz</span> <span class='ocrx_word' id='word_1_444' title='bbox 678 2607 714 2628; x_wconf 80' lang='lat' dir='ltr'>en</span> <span class='ocrx_word' id='word_1_445' title='bbox 740 2596 894 2628; x_wconf 76' lang='lat' dir='ltr'>Di&#39;enaren</span> 
     </span>
     <span class='ocr_line' id='line_1_62' title="bbox 22 2637 895 2680; baseline -0.002 -9"><span class='ocrx_word' id='word_1_446' title='bbox 22 2639 157 2675; x_wconf 57' lang='lat' dir='ltr'>wanden</span> <span class='ocrx_word' id='word_1_447' title='bbox 171 2637 277 2677; x_wconf 74' lang='lat' dir='ltr'>Have,</span> <span class='ocrx_word' id='word_1_448' title='bbox 298 2639 383 2680; x_wconf 91' lang='lat' dir='ltr'>quod</span> <span class='ocrx_word' id='word_1_449' title='bbox 398 2640 493 2671; x_wconf 89' lang='lat' dir='ltr'>etiam</span> <span class='ocrx_word' id='word_1_450' title='bbox 517 2639 556 2671; x_wconf 88' lang='lat' dir='ltr'>de</span> <span class='ocrx_word' id='word_1_451' title='bbox 579 2639 650 2672; x_wconf 89' lang='lat' dir='ltr'>solis</span> <span class='ocrx_word' id='word_1_452' title='bbox 674 2637 796 2670; x_wconf 86' lang='lat' dir='ltr'>Aulicis</span> <span class='ocrx_word' id='word_1_453' title='bbox 818 2638 895 2670; x_wconf 86' lang='lat' dir='ltr'>licet</span> 
     </span>
     <span class='ocr_line' id='line_1_63' title="bbox 29 2679 895 2722; baseline 0 -11"><span class='ocrx_word' id='word_1_454' title='bbox 29 2679 38 2687; x_wconf 82' lang='lat'><strong><em>‘</em></strong></span> <span class='ocrx_word' id='word_1_455' title='bbox 63 2680 213 2720; x_wconf 74' lang='lat' dir='ltr'>telligeie.</span> <span class='ocrx_word' id='word_1_456' title='bbox 258 2680 307 2711; x_wconf 89' lang='lat' dir='ltr'>Ad</span> <span class='ocrx_word' id='word_1_457' title='bbox 323 2681 391 2711; x_wconf 78' lang='lat' dir='ltr'>haec</span> <span class='ocrx_word' id='word_1_458' title='bbox 410 2689 473 2712; x_wconf 90' lang='lat' dir='ltr'>non</span> <span class='ocrx_word' id='word_1_459' title='bbox 494 2690 596 2722; x_wconf 81' lang='lat' dir='ltr'>negO,</span> <span class='ocrx_word' id='word_1_460' title='bbox 620 2687 693 2712; x_wconf 89' lang='lat' dir='ltr'>ante</span> <span class='ocrx_word' id='word_1_461' title='bbox 714 2679 895 2721; x_wconf 85' lang='lat' dir='ltr'>Philippum</span> 
     </span>
     <span class='ocr_line' id='line_1_64' title="bbox 23 2689 894 2762; baseline 0.001 -10"><span class='ocrx_word' id='word_1_462' title='bbox 23 2689 227 2762; x_wconf 49' lang='lat' dir='ltr'>ghi-gundum</span> <span class='ocrx_word' id='word_1_463' title='bbox 242 2721 339 2753; x_wconf 84' lang='lat' dir='ltr'>etiam</span> <span class='ocrx_word' id='word_1_464' title='bbox 351 2720 445 2753; x_wconf 74' lang='lat' dir='ltr'>fuisse</span> <span class='ocrx_word' id='word_1_465' title='bbox 465 2721 593 2753; x_wconf 87' lang='lat' dir='ltr'>Curiam</span> <span class='ocrx_word' id='word_1_466' title='bbox 607 2745 617 2761; x_wconf 92' lang='lat'>,</span> <span class='ocrx_word' id='word_1_467' title='bbox 641 2731 711 2762; x_wconf 80' lang='lat' dir='ltr'>quae</span> <span class='ocrx_word' id='word_1_468' title='bbox 728 2730 800 2753; x_wconf 92' lang='lat' dir='ltr'>cum</span> <span class='ocrx_word' id='word_1_469' title='bbox 817 2720 894 2753; x_wconf 90' lang='lat' dir='ltr'>Gra-</span> 
     </span>
     <span class='ocr_line' id='line_1_65' title="bbox 22 2761 896 2836; baseline 0.001 -42"><span class='ocrx_word' id='word_1_470' title='bbox 22 2763 124 2836; x_wconf 51' lang='lat' dir='ltr'>ffione</span> <span class='ocrx_word' id='word_1_471' title='bbox 147 2761 197 2801; x_wconf 81' lang='lat' dir='ltr'>jus</span> <span class='ocrx_word' id='word_1_472' title='bbox 216 2761 325 2799; x_wconf 81' lang='lat' dir='ltr'>dixit,</span> <span class='ocrx_word' id='word_1_473' title='bbox 355 2771 427 2795; x_wconf 88' lang='lat' dir='ltr'>nam</span> <span class='ocrx_word' id='word_1_474' title='bbox 451 2763 602 2803; x_wconf 87' lang='lat' dir='ltr'>ejusmodi</span> <span class='ocrx_word' id='word_1_475' title='bbox 632 2764 725 2795; x_wconf 78' lang='lat' dir='ltr'>Curiae</span> <span class='ocrx_word' id='word_1_476' title='bbox 750 2764 896 2795; x_wconf 86' lang='lat' dir='ltr'>meminit</span> 
     </span>
     <span class='ocr_line' id='line_1_66' title="bbox 22 2801 896 2845; baseline 0.002 -10"><span class='ocrx_word' id='word_1_477' title='bbox 22 2822 28 2835; x_wconf 57' lang='lat' dir='ltr'>i</span> <span class='ocrx_word' id='word_1_478' title='bbox 69 2801 223 2835; x_wconf 86' lang='lat' dir='ltr'>aehteldis</span> <span class='ocrx_word' id='word_1_479' title='bbox 248 2803 280 2834; x_wconf 91' lang='lat' dir='ltr'>in</span> <span class='ocrx_word' id='word_1_480' title='bbox 302 2803 476 2843; x_wconf 86' lang='lat' dir='ltr'>diplomate</span> <span class='ocrx_word' id='word_1_481' title='bbox 499 2806 569 2837; x_wconf 88' lang='lat' dir='ltr'>anni</span> <span class='ocrx_word' id='word_1_482' title='bbox 600 2808 690 2845; x_wconf 84' lang='lat'><strong>1466.</strong></span> <span class='ocrx_word' id='word_1_483' title='bbox 713 2803 752 2835; x_wconf 87' lang='lat' dir='ltr'>de</span> <span class='ocrx_word' id='word_1_484' title='bbox 769 2814 830 2845; x_wconf 90' lang='lat' dir='ltr'>quo</span> <span class='ocrx_word' id='word_1_485' title='bbox 850 2805 896 2837; x_wconf 89' lang='lat' dir='ltr'>su-</span> 
     </span>
     <span class='ocr_line' id='line_1_67' title="bbox 23 2842 896 2887; baseline 0.003 -11"><span class='ocrx_word' id='word_1_486' title='bbox 23 2851 82 2885; x_wconf 66' lang='lat' dir='ltr'>&lt;pra</span> <span class='ocrx_word' id='word_1_487' title='bbox 107 2842 273 2883; x_wconf 88' lang='lat' dir='ltr'>dicebam,</span> <span class='ocrx_word' id='word_1_488' title='bbox 310 2842 362 2875; x_wconf 88' lang='lat' dir='ltr'>sed</span> <span class='ocrx_word' id='word_1_489' title='bbox 394 2843 476 2876; x_wconf 89' lang='lat' dir='ltr'>hanc</span> <span class='ocrx_word' id='word_1_490' title='bbox 500 2845 631 2879; x_wconf 83' lang='lat' dir='ltr'>Curiam</span> <span class='ocrx_word' id='word_1_491' title='bbox 657 2844 834 2887; x_wconf 87' lang='lat' dir='ltr'>distinguo,</span> <span class='ocrx_word' id='word_1_492' title='bbox 860 2855 896 2879; x_wconf 90' lang='lat' dir='ltr'>ut</span> 
     </span>
     <span class='ocr_line' id='line_1_68' title="bbox 25 2901 34 2915; baseline 0 -11"><span class='ocrx_word' id='word_1_493' title='bbox 25 2901 34 2915; x_wconf 44' lang='lat' dir='ltr'>f</span> 
     </span>
    </p>
   </div>
   <div class='ocr_carea' id='block_1_4' title="bbox 27 2985 896 3177">
    <p class='ocr_par' dir='ltr' id='par_1_6' title="bbox 27 2985 896 3027">
     <span class='ocr_line' id='line_1_69' title="bbox 27 2985 896 3027; baseline 0.007 -13"><span class='ocrx_word' id='word_1_494' title='bbox 27 2997 30 3001; x_wconf 87' lang='lat'>·</span> <span class='ocrx_word' id='word_1_495' title='bbox 68 2985 146 3023; x_wconf 78' lang='lat'>(18)</span> <span class='ocrx_word' id='word_1_496' title='bbox 167 2986 242 3015; x_wconf 84' lang='lat' dir='ltr'>Plac.</span> <span class='ocrx_word' id='word_1_497' title='bbox 260 2987 310 3016; x_wconf 89' lang='lat'>111.</span> <span class='ocrx_word' id='word_1_498' title='bbox 333 2995 358 3022; x_wconf 83' lang='lat'>5.</span> <span class='ocrx_word' id='word_1_499' title='bbox 383 2995 408 3015; x_wconf 87' lang='lat'>1.</span> <span class='ocrx_word' id='word_1_500' title='bbox 430 2995 457 3022; x_wconf 87' lang='lat'>3.</span> <span class='ocrx_word' id='word_1_501' title='bbox 495 2989 551 3018; x_wconf 85' lang='lat' dir='ltr'>Sed</span> <span class='ocrx_word' id='word_1_502' title='bbox 571 2990 620 3019; x_wconf 89' lang='lat' dir='ltr'>ubi</span> <span class='ocrx_word' id='word_1_503' title='bbox 636 2991 709 3019; x_wconf 90' lang='lat' dir='ltr'>male</span> <span class='ocrx_word' id='word_1_504' title='bbox 727 2991 830 3027; x_wconf 83' lang='lat' dir='ltr'>legitur</span> <span class='ocrx_word' id='word_1_505' title='bbox 850 3000 896 3020; x_wconf 84' lang='lat' dir='ltr'>an-</span> 
     </span>
    </p>

    <p class='ocr_par' dir='ltr' id='par_1_7' title="bbox 31 3025 893 3066">
     <span class='ocr_line' id='line_1_70' title="bbox 31 3025 893 3066; baseline 0.009 -14"><span class='ocrx_word' id='word_1_506' title='bbox 31 3031 84 3053; x_wconf 82' lang='lat' dir='ltr'>nus</span> <span class='ocrx_word' id='word_1_507' title='bbox 98 3029 178 3059; x_wconf 87' lang='lat'>1466.</span> <span class='ocrx_word' id='word_1_508' title='bbox 210 3031 242 3053; x_wconf 92' lang='lat' dir='ltr'>ut</span> <span class='ocrx_word' id='word_1_509' title='bbox 264 3034 299 3054; x_wconf 84' lang='lat' dir='ltr'>ex</span> <span class='ocrx_word' id='word_1_510' title='bbox 323 3025 381 3062; x_wconf 81' lang='lat' dir='ltr'>ipsa</span> <span class='ocrx_word' id='word_1_511' title='bbox 402 3025 613 3056; x_wconf 71' lang='lat' dir='ltr'>Constitutione</span> <span class='ocrx_word' id='word_1_512' title='bbox 629 3030 718 3066; x_wconf 85' lang='lat' dir='ltr'>liquet</span> <span class='ocrx_word' id='word_1_513' title='bbox 733 3051 743 3064; x_wconf 84' lang='lat'>‚</span> <span class='ocrx_word' id='word_1_514' title='bbox 763 3030 789 3059; x_wconf 71' lang='grc' dir='ltr'>ἃ</span> <span class='ocrx_word' id='word_1_515' title='bbox 813 3034 893 3065; x_wconf 82' lang='lat'>1476.</span> 
     </span>
    </p>

    <p class='ocr_par' dir='ltr' id='par_1_8' title="bbox 27 3063 896 3177">
     <span class='ocr_line' id='line_1_71' title="bbox 27 3063 896 3129; baseline 0.009 -39"><span class='ocrx_word' id='word_1_516' title='bbox 27 3063 131 3129; x_wconf 46' lang='lat' dir='ltr'>5:71?de</span> <span class='ocrx_word' id='word_1_517' title='bbox 149 3063 250 3099; x_wconf 82' lang='lat' dir='ltr'>legitur</span> <span class='ocrx_word' id='word_1_518' title='bbox 267 3065 295 3093; x_wconf 83' lang='lat' dir='ltr'>in</span> <span class='ocrx_word' id='word_1_519' title='bbox 317 3065 347 3092; x_wconf 84' lang='lat' dir='ltr'>de</span> <span class='ocrx_word' id='word_1_520' title='bbox 369 3064 542 3103; x_wconf 80' lang='lat' dir='ltr'>Handvesten</span> <span class='ocrx_word' id='word_1_521' title='bbox 564 3066 610 3096; x_wconf 75' lang='lat' dir='ltr'>der</span> <span class='ocrx_word' id='word_1_522' title='bbox 629 3067 737 3097; x_wconf 82' lang='lat' dir='ltr'>Graven</span> <span class='ocrx_word' id='word_1_523' title='bbox 760 3077 815 3098; x_wconf 81' lang='lat' dir='ltr'>van</span> <span class='ocrx_word' id='word_1_524' title='bbox 832 3070 896 3097; x_wconf 69' lang='lat' dir='ltr'>livi·</span> 
     </span>
     <span class='ocr_line' id='line_1_72' title="bbox 74 3109 499 3177; baseline 0.009 -11"><span class='ocrx_word' id='word_1_525' title='bbox 74 3109 266 3175; x_wconf 48' lang='lat' dir='ltr'>(19342’4mpe1</span> <span class='ocrx_word' id='word_1_526' title='bbox 285 3139 384 3177; x_wconf 66' lang='lat' dir='ltr'>Berigz*</span> <span class='ocrx_word' id='word_1_527' title='bbox 402 3150 430 3176; x_wconf 86' lang='lat' dir='ltr'>p.</span> <span class='ocrx_word' id='word_1_528' title='bbox 455 3149 499 3170; x_wconf 86' lang='lat'>12.</span> 
     </span>
    </p>
   </div>
   <div class='ocr_carea' id='block_1_5' title="bbox 73 3176 900 3217">
    <p class='ocr_par' dir='ltr' id='par_1_9' title="bbox 73 3176 900 3217">
     <span class='ocr_line' id='line_1_73' title="bbox 73 3176 900 3217; baseline 0.013 -14"><span class='ocrx_word' id='word_1_529' title='bbox 73 3176 152 3211; x_wconf 86' lang='lat'>(20)</span> <span class='ocrx_word' id='word_1_530' title='bbox 171 3177 236 3205; x_wconf 88' lang='lat' dir='ltr'>Van</span> <span class='ocrx_word' id='word_1_531' title='bbox 260 3177 310 3207; x_wconf 83' lang='lat' dir='ltr'>der</span> <span class='ocrx_word' id='word_1_532' title='bbox 324 3179 467 3217; x_wconf 82' lang='lat' dir='ltr'>Schelling</span> <span class='ocrx_word' id='word_1_533' title='bbox 490 3180 526 3209; x_wconf 86' lang='lat' dir='ltr'>ad</span> <span class='ocrx_word' id='word_1_534' title='bbox 547 3187 602 3211; x_wconf 83' lang='lat' dir='ltr'>van</span> <span class='ocrx_word' id='word_1_535' title='bbox 624 3181 704 3211; x_wconf 78' lang='lat' dir='ltr'>Zuxk</span> <span class='ocrx_word' id='word_1_536' title='bbox 721 3182 783 3213; x_wconf 75' lang='lat' dir='ltr'>Coa.</span> <span class='ocrx_word' id='word_1_537' title='bbox 800 3184 900 3214; x_wconf 77' lang='lat' dir='ltr'>Bata-v.</span> 
     </span>
    </p>
   </div>
   <div class='ocr_carea' id='block_1_6' title="bbox 38 3214 306 3252">
    <p class='ocr_par' dir='ltr' id='par_1_10' title="bbox 38 3214 306 3252">
     <span class='ocr_line' id='line_1_74' title="bbox 38 3214 306 3252; baseline 0.015 -10"><span class='ocrx_word' id='word_1_538' title='bbox 38 3215 114 3244; x_wconf 76' lang='lat' dir='ltr'>verbo</span> <span class='ocrx_word' id='word_1_539' title='bbox 135 3214 208 3249; x_wconf 75' lang='lat' dir='ltr'>Hos,</span> <span class='ocrx_word' id='word_1_540' title='bbox 234 3215 259 3252; x_wconf 82' lang='lat'>§.</span> <span class='ocrx_word' id='word_1_541' title='bbox 283 3225 306 3246; x_wconf 82' lang='lat'>1.</span> 
     </span>
    </p>
   </div>
   <div class='ocr_carea' id='block_1_7' title="bbox 623 103 1578 164">
    <p class='ocr_par' dir='ltr' id='par_1_11' title="bbox 623 103 1578 164">
     <span class='ocr_line' id='line_1_75' title="bbox 623 103 1578 164; baseline 0.014 -13"><span class='ocrx_word' id='word_1_542' title='bbox 623 115 851 164; x_wconf 80' lang='lat' dir='ltr'>JURis</span> <span class='ocrx_word' id='word_1_543' title='bbox 912 116 1265 162; x_wconf 62' lang='lat' dir='ltr'>PRIVATL</span> <span class='ocrx_word' id='word_1_544' title='bbox 1315 103 1578 163; x_wconf 66' lang='lat' dir='ltr'>marcu</span> 
     </span>
    </p>
   </div>
   <div class='ocr_carea' id='block_1_8' title="bbox 1738 137 1804 174">
    <p class='ocr_par' dir='ltr' id='par_1_12' title="bbox 1738 137 1804 174">
     <span class='ocr_line' id='line_1_76' title="bbox 1738 137 1804 174; baseline -0.015 0"><span class='ocrx_word' id='word_1_545' title='bbox 1738 137 1804 174; x_wconf 84' lang='lat'>303</span> 
     </span>
    </p>
   </div>
   <div class='ocr_carea' id='block_1_9' title="bbox 935 196 1813 2314">
    <p class='ocr_par' dir='ltr' id='par_1_13' title="bbox 935 196 1813 2314">
     <span class='ocr_line' id='line_1_77' title="bbox 945 196 1811 248; baseline 0.015 -22"><span class='ocrx_word' id='word_1_546' title='bbox 945 196 1076 246; x_wconf 68' lang='lat' dir='ltr'>quinino</span> <span class='ocrx_word' id='word_1_547' title='bbox 1097 198 1311 242; x_wconf 84' lang='lat' dir='ltr'>distinguenda</span> <span class='ocrx_word' id='word_1_548' title='bbox 1336 201 1381 233; x_wconf 89' lang='lat' dir='ltr'>cst</span> <span class='ocrx_word' id='word_1_549' title='bbox 1401 204 1439 235; x_wconf 88' lang='lat' dir='ltr'>ab</span> <span class='ocrx_word' id='word_1_550' title='bbox 1457 214 1492 236; x_wconf 85' lang='lat' dir='ltr'>ea</span> <span class='ocrx_word' id='word_1_551' title='bbox 1516 206 1630 247; x_wconf 89' lang='lat' dir='ltr'>Curia,</span> <span class='ocrx_word' id='word_1_552' title='bbox 1656 217 1724 248; x_wconf 83' lang='lat' dir='ltr'>quae</span> <span class='ocrx_word' id='word_1_553' title='bbox 1749 207 1811 239; x_wconf 84' lang='lat' dir='ltr'>sine</span> 
     </span>
     <span class='ocr_line' id='line_1_78' title="bbox 945 237 1809 290; baseline 0.015 -23"><span class='ocrx_word' id='word_1_554' title='bbox 945 237 1108 270; x_wconf 63' lang='lat' dir='ltr'>(navione</span> <span class='ocrx_word' id='word_1_555' title='bbox 1126 241 1231 281; x_wconf 86' lang='lat' dir='ltr'>postea</span> <span class='ocrx_word' id='word_1_556' title='bbox 1248 243 1295 283; x_wconf 86' lang='lat' dir='ltr'>jus</span> <span class='ocrx_word' id='word_1_557' title='bbox 1314 243 1419 284; x_wconf 87' lang='lat' dir='ltr'>dixit,</span> <span class='ocrx_word' id='word_1_558' title='bbox 1452 246 1481 277; x_wconf 70' lang='lat' dir='ltr'>&lt;St</span> <span class='ocrx_word' id='word_1_559' title='bbox 1505 246 1599 288; x_wconf 65' lang='lat' dir='ltr'>l-iagae</span> <span class='ocrx_word' id='word_1_560' title='bbox 1622 257 1809 290; x_wconf 87' lang='lat' dir='ltr'>perpetuum</span> 
     </span>
     <span class='ocr_line' id='line_1_79' title="bbox 943 283 1811 328; baseline 0.014 -19"><span class='ocrx_word' id='word_1_561' title='bbox 943 289 1139 328; x_wconf 76' lang='lat' dir='ltr'>commorata</span> <span class='ocrx_word' id='word_1_562' title='bbox 1166 283 1221 315; x_wconf 85' lang='lat' dir='ltr'>est.</span> <span class='ocrx_word' id='word_1_563' title='bbox 1267 285 1359 317; x_wconf 87' lang='lat' dir='ltr'>Anno</span> <span class='ocrx_word' id='word_1_564' title='bbox 1396 296 1486 327; x_wconf 80' lang='lat'><em>1711.</em></span> <span class='ocrx_word' id='word_1_565' title='bbox 1520 289 1636 326; x_wconf 81' lang='lat' dir='ltr'>prodiit</span> <span class='ocrx_word' id='word_1_566' title='bbox 1665 290 1811 326; x_wconf 89' lang='lat' dir='ltr'>libellus,</span> 
     </span>
     <span class='ocr_line' id='line_1_80' title="bbox 942 320 1809 370; baseline 0.01 -19"><span class='ocrx_word' id='word_1_567' title='bbox 942 320 1023 362; x_wconf 83' lang='grc'>(22)</span> <span class='ocrx_word' id='word_1_568' title='bbox 1045 331 1134 368; x_wconf 79' lang='lat' dir='ltr'>cujus</span> <span class='ocrx_word' id='word_1_569' title='bbox 1152 324 1271 357; x_wconf 66' lang='lat' dir='ltr'>Auctor</span> <span class='ocrx_word' id='word_1_570' title='bbox 1291 327 1476 370; x_wconf 88' lang='lat' dir='ltr'>Anonymus</span> <span class='ocrx_word' id='word_1_571' title='bbox 1498 327 1603 359; x_wconf 76' lang='lat' dir='ltr'>Cui-iae</span> <span class='ocrx_word' id='word_1_572' title='bbox 1624 329 1809 362; x_wconf 84' lang='lat' dir='ltr'>sententiam</span> 
     </span>
     <span class='ocr_line' id='line_1_81' title="bbox 943 365 1808 409; baseline 0.01 -17"><span class='ocrx_word' id='word_1_573' title='bbox 943 365 982 393; x_wconf 87' lang='lat' dir='ltr'>dc</span> <span class='ocrx_word' id='word_1_574' title='bbox 1004 373 1110 404; x_wconf 88' lang='lat' dir='ltr'>priore</span> <span class='ocrx_word' id='word_1_575' title='bbox 1135 365 1165 397; x_wconf 65' lang='grc' dir='ltr'>ὃς</span> <span class='ocrx_word' id='word_1_576' title='bbox 1196 368 1375 409; x_wconf 86' lang='lat' dir='ltr'>antiquiore</span> <span class='ocrx_word' id='word_1_577' title='bbox 1406 368 1447 401; x_wconf 90' lang='lat' dir='ltr'>sui</span> <span class='ocrx_word' id='word_1_578' title='bbox 1480 368 1678 402; x_wconf 78' lang='lat' dir='ltr'>institutione</span> <span class='ocrx_word' id='word_1_579' title='bbox 1711 370 1808 402; x_wconf 88' lang='lat' dir='ltr'>fulcit</span> 
     </span>
     <span class='ocr_line' id='line_1_82' title="bbox 943 404 1808 451; baseline 0.008 -16"><span class='ocrx_word' id='word_1_580' title='bbox 943 404 1065 437; x_wconf 83' lang='lat' dir='ltr'>duobus</span> <span class='ocrx_word' id='word_1_581' title='bbox 1091 409 1302 448; x_wconf 75' lang='lat' dir='ltr'>argumentis,</span> <span class='ocrx_word' id='word_1_582' title='bbox 1332 410 1454 449; x_wconf 85' lang='lat' dir='ltr'>altero,</span> <span class='ocrx_word' id='word_1_583' title='bbox 1481 410 1565 451; x_wconf 76' lang='lat' dir='ltr'>quod</span> <span class='ocrx_word' id='word_1_584' title='bbox 1594 409 1770 443; x_wconf 81' lang='lat' dir='ltr'>Graviones</span> <span class='ocrx_word' id='word_1_585' title='bbox 1790 421 1808 442; x_wconf 84' lang='lat' dir='ltr'>c</span> 
     </span>
     <span class='ocr_line' id='line_1_83' title="bbox 943 445 1808 496; baseline 0.006 -19"><span class='ocrx_word' id='word_1_586' title='bbox 943 445 1048 496; x_wconf 68' lang='lat' dir='ltr'>Qentc</span> <span class='ocrx_word' id='word_1_587' title='bbox 1065 448 1214 480; x_wconf 81' lang='lat' dir='ltr'>Bavarica</span> <span class='ocrx_word' id='word_1_588' title='bbox 1226 472 1236 487; x_wconf 94' lang='lat'>,</span> <span class='ocrx_word' id='word_1_589' title='bbox 1260 451 1311 491; x_wconf 89' lang='lat' dir='ltr'>qui</span> <span class='ocrx_word' id='word_1_590' title='bbox 1330 450 1510 484; x_wconf 73' lang='lat' dir='ltr'>Hollandiae</span> <span class='ocrx_word' id='word_1_591' title='bbox 1529 450 1719 493; x_wconf 55' lang='lat' dir='ltr'>praefuerant</span> <span class='ocrx_word' id='word_1_592' title='bbox 1735 460 1808 483; x_wconf 82' lang='lat' dir='ltr'>ante</span> 
     </span>
     <span class='ocr_line' id='line_1_84' title="bbox 941 488 1808 534; baseline 0.005 -15"><span class='ocrx_word' id='word_1_593' title='bbox 941 488 1119 534; x_wconf 59' lang='lat' dir='ltr'>(graisioncs</span> <span class='ocrx_word' id='word_1_594' title='bbox 1137 499 1154 520; x_wconf 86' lang='lat' dir='ltr'>e</span> <span class='ocrx_word' id='word_1_595' title='bbox 1171 489 1276 522; x_wconf 83' lang='lat' dir='ltr'>Gentc</span> <span class='ocrx_word' id='word_1_596' title='bbox 1296 493 1511 534; x_wconf 76' lang='lat' dir='ltr'>Burguiidica,</span> <span class='ocrx_word' id='word_1_597' title='bbox 1531 494 1560 524; x_wconf 90' lang='lat' dir='ltr'>in</span> <span class='ocrx_word' id='word_1_598' title='bbox 1580 492 1808 534; x_wconf 80' lang='lat' dir='ltr'>subscriptione</span> 
     </span>
     <span class='ocr_line' id='line_1_85' title="bbox 940 530 1810 576; baseline 0.002 -14"><span class='ocrx_word' id='word_1_599' title='bbox 940 530 1147 572; x_wconf 86' lang='lat' dir='ltr'>diplomatum</span> <span class='ocrx_word' id='word_1_600' title='bbox 1175 531 1205 563; x_wconf 73' lang='grc' dir='ltr'>δε</span> <span class='ocrx_word' id='word_1_601' title='bbox 1224 533 1464 575; x_wconf 80' lang='lat' dir='ltr'>privilegiorum</span> <span class='ocrx_word' id='word_1_602' title='bbox 1487 534 1567 576; x_wconf 79' lang='lat' dir='ltr'>saepe</span> <span class='ocrx_word' id='word_1_603' title='bbox 1593 535 1746 572; x_wconf 80' lang='lat' dir='ltr'>dixerint,</span> <span class='ocrx_word' id='word_1_604' title='bbox 1770 542 1810 564; x_wconf 90' lang='lat' dir='ltr'>eo</span> 
     </span>
     <span class='ocr_line' id='line_1_86' title="bbox 940 572 1805 616; baseline 0.003 -13"><span class='ocrx_word' id='word_1_605' title='bbox 940 573 991 603; x_wconf 83' lang='lat' dir='ltr'>die</span> <span class='ocrx_word' id='word_1_606' title='bbox 1009 574 1038 604; x_wconf 69' lang='lat' dir='ltr'>ot</span> <span class='ocrx_word' id='word_1_607' title='bbox 1054 582 1093 603; x_wconf 90' lang='lat' dir='ltr'>co</span> <span class='ocrx_word' id='word_1_608' title='bbox 1111 582 1210 611; x_wconf 84' lang='lat' dir='ltr'>annO,</span> <span class='ocrx_word' id='word_1_609' title='bbox 1228 572 1298 614; x_wconf 75' lang='lat' dir='ltr'>stilo</span> <span class='ocrx_word' id='word_1_610' title='bbox 1317 577 1366 607; x_wconf 84' lang='lat' dir='ltr'>vel</span> <span class='ocrx_word' id='word_1_611' title='bbox 1375 576 1536 616; x_wconf 68' lang='lat' dir='ltr'>siccandum</span> <span class='ocrx_word' id='word_1_612' title='bbox 1547 574 1670 616; x_wconf 74' lang='lat' dir='ltr'>stilum,</span> <span class='ocrx_word' id='word_1_613' title='bbox 1694 575 1745 606; x_wconf 87' lang='lat' dir='ltr'>vel</span> <span class='ocrx_word' id='word_1_614' title='bbox 1756 575 1805 614; x_wconf 83' lang='lat' dir='ltr'>se-</span> 
     </span>
     <span class='ocr_line' id='line_1_87' title="bbox 940 614 1807 658; baseline 0 -12"><span class='ocrx_word' id='word_1_615' title='bbox 940 615 1065 646; x_wconf 32' lang='lat' dir='ltr'>candui-ii</span> <span class='ocrx_word' id='word_1_616' title='bbox 1086 614 1198 653; x_wconf 65' lang='lat' dir='ltr'>cursim</span> <span class='ocrx_word' id='word_1_617' title='bbox 1216 616 1326 656; x_wconf 76' lang='lat' dir='ltr'>Curiae,</span> <span class='ocrx_word' id='word_1_618' title='bbox 1352 618 1402 649; x_wconf 86' lang='lat' dir='ltr'>vel</span> <span class='ocrx_word' id='word_1_619' title='bbox 1422 618 1515 649; x_wconf 68' lang='lat' dir='ltr'>Carice</span> <span class='ocrx_word' id='word_1_620' title='bbox 1538 615 1656 658; x_wconf 69' lang='lat' dir='ltr'>nostrae,</span> <span class='ocrx_word' id='word_1_621' title='bbox 1681 617 1732 648; x_wconf 91' lang='lat' dir='ltr'>vel</span> <span class='ocrx_word' id='word_1_622' title='bbox 1752 616 1807 647; x_wconf 73' lang='lat' dir='ltr'>Cu-</span> 
     </span>
     <span class='ocr_line' id='line_1_88' title="bbox 940 655 1808 700; baseline 0 -12"><span class='ocrx_word' id='word_1_623' title='bbox 940 659 989 688; x_wconf 83' lang='lat' dir='ltr'>riae</span> <span class='ocrx_word' id='word_1_624' title='bbox 1005 655 1192 694; x_wconf 72' lang='lat' dir='ltr'>Hollancliae‚</span> <span class='ocrx_word' id='word_1_625' title='bbox 1217 658 1336 696; x_wconf 85' lang='lat' dir='ltr'>altero,</span> <span class='ocrx_word' id='word_1_626' title='bbox 1361 659 1445 700; x_wconf 76' lang='lat' dir='ltr'>quod</span> <span class='ocrx_word' id='word_1_627' title='bbox 1463 659 1657 699; x_wconf 86' lang='lat' dir='ltr'>antiquiores</span> <span class='ocrx_word' id='word_1_628' title='bbox 1675 657 1808 689; x_wconf 86' lang='lat' dir='ltr'>Gravio-</span> 
     </span>
     <span class='ocr_line' id='line_1_89' title="bbox 941 697 1808 740; baseline 0 -10"><span class='ocrx_word' id='word_1_629' title='bbox 941 707 1016 735; x_wconf 88' lang='lat' dir='ltr'>nes,</span> <span class='ocrx_word' id='word_1_630' title='bbox 1038 705 1110 728; x_wconf 82' lang='lat' dir='ltr'>ante</span> <span class='ocrx_word' id='word_1_631' title='bbox 1134 697 1325 740; x_wconf 71' lang='lat' dir='ltr'>Burgundor,</span> <span class='ocrx_word' id='word_1_632' title='bbox 1348 700 1380 732; x_wconf 93' lang='lat' dir='ltr'>in</span> <span class='ocrx_word' id='word_1_633' title='bbox 1407 700 1632 740; x_wconf 79' lang='lat' dir='ltr'>quaestionibus</span> <span class='ocrx_word' id='word_1_634' title='bbox 1653 700 1730 740; x_wconf 82' lang='lat' dir='ltr'>juris</span> <span class='ocrx_word' id='word_1_635' title='bbox 1756 698 1808 730; x_wconf 87' lang='lat' dir='ltr'>de-</span> 
     </span>
     <span class='ocr_line' id='line_1_90' title="bbox 941 738 1807 783; baseline 0 -12"><span class='ocrx_word' id='word_1_636' title='bbox 941 738 1085 772; x_wconf 81' lang='lat' dir='ltr'>finiendis</span> <span class='ocrx_word' id='word_1_637' title='bbox 1100 738 1181 779; x_wconf 82' lang='lat' dir='ltr'>saepc</span> <span class='ocrx_word' id='word_1_638' title='bbox 1195 741 1395 772; x_wconf 80' lang='lat' dir='ltr'>adhibuerint</span> <span class='ocrx_word' id='word_1_639' title='bbox 1414 741 1635 780; x_wconf 84' lang='lat' dir='ltr'>Conliliarios,</span> <span class='ocrx_word' id='word_1_640' title='bbox 1660 751 1740 783; x_wconf 87' lang='lat' dir='ltr'>quos</span> <span class='ocrx_word' id='word_1_641' title='bbox 1755 749 1807 780; x_wconf 88' lang='lat' dir='ltr'>ap-</span> 
     </span>
     <span class='ocr_line' id='line_1_91' title="bbox 939 779 1805 825; baseline 0.002 -15"><span class='ocrx_word' id='word_1_642' title='bbox 939 781 1098 822; x_wconf 83' lang='lat' dir='ltr'>pellarunt</span> <span class='ocrx_word' id='word_1_643' title='bbox 1116 779 1301 825; x_wconf 53' lang='lat' dir='ltr'>Christian-ios</span> <span class='ocrx_word' id='word_1_644' title='bbox 1316 782 1506 821; x_wconf 67' lang='lat' dir='ltr'>Hullczncliae,</span> <span class='ocrx_word' id='word_1_645' title='bbox 1531 783 1561 814; x_wconf 82' lang='lat'>&amp;</span> <span class='ocrx_word' id='word_1_646' title='bbox 1580 783 1632 824; x_wconf 88' lang='lat' dir='ltr'>qui</span> <span class='ocrx_word' id='word_1_647' title='bbox 1657 792 1728 814; x_wconf 90' lang='lat' dir='ltr'>cum</span> <span class='ocrx_word' id='word_1_648' title='bbox 1750 781 1805 812; x_wconf 90' lang='lat' dir='ltr'>ho·</span> 
     </span>
     <span class='ocr_line' id='line_1_92' title="bbox 938 820 1809 864; baseline 0.001 -12"><span class='ocrx_word' id='word_1_649' title='bbox 938 822 1046 853; x_wconf 81' lang='lat' dir='ltr'>diei-na</span> <span class='ocrx_word' id='word_1_650' title='bbox 1068 820 1164 852; x_wconf 78' lang='lat' dir='ltr'>Curia</span> <span class='ocrx_word' id='word_1_651' title='bbox 1191 822 1290 854; x_wconf 77' lang='lat' dir='ltr'>ell&#39;cnt</span> <span class='ocrx_word' id='word_1_652' title='bbox 1315 825 1419 856; x_wconf 88' lang='lat' dir='ltr'>iidem.</span> <span class='ocrx_word' id='word_1_653' title='bbox 1471 824 1550 863; x_wconf 80' lang='lat' dir='ltr'>Sed,</span> <span class='ocrx_word' id='word_1_654' title='bbox 1576 824 1661 863; x_wconf 89' lang='lat' dir='ltr'>quod</span> <span class='ocrx_word' id='word_1_655' title='bbox 1687 824 1725 856; x_wconf 86' lang='lat' dir='ltr'>ad</span> <span class='ocrx_word' id='word_1_656' title='bbox 1749 822 1809 864; x_wconf 90' lang='lat' dir='ltr'>pri-</span> 
     </span>
     <span class='ocr_line' id='line_1_93' title="bbox 940 862 1808 906; baseline 0.002 -12"><span class='ocrx_word' id='word_1_657' title='bbox 940 872 1024 894; x_wconf 88' lang='lat' dir='ltr'>nium</span> <span class='ocrx_word' id='word_1_658' title='bbox 1043 887 1052 901; x_wconf 95' lang='lat'>,</span> <span class='ocrx_word' id='word_1_659' title='bbox 1084 862 1105 894; x_wconf 84' lang='lat' dir='ltr'>ss</span> <span class='ocrx_word' id='word_1_660' title='bbox 1127 871 1182 903; x_wconf 85' lang='lat' dir='ltr'>pei·</span> <span class='ocrx_word' id='word_1_661' title='bbox 1214 866 1332 896; x_wconf 72' lang='lat' dir='ltr'>Curiam</span> <span class='ocrx_word' id='word_1_662' title='bbox 1366 866 1520 905; x_wconf 67' lang='lat' dir='ltr'>intelligas</span> <span class='ocrx_word' id='word_1_663' title='bbox 1552 865 1678 897; x_wconf 86' lang='lat' dir='ltr'>Curiam</span> <span class='ocrx_word' id='word_1_664' title='bbox 1704 863 1808 906; x_wconf 83' lang='lat' dir='ltr'>Zuyd-</span> 
     </span>
     <span class='ocr_line' id='line_1_94' title="bbox 939 903 1806 948; baseline 0.001 -12"><span class='ocrx_word' id='word_1_665' title='bbox 939 903 1143 942; x_wconf 78' lang='lat' dir='ltr'>Hollandiae,</span> <span class='ocrx_word' id='word_1_666' title='bbox 1172 914 1242 946; x_wconf 83' lang='lat' dir='ltr'>qua:</span> <span class='ocrx_word' id='word_1_667' title='bbox 1267 907 1428 948; x_wconf 85' lang='lat' dir='ltr'>antiquior</span> <span class='ocrx_word' id='word_1_668' title='bbox 1455 907 1518 940; x_wconf 89' lang='lat' dir='ltr'>fuit</span> <span class='ocrx_word' id='word_1_669' title='bbox 1550 906 1644 939; x_wconf 81' lang='lat' dir='ltr'>Curia</span> <span class='ocrx_word' id='word_1_670' title='bbox 1671 906 1806 938; x_wconf 85' lang='lat' dir='ltr'>Hollan-</span> 
     </span>
     <span class='ocr_line' id='line_1_95' title="bbox 937 945 1807 989; baseline 0.002 -13"><span class='ocrx_word' id='word_1_671' title='bbox 937 946 1019 984; x_wconf 80' lang='lat' dir='ltr'>diae,</span> <span class='ocrx_word' id='word_1_672' title='bbox 1042 945 1093 976; x_wconf 86' lang='lat' dir='ltr'>vel</span> <span class='ocrx_word' id='word_1_673' title='bbox 1115 945 1134 976; x_wconf 82' lang='lat' dir='ltr'>si</span> <span class='ocrx_word' id='word_1_674' title='bbox 1157 955 1212 986; x_wconf 87' lang='lat' dir='ltr'>pei·</span> <span class='ocrx_word' id='word_1_675' title='bbox 1231 948 1348 979; x_wconf 78' lang='lat' dir='ltr'>Curiam</span> <span class='ocrx_word' id='word_1_676' title='bbox 1371 949 1527 989; x_wconf 79' lang='lat' dir='ltr'>intelligas</span> <span class='ocrx_word' id='word_1_677' title='bbox 1552 949 1661 980; x_wconf 87' lang='lat' dir='ltr'>Aulam</span> <span class='ocrx_word' id='word_1_678' title='bbox 1689 947 1807 979; x_wconf 89' lang='lat' dir='ltr'>Princi-</span> 
     </span>
     <span class='ocr_line' id='line_1_96' title="bbox 938 987 1808 1030; baseline 0.003 -14"><span class='ocrx_word' id='word_1_679' title='bbox 938 987 1006 1027; x_wconf 79' lang='lat' dir='ltr'>pis,</span> <span class='ocrx_word' id='word_1_680' title='bbox 1037 994 1072 1017; x_wconf 91' lang='lat' dir='ltr'>ut</span> <span class='ocrx_word' id='word_1_681' title='bbox 1098 995 1209 1027; x_wconf 84' lang='lat' dir='ltr'>potes,</span> <span class='ocrx_word' id='word_1_682' title='bbox 1241 988 1320 1020; x_wconf 86' lang='lat' dir='ltr'>nihil</span> <span class='ocrx_word' id='word_1_683' title='bbox 1346 990 1492 1030; x_wconf 86' lang='lat' dir='ltr'>ponderis</span> <span class='ocrx_word' id='word_1_684' title='bbox 1518 989 1563 1021; x_wconf 87' lang='lat' dir='ltr'>est</span> <span class='ocrx_word' id='word_1_685' title='bbox 1594 990 1625 1021; x_wconf 91' lang='lat' dir='ltr'>in</span> <span class='ocrx_word' id='word_1_686' title='bbox 1653 999 1692 1021; x_wconf 91' lang='lat' dir='ltr'>eo</span> <span class='ocrx_word' id='word_1_687' title='bbox 1717 997 1808 1030; x_wconf 79' lang='lat' dir='ltr'>argu-</span> 
     </span>
     <span class='ocr_line' id='line_1_97' title="bbox 939 1028 1811 1076; baseline 0.005 -18"><span class='ocrx_word' id='word_1_688' title='bbox 939 1035 1069 1073; x_wconf 74' lang='lat' dir='ltr'>mento,</span> <span class='ocrx_word' id='word_1_689' title='bbox 1096 1036 1155 1058; x_wconf 87' lang='lat' dir='ltr'>iicc</span> <span class='ocrx_word' id='word_1_690' title='bbox 1174 1028 1268 1060; x_wconf 87' lang='lat' dir='ltr'>etiam</span> <span class='ocrx_word' id='word_1_691' title='bbox 1284 1029 1352 1068; x_wconf 85' lang='lat' dir='ltr'>est,</span> <span class='ocrx_word' id='word_1_692' title='bbox 1377 1030 1397 1062; x_wconf 85' lang='lat' dir='ltr'><strong>fi</strong></span> <span class='ocrx_word' id='word_1_693' title='bbox 1421 1041 1474 1071; x_wconf 87' lang='lat' dir='ltr'>per</span> <span class='ocrx_word' id='word_1_694' title='bbox 1499 1030 1625 1062; x_wconf 88' lang='lat' dir='ltr'>Curiam</span> <span class='ocrx_word' id='word_1_695' title='bbox 1653 1030 1811 1076; x_wconf 81' lang='lat' dir='ltr'>intelligas</span> 
     </span>
     <span class='ocr_line' id='line_1_98' title="bbox 938 1067 1808 1111; baseline 0.003 -11"><span class='ocrx_word' id='word_1_696' title='bbox 938 1067 1140 1107; x_wconf 85' lang='lat' dir='ltr'>Concilium,</span> <span class='ocrx_word' id='word_1_697' title='bbox 1167 1070 1251 1109; x_wconf 89' lang='lat' dir='ltr'>quod</span> <span class='ocrx_word' id='word_1_698' title='bbox 1271 1070 1455 1110; x_wconf 81' lang='lat' dir='ltr'>constabat,</span> <span class='ocrx_word' id='word_1_699' title='bbox 1477 1081 1517 1103; x_wconf 85' lang='lat' dir='ltr'>ex</span> <span class='ocrx_word' id='word_1_700' title='bbox 1533 1071 1748 1103; x_wconf 82' lang='lat' dir='ltr'>Adsessbribus</span> <span class='ocrx_word' id='word_1_701' title='bbox 1761 1080 1808 1111; x_wconf 82' lang='lat' dir='ltr'>Ju-</span> 
     </span>
     <span class='ocr_line' id='line_1_99' title="bbox 938 1108 1809 1154; baseline 0.001 -12"><span class='ocrx_word' id='word_1_702' title='bbox 938 1111 1001 1148; x_wconf 80' lang='lat' dir='ltr'>ris,</span> <span class='ocrx_word' id='word_1_703' title='bbox 1025 1110 1054 1141; x_wconf 71' lang='grc' dir='ltr'>ὅ(</span> <span class='ocrx_word' id='word_1_704' title='bbox 1080 1108 1294 1142; x_wconf 74' lang='lat' dir='ltr'>Hollandz‘czmi</span> <span class='ocrx_word' id='word_1_705' title='bbox 1314 1112 1378 1144; x_wconf 89' lang='lat' dir='ltr'>dici</span> <span class='ocrx_word' id='word_1_706' title='bbox 1405 1120 1553 1154; x_wconf 85' lang='lat' dir='ltr'>poterat,</span> <span class='ocrx_word' id='word_1_707' title='bbox 1576 1113 1646 1153; x_wconf 90' lang='lat' dir='ltr'>quia</span> <span class='ocrx_word' id='word_1_708' title='bbox 1673 1111 1809 1144; x_wconf 88' lang='lat' dir='ltr'>Gravio-</span> 
     </span>
     <span class='ocr_line' id='line_1_100' title="bbox 938 1149 1806 1186; baseline 0 -2"><span class='ocrx_word' id='word_1_709' title='bbox 938 1161 993 1184; x_wconf 86' lang='lat' dir='ltr'>nes</span> <span class='ocrx_word' id='word_1_710' title='bbox 1004 1160 1022 1181; x_wconf 90' lang='lat' dir='ltr'>e</span> <span class='ocrx_word' id='word_1_711' title='bbox 1042 1149 1148 1182; x_wconf 88' lang='lat' dir='ltr'>Gcnte</span> <span class='ocrx_word' id='word_1_712' title='bbox 1164 1151 1316 1184; x_wconf 85' lang='lat' dir='ltr'>Bavarica</span> <span class='ocrx_word' id='word_1_713' title='bbox 1333 1153 1402 1185; x_wconf 89' lang='lat' dir='ltr'>fere</span> <span class='ocrx_word' id='word_1_714' title='bbox 1419 1155 1450 1186; x_wconf 93' lang='lat' dir='ltr'>in</span> <span class='ocrx_word' id='word_1_715' title='bbox 1467 1153 1636 1186; x_wconf 86' lang='lat' dir='ltr'>Hollandia</span> <span class='ocrx_word' id='word_1_716' title='bbox 1653 1153 1724 1185; x_wconf 88' lang='lat' dir='ltr'>sunt</span> <span class='ocrx_word' id='word_1_717' title='bbox 1740 1163 1806 1185; x_wconf 89' lang='lat' dir='ltr'>mo-</span> 
     </span>
     <span class='ocr_line' id='line_1_101' title="bbox 937 1192 1807 1235; baseline 0.003 -12"><span class='ocrx_word' id='word_1_718' title='bbox 937 1193 1017 1232; x_wconf 86' lang='lat' dir='ltr'>rati,</span> <span class='ocrx_word' id='word_1_719' title='bbox 1051 1192 1081 1223; x_wconf 88' lang='lat'>&amp;</span> <span class='ocrx_word' id='word_1_720' title='bbox 1109 1192 1180 1223; x_wconf 90' lang='lat' dir='ltr'>idco</span> <span class='ocrx_word' id='word_1_721' title='bbox 1199 1194 1358 1235; x_wconf 81' lang='lat' dir='ltr'>praecipue</span> <span class='ocrx_word' id='word_1_722' title='bbox 1382 1195 1563 1227; x_wconf 85' lang='lat' dir='ltr'>Hollandos</span> <span class='ocrx_word' id='word_1_723' title='bbox 1586 1195 1724 1227; x_wconf 72' lang='lat' dir='ltr'>consiliis</span> <span class='ocrx_word' id='word_1_724' title='bbox 1747 1193 1807 1226; x_wconf 91' lang='lat' dir='ltr'>suis</span> 
     </span>
     <span class='ocr_line' id='line_1_102' title="bbox 937 1233 1807 1269; baseline 0.002 -3"><span class='ocrx_word' id='word_1_725' title='bbox 937 1233 1081 1266; x_wconf 86' lang='lat' dir='ltr'>interesse</span> <span class='ocrx_word' id='word_1_726' title='bbox 1100 1235 1281 1267; x_wconf 84' lang='lat' dir='ltr'>voluerunt.</span> <span class='ocrx_word' id='word_1_727' title='bbox 1326 1236 1530 1269; x_wconf 86' lang='lat' dir='ltr'>Tantundem</span> <span class='ocrx_word' id='word_1_728' title='bbox 1549 1237 1622 1268; x_wconf 91' lang='lat' dir='ltr'>dico</span> <span class='ocrx_word' id='word_1_729' title='bbox 1639 1237 1678 1268; x_wconf 91' lang='lat' dir='ltr'>de</span> <span class='ocrx_word' id='word_1_730' title='bbox 1700 1235 1807 1268; x_wconf 89' lang='lat' dir='ltr'>secun-</span> 
     </span>
     <span class='ocr_line' id='line_1_103' title="bbox 936 1275 1808 1320; baseline 0.002 -13"><span class='ocrx_word' id='word_1_731' title='bbox 936 1276 978 1307; x_wconf 90' lang='lat' dir='ltr'>do</span> <span class='ocrx_word' id='word_1_732' title='bbox 997 1284 1204 1316; x_wconf 78' lang='lat' dir='ltr'>argumentO,</span> <span class='ocrx_word' id='word_1_733' title='bbox 1239 1275 1441 1311; x_wconf 81' lang='lat' dir='ltr'>Confiliarios</span> <span class='ocrx_word' id='word_1_734' title='bbox 1465 1279 1573 1320; x_wconf 87' lang='lat' dir='ltr'>utique</span> <span class='ocrx_word' id='word_1_735' title='bbox 1598 1278 1808 1310; x_wconf 85' lang='lat' dir='ltr'>adhibuerunt</span> 
     </span>
     <span class='ocr_line' id='line_1_104' title="bbox 937 1316 1806 1362; baseline 0.003 -15"><span class='ocrx_word' id='word_1_736' title='bbox 937 1316 1132 1362; x_wconf 72' lang='lat' dir='ltr'>Graviones,</span> <span class='ocrx_word' id='word_1_737' title='bbox 1157 1327 1221 1349; x_wconf 88' lang='lat' dir='ltr'>non</span> <span class='ocrx_word' id='word_1_738' title='bbox 1242 1324 1363 1350; x_wconf 86' lang='lat' dir='ltr'>tantum</span> <span class='ocrx_word' id='word_1_739' title='bbox 1380 1319 1411 1352; x_wconf 91' lang='lat' dir='ltr'>in</span> <span class='ocrx_word' id='word_1_740' title='bbox 1426 1319 1517 1351; x_wconf 87' lang='lat' dir='ltr'>rebus</span> <span class='ocrx_word' id='word_1_741' title='bbox 1536 1319 1692 1360; x_wconf 88' lang='lat' dir='ltr'>publicis,</span> <span class='ocrx_word' id='word_1_742' title='bbox 1715 1318 1806 1351; x_wconf 86' lang='lat' dir='ltr'>sed&amp;</span> 
     </span>
     <span class='ocr_line' id='line_1_105' title="bbox 938 1359 1807 1402; baseline 0.001 -12"><span class='ocrx_word' id='word_1_743' title='bbox 938 1359 1088 1399; x_wconf 83' lang='lat' dir='ltr'>privatis,</span> <span class='ocrx_word' id='word_1_744' title='bbox 1116 1368 1148 1389; x_wconf 93' lang='lat' dir='ltr'>in</span> <span class='ocrx_word' id='word_1_745' title='bbox 1170 1359 1282 1399; x_wconf 85' lang='lat' dir='ltr'>quibus</span> <span class='ocrx_word' id='word_1_746' title='bbox 1310 1361 1358 1400; x_wconf 82' lang='lat' dir='ltr'>jus</span> <span class='ocrx_word' id='word_1_747' title='bbox 1394 1360 1482 1393; x_wconf 90' lang='lat' dir='ltr'>suum</span> <span class='ocrx_word' id='word_1_748' title='bbox 1512 1361 1627 1402; x_wconf 88' lang='lat' dir='ltr'>cuique</span> <span class='ocrx_word' id='word_1_749' title='bbox 1653 1368 1719 1392; x_wconf 86' lang='lat' dir='ltr'>erat</span> <span class='ocrx_word' id='word_1_750' title='bbox 1752 1359 1807 1391; x_wconf 89' lang='lat' dir='ltr'>tri-</span> 
     </span>
     <span class='ocr_line' id='line_1_106' title="bbox 937 1399 1806 1437; baseline 0.001 -5"><span class='ocrx_word' id='word_1_751' title='bbox 937 1399 1116 1437; x_wconf 84' lang='lat' dir='ltr'>buendum,</span> <span class='ocrx_word' id='word_1_752' title='bbox 1149 1399 1180 1431; x_wconf 69' lang='grc' dir='ltr'>δε</span> <span class='ocrx_word' id='word_1_753' title='bbox 1205 1400 1413 1434; x_wconf 86' lang='lat' dir='ltr'>adhibuerunt</span> <span class='ocrx_word' id='word_1_754' title='bbox 1435 1412 1498 1434; x_wconf 92' lang='lat' dir='ltr'>non</span> <span class='ocrx_word' id='word_1_755' title='bbox 1524 1410 1646 1434; x_wconf 87' lang='lat' dir='ltr'>tantum</span> <span class='ocrx_word' id='word_1_756' title='bbox 1673 1401 1806 1434; x_wconf 90' lang='lat' dir='ltr'>Hollan-</span> 
     </span>
     <span class='ocr_line' id='line_1_107' title="bbox 935 1441 1809 1481; baseline 0 -7"><span class='ocrx_word' id='word_1_757' title='bbox 935 1442 1013 1480; x_wconf 81' lang='lat' dir='ltr'>dos,</span> <span class='ocrx_word' id='word_1_758' title='bbox 1038 1441 1089 1473; x_wconf 90' lang='lat' dir='ltr'>sed</span> <span class='ocrx_word' id='word_1_759' title='bbox 1115 1441 1145 1473; x_wconf 70' lang='grc' dir='ltr'>δι</span> <span class='ocrx_word' id='word_1_760' title='bbox 1170 1441 1269 1480; x_wconf 85' lang='lat' dir='ltr'>alios,</span> <span class='ocrx_word' id='word_1_761' title='bbox 1295 1444 1390 1475; x_wconf 86' lang='lat' dir='ltr'>etiam</span> <span class='ocrx_word' id='word_1_762' title='bbox 1414 1444 1445 1476; x_wconf 93' lang='lat' dir='ltr'>in</span> <span class='ocrx_word' id='word_1_763' title='bbox 1464 1443 1560 1476; x_wconf 79' lang='lat' dir='ltr'>caulis</span> <span class='ocrx_word' id='word_1_764' title='bbox 1584 1442 1809 1481; x_wconf 85' lang='lat' dir='ltr'>Hollandicis‚</span> 
     </span>
     <span class='ocr_line' id='line_1_108' title="bbox 937 1483 1810 1527; baseline 0.001 -13"><span class='ocrx_word' id='word_1_765' title='bbox 937 1490 971 1514; x_wconf 88' lang='lat' dir='ltr'>ut</span> <span class='ocrx_word' id='word_1_766' title='bbox 989 1490 1116 1524; x_wconf 81' lang='lat' dir='ltr'>apparet</span> <span class='ocrx_word' id='word_1_767' title='bbox 1134 1492 1175 1513; x_wconf 78' lang='lat' dir='ltr'>ex</span> <span class='ocrx_word' id='word_1_768' title='bbox 1192 1483 1316 1516; x_wconf 89' lang='lat' dir='ltr'>duobus</span> <span class='ocrx_word' id='word_1_769' title='bbox 1342 1485 1515 1527; x_wconf 88' lang='lat' dir='ltr'>exemplis,</span> <span class='ocrx_word' id='word_1_770' title='bbox 1539 1494 1607 1526; x_wconf 82' lang='lat' dir='ltr'>quae</span> <span class='ocrx_word' id='word_1_771' title='bbox 1634 1484 1754 1517; x_wconf 68' lang='lat' dir='ltr'>Auctor</span> <span class='ocrx_word' id='word_1_772' title='bbox 1778 1492 1810 1515; x_wconf 92' lang='lat' dir='ltr'>e-</span> 
     </span>
     <span class='ocr_line' id='line_1_109' title="bbox 935 1523 1805 1568; baseline 0.003 -13"><span class='ocrx_word' id='word_1_773' title='bbox 935 1525 982 1565; x_wconf 86' lang='lat' dir='ltr'>jus</span> <span class='ocrx_word' id='word_1_774' title='bbox 1011 1524 1111 1555; x_wconf 87' lang='lat' dir='ltr'>libelli</span> <span class='ocrx_word' id='word_1_775' title='bbox 1137 1523 1202 1565; x_wconf 85' lang='lat' dir='ltr'>ipse</span> <span class='ocrx_word' id='word_1_776' title='bbox 1226 1523 1365 1566; x_wconf 84' lang='lat' dir='ltr'>suggerit</span> <span class='ocrx_word' id='word_1_777' title='bbox 1397 1532 1431 1568; x_wconf 82' lang='lat' dir='ltr'>p.</span> <span class='ocrx_word' id='word_1_778' title='bbox 1456 1536 1606 1568; x_wconf 78' lang='lat'><strong>37—44.</strong></span> <span class='ocrx_word' id='word_1_779' title='bbox 1641 1525 1805 1558; x_wconf 87' lang='lat' dir='ltr'>Hannonii</span> 
     </span>
     <span class='ocr_line' id='line_1_110' title="bbox 936 1564 1808 1606; baseline 0.002 -9"><span class='ocrx_word' id='word_1_780' title='bbox 936 1575 1049 1606; x_wconf 85' lang='lat' dir='ltr'>nempe</span> <span class='ocrx_word' id='word_1_781' title='bbox 1069 1564 1246 1597; x_wconf 83' lang='lat' dir='ltr'>Confiliarii</span> <span class='ocrx_word' id='word_1_782' title='bbox 1265 1567 1360 1600; x_wconf 88' lang='lat' dir='ltr'>etiam</span> <span class='ocrx_word' id='word_1_783' title='bbox 1380 1568 1423 1600; x_wconf 89' lang='lat' dir='ltr'>ibi</span> <span class='ocrx_word' id='word_1_784' title='bbox 1444 1568 1516 1600; x_wconf 90' lang='lat' dir='ltr'>sunt</span> <span class='ocrx_word' id='word_1_785' title='bbox 1532 1567 1664 1600; x_wconf 88' lang='lat' dir='ltr'>adhibiti</span> <span class='ocrx_word' id='word_1_786' title='bbox 1683 1568 1714 1600; x_wconf 91' lang='lat' dir='ltr'>in</span> <span class='ocrx_word' id='word_1_787' title='bbox 1735 1577 1808 1599; x_wconf 88' lang='lat' dir='ltr'>cau-</span> 
     </span>
     <span class='ocr_line' id='line_1_111' title="bbox 938 1606 1811 1650; baseline 0.001 -10"><span class='ocrx_word' id='word_1_788' title='bbox 938 1608 975 1640; x_wconf 85' lang='lat' dir='ltr'>fis</span> <span class='ocrx_word' id='word_1_789' title='bbox 991 1606 1209 1646; x_wconf 86' lang='lat' dir='ltr'>Hollandicis,</span> <span class='ocrx_word' id='word_1_790' title='bbox 1224 1607 1312 1639; x_wconf 89' lang='lat' dir='ltr'>forte</span> <span class='ocrx_word' id='word_1_791' title='bbox 1331 1618 1434 1641; x_wconf 89' lang='lat' dir='ltr'>tamen</span> <span class='ocrx_word' id='word_1_792' title='bbox 1450 1611 1481 1642; x_wconf 91' lang='lat' dir='ltr'>in</span> <span class='ocrx_word' id='word_1_793' title='bbox 1501 1610 1550 1642; x_wconf 88' lang='lat' dir='ltr'>his</span> <span class='ocrx_word' id='word_1_794' title='bbox 1569 1608 1626 1641; x_wconf 87' lang='lat' dir='ltr'>soli</span> <span class='ocrx_word' id='word_1_795' title='bbox 1642 1609 1811 1650; x_wconf 89' lang='lat' dir='ltr'>aliquando</span> 
     </span>
     <span class='ocr_line' id='line_1_112' title="bbox 938 1648 1811 1693; baseline 0.001 -12"><span class='ocrx_word' id='word_1_796' title='bbox 938 1648 1089 1681; x_wconf 82' lang='lat' dir='ltr'>Hollaudi</span> <span class='ocrx_word' id='word_1_797' title='bbox 1106 1648 1240 1682; x_wconf 86' lang='lat' dir='ltr'>consulti</span> <span class='ocrx_word' id='word_1_798' title='bbox 1252 1650 1302 1688; x_wconf 72' lang='grc' dir='ltr'>,δε</span> <span class='ocrx_word' id='word_1_799' title='bbox 1321 1650 1394 1682; x_wconf 89' lang='lat' dir='ltr'>inde</span> <span class='ocrx_word' id='word_1_800' title='bbox 1409 1650 1565 1691; x_wconf 84' lang='lat' dir='ltr'>foi-mula,</span> <span class='ocrx_word' id='word_1_801' title='bbox 1590 1652 1627 1693; x_wconf 70' lang='lat' dir='ltr'>by</span> <span class='ocrx_word' id='word_1_802' title='bbox 1645 1650 1728 1693; x_wconf 70' lang='lat' dir='ltr'>onsten</span> <span class='ocrx_word' id='word_1_803' title='bbox 1745 1650 1811 1682; x_wconf 83' lang='lat' dir='ltr'>Ra-</span> 
     </span>
     <span class='ocr_line' id='line_1_113' title="bbox 939 1689 1811 1734; baseline 0.001 -12"><span class='ocrx_word' id='word_1_804' title='bbox 939 1692 972 1722; x_wconf 67' lang='grc' dir='ltr'>[λε</span> <span class='ocrx_word' id='word_1_805' title='bbox 990 1700 1052 1721; x_wconf 77' lang='lat' dir='ltr'>van</span> <span class='ocrx_word' id='word_1_806' title='bbox 1069 1689 1213 1722; x_wconf 78' lang='lat' dir='ltr'>Hollami.</span> <span class='ocrx_word' id='word_1_807' title='bbox 1257 1690 1318 1722; x_wconf 88' lang='lat' dir='ltr'>Sed</span> <span class='ocrx_word' id='word_1_808' title='bbox 1343 1693 1494 1734; x_wconf 88' lang='lat' dir='ltr'>quicquid</span> <span class='ocrx_word' id='word_1_809' title='bbox 1519 1692 1576 1731; x_wconf 88' lang='lat' dir='ltr'>fit,</span> <span class='ocrx_word' id='word_1_810' title='bbox 1599 1693 1691 1724; x_wconf 84' lang='lat' dir='ltr'>aliam</span> <span class='ocrx_word' id='word_1_811' title='bbox 1716 1691 1811 1724; x_wconf 84' lang='lat' dir='ltr'>fuiffe</span> 
     </span>
     <span class='ocr_line' id='line_1_114' title="bbox 939 1731 1811 1776; baseline 0.003 -13"><span class='ocrx_word' id='word_1_812' title='bbox 939 1731 1019 1763; x_wconf 87' lang='lat' dir='ltr'>hanc</span> <span class='ocrx_word' id='word_1_813' title='bbox 1042 1731 1169 1764; x_wconf 83' lang='lat' dir='ltr'>Curiam</span> <span class='ocrx_word' id='word_1_814' title='bbox 1183 1755 1193 1770; x_wconf 94' lang='lat'>,</span> <span class='ocrx_word' id='word_1_815' title='bbox 1229 1732 1258 1763; x_wconf 73' lang='grc' dir='ltr'>ὅ(</span> <span class='ocrx_word' id='word_1_816' title='bbox 1283 1733 1376 1764; x_wconf 85' lang='lat' dir='ltr'>aliam</span> <span class='ocrx_word' id='word_1_817' title='bbox 1397 1757 1407 1771; x_wconf 94' lang='lat'><em>‚</em></span> <span class='ocrx_word' id='word_1_818' title='bbox 1430 1744 1522 1776; x_wconf 85' lang='lat' dir='ltr'>quain</span> <span class='ocrx_word' id='word_1_819' title='bbox 1549 1734 1713 1775; x_wconf 86' lang='lat' dir='ltr'>Philippus</span> <span class='ocrx_word' id='word_1_820' title='bbox 1734 1734 1811 1766; x_wconf 87' lang='lat' dir='ltr'>Bur-</span> 
     </span>
     <span class='ocr_line' id='line_1_115' title="bbox 960 1772 1808 1817; baseline 0.004 -12"><span class='ocrx_word' id='word_1_821' title='bbox 960 1773 1058 1805; x_wconf 89' lang='lat' dir='ltr'>undus</span> <span class='ocrx_word' id='word_1_822' title='bbox 1075 1772 1210 1804; x_wconf 88' lang='lat' dir='ltr'>instituit</span> <span class='ocrx_word' id='word_1_823' title='bbox 1221 1773 1314 1812; x_wconf 89' lang='lat' dir='ltr'>,inde</span> <span class='ocrx_word' id='word_1_824' title='bbox 1333 1774 1529 1808; x_wconf 84' lang='lat' dir='ltr'>manifestum</span> <span class='ocrx_word' id='word_1_825' title='bbox 1545 1775 1607 1815; x_wconf 87' lang='lat' dir='ltr'>est,</span> <span class='ocrx_word' id='word_1_826' title='bbox 1620 1775 1705 1816; x_wconf 89' lang='lat' dir='ltr'>quod</span> <span class='ocrx_word' id='word_1_827' title='bbox 1721 1776 1808 1817; x_wconf 88' lang='lat' dir='ltr'>prior</span> 
     </span>
     <span class='ocr_line' id='line_1_116' title="bbox 956 1813 1808 1858; baseline 0.005 -13"><span class='ocrx_word' id='word_1_828' title='bbox 956 1814 1035 1846; x_wconf 70' lang='lat' dir='ltr'>*uria</span> <span class='ocrx_word' id='word_1_829' title='bbox 1058 1813 1122 1855; x_wconf 82' lang='lat' dir='ltr'>ipsa</span> <span class='ocrx_word' id='word_1_830' title='bbox 1137 1814 1200 1846; x_wconf 86' lang='lat' dir='ltr'>fine</span> <span class='ocrx_word' id='word_1_831' title='bbox 1224 1814 1376 1848; x_wconf 84' lang='lat' dir='ltr'>consensu</span> <span class='ocrx_word' id='word_1_832' title='bbox 1395 1815 1586 1856; x_wconf 89' lang='lat' dir='ltr'>Gravionis,</span> <span class='ocrx_word' id='word_1_833' title='bbox 1608 1826 1672 1848; x_wconf 87' lang='lat' dir='ltr'>non</span> <span class='ocrx_word' id='word_1_834' title='bbox 1689 1817 1808 1858; x_wconf 87' lang='lat' dir='ltr'>judica-</span> 
     </span>
     <span class='ocr_line' id='line_1_117' title="bbox 937 1854 1811 1898; baseline 0.003 -11"><span class='ocrx_word' id='word_1_835' title='bbox 937 1856 1043 1895; x_wconf 88' lang='lat' dir='ltr'>verit,</span> <span class='ocrx_word' id='word_1_836' title='bbox 1067 1856 1118 1888; x_wconf 86' lang='lat' dir='ltr'>sed</span> <span class='ocrx_word' id='word_1_837' title='bbox 1134 1854 1256 1888; x_wconf 88' lang='lat' dir='ltr'>Gravio</span> <span class='ocrx_word' id='word_1_838' title='bbox 1276 1866 1318 1890; x_wconf 86' lang='lat' dir='ltr'>ex.</span> <span class='ocrx_word' id='word_1_839' title='bbox 1332 1858 1398 1898; x_wconf 85' lang='lat' dir='ltr'>ejus</span> <span class='ocrx_word' id='word_1_840' title='bbox 1415 1858 1565 1898; x_wconf 86' lang='lat' dir='ltr'>consilio,</span> <span class='ocrx_word' id='word_1_841' title='bbox 1590 1859 1619 1890; x_wconf 89' lang='lat'>&amp;</span> <span class='ocrx_word' id='word_1_842' title='bbox 1643 1858 1684 1891; x_wconf 91' lang='lat' dir='ltr'>fic</span> <span class='ocrx_word' id='word_1_843' title='bbox 1711 1857 1756 1890; x_wconf 88' lang='lat' dir='ltr'>est</span> <span class='ocrx_word' id='word_1_844' title='bbox 1776 1858 1811 1891; x_wconf 89' lang='lat' dir='ltr'>in</span> 
     </span>
     <span class='ocr_line' id='line_1_118' title="bbox 937 1897 1812 1941; baseline 0.002 -12"><span class='ocrx_word' id='word_1_845' title='bbox 937 1897 1081 1936; x_wconf 85' lang='lat' dir='ltr'>duobus,</span> <span class='ocrx_word' id='word_1_846' title='bbox 1105 1907 1239 1940; x_wconf 90' lang='lat' dir='ltr'>quorum</span> <span class='ocrx_word' id='word_1_847' title='bbox 1260 1897 1312 1930; x_wconf 91' lang='lat' dir='ltr'>hic</span> <span class='ocrx_word' id='word_1_848' title='bbox 1332 1900 1661 1941; x_wconf 79' lang='lat' dir='ltr'>memini,exemplis,</span> <span class='ocrx_word' id='word_1_849' title='bbox 1687 1899 1812 1941; x_wconf 86' lang='lat' dir='ltr'>&amp;quod</span> 
     </span>
     <span class='ocr_line' id='line_1_119' title="bbox 938 1938 1813 1988; baseline 0.006 -19"><span class='ocrx_word' id='word_1_850' title='bbox 938 1939 1025 1981; x_wconf 87' lang='lat' dir='ltr'>prior</span> <span class='ocrx_word' id='word_1_851' title='bbox 1039 1938 1135 1970; x_wconf 90' lang='lat' dir='ltr'>Curia</span> <span class='ocrx_word' id='word_1_852' title='bbox 1153 1947 1271 1970; x_wconf 83' lang='lat' dir='ltr'>certam</span> <span class='ocrx_word' id='word_1_853' title='bbox 1297 1939 1400 1973; x_wconf 88' lang='lat' dir='ltr'>sedem</span> <span class='ocrx_word' id='word_1_854' title='bbox 1427 1951 1490 1973; x_wconf 92' lang='lat' dir='ltr'>non</span> <span class='ocrx_word' id='word_1_855' title='bbox 1514 1941 1666 1974; x_wconf 85' lang='lat' dir='ltr'>habuerit.</span> <span class='ocrx_word' id='word_1_856' title='bbox 1713 1940 1813 1988; x_wconf 86' lang='lat' dir='ltr'>Quod</span> 
     </span>
     <span class='ocr_line' id='line_1_120' title="bbox 939 1980 1810 2024; baseline 0.005 -13"><span class='ocrx_word' id='word_1_857' title='bbox 939 1988 1106 2020; x_wconf 85' lang='lat' dir='ltr'>utrumque</span> <span class='ocrx_word' id='word_1_858' title='bbox 1123 1980 1214 2012; x_wconf 87' lang='lat' dir='ltr'>aliter</span> <span class='ocrx_word' id='word_1_859' title='bbox 1231 1980 1372 2014; x_wconf 87' lang='lat' dir='ltr'>obtinuit</span> <span class='ocrx_word' id='word_1_860' title='bbox 1388 1983 1420 2015; x_wconf 91' lang='lat' dir='ltr'>in</span> <span class='ocrx_word' id='word_1_861' title='bbox 1442 1982 1538 2015; x_wconf 91' lang='lat' dir='ltr'>Curia</span> <span class='ocrx_word' id='word_1_862' title='bbox 1559 1982 1752 2024; x_wconf 89' lang='lat' dir='ltr'>posteriore,</span> <span class='ocrx_word' id='word_1_863' title='bbox 1778 1984 1810 2015; x_wconf 74' lang='grc' dir='ltr'>δε</span> 
     </span>
     <span class='ocr_line' id='line_1_121' title="bbox 939 2021 1809 2067; baseline 0.005 -15"><span class='ocrx_word' id='word_1_864' title='bbox 939 2022 1081 2065; x_wconf 85' lang='lat' dir='ltr'>quamvis</span> <span class='ocrx_word' id='word_1_865' title='bbox 1106 2022 1172 2062; x_wconf 72' lang='lat' dir='ltr'>eius</span> <span class='ocrx_word' id='word_1_866' title='bbox 1193 2021 1374 2062; x_wconf 89' lang='lat' dir='ltr'>posterioris</span> <span class='ocrx_word' id='word_1_867' title='bbox 1400 2023 1534 2056; x_wconf 87' lang='lat' dir='ltr'>instituti</span> <span class='ocrx_word' id='word_1_868' title='bbox 1561 2023 1736 2067; x_wconf 88' lang='lat' dir='ltr'>expressum</span> <span class='ocrx_word' id='word_1_869' title='bbox 1762 2024 1809 2056; x_wconf 85' lang='lat' dir='ltr'>di·</span> 
     </span>
     <span class='ocr_line' id='line_1_122' title="bbox 938 2063 1809 2107; baseline 0.005 -13"><span class='ocrx_word' id='word_1_870' title='bbox 938 2063 1043 2106; x_wconf 87' lang='lat' dir='ltr'>ploma</span> <span class='ocrx_word' id='word_1_871' title='bbox 1063 2073 1127 2095; x_wconf 90' lang='lat' dir='ltr'>non</span> <span class='ocrx_word' id='word_1_872' title='bbox 1145 2063 1266 2102; x_wconf 86' lang='lat' dir='ltr'>exstet,</span> <span class='ocrx_word' id='word_1_873' title='bbox 1292 2064 1440 2098; x_wconf 82' lang='lat' dir='ltr'>habemus</span> <span class='ocrx_word' id='word_1_874' title='bbox 1459 2074 1583 2106; x_wconf 84' lang='lat' dir='ltr'>tamen,</span> <span class='ocrx_word' id='word_1_875' title='bbox 1609 2066 1694 2107; x_wconf 92' lang='lat' dir='ltr'>quod</span> <span class='ocrx_word' id='word_1_876' title='bbox 1714 2066 1809 2107; x_wconf 87' lang='lat' dir='ltr'>aequi-</span> 
     </span>
     <span class='ocr_line' id='line_1_123' title="bbox 936 2104 1807 2148; baseline 0.005 -12"><span class='ocrx_word' id='word_1_877' title='bbox 936 2105 1058 2147; x_wconf 87' lang='lat' dir='ltr'>pollet,</span> <span class='ocrx_word' id='word_1_878' title='bbox 1080 2114 1151 2137; x_wconf 84' lang='lat' dir='ltr'>nam</span> <span class='ocrx_word' id='word_1_879' title='bbox 1175 2104 1208 2136; x_wconf 93' lang='lat' dir='ltr'>in</span> <span class='ocrx_word' id='word_1_880' title='bbox 1226 2104 1452 2141; x_wconf 86' lang='lat' dir='ltr'>Conventione</span> <span class='ocrx_word' id='word_1_881' title='bbox 1475 2107 1558 2139; x_wconf 88' lang='lat' dir='ltr'>inter</span> <span class='ocrx_word' id='word_1_882' title='bbox 1578 2107 1726 2148; x_wconf 89' lang='lat' dir='ltr'>Jacobam</span> <span class='ocrx_word' id='word_1_883' title='bbox 1749 2108 1807 2140; x_wconf 86' lang='lat' dir='ltr'>Ba-</span> 
     </span>
     <span class='ocr_line' id='line_1_124' title="bbox 937 2145 1809 2191; baseline 0.003 -14"><span class='ocrx_word' id='word_1_884' title='bbox 937 2156 1043 2178; x_wconf 81' lang='lat' dir='ltr'>varam</span> <span class='ocrx_word' id='word_1_885' title='bbox 1060 2146 1090 2178; x_wconf 88' lang='lat'>&amp;</span> <span class='ocrx_word' id='word_1_886' title='bbox 1105 2145 1283 2187; x_wconf 87' lang='lat' dir='ltr'>Philippum</span> <span class='ocrx_word' id='word_1_887' title='bbox 1295 2147 1496 2189; x_wconf 83' lang='lat' dir='ltr'>Burgundum</span> <span class='ocrx_word' id='word_1_888' title='bbox 1509 2159 1540 2191; x_wconf 81' lang='lat'>3.</span> <span class='ocrx_word' id='word_1_889' title='bbox 1551 2148 1611 2189; x_wconf 91' lang='lat' dir='ltr'>Jul.</span> <span class='ocrx_word' id='word_1_890' title='bbox 1624 2154 1716 2189; x_wconf 81' lang='lat'>1428.</span> <span class='ocrx_word' id='word_1_891' title='bbox 1727 2148 1809 2191; x_wconf 80' lang='lat'>(23)</span> 
     </span>
     <span class='ocr_line' id='line_1_125' title="bbox 936 2187 1811 2232; baseline 0.005 -14"><span class='ocrx_word' id='word_1_892' title='bbox 936 2187 1051 2229; x_wconf 82' lang='lat' dir='ltr'>Jacoba</span> <span class='ocrx_word' id='word_1_893' title='bbox 1069 2187 1250 2229; x_wconf 88' lang='lat' dir='ltr'>Philippum</span> <span class='ocrx_word' id='word_1_894' title='bbox 1264 2210 1275 2227; x_wconf 93' lang='lat'>,</span> <span class='ocrx_word' id='word_1_895' title='bbox 1297 2197 1356 2228; x_wconf 87' lang='lat' dir='ltr'>qua</span> <span class='ocrx_word' id='word_1_896' title='bbox 1376 2189 1536 2221; x_wconf 86' lang='lat' dir='ltr'>Ruardum</span> <span class='ocrx_word' id='word_1_897' title='bbox 1546 2212 1558 2229; x_wconf 90' lang='lat'>,</span> <span class='ocrx_word' id='word_1_898' title='bbox 1580 2190 1713 2232; x_wconf 84' lang='lat' dir='ltr'>praeficit</span> <span class='ocrx_word' id='word_1_899' title='bbox 1729 2189 1811 2222; x_wconf 86' lang='lat' dir='ltr'>Hol-</span> 
     </span>
     <span class='ocr_line' id='line_1_126' title="bbox 937 2228 1812 2272; baseline 0.001 -11"><span class='ocrx_word' id='word_1_900' title='bbox 937 2229 1050 2262; x_wconf 79' lang='lat' dir='ltr'>landiae</span> <span class='ocrx_word' id='word_1_901' title='bbox 1069 2229 1098 2260; x_wconf 65' lang='grc' dir='ltr'>ὃς</span> <span class='ocrx_word' id='word_1_902' title='bbox 1114 2228 1275 2261; x_wconf 84' lang='lat' dir='ltr'>Zelandiae</span> <span class='ocrx_word' id='word_1_903' title='bbox 1302 2229 1329 2271; x_wconf 83' lang='lat'>§.</span> <span class='ocrx_word' id='word_1_904' title='bbox 1349 2241 1379 2272; x_wconf 82' lang='lat'>3.</span> <span class='ocrx_word' id='word_1_905' title='bbox 1404 2231 1434 2263; x_wconf 69' lang='grc' dir='ltr'><strong>ἃ</strong></span> <span class='ocrx_word' id='word_1_906' title='bbox 1451 2230 1616 2272; x_wconf 88' lang='lat' dir='ltr'>Philippus</span> <span class='ocrx_word' id='word_1_907' title='bbox 1636 2230 1662 2272; x_wconf 84' lang='lat'>§.</span> <span class='ocrx_word' id='word_1_908' title='bbox 1683 2234 1713 2262; x_wconf 90' lang='lat'>6.</span> <span class='ocrx_word' id='word_1_909' title='bbox 1739 2240 1812 2272; x_wconf 91' lang='lat' dir='ltr'>pro-</span> 
     </span>
     <span class='ocr_line' id='line_1_127' title="bbox 938 2270 1809 2314; baseline 0.002 -12"><span class='ocrx_word' id='word_1_910' title='bbox 938 2271 1059 2309; x_wconf 86' lang='lat' dir='ltr'>mittit,</span> <span class='ocrx_word' id='word_1_911' title='bbox 1082 2270 1134 2301; x_wconf 75' lang='lat' dir='ltr'>dat</span> <span class='ocrx_word' id='word_1_912' title='bbox 1151 2270 1247 2311; x_wconf 76' lang='lat' dir='ltr'>hysal</span> <span class='ocrx_word' id='word_1_913' title='bbox 1267 2274 1443 2304; x_wconf 69' lang='lat' dir='ltr'>ortloizneren</span> <span class='ocrx_word' id='word_1_914' title='bbox 1459 2282 1496 2303; x_wconf 79' lang='lat' dir='ltr'>en</span> <span class='ocrx_word' id='word_1_915' title='bbox 1505 2270 1613 2313; x_wconf 78' lang='lat' dir='ltr'>flellen</span> <span class='ocrx_word' id='word_1_916' title='bbox 1629 2282 1724 2314; x_wconf 82' lang='lat' dir='ltr'>negen</span> <span class='ocrx_word' id='word_1_917' title='bbox 1741 2278 1809 2313; x_wconf 86' lang='lat' dir='ltr'>per-</span> 
     </span>
    </p>
   </div>
   <div class='ocr_carea' id='block_1_10' title="bbox 928 2310 1810 2354">
    <p class='ocr_par' dir='ltr' id='par_1_14' title="bbox 928 2310 1810 2354">
     <span class='ocr_line' id='line_1_128' title="bbox 928 2310 1810 2354; baseline 0.002 -12"><span class='ocrx_word' id='word_1_918' title='bbox 928 2312 1042 2354; x_wconf 78' lang='lat' dir='ltr'>sonen,</span> <span class='ocrx_word' id='word_1_919' title='bbox 1066 2321 1153 2342; x_wconf 82' lang='lat' dir='ltr'>omme</span> <span class='ocrx_word' id='word_1_920' title='bbox 1181 2317 1207 2342; x_wconf 82' lang='lat' dir='ltr'>te</span> <span class='ocrx_word' id='word_1_921' title='bbox 1231 2310 1368 2353; x_wconf 66' lang='lat' dir='ltr'>versiam</span> <span class='ocrx_word' id='word_1_922' title='bbox 1397 2315 1430 2345; x_wconf 84' lang='lat' dir='ltr'>de</span> <span class='ocrx_word' id='word_1_923' title='bbox 1449 2311 1565 2354; x_wconf 73' lang='lat' dir='ltr'>sakan,</span> <span class='ocrx_word' id='word_1_924' title='bbox 1595 2315 1731 2346; x_wconf 77' lang='lat' dir='ltr'>roermcle</span> <span class='ocrx_word' id='word_1_925' title='bbox 1752 2315 1810 2345; x_wconf 76' lang='lat' dir='ltr'>den</span> 
     </span>
    </p>
   </div>
   <div class='ocr_carea' id='block_1_11' title="bbox 937 2352 1810 2920">
    <p class='ocr_par' dir='ltr' id='par_1_15' title="bbox 937 2352 1810 2920">
     <span class='ocr_line' id='line_1_129' title="bbox 939 2352 1806 2392; baseline 0.001 -7"><span class='ocrx_word' id='word_1_926' title='bbox 939 2354 1045 2385; x_wconf 80' lang='lat' dir='ltr'>Lcmcle</span> <span class='ocrx_word' id='word_1_927' title='bbox 1068 2363 1129 2384; x_wconf 76' lang='lat' dir='ltr'>van</span> <span class='ocrx_word' id='word_1_928' title='bbox 1152 2352 1305 2392; x_wconf 76' lang='lat' dir='ltr'>Hollcmd,</span> <span class='ocrx_word' id='word_1_929' title='bbox 1330 2365 1391 2386; x_wconf 80' lang='lat' dir='ltr'>van</span> <span class='ocrx_word' id='word_1_930' title='bbox 1415 2354 1547 2386; x_wconf 76' lang='lat' dir='ltr'>Zeeland</span> <span class='ocrx_word' id='word_1_931' title='bbox 1571 2365 1607 2386; x_wconf 80' lang='lat' dir='ltr'>en</span> <span class='ocrx_word' id='word_1_932' title='bbox 1634 2355 1806 2386; x_wconf 77' lang='lat' dir='ltr'>Vriesland.</span> 
     </span>
     <span class='ocr_line' id='line_1_130' title="bbox 938 2394 1809 2442; baseline 0.001 -16"><span class='ocrx_word' id='word_1_933' title='bbox 938 2395 1036 2442; x_wconf 84' lang='lat' dir='ltr'>Quod</span> <span class='ocrx_word' id='word_1_934' title='bbox 1053 2395 1165 2436; x_wconf 87' lang='lat' dir='ltr'>procul</span> <span class='ocrx_word' id='word_1_935' title='bbox 1187 2395 1284 2426; x_wconf 88' lang='lat' dir='ltr'>dubio</span> <span class='ocrx_word' id='word_1_936' title='bbox 1307 2394 1406 2434; x_wconf 89' lang='lat' dir='ltr'>fecit,</span> <span class='ocrx_word' id='word_1_937' title='bbox 1441 2397 1471 2428; x_wconf 69' lang='grc' dir='ltr'>ὃς</span> <span class='ocrx_word' id='word_1_938' title='bbox 1495 2396 1568 2427; x_wconf 90' lang='lat' dir='ltr'>inde</span> <span class='ocrx_word' id='word_1_939' title='bbox 1589 2396 1679 2437; x_wconf 86' lang='lat' dir='ltr'>origo</span> <span class='ocrx_word' id='word_1_940' title='bbox 1702 2395 1809 2428; x_wconf 81' lang='lat' dir='ltr'>Curiae</span> 
     </span>
     <span class='ocr_line' id='line_1_131' title="bbox 937 2435 1806 2477; baseline 0.001 -9"><span class='ocrx_word' id='word_1_941' title='bbox 937 2435 1118 2477; x_wconf 81' lang='lat' dir='ltr'>posterioris</span> <span class='ocrx_word' id='word_1_942' title='bbox 1129 2457 1140 2473; x_wconf 93' lang='lat'>,</span> <span class='ocrx_word' id='word_1_943' title='bbox 1163 2445 1232 2476; x_wconf 82' lang='lat' dir='ltr'>quae</span> <span class='ocrx_word' id='word_1_944' title='bbox 1248 2446 1331 2467; x_wconf 90' lang='lat' dir='ltr'>nunc</span> <span class='ocrx_word' id='word_1_945' title='bbox 1345 2436 1457 2469; x_wconf 82' lang='lat' dir='ltr'>exstat.</span> <span class='ocrx_word' id='word_1_946' title='bbox 1502 2436 1666 2468; x_wconf 87' lang='lat' dir='ltr'>Promittit</span> <span class='ocrx_word' id='word_1_947' title='bbox 1689 2437 1806 2477; x_wconf 86' lang='lat' dir='ltr'>igitur,</span> 
     </span>
     <span class='ocr_line' id='line_1_132' title="bbox 938 2476 1807 2518; baseline 0.001 -9"><span class='ocrx_word' id='word_1_948' title='bbox 938 2477 969 2510; x_wconf 84' lang='lat' dir='ltr'>se</span> <span class='ocrx_word' id='word_1_949' title='bbox 986 2476 1203 2508; x_wconf 87' lang='lat' dir='ltr'>instituturum</span> <span class='ocrx_word' id='word_1_950' title='bbox 1220 2476 1370 2516; x_wconf 88' lang='lat' dir='ltr'>Curiam,</span> <span class='ocrx_word' id='word_1_951' title='bbox 1393 2487 1461 2518; x_wconf 82' lang='lat' dir='ltr'>quae</span> <span class='ocrx_word' id='word_1_952' title='bbox 1473 2486 1564 2510; x_wconf 86' lang='lat' dir='ltr'>antea</span> <span class='ocrx_word' id='word_1_953' title='bbox 1582 2487 1645 2509; x_wconf 87' lang='lat' dir='ltr'>non</span> <span class='ocrx_word' id='word_1_954' title='bbox 1663 2486 1730 2509; x_wconf 86' lang='lat' dir='ltr'>erat</span> <span class='ocrx_word' id='word_1_955' title='bbox 1742 2502 1752 2517; x_wconf 95' lang='lat'>,</span> <span class='ocrx_word' id='word_1_956' title='bbox 1776 2479 1807 2510; x_wconf 75' lang='lat'>&amp;2</span> 
     </span>
     <span class='ocr_line' id='line_1_133' title="bbox 937 2517 1808 2560; baseline 0.001 -11"><span class='ocrx_word' id='word_1_957' title='bbox 937 2519 1038 2550; x_wconf 89' lang='lat' dir='ltr'>utitur</span> <span class='ocrx_word' id='word_1_958' title='bbox 1062 2517 1164 2550; x_wconf 88' lang='lat' dir='ltr'>verbis</span> <span class='ocrx_word' id='word_1_959' title='bbox 1178 2518 1352 2549; x_wconf 77' lang='lat' dir='ltr'>orclonneren</span> <span class='ocrx_word' id='word_1_960' title='bbox 1367 2529 1403 2550; x_wconf 83' lang='lat' dir='ltr'>en</span> <span class='ocrx_word' id='word_1_961' title='bbox 1415 2518 1543 2560; x_wconf 72' lang='lat' dir='ltr'>Jlelien,</span> <span class='ocrx_word' id='word_1_962' title='bbox 1566 2518 1679 2560; x_wconf 89' lang='lat' dir='ltr'>quibus</span> <span class='ocrx_word' id='word_1_963' title='bbox 1711 2520 1808 2551; x_wconf 82' lang='lat' dir='ltr'>etiam</span> 
     </span>
     <span class='ocr_line' id='line_1_134' title="bbox 938 2558 1810 2601; baseline 0.001 -10"><span class='ocrx_word' id='word_1_964' title='bbox 938 2559 982 2591; x_wconf 87' lang='lat' dir='ltr'>ufi</span> <span class='ocrx_word' id='word_1_965' title='bbox 998 2558 1070 2590; x_wconf 88' lang='lat' dir='ltr'>sunt</span> <span class='ocrx_word' id='word_1_966' title='bbox 1090 2558 1253 2600; x_wconf 87' lang='lat' dir='ltr'>Philippus</span> <span class='ocrx_word' id='word_1_967' title='bbox 1269 2560 1299 2591; x_wconf 69' lang='grc' dir='ltr'>ὅ(</span> <span class='ocrx_word' id='word_1_968' title='bbox 1314 2559 1446 2593; x_wconf 85' lang='lat' dir='ltr'>Carolus</span> <span class='ocrx_word' id='word_1_969' title='bbox 1463 2560 1620 2601; x_wconf 82' lang='lat' dir='ltr'>Burgundi</span> <span class='ocrx_word' id='word_1_970' title='bbox 1631 2584 1640 2599; x_wconf 92' lang='lat'>,</span> <span class='ocrx_word' id='word_1_971' title='bbox 1665 2569 1736 2592; x_wconf 89' lang='lat' dir='ltr'>cum</span> <span class='ocrx_word' id='word_1_972' title='bbox 1754 2561 1810 2592; x_wconf 89' lang='lat' dir='ltr'>ille</span> 
     </span>
     <span class='ocr_line' id='line_1_135' title="bbox 937 2600 1804 2642; baseline 0 -10"><span class='ocrx_word' id='word_1_973' title='bbox 937 2601 1002 2638; x_wconf 86' lang='lat' dir='ltr'>ait,</span> <span class='ocrx_word' id='word_1_974' title='bbox 1025 2602 1061 2641; x_wconf 73' lang='lat' dir='ltr'>hy</span> <span class='ocrx_word' id='word_1_975' title='bbox 1076 2609 1126 2630; x_wconf 85' lang='lat' dir='ltr'>ons</span> <span class='ocrx_word' id='word_1_976' title='bbox 1139 2600 1271 2642; x_wconf 69' lang='lat' dir='ltr'>gestem,</span> <span class='ocrx_word' id='word_1_977' title='bbox 1297 2602 1327 2633; x_wconf 88' lang='lat'>&amp;</span> <span class='ocrx_word' id='word_1_978' title='bbox 1343 2601 1418 2641; x_wconf 85' lang='lat' dir='ltr'>hic,</span> <span class='ocrx_word' id='word_1_979' title='bbox 1441 2601 1569 2634; x_wconf 85' lang='lat' dir='ltr'>Curiam</span> <span class='ocrx_word' id='word_1_980' title='bbox 1589 2611 1606 2633; x_wconf 91' lang='lat' dir='ltr'>a</span> <span class='ocrx_word' id='word_1_981' title='bbox 1629 2601 1722 2633; x_wconf 88' lang='lat' dir='ltr'>Patre</span> <span class='ocrx_word' id='word_1_982' title='bbox 1747 2600 1804 2633; x_wconf 88' lang='lat' dir='ltr'>suo</span> 
     </span>
     <span class='ocr_line' id='line_1_136' title="bbox 938 2641 1807 2684; baseline 0 -10"><span class='ocrx_word' id='word_1_983' title='bbox 938 2641 1111 2674; x_wconf 84' lang='lat' dir='ltr'>institutam</span> <span class='ocrx_word' id='word_1_984' title='bbox 1126 2641 1208 2681; x_wconf 83' lang='lat' dir='ltr'>effe,</span> <span class='ocrx_word' id='word_1_985' title='bbox 1229 2643 1424 2684; x_wconf 79' lang='lat' dir='ltr'>geordineert.</span> <span class='ocrx_word' id='word_1_986' title='bbox 1449 2642 1521 2675; x_wconf 90' lang='lat' dir='ltr'>Nec</span> <span class='ocrx_word' id='word_1_987' title='bbox 1539 2643 1637 2674; x_wconf 88' lang='lat' dir='ltr'>ullum</span> <span class='ocrx_word' id='word_1_988' title='bbox 1655 2641 1700 2674; x_wconf 89' lang='lat' dir='ltr'>est</span> <span class='ocrx_word' id='word_1_989' title='bbox 1720 2642 1807 2674; x_wconf 92' lang='lat' dir='ltr'>Con-</span> 
     </span>
     <span class='ocr_line' id='line_1_137' title="bbox 937 2683 1804 2726; baseline 0.002 -12"><span class='ocrx_word' id='word_1_990' title='bbox 937 2684 1069 2720; x_wconf 86' lang='lat' dir='ltr'>cilium,</span> <span class='ocrx_word' id='word_1_991' title='bbox 1093 2683 1130 2714; x_wconf 87' lang='lat' dir='ltr'>ad</span> <span class='ocrx_word' id='word_1_992' title='bbox 1151 2684 1235 2724; x_wconf 89' lang='lat' dir='ltr'>quod</span> <span class='ocrx_word' id='word_1_993' title='bbox 1252 2693 1287 2715; x_wconf 90' lang='lat' dir='ltr'>ea</span> <span class='ocrx_word' id='word_1_994' title='bbox 1304 2685 1399 2716; x_wconf 85' lang='lat' dir='ltr'>verba</span> <span class='ocrx_word' id='word_1_995' title='bbox 1421 2684 1532 2716; x_wconf 87' lang='lat' dir='ltr'>referri</span> <span class='ocrx_word' id='word_1_996' title='bbox 1550 2683 1686 2726; x_wconf 88' lang='lat' dir='ltr'>possint,</span> <span class='ocrx_word' id='word_1_997' title='bbox 1712 2693 1804 2724; x_wconf 86' lang='lat' dir='ltr'>quam</span> 
     </span>
     <span class='ocr_line' id='line_1_138' title="bbox 938 2724 1804 2764; baseline 0 -8"><span class='ocrx_word' id='word_1_998' title='bbox 938 2725 977 2756; x_wconf 81' lang='lat' dir='ltr'>ad</span> <span class='ocrx_word' id='word_1_999' title='bbox 992 2724 1120 2757; x_wconf 79' lang='lat' dir='ltr'>Curiam</span> <span class='ocrx_word' id='word_1_1000' title='bbox 1145 2724 1346 2764; x_wconf 82' lang='lat' dir='ltr'>Hollandiae,</span> <span class='ocrx_word' id='word_1_1001' title='bbox 1371 2727 1402 2759; x_wconf 74' lang='grc' dir='ltr'>δι</span> <span class='ocrx_word' id='word_1_1002' title='bbox 1422 2735 1461 2757; x_wconf 87' lang='lat' dir='ltr'>eo</span> <span class='ocrx_word' id='word_1_1003' title='bbox 1485 2726 1581 2757; x_wconf 85' lang='lat' dir='ltr'>etiam</span> <span class='ocrx_word' id='word_1_1004' title='bbox 1604 2725 1714 2755; x_wconf 88' lang='lat' dir='ltr'>retulit</span> <span class='ocrx_word' id='word_1_1005' title='bbox 1739 2724 1804 2756; x_wconf 87' lang='lat' dir='ltr'>Au-</span> 
     </span>
     <span class='ocr_line' id='line_1_139' title="bbox 937 2764 1807 2808; baseline 0 -10"><span class='ocrx_word' id='word_1_1006' title='bbox 937 2766 1006 2798; x_wconf 66' lang='lat' dir='ltr'>tior</span> <span class='ocrx_word' id='word_1_1007' title='bbox 1024 2765 1146 2804; x_wconf 84' lang='lat' dir='ltr'>libelli,</span> <span class='ocrx_word' id='word_1_1008' title='bbox 1170 2767 1242 2807; x_wconf 91' lang='lat' dir='ltr'>qui,</span> <span class='ocrx_word' id='word_1_1009' title='bbox 1263 2776 1300 2798; x_wconf 88' lang='lat' dir='ltr'>ut</span> <span class='ocrx_word' id='word_1_1010' title='bbox 1326 2766 1416 2808; x_wconf 91' lang='lat' dir='ltr'>supra</span> <span class='ocrx_word' id='word_1_1011' title='bbox 1437 2767 1578 2798; x_wconf 81' lang='lat' dir='ltr'>dicebam</span> <span class='ocrx_word' id='word_1_1012' title='bbox 1591 2788 1600 2804; x_wconf 87' lang='lat'>‚</span> <span class='ocrx_word' id='word_1_1013' title='bbox 1636 2764 1738 2796; x_wconf 85' lang='lat' dir='ltr'>editus</span> <span class='ocrx_word' id='word_1_1014' title='bbox 1761 2764 1807 2798; x_wconf 88' lang='lat' dir='ltr'>est</span> 
     </span>
     <span class='ocr_line' id='line_1_140' title="bbox 937 2805 1806 2850; baseline -0.001 -11"><span class='ocrx_word' id='word_1_1015' title='bbox 937 2817 1020 2839; x_wconf 91' lang='lat' dir='ltr'>anno</span> <span class='ocrx_word' id='word_1_1016' title='bbox 1040 2816 1130 2848; x_wconf 78' lang='lat'>1711.</span> <span class='ocrx_word' id='word_1_1017' title='bbox 1155 2813 1224 2849; x_wconf 80' lang='lat' dir='ltr'>pag.</span> <span class='ocrx_word' id='word_1_1018' title='bbox 1248 2818 1287 2840; x_wconf 81' lang='lat' dir='ltr'>m.</span> <span class='ocrx_word' id='word_1_1019' title='bbox 1309 2818 1362 2850; x_wconf 79' lang='lat'>33.</span> <span class='ocrx_word' id='word_1_1020' title='bbox 1387 2807 1424 2843; x_wconf 60' lang='grc' dir='ltr'>ἐξ)</span> <span class='ocrx_word' id='word_1_1021' title='bbox 1445 2818 1496 2850; x_wconf 75' lang='lat'>34.</span> <span class='ocrx_word' id='word_1_1022' title='bbox 1523 2806 1603 2838; x_wconf 85' lang='lat' dir='ltr'>Haec</span> <span class='ocrx_word' id='word_1_1023' title='bbox 1620 2805 1716 2836; x_wconf 84' lang='lat' dir='ltr'>Cui-ia</span> <span class='ocrx_word' id='word_1_1024' title='bbox 1733 2815 1806 2846; x_wconf 83' lang='lat' dir='ltr'>pro·</span> 
     </span>
     <span class='ocr_line' id='line_1_141' title="bbox 937 2847 1806 2920; baseline -0.002 -39"><span class='ocrx_word' id='word_1_1025' title='bbox 937 2849 990 2881; x_wconf 88' lang='lat' dir='ltr'>cul</span> <span class='ocrx_word' id='word_1_1026' title='bbox 1009 2848 1104 2881; x_wconf 89' lang='lat' dir='ltr'>dubio</span> <span class='ocrx_word' id='word_1_1027' title='bbox 1120 2858 1205 2880; x_wconf 81' lang='lat' dir='ltr'>nova</span> <span class='ocrx_word' id='word_1_1028' title='bbox 1220 2848 1285 2881; x_wconf 88' lang='lat' dir='ltr'>fuit</span> <span class='ocrx_word' id='word_1_1029' title='bbox 1296 2871 1308 2888; x_wconf 86' lang='lat'>‚</span> <span class='ocrx_word' id='word_1_1030' title='bbox 1334 2852 1363 2882; x_wconf 69' lang='grc' dir='ltr'>ό(</span> <span class='ocrx_word' id='word_1_1031' title='bbox 1380 2850 1475 2891; x_wconf 85' lang='lat' dir='ltr'>longe</span> <span class='ocrx_word' id='word_1_1032' title='bbox 1489 2847 1647 2880; x_wconf 90' lang='lat' dir='ltr'>recentior</span> <span class='ocrx_word' id='word_1_1033' title='bbox 1663 2847 1806 2920; x_wconf 55' lang='lat' dir='ltr'>scabffis</span> 
     </span>
    </p>

    <p class='ocr_par' dir='ltr' id='par_1_16' title="bbox 1773 2898 1804 2920">
     <span class='ocr_line' id='line_1_142' title="bbox 1773 2898 1804 2920; baseline 0 -8"><span class='ocrx_word' id='word_1_1034' title='bbox 1773 2898 1804 2920; x_wconf 79' lang='lat' dir='ltr'>a-</span> 
     </span>
    </p>
   </div>
   <div class='ocr_carea' id='block_1_12' title="bbox 977 2988 1810 3032">
    <p class='ocr_par' dir='ltr' id='par_1_17' title="bbox 977 2988 1810 3032">
     <span class='ocr_line' id='line_1_143' title="bbox 977 2988 1810 3032; baseline -0.002 -9"><span class='ocrx_word' id='word_1_1035' title='bbox 977 2994 1058 3032; x_wconf 83' lang='lat'><em>(21)</em></span> <span class='ocrx_word' id='word_1_1036' title='bbox 1079 2995 1137 3023; x_wconf 89' lang='lat' dir='ltr'>Bor</span> <span class='ocrx_word' id='word_1_1037' title='bbox 1165 2992 1270 3031; x_wconf 86' lang='lat' dir='ltr'>Oorspr.</span> <span class='ocrx_word' id='word_1_1038' title='bbox 1298 2992 1344 3021; x_wconf 85' lang='lat' dir='ltr'>der</span> <span class='ocrx_word' id='word_1_1039' title='bbox 1363 2992 1473 3021; x_wconf 81' lang='lat' dir='ltr'>Nederl.</span> <span class='ocrx_word' id='word_1_1040' title='bbox 1503 2991 1648 3020; x_wconf 79' lang='lat' dir='ltr'>Beroemn</span> <span class='ocrx_word' id='word_1_1041' title='bbox 1682 2990 1718 3019; x_wconf 92' lang='lat' dir='ltr'>L.</span> <span class='ocrx_word' id='word_1_1042' title='bbox 1752 2988 1810 3021; x_wconf 45' lang='lat' dir='ltr'>IX(</span> 
     </span>
    </p>
   </div>
   <div class='ocr_carea' id='block_1_13' title="bbox 932 3031 1808 3108">
    <p class='ocr_par' dir='ltr' id='par_1_18' title="bbox 932 3031 1808 3108">
     <span class='ocr_line' id='line_1_144' title="bbox 932 3031 1289 3071; baseline -0.008 -10"><span class='ocrx_word' id='word_1_1043' title='bbox 932 3032 985 3071; x_wconf 85' lang='lat' dir='ltr'>fol.</span> <span class='ocrx_word' id='word_1_1044' title='bbox 1010 3041 1072 3069; x_wconf 90' lang='lat'>141.</span> <span class='ocrx_word' id='word_1_1045' title='bbox 1093 3031 1160 3070; x_wconf 78' lang='lat' dir='ltr'>vers.</span> <span class='ocrx_word' id='word_1_1046' title='bbox 1181 3031 1236 3059; x_wconf 76' lang='lat' dir='ltr'><em>Cot.</em></span> <span class='ocrx_word' id='word_1_1047' title='bbox 1264 3039 1289 3058; x_wconf 88' lang='lat'>2.</span> 
     </span>
     <span class='ocr_line' id='line_1_145' title="bbox 977 3064 1808 3108; baseline -0.002 -10"><span class='ocrx_word' id='word_1_1048' title='bbox 977 3070 1064 3108; x_wconf 89' lang='grc'>(22)</span> <span class='ocrx_word' id='word_1_1049' title='bbox 1083 3070 1230 3106; x_wconf 85' lang='lat' dir='ltr'>Inscriptio</span> <span class='ocrx_word' id='word_1_1050' title='bbox 1254 3068 1341 3097; x_wconf 87' lang='lat' dir='ltr'>libelli</span> <span class='ocrx_word' id='word_1_1051' title='bbox 1365 3067 1404 3096; x_wconf 90' lang='lat' dir='ltr'>est</span> <span class='ocrx_word' id='word_1_1052' title='bbox 1419 3090 1427 3102; x_wconf 84' lang='lat'>,</span> <span class='ocrx_word' id='word_1_1053' title='bbox 1456 3066 1551 3106; x_wconf 81' lang='lat' dir='ltr'>Brief,</span> <span class='ocrx_word' id='word_1_1054' title='bbox 1574 3064 1718 3103; x_wconf 62' lang='lat' dir='ltr'>bebell&#39;ende</span> <span class='ocrx_word' id='word_1_1055' title='bbox 1739 3073 1808 3096; x_wconf 75' lang='lat' dir='ltr'>twee</span> 
     </span>
    </p>
   </div>
   <div class='ocr_carea' id='block_1_14' title="bbox 940 3104 1807 3221">
    <p class='ocr_par' dir='ltr' id='par_1_19' title="bbox 940 3104 1807 3221">
     <span class='ocr_line' id='line_1_146' title="bbox 940 3104 1807 3153; baseline 0.001 -18"><span class='ocrx_word' id='word_1_1056' title='bbox 940 3115 1072 3153; x_wconf 61' lang='lat' dir='ltr'>premam,</span> <span class='ocrx_word' id='word_1_1057' title='bbox 1095 3107 1139 3135; x_wconf 75' lang='lat' dir='ltr'>dat</span> <span class='ocrx_word' id='word_1_1058' title='bbox 1155 3107 1196 3136; x_wconf 71' lang='lat' dir='ltr'>hec</span> <span class='ocrx_word' id='word_1_1059' title='bbox 1210 3106 1274 3144; x_wconf 83' lang='lat' dir='ltr'>Hos</span> <span class='ocrx_word' id='word_1_1060' title='bbox 1284 3116 1337 3135; x_wconf 86' lang='lat' dir='ltr'>van</span> <span class='ocrx_word' id='word_1_1061' title='bbox 1361 3107 1480 3138; x_wconf 71' lang='lat' dir='ltr'>Hellana</span> <span class='ocrx_word' id='word_1_1062' title='bbox 1497 3115 1558 3137; x_wconf 85' lang='lat' dir='ltr'>voor</span> <span class='ocrx_word' id='word_1_1063' title='bbox 1572 3107 1620 3137; x_wconf 81' lang='lat' dir='ltr'>den</span> <span class='ocrx_word' id='word_1_1064' title='bbox 1634 3104 1706 3146; x_wconf 82' lang='lat' dir='ltr'>Jare</span> <span class='ocrx_word' id='word_1_1065' title='bbox 1723 3114 1807 3143; x_wconf 65' lang='lat'>1429,</span> 
     </span>
     <span class='ocr_line' id='line_1_147' title="bbox 944 3152 1404 3221; baseline 0 -9"><span class='ocrx_word' id='word_1_1066' title='bbox 944 3156 968 3175; x_wconf 74' lang='lat' dir='ltr'>zs</span> <span class='ocrx_word' id='word_1_1067' title='bbox 983 3152 1167 3221; x_wconf 39' lang='grc' dir='ltr'>(ξτες-ἰωῇ</span> <span class='ocrx_word' id='word_1_1068' title='bbox 1188 3184 1239 3214; x_wconf 88' lang='lat'>111.</span> <span class='ocrx_word' id='word_1_1069' title='bbox 1261 3190 1289 3212; x_wconf 92' lang='lat'>1.</span> <span class='ocrx_word' id='word_1_1070' title='bbox 1311 3191 1336 3212; x_wconf 90' lang='lat'>1.</span> <span class='ocrx_word' id='word_1_1071' title='bbox 1360 3190 1404 3213; x_wconf 84' lang='lat' dir='ltr'>n.</span> 
     </span>
    </p>
   </div>
  </div>
 </body>
</html>
