2008 3436
179 109 250 152 176
412 110 441 145 C
466 110 499 146 O
524 110 558 146 R
584 111 624 147 N
648 112 677 148 E
701 114 731 148 L
754 113 771 148 1
795 113 811 148 1

179 186 228 217 vis
247 186 277 218 ἅ
300 187 330 233 id
356 187 456 229 ipsum
482 192 641 223 memoria:
658 193 833 232 prodiderit
854 191 1039 225 Fredei-icus

180 226 219 258 de
236 228 408 260 Mai-selaer
423 230 455 262 in
475 232 590 275 Legato
610 233 727 265 Lz'h.ll.
750 233 869 275 Diffirc.
887 245 932 276 13.
979 235 1038 267 Sed

179 277 241 300 una
257 270 355 314 *unius
377 271 471 312 Regis
497 274 668 312 sententia,
693 274 785 306 semel
810 276 950 316 prolata,
974 286 1038 308 non

181 310 280 341 efficit
306 311 359 351 Jus
384 310 547 347 Gentium.
594 315 680 358 Quin
704 316 779 347 alias
807 315 861 356 ipsi
886 317 1038 358 Hispani,

179 357 253 396 cum
278 352 385 385 durius
406 355 536 396 egissent
561 356 707 387 adversus
724 357 861 398 legatum
880 358 1017 390 Franciae
1030 380 1040 396 ,

179 400 288 431 ejusve
316 396 450 427 comites
466 420 475 435 ‚
506 407 585 437 quos
607 399 751 438 captivos
778 399 956 438 habebant,
981 409 1042 440 ope

180 434 314 479 consilio
336 436 499 469 Pontificis
516 439 651 470 Maximi
669 439 724 469 vix
749 449 764 470 a
788 440 873 471 bello
899 441 1042 478 liberati,

180 484 248 513 iure
271 477 408 509 dicundo
437 486 537 510 tamen
568 479 822 519 supersederunt,
846 480 1042 513 dimiserunt-

183 526 244 556 que
262 519 425 559 captivos,
445 527 478 550 ut
494 520 586 551 habet
602 520 814 561 Wicquefort
830 522 900 553 Lib.
921 522 944 554 Ι.
965 522 1040 554 Seft.

183 563 233 592 28.
248 566 280 600 p.
300 564 371 601 883.
387 561 510 602 &seqq
529 561 659 593 Plurimi
677 563 771 594 etiam
788 562 951 604 Principes
967 573 1042 596 con-

183 606 230 630 tra
255 601 349 641 Regis
376 601 592 642 Hispaniarum
618 603 758 644 legatos,
783 605 863 636 male
889 605 1042 642 meritos,

181 638 247 673 sola
277 643 497 674 interdictione
525 643 566 674 usi
597 642 668 675 sunt
686 668 695 683 ,
727 646 892 685 punitione
929 647 1040 686 procul

182 683 279 715 dubio
305 682 404 720 usuri,
428 683 449 714 si
467 683 517 714 vel
536 683 668 725 Hispani
685 685 813 717 aliarum
833 686 985 718 Gentium
1001 688 1042 718 le-

179 735 270 798 ssatos
288 724 342 765 ipsi
360 724 524 766 punirent,
540 725 591 757 vel
611 726 785 767 punitionis
797 728 919 760 veniam
940 728 1040 760 dedis-

201 775 264 798 ent.

225 806 393 840 Belliffime
421 808 518 847 quaeri
552 808 676 850 potest,
699 809 720 842 si
748 810 786 842 de
813 810 867 843 illa
892 810 1045 852 Hispano-

185 860 254 882 rum
283 857 395 881 contra
420 849 539 890 legatos
559 849 712 882 sententia
734 852 825 893 plena
850 852 911 884 fide
925 852 1045 884 consta-

184 899 252 929 ret,
278 900 342 932 quo
357 890 425 930 jure
443 891 509 922 haec
529 891 606 923 esset
631 891 796 924 habenda?
817 903 866 925 res
888 894 959 925 inde
975 904 1047 934 pen-

184 934 258 971 det,
282 942 319 964 an
339 941 399 972 qua
420 931 506 963 Gens
521 933 688 974 privilegia
714 935 888 975 legatorum
901 958 910 973 ‚
934 936 1047 975 quibus

184 982 319 1006 utuntur
343 982 383 1004 cx
398 973 465 1012 J'ure
488 975 649 1006 communi
675 975 850 1014 Gentium,
875 976 965 1017 poffit
984 976 1045 1007 tol-

185 1015 275 1047 lere?
299 1015 327 1047 ἃ
355 1022 453 1055 puto,
477 1014 564 1056 poffe
589 1016 720 1055 tollere,
744 1016 765 1049 fi
786 1018 887 1057 palam
904 1018 935 1048 id
955 1016 1044 1048 teste-

187 1065 258 1096 tur,
284 1056 356 1097 quia
381 1056 472 1087 nullo
501 1056 570 1096 jure
597 1065 801 1098 competunt,
825 1058 880 1090 nisi
898 1058 997 1090 tacito
1016 1058 1046 1089 &

186 1097 387 1139 praesumpto.
435 1096 521 1128 Gens
548 1097 686 1129 Gentem
717 1109 781 1130 non
808 1099 930 1140 obligat
948 1121 959 1137 ,
990 1108 1048 1130 nec

186 1140 240 1171 vel
263 1148 373 1170 omnes
397 1137 516 1170 Gentes
531 1139 685 1179 obligant
701 1141 813 1178 aliam,
836 1141 912 1172 licet
931 1139 1046 1179 solam,

187 1190 257 1221 quae
282 1179 326 1212 sui
354 1180 432 1220 juris
454 1178 518 1218 est,
545 1181 574 1212 ἅ
598 1181 669 1212 aliis
695 1181 814 1222 legibus
830 1183 874 1212 uti
894 1181 1046 1212 decrevit.

186 1221 286 1263 Hugo
317 1231 443 1262 quoque
468 1219 602 1253 Grotius
637 1231 765 1262 magnus
788 1232 845 1262 pro
873 1223 1048 1263 legatorum

187 1263 386 1295 immunitate
417 1269 590 1302 patronus,
624 1272 660 1293 ea
694 1263 860 1304 privilegia
891 1262 988 1294 refert
1013 1263 1050 1294 ad

188 1304 363 1346 pactionem
385 1304 511 1335 tacitam
526 1303 615 1343 ejus,
638 1303 692 1345 qui
711 1305 850 1346 legatum
865 1304 999 1346 recipit,
1019 1304 1050 1337 &

884 123 994 150 VAN

790 1406 1151 1444 CAPUT

1069 114 1666 155 BYNKERSHOEK

1081 193 1162 225 hanc
1183 195 1361 227 voluntatis
1384 194 1446 227 esse
1471 197 1673 230 certiffimum
1691 199 1744 232 est.
1789 200 1939 245 Legatum

1081 235 1168 276 posse
1188 237 1282 267 etiam
1301 236 1426 277 prorsus
1442 247 1507 270 non
1526 239 1648 270 admitti
1665 241 1788 274 constat
1800 265 1810 282 ,
1832 247 1861 283 C<
1874 255 1938 280 rur-
1986 256 1987 261 ¹

1083 275 1132 308 sus
1157 277 1279 308 admitti
1309 277 1396 318 poffe
1425 280 1521 310 certis
1551 280 1689 321 legibus,
1714 292 1754 315 ex
1776 285 1940 323 voluntate

1083 317 1166 357 ejus,
1190 319 1242 358 qui
1259 319 1393 359 recipit,
1417 319 1610 352 definiendis.
1656 323 1687 355 Si
1707 333 1766 364 qua
1784 324 1868 359 Gens
1886 328 1939 369 igi-

1085 366 1137 389 tur
1164 359 1304 390 noluerit
1329 360 1358 390 le
1381 369 1467 392 atum
1487 362 1647 403 recipere,
1671 365 1727 397 nisi
1751 365 1823 398 foro
1839 367 1892 400 suo
1908 369 1938 402 se

1086 398 1249 439 subjiciat,
1274 399 1351 432 subsi
1380 410 1412 433 et
1438 402 1556 444 legatio
1581 413 1616 435 ea
1643 405 1711 447 lege
1729 429 1738 445 ,
1769 417 1826 439 nec
1853 410 1939 451 quic-

1086 450 1177 482 quam
1192 440 1237 472 est
1248 465 1259 481 ,
1283 451 1339 473 cur
1356 452 1419 474 non
1440 445 1535 476 etiam
1554 445 1671 486 legatio
1688 448 1767 479 citra
1784 449 1866 482 illam
1885 461 1940 484 im-

1086 482 1273 514 munitatem
1294 482 1357 515 fori
1375 484 1466 525 possit
1481 485 1648 519 subsistere.
1684 488 1877 523 Vei-iffimum
1895 502 1938 525 ta-

1085 532 1156 555 men
1184 522 1246 563 est,
1272 525 1356 565 quod
1379 525 1561 559 Hollandiae
1588 528 1722 561 Ordines
1744 530 1830 570 ajunt
1855 533 1885 564 in
1902 543 1941 567 eo

1086 565 1197 596 libello
1216 587 1228 603 ,
1259 575 1352 607 quem
1383 566 1476 598 Anno
1507 573 1597 609 1651.
1621 571 1811 610 ediderunt,
1843 573 1871 605 ἂ
1896 575 1940 608 in-

1086 605 1275 647 scripserunt
1291 610 1466 650 waaragtig
1483 620 1518 640 en
1538 612 1626 653 nociz‘g
1647 613 1742 654 herigc
1756 613 1816 645 &e
1837 612 1946 657 (apud

1086 647 1232 679 Aitzema
1251 646 1405 688 Herflecde
1425 650 1540 682 Leeuw
1553 658 1582 693 p.
1608 663 1644 684 m.
1667 657 1740 694 617.
1787 654 1940 699 legatum,

1087 687 1206 719 etiamsi
1219 688 1406 735 deliquerit,
1425 700 1464 723 ex
1482 693 1551 732 jure
1568 692 1719 726 Gentium
1758 696 1866 727 etineri
1882 706 1945 733 non

1087 728 1193 770 posse,
1219 729 1250 760 id
1266 739 1350 776 enim
1372 739 1408 762 ut
1429 731 1608 774 servemus,
1633 739 1761 776 aequitas
1780 737 1897 779 exigit,
1919 739 1943 774 fi

1089 781 1154 803 non
1169 779 1325 802 contraria
1352 772 1599 807 obnunciatione
1624 778 1763 809 tollatur.
1791 778 1843 819 Jus
1861 778 1944 813 Gen-

1091 812 1171 843 tium
1190 811 1268 858 nihil
1287 811 1350 852 est,
1376 814 1431 846 nisi
1454 815 1660 858 praesumptio
1684 817 1852 851 secundum
1867 829 1943 854 con-

1092 852 1307 893 suetudinem,
1333 864 1390 886 nec
1416 857 1583 897 quicquam
1608 858 1694 890 valet
1720 860 1944 902 praesumptio,

1092 894 1143 925 ubi
1169 893 1310 935 expressa
1336 895 1382 927 est
1409 897 1558 930 voluntas
1582 899 1668 939 ejus,
1689 901 1728 932 de
1746 910 1810 942 quo
1834 903 1944 944 agitur.

1089 934 1328 981 Praescriptione
1346 937 1466 978 legatos
1482 939 1532 978 jus
1550 939 1637 972 suum
1654 951 1792 983 quaerere
1808 944 1858 975 vel
1881 951 1947 976 tue-

1089 986 1114 1008 ri
1145 986 1209 1008 non
1230 977 1316 1017 posse
1339 978 1497 1010 existimat
1512 980 1664 1014 Huberus
1686 985 1719 1020 de
1737 983 1814 1025 Jure
1835 985 1948 1018 Civita-

1091 1019 1129 1048 tis
1161 1018 1231 1049 Lib.
1267 1017 1322 1050 111.
1356 1019 1430 1051 Seci.
1456 1030 1487 1060 4.
1514 1022 1545 1053 C.
1573 1033 1602 1056 2.
1625 1034 1656 1056 n.
1679 1034 1733 1066 32.
1767 1024 1819 1057 sed
1842 1025 1874 1058 id
1900 1036 1946 1059 re-

1090 1058 1213 1101 stringit
1232 1059 1267 1090 ad
1285 1058 1425 1092 subditos
1442 1061 1615 1104 Principis,
1642 1067 1716 1106 qui,
1741 1066 1846 1098 invito
1862 1066 1950 1101 Prin-

1092 1100 1181 1140 cipe,
1205 1100 1272 1146 jure
1295 1100 1372 1142 asyli
1402 1102 1448 1133 uti
1474 1103 1578 1136 velint
1598 1106 1678 1147 apud
1704 1107 1835 1149 legatos.
1878 1108 1956 1150 Ego'

1091 1142 1279 1182 generaliter
1300 1152 1408 1187 xjerum
1444 1143 1579 1177 dixerim
1611 1147 1649 1178 de
1670 1149 1756 1180 omni
1782 1149 1954 1191 privilegio

1092 1183 1288 1222 legatorum,
1312 1183 1343 1213 id
1366 1193 1436 1214 nem
1460 1193 1477 1214 e
1502 1195 1566 1218 non
1591 1188 1756 1228 prodesse,
1780 1189 1800 1222 si
1826 1198 1952 1223 contra-

1092 1224 1139 1254 ria
1152 1222 1315 1253 accesserit
1331 1233 1426 1255 conte
1456 1226 1540 1265 atio,
1565 1229 1639 1268 quia
1657 1230 1804 1263 voluntas
1821 1240 1949 1272 expres·

1094 1262 1123 1294 sa
1147 1264 1276 1295 tacitam
1299 1265 1445 1296 excludit
1461 1289 1471 1304 ,
1505 1276 1564 1297 nec
1592 1269 1711 1308 ullum,
1736 1280 1772 1302 ut
1796 1272 1882 1310 dixi,
1903 1273 1957 1312 ius

1094 1303 1248 1338 Gentium
1264 1303 1329 1346 est,
1343 1305 1498 1339 nisiinter
1516 1308 1661 1342 volentes
1672 1319 1712 1343 ex
1730 1312 1822 1353 pacto
1841 1313 1955 1346 tacit0.

1247 1407 1349 1444 XX.

678 1494 714 1530 Si
738 1496 807 1541 quis
833 1508 848 1531 e
864 1494 1004 1542 familia
1030 1495 1132 1542 legati
1156 1493 1313 1545 deliqurffi
1338 1497 1470 1535 dicetur.

282 1588 313 1619 ui
340 1588 376 1620 ad
402 1588 589 1622 comitatum
618 1589 813 1624 familiamve
839 1593 935 1635 legati
957 1593 1053 1635 perti-

298 1638 393 1669 nent,
419 1630 484 1669 eJ'us
500 1630 607 1663 forum
624 1631 749 1672 sortiri,
768 1633 840 1666 satis
858 1636 967 1666 videor
981 1645 1053 1677 pro-

303 1670 384 1702 basse
403 1671 434 1702 C.
462 1671 537 1704 XV.
562 1672 597 1704 ln
623 1673 712 1705 causa
737 1675 893 1708 criminali
914 1686 977 1709 non
997 1677 1053 1709 mi-

189 1722 247 1746 nus
273 1712 304 1744 id
329 1721 436 1743 verum
453 1712 518 1752 est,
541 1722 632 1754 quam
654 1715 685 1747 in
712 1714 803 1748 causa
826 1717 937 1757 civili;
962 1727 1055 1759 quare

189 1765 244 1786 eos
272 1763 330 1785 ncc
359 1752 503 1793 accusat,
528 1764 588 1786 nec
615 1757 706 1797 punit
731 1756 938 1800 Magistratus
965 1760 1053 1797 loci,

188 1796 242 1828 ubi
260 1796 388 1835 degunt.
433 1795 463 1827 Si
482 1797 619 1828 comites
639 1799 826 1840 quandoque
844 1800 887 1831 rei
909 1799 1004 1839 fasti,
1031 1801 1054 1833 si

190 1837 223 1869 in
238 1846 293 1868 eos
319 1835 566 1872 animadversum
580 1862 590 1877 ,
616 1840 710 1870 etiam
730 1840 856 1881 gladio,
878 1841 899 1873 si
915 1843 989 1873 alias
1008 1842 1053 1882 ju-

190 1877 333 1910 risdiCtio
353 1878 514 1915 exercita,
536 1880 589 1911 vel
605 1880 752 1920 adrogata
764 1905 772 1920 ‚
799 1890 834 1913 ut
852 1884 996 1924 exempla
1011 1890 1055 1914 at-

191 1920 322 1951 tulimus
347 1920 375 1951 ἀ.
403 1920 434 1950 C.
466 1917 540 1951 XV.
568 1921 598 1952 ὅς
625 1922 655 1952 C.
680 1922 803 1954 XVIII.
830 1924 884 1962 id,
908 1924 992 1965 quod
1017 1924 1056 1956 ad

190 1960 296 1992 forum
310 1982 320 1998 ,
343 1969 382 1992 eo
403 1960 470 2000 jure
489 1959 607 1993 factum
632 1970 726 2003 puta,
750 1965 835 2005 quod
852 1965 973 1997 Praetor
988 1966 1054 1997 red-

192 2002 264 2033 dere
281 2002 416 2040 dicitur,
441 2002 560 2034 etiamsi
583 2003 626 2035 ini
653 2013 691 2035 ue
715 2004 876 2038 decernat.
922 2006 1056 2038 Grotius

192 2044 226 2074 de
249 2042 326 2084 Jure
356 2042 390 2074 B.
418 2042 454 2077 ὅ)
480 2043 520 2075 P.
545 2043 615 2076 Lib.
659 2045 680 2077 Ι.
712 2046 745 2077 C.
773 2052 822 2081 18.
848 2047 875 2087 §.
901 2052 930 2083 8.
956 2048 1054 2079 comi-

194 2093 241 2116 tes
268 2084 442 2124 legatorum
469 2084 564 2116 etiam
591 2085 666 2117 foi-o
687 2088 846 2119 ordinario
863 2090 1002 2128 exemit,
1026 2089 1057 2120 &

193 2135 235 2157 ex
259 2122 411 2156 Pausania
435 2123 572 2157 ostendit
591 2149 600 2164 ‚
635 2126 796 2160 Romanos
825 2129 946 2170 putasse
963 2153 974 2168 ,
1007 2130 1060 2170 Jus

194 2166 350 2199 Gentium
371 2165 442 2197 laedi
456 2187 466 2204 ,
490 2165 510 2197 si
531 2166 563 2197 vi
594 2166 817 2202 abstrahantur.
866 2171 952 2217 Quin
971 2172 1060 2204 &in-

195 2217 244 2240 ter
269 2206 442 2248 praecipuas
465 2206 541 2239 belli
561 2207 666 2240 causas
693 2210 724 2241 id
742 2211 908 2252 aliquando
927 2214 1060 2245 relatum

195 2249 257 2281 csse
277 2247 448 2280 Tesmarus
469 2257 510 2279 ex
534 2247 696 2281 Camdeno
722 2251 869 2285 observat
894 2255 931 2286 ad
951 2256 978 2286 d.
1004 2254 1057 2285 loc.

196 2290 277 2323 Vult
298 2289 394 2330 igitur
418 2288 571 2329 Grotius,
594 2301 611 2322 a
632 2291 737 2332 legato
756 2292 993 2334 postulandum,
1022 2303 1058 2326 ut

195 2332 330 2364 comites
345 2355 355 2370 ,
380 2330 400 2362 si
418 2331 628 2371 deliquerint,
650 2333 825 2373 dedantur,
849 2336 878 2368 &
897 2336 918 2368 si
945 2335 1059 2368 dedere

195 2374 307 2410 nolit,
336 2381 371 2403 ea
395 2371 457 2404 esse
481 2372 625 2405 facienda
641 2397 650 2413 ,
684 2384 754 2416 quae
787 2376 826 2407 de
860 2376 927 2418 ipso
954 2378 1059 2418 legato

196 2412 437 2457 praescripserat.
484 2414 564 2446 Sane
583 2415 702 2456 legatus
721 2416 791 2449 suos
810 2417 952 2450 homines
971 2419 1060 2451 dede-

196 2466 231 2488 re
249 2454 372 2497 potest,
387 2455 462 2496 quia
477 2454 542 2496 ipse
557 2456 632 2488 illos
649 2456 772 2490 affurnit
789 2459 985 2501 dimittitque
1002 2469 1062 2501 pro

199 2496 355 2534 arbitrio3
379 2496 465 2536 quod
494 2496 516 2528 fi
541 2497 669 2529 alterius
694 2500 890 2532 conditionis
917 2501 976 2534 fint
991 2526 1001 2541 ,
1025 2501 1063 2533 ab

199 2536 268 2578 ipso
283 2536 369 2568 forte
384 2537 530 2577 Principe
547 2538 618 2570 leski
631 2561 639 2574 ‚
655 2547 690 2570 ut
707 2540 752 2572 est
772 2540 870 2573 scriba
885 2543 1062 2584 legationis,

198 2578 312 2611 dedere
329 2587 392 2609 non
411 2577 525 2618 potest.
569 2579 658 2619 Saepe
675 2581 768 2612 etiam
788 2583 882 2622 legati
905 2584 1063 2622 homines,

201 2620 253 2662 qui
279 2628 364 2651 mere
387 2627 475 2650 crant
491 2619 612 2650 arbitrii
631 2619 697 2659 sui,
722 2622 922 2663 Magistratui
939 2625 1063 2656 dedide-

202 2661 342 2700 i·unt,rie
358 2659 480 2691 occasio
498 2659 536 2691 sit
550 2660 677 2699 majoris
695 2664 849 2696 tumultus
868 2664 1022 2704 faciendi,
1035 2667 1065 2697 ὃς

201 2703 274 2744 quia
299 2701 353 2732 illa
377 2700 500 2732 occasio
522 2710 594 2732 cum
619 2703 757 2733 maxime
783 2703 828 2736 est
846 2729 856 2744 ‚
888 2705 941 2737 ubi
971 2706 1064 2747 legati

201 2742 399 2774 conveniunt
427 2742 464 2773 ad
488 2751 597 2784 pacem
624 2744 816 2784 pangendam
833 2768 843 2784 ‚
865 2746 887 2777 si
906 2753 992 2778 tanta
1012 2757 1064 2778 eo-

200 2794 272 2816 rum
296 2783 459 2815 hominum
480 2783 674 2823 multitudo,
698 2784 719 2816 fi
738 2794 802 2818 non
820 2787 948 2827 impune
966 2786 996 2819 se
1014 2788 1064 2819 de-

203 2826 366 2866 linquere,
394 2824 505 2865 utique
521 2834 538 2855 a
561 2824 706 2865 praesenti
727 2835 820 2866 poena
843 2826 874 2859 se
894 2827 1066 2861 immunem

203 2866 367 2905 crederet,
391 2864 472 2906 saepe
491 2864 592 2897 solent
612 2866 704 2908 legati
725 2867 860 2900 invicem
880 2867 1011 2909 pacisci,
1031 2878 1067 2901 ut

204 2907 347 2939 homines
372 2906 417 2938 sui
440 2906 499 2938 sint
525 2905 639 2939 subditi
663 2907 738 2939 foro
757 2908 961 2951 Magistratus
978 2911 1067 2950 ejus,

203 2948 257 2979 ubi
282 2948 320 2979 de
347 2956 426 2988 pace
446 2948 597 2989 agendum
618 2948 675 2981 est.
719 2950 771 2982 Sic
795 2949 1001 2989 Monastcrii‚
1025 2951 1065 2983 sic

205 2988 362 3030 Neomagi
380 2988 496 3020 factum
516 2987 615 3020 refert
632 2990 843 3032 Wicquefort
856 2992 927 3024 Lib.
943 2991 967 3024 1.
989 2992 1063 3024 Sea.

207 3034 256 3063 28.
278 3036 311 3076 13.
326 3034 406 3077 ‘893
432 3031 462 3062 &
482 3034 553 3070 894.
579 3030 608 3062 &
628 3030 708 3073 saepe
727 3033 802 3064 alias
816 3033 847 3065 id
865 3033 1066 3066 observatum

205 3079 343 3102 memini.

249 3111 279 3142 Si
299 3111 378 3157 nihil
395 3113 457 3144 tale
477 3115 663 3146 convenerit
674 3137 685 3154 ,
709 3115 796 3147 nulla
813 3115 1017 3158 Magistratus
1034 3116 1065 3148 in

205 3160 261 3197 eos
274 3152 335 3182 erit
351 3153 545 3194 Jurisdiffl03
570 3165 670 3197 neque
685 3157 763 3189 adeo
779 3157 985 3190 dubitandum
1002 3156 1064 3197 est,

207 3201 285 3233 quin
310 3192 393 3224 reste
419 3193 641 3236 Hispaniarum
670 3197 740 3230 Rex
769 3199 966 3240 prohibuerit
983 3221 995 3238 ,
1025 3208 1066 3230 ne

1097 1594 1149 1626 vel
1169 1595 1401 1637 apprehendere
1417 1595 1529 1628 liceret
1549 1595 1692 1629 homines
1708 1597 1737 1629 le
1759 1598 1803 1631 ati
1821 1597 1935 1631 Veneti
1942 1619 1959 1638 5

1097 1636 1149 1675 qui
1165 1637 1244 1669 duos
1259 1636 1417 1678 Hispanos
1431 1637 1636 1676 occidissent,
1660 1647 1694 1669 ut
1708 1648 1726 1670 e
1767 1639 1847 1681 apud
1865 1639 1958 1671 Wic-

1097 1676 1226 1718 quefort
1246 1680 1274 1710 cl.
1300 1678 1374 1711 See.
1399 1683 1449 1713 28.
1469 1685 1500 1719 p.
1526 1683 1597 1719 885.
1624 1679 1714 1720 Imo‚
1738 1679 1760 1712 fi
1778 1679 1967 1722 apprehensi⁴

1097 1718 1195 1750 essent
1211 1719 1363 1759 eJ'usmodi
1383 1720 1525 1752 homines
1548 1723 1586 1751 ab
1603 1720 1799 1754 officialibus
1815 1745 1825 1761 ‚
1856 1722 1888 1754 iu
1905 1720 1959 1753 fla-

1097 1761 1198 1802 granti
1218 1761 1305 1792 forte
1321 1761 1551 1800 delitro,1·eete
1567 1771 1622 1793 eos
1636 1762 1754 1803 legatus
1773 1770 1914 1805 repetet.
1926 1762 1959 1795 ὅσ

1096 1802 1661 1885 {3331Sjsuiffissgssiss'assffirffssstfflttiu
1675 1803 1960 1877 ἒῖὲῗῗέςὲἱέἒιῗιῗ

1098 1884 1188 1923 lieri,
1211 1884 1241 1916 ὁ(
1268 1893 1379 1926 captus
1408 1892 1492 1923 erat3
1515 1886 1609 1927 petiit
1638 1885 1779 1927 legatus,
1805 1895 1878 1918 eum
1902 1884 1959 1918 fibi

1099 1926 1198 1963 tradi,
1222 1933 1258 1956 ut
1283 1925 1348 1966 ipse
1368 1926 1417 1966 jus
1443 1926 1579 1966 diceret,
1604 1926 1634 1958 δε
1652 1927 1807 1959 Ordinum
1824 1926 1960 1959 Hollan-

1099 1967 1158 1998 diae
1184 1966 1361 1999 Consiliarii
1391 1966 1484 1999 Anno
1517 1971 1606 2008 1657.
1640 1968 1858 2008 tradiderunt,
1892 1966 1960 1999 vid.

1100 2008 1247 2040 Aitzema
1271 2008 1340 2039 Lib.
1374 2008 1550 2040 XXXVII.
1583 2015 1612 2049 p.
1644 2019 1682 2041 m.
1713 2018 1784 2050 791.
1809 2008 1840 2041 ὅτ,
1866 2008 1962 2040 Wic-

1101 2048 1269 2091 quefortcl.
1291 2055 1321 2089 p.
1348 2053 1420 2089 885.
1445 2049 1475 2081 &
1492 2049 1530 2081 de
1552 2050 1621 2081 aliis
1634 2056 1666 2091 p.
1691 2054 1764 2092 883.
1789 2050 1818 2082 ἀ
1838 2054 1917 2097 884..
1967 2062 1970 2071 ·

1144 2090 1240 2122 Rec'te
1256 2090 1379 2121 deditus
1394 2090 1438 2122 est
1457 2090 1511 2122 ille
1529 2089 1665 2123 famulus
1683 2091 1787 2133 legato
1805 2090 1830 2126 F
1833 2100 1962 2131 ranciae‚

1103 2130 1154 2163 sed
1171 2141 1209 2163 an
1237 2130 1301 2172 ipse
1317 2131 1355 2162 de
1374 2140 1413 2162 eo
1430 2132 1479 2172 jus
1495 2131 1601 2163 dicere
1617 2132 1782 2173 potuerit,
1804 2132 1864 2164 alia
1880 2141 1969 2173 quae-·

1103 2172 1163 2205 stio
1179 2172 1240 2210 est,
1257 2172 1296 2204 de
1311 2182 1370 2212 qua
1380 2172 1484 2204 dicere
1501 2174 1655 2214 occupavi
1676 2175 1704 2205 cI.
1726 2174 1757 2205 C.
1773 2172 1849 2206 XV.
1867 2172 1972 2205 Fran--

1104 2215 1133 2246 ci
1148 2214 1191 2245 ita
1216 2213 1283 2245 fere
1310 2213 1448 2246 censent.
1495 2214 1533 2246 In
1562 2215 1740 2256 capitalibus
1763 2212 1854 2254 causis
1871 2213 1963 2257 legati

1099 2261 1155 2296 per
1163 2255 1198 2296 se
1218 2255 1326 2296 insitos
1340 2255 1456 2302 judicia
1467 2255 1553 2296 ferre
1564 2256 1649 2297 Jblici
1658 2256 1732 2297 sum
1746 2279 1756 2295 ,
1780 2256 1964 2288 aitMorna·

1104 2297 1172 2328 cius
1189 2296 1226 2327 ad
1244 2297 1265 2328 l.
1283 2306 1310 2328 a.
1331 2298 1358 2337 ᾖ.
1377 2307 1408 2337 3.
1426 2296 1466 2338 ff.
1487 2298 1520 2328 de
1538 2296 1644 2338 Judz'c.
1669 2298 1699 2330 &
1718 2296 1862 2338 exempla
1905 2305 1964 2328 uae-

1102 2337 1172 2369 dam
1197 2347 1319 2379 poenae,
1343 2348 1360 2369 a
1388 2338 1498 2379 legatis
1520 2338 1680 2370 Francicis
1703 2338 1819 2370 exactae
1843 2346 1859 2368 r
1893 2344 1965 2376 ert,

1104 2379 1198 2410 etiam
1228 2379 1309 2419 apud
1348 2378 1526 2411 Turcarum
1564 2379 1787 2421 Imperatorem
1802 2402 1813 2418 ‚
1850 2376 1904 2425 qui
1933 2377 1965 2410 id

1105 2419 1207 2462 passus
1234 2419 1299 2458 est,
1322 2420 1412 2460 quia,
1438 2427 1473 2452 ut
1491 2430 1567 2452 mox
1585 2421 1710 2459 audies,
1731 2420 1827 2451 etiam
1841 2417 1965 2465 ‘turca-

1106 2471 1175 2493 rum
1202 2461 1296 2503 legati
1326 2461 1429 2494 solent
1456 2462 1511 2503 ipsi
1530 2471 1637 2503 poenas
1655 2462 1781 2502 exigere
1797 2469 1814 2491 a
1829 2458 1890 2491 suis
1909 2459 1966 2506 ho-

1107 2502 1254 2535 minibus.
1300 2503 1359 2535 Sed
1383 2504 1514 2535 omnino
1540 2512 1574 2534 ea
1597 2511 1644 2533 res
1659 2501 1704 2533 est
1721 2500 1911 2542 transigenda
1928 2510 1972 2533 iis·

1107 2543 1375 2582 dissinffionibus,
1399 2553 1474 2584 quas
1490 2541 1628 2574 recensui
1647 2543 1674 2574 d.
1689 2542 1720 2574 C.
1734 2542 1809 2574 XV.
1832 2542 1864 2574 Si
1885 2542 1976 2584 lega-.

1109 2594 1159 2617 tus
1187 2585 1430 2616 'ui-isdittionem
1455 2583 1564 2615 habeat
1591 2583 1629 2614 ab
1653 2593 1709 2621 eo,
1734 2583 1787 2624 qui
1810 2582 1914 2622 misit,
1936 2583 1990 2615 δι’

1109 2637 1169 2658 con
1187 2626 1284 2657 entiat
1299 2625 1341 2664 is,
1367 2625 1403 2656 ad
1423 2633 1515 2666 quein
1543 2623 1650 2656 missus
1675 2623 1720 2656 cst
1732 2647 1747 2670 ,1
1765 2633 1887 2665 poenam
1900 2624 1979 2665 jure*

1109 2667 1233 2709 optimo
1260 2667 1365 2707 exiget
1374 2676 1385 2702 ,-
1408 2665 1429 2698 fi
1445 2665 1632 2697 alterutrum
1657 2665 1782 2697 deficiat
1793 2674 1886 2708 ²‘non
1903 2665 1969 2698 exi-

1109 2718 1171 2740 met.
1217 2706 1289 2747 Jure
1304 2707 1396 2747 legati
1413 2706 1491 2738 nihil
1507 2705 1610 2747 potest
1626 2716 1716 2748 agere
1727 2729 1737 2745 ,
1757 2706 1812 2739 nisi
1826 2716 1866 2739 ex
1882 2716 1967 2739 man·

1108 2733 1183 2781 gato
1195 2770 1205 2786 ‚
1228 2747 1258 2779 δε
1276 2747 1422 2779 mandato
1438 2757 1501 2779 non
1521 2747 1601 2779 solet
1619 2749 1647 2779 ei
1665 2748 1728 2779 dari
1744 2747 1919 2789 jurisdictio
1935 2748 1969 2780 in

1109 2789 1250 2823 homines
1275 2787 1366 2826 suos,
1390 2789 1488 2829 quin,
1511 2788 1533 2820 si
1556 2789 1626 2820 data
1657 2788 1775 2828 fuerit,
1798 2798 1860 2821 non
1885 2788 1976 2821 recte

1110 2831 1189 2863 hanc
1213 2828 1375 2861 exercebit
1409 2829 1441 2861 in
1467 2829 1604 2870 Imperio
1629 2830 1758 2863 alterius
1789 2830 1944 2872 Principis
1955 2839 1977 2869 ,’

1110 2871 1215 2903 invito
1236 2879 1276 2902 eo
1294 2869 1451 2911 Principe.
1497 2870 1622 2903 Poterit
1638 2880 1741 2903 autem
1755 2894 1764 2910 ,
1787 2880 1826 2903 ne
1843 2871 1884 2903 im
1910 2880 1976 2904 une-

1110 2911 1261 2953 cffugiant
1287 2911 1350 2949 rei,
1374 2920 1429 2943 eos
1455 2912 1599 2952 vincire,
1624 2913 1653 2945 &
1675 2913 1798 2945 vinctos
1814 2922 1880 2945 tran
1897 2913 1978 2946 mit-²

1111 2961 1177 2985 tere
1198 2952 1236 2984 ad
1253 2951 1360 2984 sorum
1387 2954 1483 2985 suum.
1530 2954 1555 2986 F
1557 2954 1672 2986 amiliae
1692 2954 1867 2986 vinciendae
1881 2961 1970 2996 pote·

1109 2994 1218 3026 statem
1249 2993 1347 3034 vulgo
1372 2993 1591 3027 Cui-dinalibus
1623 2995 1766 3027 tribuunt
1796 2995 1877 3037 apud
1900 2993 1968 3028 Cla-

1109 3045 1179 3067 rum
1199 3034 1270 3066 Lib.
1298 3035 1338 3067 V.
1363 3034 1392 3076 §.
1411 3034 1469 3075 fin.
1495 3035 1535 3083 Q³
1559 3040 1610 3071 68.
1635 3046 1667 3068 n.
1691 3046 1742 3078 3²·
1768 3037 1798 3069 δι
1817 3035 1872 3069 nisi
1890 3036 1969 3069 hane

1110 3076 1227 3108 tribuas
1252 3075 1363 3117 legatis
1380 3099 1392 3115 ,
1420 3076 1534 3109 frustra
1558 3077 1597 3109 de
1617 3087 1708 3116 poena
1728 3077 1767 3109 ab
1789 3077 1968 3110 hominibus

1107 3117 1173 3149 e'us
1198 3117 1249 3148 exi
1274 3117 1351 3149 enda
1383 3119 1549 3159 cogitabis.
1604 3117 1670 3159 lpse
1698 3118 1819 3160 legatus
1844 3118 1967 3150 modice

1125 3168 1181 3190 uos
1201 3126 1385 3200 cassigabit,
1404 3159 1425 3191 fi
1443 3169 1492 3192 res
1509 3160 1658 3200 maiorem
1674 3158 1967 3191 animadversionem

1108 3199 1278 3239 desideret,
1303 3201 1356 3232 vel
1378 3200 1471 3232 dedet
1495 3199 1696 3242 Magistratui
1715 3210 1780 3234 non
1795 3199 1852 3233 suo
1859 3222 1873 3240 ,
1895 3198 1967 3272 vels,

1954 3249 1964 3272 i
