2008 3436
182 120 254 155 450
419 109 819 146 CORNELII
891 119 1002 145 van

180 196 352 234 habuisset,
378 197 463 236 quod
478 207 575 230 unum
591 205 715 240 quoque
731 196 760 228 ei
779 195 960 237 repellendo
982 194 1046 228 suf-

180 237 316 270 fecisset.
340 238 487 278 Reliquas
501 240 656 278 rationes,
675 248 743 280 quae
760 238 889 270 minoris
906 247 1046 269 momen-

183 280 209 310 ti
228 279 313 319 sunt,
337 279 468 312 transeO.
514 280 575 313 His
591 281 689 312 velim
720 278 814 318 addi,
837 288 907 320 quae
925 279 964 310 de
984 288 1048 310 ces-

746 391 1101 430 CAP‘UT

1077 108 1677 146 BYNKERSHOEK

1089 195 1173 227 sione
1188 195 1440 234 assecurationis,
1467 195 1572 235 eJusve
1594 203 1681 238 parte
1702 199 1764 239 iam
1781 199 1942 236 observavi

1089 235 1178 278 supra
1197 238 1230 270 C.
1252 237 1277 271 1.
1300 238 1345 279 «ts.
1369 236 1522 269 Dominus.

1199 393 1372 429 XIII.

180 492 307 538 Rursus
331 495 367 529 de
382 493 525 541 scientia
549 495 602 529 vel
620 496 810 539 ignorantia
831 493 1057 541 professionis,
1081 493 1135 528 vel
1157 495 1311 529 interitus
1342 505 1446 530 rerum
1471 495 1730 542 effer-tarataram.
1780 497 1816 532 Si
1837 500 1944 544 plures

228 541 475 588 aſjhcmationes
501 542 634 589 fuerint
659 542 764 588 sasire
784 571 793 586 ‚
827 542 867 584 &2⁹
896 544 969 590 plus
999 541 1210 589 afficuratum
1227 570 1236 586 ‚
1262 555 1354 588 quam
1377 553 1433 589 per
1459 545 1560 590 legem
1587 547 1680 587 licet,
1705 556 1747 579 an
1774 547 1853 582 illud
1874 548 1945 593 plus

232 593 322 626 cedat
344 592 508 639 postremis
535 592 823 639 afflcuratorihus,
848 605 888 629 an
917 595 1002 627 inter
1026 603 1131 627 omnes
1153 601 1210 638 pro
1237 601 1310 627 rara
1342 594 1503 628 dividatur
1521 594 1539 626 ?
1571 592 1728 638 Etiamfi,
1754 596 1805 640 qui
1828 595 1944 642 aſjecu-

225 643 380 676 rationem
414 641 683 688 czri‘avit‚‘fiiies
714 643 858 678 mandati
890 640 1082 687 excffrit,
1120 643 1161 676 ab
1193 651 1227 676 co
1262 649 1368 676 tamen
1400 643 1472 687 plus
1508 643 1614 676 damni
1641 644 1733 688 exigi
1758 655 1816 679 non
1838 643 1944 691 poffi,

231 702 325 735 quam
347 702 458 725 revera
480 689 589 736 pcffts
612 689 656 735 est
681 690 887 736 afflcziratus·

229 750 292 773 ms.

229 786 400 834 aestimata.

279 899 321 920 uo
346 890 543 923 Mei-catores
567 890 654 922 Galli
679 900 729 922 22.
754 890 819 931 Jan.
848 895 936 930 1708.
962 899 1046 922 man-

292 931 367 963 dant
383 932 619 964 Mercatoribus
639 931 820 972 quibusdam
838 931 1046 963 Amsterdam-

181 971 351 1011 mensibus,
377 980 412 1003 ut
434 973 471 1004 ad
494 972 644 1005 summam
664 982 758 1013 5000.
780 972 972 1004 florenorum
993 982 1046 1004 cu-

180 1021 285 1045 rarent
304 1013 563 1046 assecurationem
578 1016 730 1046 mercium
747 1012 887 1052 suarum,
909 1023 977 1054 quae
994 1023 1046 1045 na-

180 1055 326 1095 vigarent
350 1054 488 1087 Lisbona
512 1056 658 1096 Rupellas
679 1055 803 1094 versus,
818 1055 926 1096 stmder
941 1056 992 1085 dat
1011 1064 1047 1096 zy

180 1096 283 1127 kenm's
312 1096 426 1127 hadden
450 1107 513 1127 van
538 1099 582 1127 het
606 1097 721 1127 verti-ek
744 1106 806 1127 van
828 1097 876 1126 het
885 1095 990 1136 feliis),
1011 1106 1047 1127 en

180 1144 277 1168 ‘voorts
294 1143 326 1177 op
351 1137 407 1168 alle
426 1139 513 1179 goede
533 1147 568 1168 en
590 1138 680 1178 quade
696 1138 811 1179 cycliizg.
858 1137 943 1168 Idem
962 1146 1047 1168 man-

179 1179 288 1209 datum
314 1188 362 1214 29.
396 1177 460 1218 Jan.
498 1183 588 1218 1708.
612 1185 758 1218 repetunt
780 1177 818 1209 ad
844 1178 923 1209 alios
947 1178 1047 1208 adhuc

181 1228 276 1251 1000.
300 1218 409 1250 floren.
434 1220 464 1251 &
489 1219 602 1250 iterum
628 1228 653 1249 1.
678 1218 768 1250 Febr.
795 1222 886 1258 1708.
907 1218 944 1248 ad
969 1218 1047 1249 alios

180 1269 274 1299 5000.
300 1259 368 1291 flor.
395 1261 424 1291 ἃ
443 1259 566 1290 tandem
590 1268 638 1290 12.
662 1258 752 1290 Febr.
781 1263 872 1299 1708.
895 1258 995 1290 adhue
1009 1259 1047 1290 ad

180 1301 259 1332 alios
281 1310 373 1332 2000.
397 1299 507 1331 floren.
532 1307 625 1340 atque
649 1299 692 1330 ita
715 1299 803 1332 simul
831 1299 868 1330 ad
896 1299 1046 1332 summam

184 1351 295 1383 13000.
321 1340 389 1371 flor.
414 1338 732 1372 Amsterdammenses
756 1340 933 1372 mandatum
958 1340 1044 1372 exse-

181 1389 328 1423 quuntur.
352 1380 464 1420 Navis,
479 1390 548 1422 quae
565 1388 725 1422 receperat
741 1391 861 1414 merces
871 1380 1047 1420 Gallorum,

182 1422 320 1455 Lisbona
345 1422 407 1462 jam
431 1421 568 1454 solverat
594 1433 644 1463 24.
679 1422 762 1456 Dec.
795 1431 884 1464 1707.
909 1423 948 1454 ἃ
973 1432 1046 1455 eum

181 1464 267 1495 omni
281 1472 377 1494 onere
391 1463 527 1505 perierat
549 1473 577 1496 1.
602 1464 665 1504 Jan.
696 1469 785 1505 1708.
832 1465 950 1496 Omnes
970 1463 1044 1495 asse-

181 1513 341 1536 curatores
359 1527 370 1543 ,
393 1504 432 1536 de
455 1505 570 1537 damno
599 1505 790 1545 interpellati
810 1527 821 1544 ,
853 1505 963 1546 sponte
986 1504 1045 1537 sol-

180 1553 281 1584 vunt,
306 1546 392 1586 quod
413 1546 636 1586 promiserant,
661 1547 803 1587 exceptis
826 1546 967 1585 duobus,
992 1546 1045 1587 qui

179 1586 328 1628 postremi
354 1587 593 1629 subscripserant
613 1587 651 1619 ad
678 1588 751 1620 illos
784 1598 877 1620 2000.
901 1588 970 1620 fior.
995 1587 1045 1620 sed

180 1629 212 1660 ἃ
227 1629 280 1667 hi,
304 1628 341 1659 ad
353 1628 477 1668 Judices
494 1629 752 1661 assecurationutn
768 1629 1046 1662 Amsterdammen-

180 1669 228 1702 ses
256 1671 362 1701 vocati
383 1693 393 1708 ,
415 1670 452 1701 ad
479 1669 668 1702 solutionem
692 1672 878 1703 damnantur
906 1680 957 1711 25.
980 1671 1044 1710 Jan.

181 1720 277 1753 1713.
302 1712 333 1744 δε
355 1711 397 1743 sie
421 1721 547 1753 quoque
572 1712 719 1744 damnant
737 1712 860 1744 Scabini
886 1722 933 1753 17.
957 1711 1045 1744 Nov.

181 1762 276 1793 1714.
300 1752 413 1784 additis
428 1752 525 1785 usuris
543 1753 717 1786 centesimis
733 1764 750 1785 a
767 1761 910 1794 tempore
926 1752 1048 1785 senten-

181 1794 244 1826 tiae.
292 1793 359 1825 Has
385 1793 551 1827 sententias
582 1794 675 1826 Curia
695 1795 844 1836 probavit
873 1805 922 1827 10.
946 1796 1045 1827 Mart.

181 1845 276 1876 1722.
302 1836 332 1867 &
351 1836 431 1877 apud
449 1836 596 1868 Senatum
621 1836 807 1877 Supremurn
821 1860 829 1874 ‚
852 1846 892 1868 ex
913 1836 1047 1877 appella-

180 1878 291 1915 tione,
311 1877 474 1917 quaesrtuin
501 1877 563 1916 est,
587 1887 624 1909 an
650 1877 760 1910 reste?
784 1876 1021 1909 Assecuratores
1036 1899 1046 1915 ,

180 1927 217 1950 ut
231 1918 267 1950 sit
280 1940 290 1956 ‚
315 1919 400 1949 varie
415 1928 432 1949 a
451 1917 481 1950 se
507 1919 654 1950 damnum
679 1919 888 1957 amoliuntur,
913 1919 1047 1960 primum

181 1967 350 2000 negantes,
376 1958 542 1991 Gallorum
560 1969 679 1992 merces
690 1959 816 1992 valuisse
840 1970 949 2002 13000.
977 1959 1046 1991 fior.

182 2001 214 2032 ἃ
230 2001 342 2032 deinde
361 2009 509 2042 negantes
537 2010 690 2042 quemque
707 2000 833 2033 Gallum
852 2011 910 2042 pro
926 2000 1046 2033 semisse

181 2041 276 2075 fuisse
296 2050 400 2073 carum
421 2042 583 2074 dominum
599 2066 609 2081 ‚
633 2049 668 2074 ut
695 2052 752 2081 pro
773 2042 894 2074 semisse
922 2042 1047 2083 finguiis

181 2081 389 2114 assecuratum
404 2091 491 2121 erat,
514 2082 565 2114 sed
580 2084 611 2114 id
637 2084 828 2124 postremum
848 2083 920 2115 satis
937 2083 1046 2125 proba-

182 2132 253 2154 tum
277 2123 338 2154 esse
362 2123 481 2155 censuit
510 2124 658 2163 Senatus,
683 2126 712 2156 δε
737 2126 872 2165 pretium
896 2125 1048 2156 mercium

182 2164 306 2196 suarum
325 2165 499 2205 probabant
516 2174 641 2206 quoque
664 2164 748 2197 Galli
766 2166 802 2197 ad
824 2175 933 2207 13757.
956 2165 1046 2197 flore-

182 2215 259 2244 nos,
282 2214 340 2237 nec
357 2206 463 2245 lubet,
487 2216 544 2237 nec
571 2213 663 2237 vacat
692 2206 739 2239 his
754 2208 976 2248 probationum
990 2207 1048 2242 tri-

182 2247 231 2278 cis
248 2247 414 2278 immorari.
461 2246 536 2278 Duo
551 2247 627 2286 alia,
653 2257 719 2289 quae
737 2249 830 2280 etiarn
849 2248 922 2279 fatti
944 2256 1048 2286 erant,

183 2287 357 2327 majoribus
374 2288 485 2320 animis
503 2289 833 2321 controvertcbantur.
864 2289 994 2322 Scilicet
1009 2298 1049 2320 cx

183 2329 312 2361 Statuto
339 2328 628 2361 Amsterdammensi
650 2340 700 2367 29.
725 2331 789 2370 jan.
820 2334 897 2365 1688
933 2340 997 2362 non
1016 2331 1050 2361 li-

184 2378 239 2402 cet
263 2369 433 2401 assecurare
457 2380 551 2402 naves
576 2371 629 2402 vel
653 2381 772 2403 merces
799 2372 968 2412 profectas,
995 2371 1050 2403 nisi

183 2411 375 2443 ass'ecuratus
400 2411 630 2452 profestioncm
657 2413 801 2453 ignoret,
825 2414 854 2445 ἃ
885 2414 914 2444 id
940 2411 1050 2445 instru-

182 2461 296 2493 11101110
316 2451 548 2485 assecurationis
564 2453 737 2494 exprimat,
762 2455 791 2486 <St
817 2464 857 2486 ex
878 2454 906 2496 ξ).
931 2464 982 2486 21.
1008 2453 1051 2485 Α.

182 2494 272 2531 nulla
286 2493 331 2525 est
353 2493 556 2533 assecuratio,
580 2495 677 2526 etiam
705 2496 736 2527 in
761 2505 887 2528 omnem
903 2503 1050 2527 eventum

184 2533 270 2568 safra
284 2556 294 2572 ,
318 2540 351 2574 op
371 2535 428 2566 alle
453 2537 539 2577 goede
561 2545 597 2566 en
612 2537 702 2576 quade
726 2538 832 2579 tyding
846 2561 855 2575 ,
879 2538 900 2569 si
919 2538 1051 2578 probare

174 2575 280 2617 rpossit
294 2575 501 2615 assecuratol·‚
523 2576 728 2610 asset-uratum
745 2577 868 2610 scivisse
887 2578 1051 2610 interitum

182 2616 260 2655 101,
297 2625 389 2656 quum
417 2615 672 2648 assecurationem
703 2619 874 2651 mandaret.
917 2620 1053 2659 Ajebant

183 2665 290 2690 autem
306 2657 526 2703 assecuratores
540 2680 550 2696 ,
573 2657 778 2695 assecuratos,
803 2668 944 2701 tempore
964 2660 1054 2700 hujus

182 2699 436 2737 assecurationis,
462 2699 492 2731 ἃ
509 2698 628 2731 scivisse
644 2699 875 2738 profectionem
890 2701 979 2732 navis
991 2725 999 2739 ‚
1024 2703 1054 2734 ἃ

185 2739 312 2774 scivisse
339 2749 463 2780 quoque
484 2740 550 2780 eJ'us
570 2739 744 2773 interitum.
790 2739 875 2772 Galli
898 2742 1054 2783 utriusque

184 2782 234 2814 rei
252 2782 462 2822 ignorantiam
479 2790 543 2823 prae
561 2780 591 2812 se
608 2780 753 2814 ferebant
765 2803 776 2821 ,
800 2782 909 2814 oblato
926 2792 1054 2824 quoque

179 2823 221 2856 fin
232 2832 300 2855 eam
316 2831 381 2854 rem
397 2822 619 2863 iureiurando,
631 2823 678 2862 &,
695 2824 777 2865 quod
793 2823 829 2854 ad
846 2823 1054 2864 ignorantiam

185 2864 353 2901 interitus,
375 2863 584 2904 Jusjurandum
608 2864 703 2897 etiam
725 2864 874 2897 desiderat
894 2865 924 2897 d.
947 2864 976 2906 §.
1002 2874 1053 2897 21.

186 2905 251 2938 Sed
285 2904 510 2938 assecuratores
545 2905 727 2938 nitebantur
752 2914 861 2938 contra
897 2907 1029 2947 probare
1048 2928 1058 2944 ‚

187 2947 264 2988 quin
289 2947 319 2979 δι
334 2969 344 2985 ,
374 2945 542 2979 secundum
565 2947 735 2980 nonnullos
757 2948 921 2981 Senatores
941 2969 953 2986 ,
987 2946 1059 2979 satis

187 2997 302 3024 eontra
321 2987 511 3028 probabant,
537 2996 588 3027 at,
611 2988 631 3020 si
650 2999 759 3022 verum
770 2999 928 3027 amamus,
951 2989 1054 3020 minus

186 3027 384 3061 sufficiebant
409 3029 470 3061 illae
490 3030 714 3071 probationes,
747 3031 965 3073 premebantur
988 3030 1054 3070 qui-

186 3069 260 3102 dem
274 3070 437 3102 assecurati
459 3070 640 3112 quibusdam
662 3072 848 3112 coniecturis
864 3073 894 3104 01
909 3071 1053 3111 praesum-

185 3136 187 3139 .
213 3111 371 3150 tionibus,
396 3121 472 3153 quas
493 3121 634 3145 enarrare
655 3113 783 3154 longum
811 3112 867 3150 est,
897 3113 947 3145 sed
974 3113 1052 3144 adeo

204 3151 571 3198 evibus,·ut‚secundum
588 3153 750 3196 plerosque
769 3155 952 3193 Senatores,
971 3153 1055 3186 obla-

188 3200 256 3226 tum
276 3195 486 3233 jusjurandum
508 3195 561 3228 has
579 3204 690 3235 onmes
705 3194 802 3233 facile
821 3195 967 3230 dilueret.

937 690 1007 738 Qui
1030 689 1167 736 spondet
1201 690 1255 725 del
1282 691 1425 725 credere
1441 717 1451 733 ‚
1476 702 1535 726 non
1563 694 1665 725 utitur
1689 691 1838 736 beneficit
1863 694 1944 729 ordi-

344 738 385 773 In
419 742 544 785 negotio
559 765 571 783 ‚
609 738 825 786 Amsterdami
856 742 1012 775 contracto
1027 764 1039 782 ,
1064 737 1293 785 afficuratores
1318 751 1377 774 non
1403 740 1524 785 obligat
1548 743 1684 784 avaria,
1709 742 1788 776 alibi
1811 743 1968 779 locorum'

1134 891 1240 932 Atque
1259 892 1303 923 ita
1319 891 1438 933 priores
1460 891 1628 923 sententias
1643 892 1824 934 simpliciter
1839 893 1948 926 confir-

1090 932 1196 964 masset
1209 933 1355 972 Senatus,
1379 942 1489 964 verum
1508 942 1602 973 quum
1619 942 1656 965 ex
1673 933 1699 974 §.
1726 944 1755 966 2.
1779 933 1815 969 ἐξ
1832 944 1879 974 15.
1902 935 1946 968 A.

1090 974 1185 1005 nullae
1207 984 1253 1006 res
1283 974 1411 1006 ulterius
1435 973 1598 1005 assecurari
1623 975 1736 1015 possint
1757 997 1769 1014 ‚
1797 984 1886 1015 quam
1911 984 1948 1008 ut

1089 1015 1211 1045 decima
1237 1025 1305 1056 pars
1328 1016 1447 1047 domini
1467 1015 1608 1059 periculo
1633 1023 1773 1054 maneat,
1796 1016 1818 1048 si
1837 1025 1949 1057 nempe

1089 1065 1191 1086 earum
1218 1065 1322 1088 rerum
1345 1057 1568 1097 pretium-non
1589 1057 1720 1088 excedat
1744 1066 1835 1089 2000.
1857 1056 1952 1090 libras

1088 1095 1113 1128 F
1116 1096 1289 1135 landricas,
1312 1107 1382 1128 nam
1406 1098 1489 1138 quod
1511 1097 1658 1136 excedit,
1682 1105 1786 1130 toturn
1802 1098 1884 1131 reae
1903 1108 1950 1131 as-

1088 1136 1266 1175 securatur,
1290 1147 1445 1180 quumque
1472 1138 1502 1169 id
1524 1138 1573 1177 jus
1597 1138 1649 1171 usu
1672 1139 1852 1180 abrogatum
1884 1148 1950 1172 11011

1089 1177 1127 1209 fit
1144 1200 1153 1214 ,
1177 1186 1210 1209 ut
1238 1179 1322 1218 quod
1345 1181 1382 1210 ad
1405 1188 1525 1210 merces·
1550 1179 1617 1210 dixi
1644 1178 1731 1219 supra
1766 1180 1797 1212 C.
1824 1179 1880 1212 lV.
1903 1179 1947 1222 vs:

1093 1218 1202 1257 Curia,
1229 1219 1257 1250 ἃ
1274 1219 1357 1258 quod
1374 1219 1411 1250 ad
1423 1229 1515 1250 naves
1531 1220 1564 1250 C.
1582 1219 1638 1251 VI.
1657 1221 1698 1260 ‘ull
1726 1220 1781 1252 Sed
1797 1222 1866 1259 ubi,
1889 1230 1950 1253 nec

1086 1259 1182 1290 etiam
1199 1259 1355 1290 contraria
1370 1259 1514 1299 pactione
1535 1260 1608 1290 tolli
1630 1261 1720 1301 poslit
1737 1260 1766 1302 §.
1795 1269 1818 1292 1.
1847 1261 1889 1293 A.
1914 1270 1951 1295 ut

1088 1300 1120 1331 in
1138 1300 1196 1331 1130
1219 1299 1321 1340 specie
1348 1308 1457 1331 contra
1473 1300 1595 1340 patrum
1621 1310 1686 1331 erat
1698 1323 1709 1339 ,
1732 1311 1840 1333 omnes
1857 1302 1950 1335 Sena-

1089 1349 1174 1372 tores
1189 1341 1359 1380 putabant,
1373 1350 1426 1382 per
1442 1342 1542 1382 legem
1557 1341 1797 1374 assecuratorum
1808 1344 1950 1383 perituro

1088 1382 1225 1414 mansisse
1254 1391 1343 1414 1200.
1379 1381 1538 1420 florenos,
1574 1392 1667 1423 atque
1693 1382 1853 1415 assecurari
1882 1395 1946 1418 non

1088 1423 1224 1465 potuisse
1247 1423 1304 1455 nisi
1333 1423 1370 1454 ad
1398 1433 1509 1464 12557.
1532 1423 1602 1456 1101.
1629 1425 1659 1455 ἃ
1687 1434 1782 1466 000111
1799 1425 1950 1458 assecura-

1089 1473 1156 1496 tum
1177 1464 1253 1496 esset
1269 1464 1305 1495 ud
1329 1474 1438 1506 13000.
1462 1464 1530 1497 flor.
1553 1465 1640 1505 plus,
1664 1475 1828 1510 quam-per
1847 1467 1951 1509 legem
1988 1478 1990 1480 ’

1088 1506 1162 1537 licet
1181 1529 1190 1543 ,
1215 1505 1400 1537 assecuratos
1425 1505 1486 1537 ess'e
1509 1516 1583 1547 443.
1607 1505 1676 1537 flor.
1702 1507 1731 1538 <Sc
1755 1507 1828 1538 mdc
1851 1507 1953 1541 rursus

1088 1547 1247 1588 quaesitum
1277 1546 1340 1586 est,
1367 1548 1420 1578 1113
1445 1548 1555 1582 annom*
1575 1547 1625 1578 cui
1651 1547 1763 1586 cedat,
1785 1557 1823 1580 an
1849 1549 1950 1581 omni-

1088 1589 1144 1620 bus
1158 1588 1413 1621 assecuratoribus
1434 1597 1491 1629 pro
1508 1598 1572 1619 1313
1584 1611 1594 1626 ,
1605 1598 1642 1620 an
1663 1587 1828 1629 postremis
1844 1590 1954 1623 dunta-

1087 1630 1166 1664 xat?
1188 1630 1258 1669 Ego
1274 1630 1436 1670 putabam,
1459 1628 1531 1661 solis
1548 1628 1726 1670 postremis,
1753 1639 1823 1662 nam
1842 1640 1882 1663 ex
1893 1631 1950 1664 Le-

1089 1672 1174 1714 gibus
1191 1671 1336 1703 Nauticz‘r
1349 1670 1486 1711 Philippi
1505 1670 1543 1702 11.
1573 1670 1605 1702 T.
1631 1670 1703 1702 VII.
1727 1670 1753 1712 §.
1783 1681 1830 1712 15.
1855 1672 1953 1714 (quo-

1090 1723 1162 1748 cum
1179 1713 1332 1744 convenit
1351 1711 1378 1752 §.
1402 1722 1452 1753 32.
1477 1712 1548 1753 Μ.)
1573 1711 1673 1753 plures
1688 1711 1954 1754 assecu1·ationes‚

1089 1755 1152 1787 fine
1167 1754 1244 1785 dolo
1261 1754 1344 1785 malo
1357 1753 1449 1786 faetae
1459 1776 1469 1792 ‚
1492 1762 1565 1785 rata:
1583 1752 1652 1785 sunt
1669 1753 1706 1785 ad
1719 1753 1836 1795 justum
1848 1764 1952 1787 rerum

1090 1796 1229 1827 valorem
1246 1818 1256 1834 ‚
1280 1795 1300 1826 si
1326 1794 1408 1826 hunc
1432 1795 1584 1827 excedant
1605 1817 1613 1829 ,
1638 1795 1746 1835 primae
1768 1795 1895 1834 valent,
1919 1796 1952 1829 δι

1089 1836 1255 1879 postremae
1274 1835 1357 1876 quod
1374 1835 1410 1867 ad
1429 1837 1547 1874 ὁπτροχ-ιῖν
1565 1834 1791 1868 rescinduntur.
1835 1836 1952 1869 Sedita

1091 1878 1173 1910 solus
1189 1877 1336 1919 putabam
1346 1901 1354 1913 ,
1369 1877 1478 1918 reliqui
1495 1886 1604 1909 omnes
1617 1877 1782 1909 Senatores
1796 1877 1952 1911 existima-

1090 1920 1186 1957 bant,
1209 1919 1238 1949 id
1251 1941 1259 1955 ‚
1278 1918 1361 1960 quod
1379 1918 1530 1959 superest,
1551 1919 1630 1950 inter
1640 1927 1749 1950 omnes
1766 1917 1952 1952 assecurato-

1090 1971 1138 1993 res
1155 1960 1214 1992 esse
1231 1959 1430 1991 dividendum
1441 1983 1450 1999 ‚
1476 1960 1505 1991 δε
1527 1959 1655 2000 singulis
1678 1960 1787 1992 cedere
1801 1969 1859 2000 pro
1873 1968 1952 1993 rata.

1090 2002 1125 2034 Id
1139 2001 1317 2033 efficiebant
1332 2010 1370 2031 ex
1390 2001 1418 2041 ζ).
1446 2010 1492 2042 13.
1516 2000 1616 2032 Emer.
1640 1999 1772 2042 Philipp.
1795 2000 1835 2034 11.
1860 2010 1950 2042 1570.

1091 2044 1121 2076 &
1136 2043 1162 2083 §.
1190 2053 1242 2083 23.
1267 2042 1318 2082 0111
1335 2042 1438 2082 ajunt,
1464 2052 1526 2073 tam
1550 2040 1759 2083 postremum,
1778 2051 1868 2083 quam
1890 2042 1951 2083 pri-

1090 2094 1174 2116 rnum
1194 2083 1435 2115 assecuratorem
1451 2083 1488 2114 de
1505 2084 1619 2114 damno
1631 2083 1681 2115 vel
1701 2084 1789 2116 lucro
1805 2092 1846 2115 ex
1859 2091 1951 2124 aequo

1092 2125 1210 2162 teneri,
1234 2124 1316 2166 quod
1343 2123 1428 2156 forte
1452 2124 1688 2165 intelligendum
1710 2123 1755 2156 est
1770 2148 1780 2163 ‚
1802 2124 1825 2162 fi
1848 2125 1952 2157 minus

1091 2167 1128 2199 fit
1153 2165 1374 2204 assecuratum,
1399 2175 1488 2206 quam
1517 2165 1678 2198 assecurari
1704 2173 1848 2207 poterat,
1872 2166 1952 2198 alio-

1115 2209 1165 2240 uin
1186 2206 1343 2239 frontibus
1368 2207 1501 2238 adver-fis
1531 2214 1648 2249 pugnat
1674 2216 1746 2239 cum
1772 2208 1800 2239 d.
1832 2207 1860 2248 ὃ.
1898 2214 1950 2248 15.

1092 2219 1166 2281 {L
1192 2249 1319 2280 Νιιιιιέε.
1342 2248 1398 2279 nisi
1413 2249 1551 2280 dieamus
1567 2250 1595 2280 cl.
1621 2247 1649 2289 §.
1675 2258 1724 2290 13.
1746 2247 1903 2290 abrogasse
1919 2248 1949 2281 d.

1092 2290 1120 2332 §.
1150 2300 1198 2330 15.
1225 2289 1308 2330 quod
1334 2298 1394 2330 ego
1420 2300 1482 2331 non
1499 2289 1593 2322 ausim
1610 2291 1733 2329 dicere,
1758 2299 1854 2330 quum
1871 2297 1951 2321 uter-

1092 2341 1154 2372 que
1175 2332 1202 2371 §.
1225 2331 1262 2362 sit
1290 2330 1423 2362 insertus
1442 2330 1565 2362 Formae
1590 2330 1840 2369 affectu-ationis,
1863 2338 1953 2371 quam

1094 2372 1385 2413 Middelburgenses
1414 2371 1558 2410 servant,
1582 2373 1662 2404 alter
1688 2373 1720 2404 in
1750 2371 1778 2413 §.
1800 2380 1848 2412 25.
1873 2371 1951 2404 alter

1095 2415 1125 2446 in
1145 2414 1172 2456 §.
1195 2423 1246 2455 32.
1270 2412 1404 2454 ejusdem
1426 2412 1557 2445 Formae.
1603 2413 1693 2452 Iino,
1717 2413 1952 2454 inquiebantre-

1095 2457 1171 2496 liqui
1194 2458 1359 2487 Senatores
1378 2478 1387 2492 ‚
1420 2463 1521 2494 neque
1544 2454 1602 2486 alia
1625 2455 1747 2486 ratione
1770 2453 1953 2495 ulla‘pugna

1095 2496 1160 2535 est,
1184 2506 1254 2528 nam
1274 2497 1305 2527 in
1319 2497 1347 2527 d.
1372 2495 1401 2537 §.
1426 2504 1475 2535 15.
1497 2494 1597 2527 sermo
1615 2495 1659 2528 est
1671 2497 1710 2527 de
1725 2493 1953 2526 assecurationi-

1093 2539 1170 2577 bus,
1194 2547 1262 2580 quae
1283 2537 1410 2569 diversis
1435 2536 1515 2569 locis
1543 2536 1633 2569 fattae
1660 2535 1748 2574 sunt3
1770 2537 1800 2568 &
1824 2535 1864 2568 fic
1888 2533 1952 2575 est,

1094 2579 1146 2612 sed
1164 2588 1227 2611 11011
1243 2578 1394 2610 aliaforte
1407 2577 1495 2610 causa
1507 2601 1516 2615 ‚
1533 2587 1622 2619 quam
1639 2577 1723 2619 quod
1737 2585 1829 2609 nemo
1845 2575 1954 2618 prael‘ur

1095 2628 1198 2653 matur
1212 2630 1274 2652 uno
1293 2620 1464 2660 eodemque
1480 2619 1554 2650 loco
1568 2618 1689 2650 easdem
1707 2628 1753 2651 res
1770 2617 1816 2650 bis
1832 2617 1862 2650 in
1878 2615 1949 2650 asse-

1095 2662 1292 2693 curationem
1319 2661 1473 2692 deducere
1489 2683 1500 2699 ,
1532 2660 1673 2701 alioquin
1703 2659 1776 2700 quid
1801 2656 1926 2691 interest
1942 2680 1953 2698 ,

1095 2703 1220 2734 diversis
1240 2702 1322 2734 locis
1335 2725 1344 2738 ‚
1360 2711 1396 2733 311
1415 2710 1477 2732 uno
1490 2723 1501 2740 ‚
1515 2699 1607 2732 faeta:
1622 2700 1743 2733 fuerint
1759 2699 1956 2732 assecuratio-

1096 2744 1176 2776 nes‘?
1200 2752 1258 2775 nec
1277 2743 1358 2774 inter
1380 2744 1448 2773 loca
1464 2743 1631 2783 quicquam
1649 2742 1744 2773 etiam
1762 2740 1956 2782 distinguunt

1096 2786 1123 2816 cl.
1150 2783 1198 2826 §§.
1228 2793 1274 2825 13.
1302 2784 1338 2818 &¹
1357 2793 1406 2824 9-53-
1432 2782 1467 2817 G?
1494 2783 1522 2825 §.
1547 2792 1597 2822 25.
1647 2782 1734 2814 Utile
1761 2782 1821 2813 erit
1838 2781 1884 2814 his
1905 2779 1957 2813 ad·

1096 2826 1190 2864 dere,
1214 2835 1282 2865 quae
1301 2824 1390 2864 supra
1408 2824 1560 2865 1111111113νί
1581 2824 1612 2855 C.
1637 2823 1676 2856 11.
1704 2822 1744 2864 vſs
1771 2822 1860 2854 Belle.

1142 2865 1286 2898 ‘sanaem
1301 2874 1395 2896 etiam
1411 2866 1572 2906 quaesitum
1593 2864 1658 2904 est,
1676 2873 1713 2896 an
1734 2862 1830 2895 usuris
1843 2861 1958 2895 Cente-

1100 2907 1181 2941 fimis
1204 2906 1257 2938 hic
1285 2905 1361 2938 esset
1394 2906 1481 2938 loeus
1498 2907 1514 2938 ἱ)
1537 2906 1581 2938 Et
1606 2907 1711 2938 locum
1732 2903 1790 2936 ess'e
1818 2904 1958 2948 plerique

1101 2950 1267 2981 Senatores
1297 2947 1526 2988 respondebant
1543 2970 1555 2986 ,
1587 2947 1627 2980 sic
1651 2946 1732 2978 enirn
1754 2945 1891 2990 jubet-S).
1924 2954 1958 2988 3.-

1099 2989 1215 3022 Statuti
1234 2987 1537 3022 Amsterdummcnfis
1554 2992 1604 3021 26.
1627 2988 1691 3029 Jan.
1719 2990 1808 3018 1610.
1834 2990 1954 3031 11110111,

1096 3039 1136 3072 pe
1163 3029 1358 3070 ‚asseeuratus
1375 3054 1384 3069 ,
1425 3030 1505 3071 apud
1540 3031 1661 3071 Judices
1697 3028 1957 3062 allecti-zitronum

1096 3072 1277 3106 damnatus.
1302 3071 1405 3104 statim
1426 3081 1489 3103 non
1520 3071 1622 3103 solvat
1637 3093 1649 3110 ,
1671 3069 1752 3116 aliud
1781 3073 1845 3115 011,
1870 3067 1891 3101 si
1913 3067 1956 3106 ibi

1099 3113 1208 3144 vincat
1231 3112 1435 3150 assecuratus,
1460 3113 1490 3144 ὅ(
1508 3113 1619 3144 demde
1643 3112 1672 3143 in
1690 3114 1808 3150 judicius
1828 3109 1955 3151 eppesla-

1098 3154 1195 3186 tionis
1212 3154 1365 3186 vincatur.
1400 3154 1470 3193 Qua
1486 3154 1525 3186 de
1544 3164 1578 3186 re
1594 3153 1680 3195 plura
1694 3151 1758 3182 dixi
1782 3155 1812 3182 (⁸.
1838 3150 1891 3183 111.
1913 3149 1953 3196 vs}

1102 3194 1230 3237 (Hirrus,
1256 3196 1285 3229 ὃς
1303 3196 1337 3232 C.
1360 3195 1414 3228 lv.
1439 3194 1484 3235 vs.
1510 3196 1611 3230 Curia.
1648 3192 1698 3228 De
1715 3192 1763 3226 his
1780 3191 1956 3263 Ceritefimsss

1907 3242 1921 3263 a
1945 3249 1954 3255 ι

1984 2804 2008 2887 Ξ

1989 2897 2008 2923 ,ῑῖ

1983 2943 1996 2965 ΔΙ
