2008 3436
189 113 258 157 gp
441 100 837 145 CORNELII

191 197 304 230 landiae
325 219 334 235 ‚
368 196 423 234 δε,
457 205 496 229 ex
523 196 734 238 appellatione
752 217 760 229 ,
791 193 871 234 apud
905 195 1052 225 Senatum

192 239 375 278 Supremuni
400 238 520 269 incidit.
574 237 666 276 Cijus
702 235 803 266 Titiae
831 236 860 266 ὃς
893 235 1024 266 Maeviae
1043 256 1052 271 .

195 279 270 310 dato
298 278 507 319 chirographo
532 277 690 319 proziiittit
712 299 720 310 ,
754 274 784 306 se
820 276 882 307 illis
908 276 1053 307 daturum

196 324 286 352 1600.
312 319 464 358 florenos,
490 320 530 357 fi,
553 320 619 349 voti
638 317 699 353 sui,
725 325 854 356 compos
873 316 976 356 Cajnni
998 315 1053 346 du-

194 369 282 391 ceret
300 370 437 392 uxorem.
485 359 649 400 Postquam
670 357 776 396 Cajarn
794 357 946 397 duxisset,
973 357 1053 388 solu-

194 402 316 433 tionem
340 401 507 437 <icti-efran,
535 403 563 431 ὁ(
583 423 592 436 ,
623 408 656 430 ut
682 397 840 436 solveret,
864 397 1055 429 convenitur

195 443 277 483 apud
294 442 419 474 Curiam
446 441 644 477 Hoilandiae‚
668 439 832 479 implorata
857 438 1056 471 restitutione

194 485 226 515 in
247 484 402 524 integrum
423 490 533 513 contra
549 481 624 513 illud
645 481 909 520 chirographum,
931 479 981 511 sed
1005 479 1054 509 ab·

193 524 329 558 solvitur
347 534 398 565 30.
421 523 480 562 Jul.
511 531 599 562 1717.
616 522 722 561 ,sunder
746 523 872 563 reginarii
902 528 928 551 te
952 529 1054 551 nemen

196 572 230 606 op
247 567 280 596 de
300 562 438 606 Requeste
460 564 574 601 Civile,
600 563 643 593 als
668 563 713 593 die
729 563 768 603 hy
784 564 967 602 Sempronius
992 571 1054 591 van

194 617 306 650 geetzeiz
325 609 409 637 noode
428 605 494 635 had.
519 604 671 635 damnatis
690 604 785 635 etiam
813 603 903 635 Titia
923 604 951 634 dt
970 602 1053 633 Maz-

196 649 248 678 via
265 649 295 679 in
311 645 461 686 expensas
485 646 558 677 litis.
583 644 741 676 Defun‘Ela
760 644 870 684 Titia,
896 644 958 675 sola
976 644 1054 674 Mae-

193 690 246 719 via
265 688 402 728 appellat
418 686 454 717 ad
472 686 619 718 Senatum
639 686 822 725 Supremum
835 709 843 720 ,
870 686 899 717 &
926 694 989 724 quo
1009 682 1054 714 ef-

195 729 320 770 fugeret
347 736 563 768 argumentum
586 726 766 764 adversarii,
790 726 839 762 id.
864 727 948 767 quod
969 726 1053 763 dixi,

194 769 439 810 chirographum
468 777 531 799 non
561 767 673 799 habere
698 766 818 798 causam
844 767 962 805 debiti,
986 776 1053 798 eam

196 811 320 843 aliunde
336 810 469 850 probare
486 809 617 847 nititur,
641 809 825 849 ‘versbekerzde
848 810 935 839 oncler
954 806 1056 847 henefi-

197 862 228 883 σε
241 863 302 882 vim
324 848 465 892 Requeste
489 851 603 888 Civile,
629 860 671 880 om
691 852 804 880 nieuwe
815 850 914 889 seiten
934 855 960 880 te
986 859 1056 881 vizon-

196 903 254 935 gen
279 893 397 934 poserem
422 902 458 923 en
479 890 633 931 ‘verificrcrz
651 915 660 928 ,
686 891 832 931 porrecto
857 891 952 922 etiarn
983 900 1059 922 tunc

196 936 322 967 Senatui
346 934 438 964 trium
458 933 582 964 testium
601 932 730 972 optimae
755 940 839 963 notae
859 931 1059 969 testimonm,

198 977 312 1016 quibus
330 975 394 1015 ipse
430 973 523 1014 Caius
552 973 788 1012 adfirmaverat,
821 974 971 1005 Maeviam
1007 972 1059 1004 sibi

197 1017 366 1058 plurimum
389 1025 491 1055 operae
511 1013 654 1055 praestare
678 1015 708 1046 in
735 1014 960 1051 conciliandis,
987 1023 1061 1053 quas

198 1067 275 1089 tunc
302 1057 488 1094 ambiebat,
519 1056 647 1096 nuptiis.
694 1055 773 1086 Haec
804 1054 926 1085 scilicet
957 1054 1062 1086 fuerat

199 1098 290 1131 causa
313 1098 429 1135 debiti,
454 1097 503 1128 sed
525 1106 589 1127 non
617 1095 727 1127 inserta
761 1095 967 1136 chirographo
983 1119 992 1133 ‚
1017 1095 1058 1126 ob

200 1149 321 1171 metum
342 1139 426 1171 forte
446 1138 567 1169 inanem
581 1161 588 1172 .
612 1146 651 1168 ne
672 1136 743 1168 satis
764 1138 873 1168 idonea
889 1136 1058 1168 videretur.

200 1180 376 1227 Quaesitum
404 1177 449 1210 est
466 1201 477 1216 ‚
501 1178 534 1218 of
555 1179 588 1208 de
614 1178 754 1218 ιυοονμλνν.
787 1175 890 1216 lacitste
918 1174 1059 1216 Reque-lie

203 1222 301 1254 Civile
317 1222 446 1252 Lehoorde
467 1226 492 1250 te
511 1220 630 1249 werden
648 1217 882 1260 geimeri'izeert'?
908 1217 934 1247 ὅ(
955 1217 995 1248 sic
1016 1217 1060 1247 vi-

197 1263 265 1297 sum
298 1262 342 1294 est
365 1261 489 1292 Senatui
516 1269 548 1298 5.
580 1258 729 1290 Decemb.
770 1268 858 1299 1720.
889 1257 963 1298 (4)
991 1267 1060 1288 nam

201 1303 291 1337 causa
316 1302 413 1334 debiti
441 1300 482 1332 iic
508 1300 578 1331 satis
608 1300 719 1330 idonee
753 1299 918 1330 videbatur
950 1298 1060 1339 proba-

202 1354 254 1382 ta,
279 1345 308 1375 ἅ
326 1352 392 1374 eam
419 1340 542 1373 causam
570 1340 631 1371 effe
649 1341 726 1371 adeo
749 1348 891 1381 turpem,
918 1348 952 1370 ut
972 1340 1010 1370 de
1026 1349 1061 1370 ea

200 1389 248 1428 Jus
269 1385 331 1416 dici
355 1393 418 1415 non
446 1381 564 1423 postet,
598 1382 722 1414 Senatui
750 1392 811 1412 non
843 1389 904 1412 tarn
942 1381 1060 1421 liquido

200 1425 363 1458 constabat
381 1447 392 1463 ‚
428 1433 462 1455 ut
475 1446 485 1462 ,
500 1422 617 1464 reiefto
635 1423 743 1456 libello
760 1422 879 1455 Maevia
903 1423 1060 1454 continuo

200 1467 278 1500 esset
300 1466 489 1507 repellenda.

243 1509 353 1552 Quum
375 1507 499 1539 demum
523 1517 559 1539 ea
583 1507 671 1540 causa
694 1508 842 1541 Senatum
868 1515 1058 1549 occuparet,

200 1551 234 1583 ἃ
253 1550 373 1582 Maevia
399 1559 456 1590 pro
481 1548 628 1581 defuncta
646 1550 707 1590 jam
737 1550 828 1582 Titia
856 1550 1061 1581 interveniret

202 1593 232 1624 ὅ(
259 1591 297 1622 de
325 1597 394 1622 rato
417 1599 544 1622 caveret
567 1613 576 1628 ,
601 1591 745 1623 omnibus
773 1592 973 1622 Senatoribus
997 1591 1059 1631 pla-

201 1633 291 1669 cuit,
314 1631 471 1664 neminem
491 1640 633 1663 exterum
653 1642 710 1672 pro
732 1631 885 1664 defunctis
909 1632 991 1663 rotie
1015 1633 1059 1664 in-

200 1674 380 1711 tervenire,
406 1673 435 1705 &
453 1682 492 1704 ne
512 1682 569 1714 pro
586 1673 668 1704 vivis
683 1673 828 1714 quidem,
853 1673 907 1705 nifi
933 1674 1058 1714 propin-

200 1715 252 1756 qui
278 1714 386 1746 effent.
432 1713 544 1754 Ajebat
574 1714 699 1755 quidem
729 1715 875 1753 Marma,
907 1713 936 1746 se
960 1714 1061 1746 Titiae

200 1756 268 1787 ess'e
293 1755 513 1794 crediti-icem,
540 1754 590 1786 sed
615 1765 677 1787 non
704 1756 872 1796 probabat,
897 1756 926 1787 ὅ(
941 1755 1014 1796 quid
1040 1755 1062 1787 si

200 1796 394 1838 probasset?
427 1796 516 1828 Alios
541 1796 632 1828 Titia
655 1797 786 1828 habebat
815 1797 951 1828 haeredes
969 1819 979 1836 ,
1009 1797 1061 1838 qui

201 1847 266 1870 non
289 1838 536 1878 appellaverant,
564 1837 594 1869 δι
614 1838 666 1879 qui
698 1845 801 1870 tamen
822 1837 876 1870 soli
896 1838 980 1869 recle
996 1848 1063 1869 eain

202 1878 476 1920 repraesentabant.
520 1878 618 1919 igitur
639 1879 723 1920 quod
739 1880 776 1911 ad
795 1878 941 1911 semiffern
962 1879 1063 1911 Titiae

204 1920 324 1960 repulsa
341 1918 405 1951 fuit
422 1920 551 1952 Maevia.
598 1919 649 1951 De
675 1921 736 1952 alio
755 1920 873 1952 semisse
893 1921 960 1962 plus
977 1921 1063 1953 dubi-

204 1968 303 1992 tatum
325 1960 380 1993 est.
426 1960 520 2000 Cujus
540 1960 664 2001 quidem
684 1961 884 2000 adfirmabat,
910 1962 985 1994 dolo
1001 1971 1063 1994 ma-

202 2001 237 2033 10
254 2001 307 2032 sibi
325 2010 487 2033 extortum
504 2001 565 2033 effe
583 2003 657 2033 illud
674 2002 933 2044 chirographum,
953 2002 1004 2034 sed
1020 2003 1064 2034 ni-

203 2042 249 2073 hil
276 2042 339 2082 ejus
365 2042 409 2073 rei
435 2042 611 2083 probabat3
645 2052 741 2083 utque
763 2044 842 2074 adeo
870 2043 949 2075 nihil
975 2044 1066 2084 plane

203 2082 301 2120 effer,
325 2083 409 2124 quod
435 2081 625 2114 restitutioni
649 2084 680 2115 in
706 2085 880 2125 integrum,
903 2085 981 2124 apud
1002 2084 1064 2116 Cu-

203 2125 280 2155 riam
306 2124 501 2165 imploratae,
534 2123 654 2155 causam
683 2125 754 2155 dare
782 2126 932 2165 potuerit.
978 2122 1066 2157 Non-

203 2164 281 2197 nulli
303 2165 488 2202 Senatores,
510 2164 548 2195 ad
566 2165 832 2197 condemnandum
851 2164 959 2204 Cajum
971 2189 982 2204 ,
1005 2165 1064 2198 suf-

203 2204 299 2238 ficere
315 2205 488 2247 putabant,
512 2206 595 2249 quod
617 2205 798 2248 simpliciter
820 2207 1002 2250 promisiss‘et
1028 2208 1064 2240 il-

913 115 1022 143 VAN

805 2306 1155 2343 CAPUT

1096 98 1701 144 BYNKERSHOEK

1097 194 1156 226 larn
1175 193 1358 235 pecuniam,
1377 191 1406 232 si
1434 194 1536 236 Cajcim
1565 193 1688 235 duxi'ffet
1716 204 1831 226 uxorem
1848 219 1857 234 ,
1886 198 1952 238 quie
2000 192 2003 203 ¹

1096 236 1240 267 conditio
1259 235 1440 273 exstiterat,
1465 235 1680 266 conditionem
1701 245 1781 267 ennii
1809 236 1870 268 effe
1897 248 1953 279 pro
1996 234 1999 242 '

1097 276 1204 312 causa,
1230 286 1264 307 ut
1292 277 1364 316 Jure
1390 276 1556 314 Romano,
1576 275 1705 314 fimavit
1723 287 1759 308 ex
1775 277 1848 316 Asta
1868 289 1952 312 vene-

1095 319 1155 354 rit,
1174 316 1202 355 fi
1221 318 1404 358 Sempronius
1426 318 1526 357 Corgs‘ul
1550 316 1652 357 fucitis
1664 317 1781 357 fuerit,
1806 320 1835 350 ol
1860 319 1904 352 bis
1919 321 1952 354 fi-

1098 359 1192 390 milia.

1098 438 1278 481 stipulatio,
1301 440 1321 471 si
1339 440 1415 471 nihil
1438 441 1604 480 quicquam
1621 439 1810 478 stipulatoris
1829 443 1955 484 interfit,

1098 481 1315 512 conditionem
1339 482 1458 521 impleri
1479 504 1489 520 ,
1513 483 1564 512 vel
1589 491 1652 512 nim
1680 482 1819 522 impleri,
1842 483 1954 517 incide-

1098 530 1145 553 ret
1172 522 1200 552 in
1229 520 1420 562 sponfiones,
1446 531 1521 568 quas
1543 532 1596 553 wei
1612 525 1721 565 magen
1746 524 1954 567 appellamus,
2006 523 2008 540 ²

1099 564 1128 595 ὃ(
1149 563 1186 593 de
1202 563 1312 601 quibus
1336 563 1383 602 jus
1403 563 1464 593 dici
1490 573 1557 595 raro
1577 565 1674 602 solt-t,
1700 565 1770 604 quia
1791 569 1818 595 ot
1835 565 1952 604 quibus·
2006 563 2008 575 ¹

1097 604 1166 635 dam
1192 604 1312 644 legibus
1336 604 1529 644 prohibitum
1556 604 1599 635 est
1619 629 1627 643 ,
1652 615 1713 636 non
1743 605 1837 645 magis
1860 615 1895 637 ac
1917 607 1955 640 de

1100 643 1242 685 quolibet
1262 644 1338 676 lusu.
1383 644 1526 685 Plerique
1552 654 1653 676 autem
1681 646 1843 678 Senatores
1865 646 1901 678 de
1921 657 1956 682 ea

1099 685 1345 726 jurisprudentia
1364 686 1414 716 hic
1431 694 1491 716 non
1510 696 1594 717 erant
1613 686 1759 719 solliciti.
1785 686 1955 722 existiman-

1100 736 1166 765 tes,
1192 726 1277 758 illam
1304 726 1526 767 inspectionem
1554 727 1591 758 ab
1616 727 1674 758 hac
1696 727 1752 759 lite
1777 728 1867 760 valde
1887 730 1955 762 alie·

1100 778 1171 800 nam
1189 767 1269 804 esse,
1294 767 1414 798 abunde
1440 768 1522 799 enirn
1546 767 1704 808 constare,
1729 768 1821 800 etiam
1847 779 1886 801 ex
1904 780 1957 804 ore

1101 809 1193 849 ipslus
1209 808 1275 848 Caji
1290 808 1384 844 ‚hoc
1409 809 1640 849 proxeneticon
1666 809 1756 841 suiss'e
1779 810 1956 851 proniiss'um

1101 860 1160 891 pro
1179 859 1292 890 opera,
1317 850 1346 880 in
1368 850 1572 882 conciliandis
1594 850 1660 890 ejus
1687 851 1803 892 nuptiis
1826 851 1958 893 pra-stlta

1103 892 1132 922 ἃ
1152 891 1249 923 adhuc
1269 889 1448 931 praestanda.
1492 891 1535 922 Et
1553 900 1646 932 quum
1671 901 1734 924 non
1759 893 1861 925 minus
1885 903 1957 926 con—

1104 931 1210 969 staret,
1235 932 1386 963 Maeviam
1406 955 1414 971 ,
1447 932 1538 964 bonis
1560 933 1689 970 avibus,
1710 933 1737 964 ei
1766 935 1807 965 rei
1832 943 1958 975 operam

1105 972 1188 1004 suam
1204 972 1452 1004 accommodasse
1463 997 1470 1009 ,
1498 972 1559 1005 sola
1575 972 1707 1013 quaestio
1725 982 1811 1013 erat,
1825 985 1863 1007 an
1879 975 1958 1016 ejus-

1104 1014 1187 1045 modi
1214 1015 1447 1053 proxeneticon
1468 1014 1537 1054 jux-e
1560 1015 1643 1056 exigi
1667 1014 1794 1055 posset?
1819 1019 1848 1048 oc
1876 1013 1960 1058 poss'e

1103 1055 1164 1095 jam
1182 1053 1270 1095 supra
1289 1053 1468 1094 disputavi,
1494 1056 1522 1086 ὅ(
1539 1065 1611 1087 cum
1629 1065 1676 1087 res
1695 1057 1781 1087 licita
1799 1056 1834 1089 sit
1855 1058 1960 1089 matri-

1101 1095 1215 1127 moniis
1233 1095 1437 1127 conciliandis
1455 1098 1596 1136 operari,
1620 1098 1697 1137 apud
1712 1107 1819 1130 omnes
1835 1099 1962 1131 Senato-

1101 1146 1150 1167 res
1168 1137 1235 1175 plus
1261 1136 1408 1167 valebant
1432 1137 1587 1176 rationes,
1613 1147 1686 1178 quas
1714 1138 1773 1177 jam
1794 1140 1886 1170 attuli
1904 1148 1961 1180 pro

1102 1176 1254 1207 sententia
1268 1176 1458 1212 affirmante,
1480 1185 1569 1216 quam
1590 1188 1646 1218 pro
1663 1188 1806 1217 negante.
1837 1179 1959 1212 Provo-

1105 1217 1217 1249 cabant
1233 1218 1325 1247 etiam
1343 1217 1379 1247 ad
1395 1217 1613 1249 auctor-itatem
1632 1219 1712 1259 Juris
1727 1219 1880 1259 Romani,
1905 1222 1959 1256 ho-

1104 1258 1155 1289 die
1179 1267 1242 1289 non
1266 1257 1399 1293 mutati,
1424 1258 1453 1288 dt
1479 1258 1515 1288 ad
1542 1259 1619 1297 alia,
1644 1260 1834 1300 quibus'jam
1855 1261 1962 1295 defun·

1104 1299 1170 1330 filus
1198 1298 1262 1330 sum
1280 1321 1290 1336 ,
1320 1307 1422 1339 neque
1451 1301 1531 1329 enim
1560 1299 1662 1340 placet
1686 1310 1842 1341 apponere
1864 1311 1960 1335 cram·

1104 1341 1173 1372 bem
1193 1340 1358 1371 recoctam.
1405 1339 1509 1380 Atque
1527 1340 1596 1372 haze
1612 1349 1777 1373 moverunt
1792 1344 1959 1383 Senatum,

1104 1390 1161 1419 ut,
1186 1380 1307 1416 rescissa
1333 1380 1438 1412 Curiae
1467 1379 1638 1419 sententia,
1664 1383 1692 1414 ἃ
1709 1383 1818 1423 rejecta
1839 1383 1960 1417 restitu-

1104 1424 1190 1454 tione
1216 1423 1245 1453 in
1266 1423 1420 1461 integrum
1435 1446 1443 1458 ‚
1468 1422 1548 1460 apud
1566 1424 1691 1454 eandem
1709 1422 1832 1457 Cui-iani
1850 1425 1960 1468 implo-

1103 1473 1186 1502 rata,
1212 1463 1338 1495 Maeviae
1368 1463 1604 1503 proxeneticum
1635 1465 1787 1496 addixerit
1811 1466 1848 1498 ad
1868 1475 1962 1508 usque

1103 1513 1177 1590 ἔζεε).
1200 1504 1346 1539 floreno&
1381 1504 1426 1534 Ita
1443 1503 1617 1546 judicatum
1635 1504 1680 1540 est
1699 1514 1748 1540 21.
1773 1505 1843 1540 Οξὶ.
1869 1517 1958 1551 1723.

1147 1591 1189 1623 Ut
1205 1598 1308 1622 autem
1323 1590 1402 1621 nihil
1418 1590 1483 1629 ejus
1500 1590 1563 1623 litis
1579 1590 1722 1623 omittam
1733 1615 1742 1627 ,
1766 1600 1862 1632 porro
1877 1591 1962 1632 quaess

1102 1631 1193 1664 fitum
1211 1630 1256 1663 est
1270 1655 1279 1670 ‚
1305 1631 1338 1671 of
1352 1632 1399 1672 ool<
1421 1631 1508 1674 Cujus
1526 1631 1610 1673 7720er
1634 1634 1867 1674 gecondenmeert
1883 1641 1960 1663 wer·

1104 1675 1159 1705 den
1173 1675 1205 1704 in
1228 1675 1261 1704 de
1284 1675 1359 1703 boete
1385 1682 1446 1703 van
1472 1675 1504 1704 cle
1530 1674 1736 1716 gerejecieercle
1754 1672 1892 1715 Requeste
1911 1673 1959 1704 Ci-

1104 1715 1182 1753 vile,
1209 1720 1294 1756 tegeri
1321 1723 1378 1755 zyn
1400 1714 1585 1755 hanclscslirfc
1613 1715 1725 1757 verjbgt
1745 1715 1762 1746 ‚9
1784 1716 1813 1746 &
1839 1713 1960 1755 rejectis

1104 1756 1254 1796 ejusmodi
1270 1755 1382 1787 libellis
1400 1764 1522 1796 paenam
1543 1755 1713 1788 statuerunt
1729 1755 1862 1788 Ordines
1880 1754 1959 1787 Hol-

1106 1797 1218 1829 landiae
1244 1797 1274 1828 in
1306 1795 1333 1837 §.
1362 1800 1409 1830 18.
1446 1796 1614 1837 Ampliatae
1647 1795 1767 1829 Formae
1801 1797 1960 1837 utriusque

1107 1837 1211 1870 Curiae
1230 1838 1298 1870 anni
1321 1841 1409 1877 1644.
1455 1837 1590 1884 Quidam
1610 1838 1771 1870 Senatores
1788 1837 1960 1879 negabant,

1105 1889 1208 1921 poenae
1235 1880 1340 1911 locum
1364 1878 1445 1916 else,
1469 1879 1539 1919 quia
1560 1879 1641 1920 apud
1658 1877 1780 1910 Curiam
1799 1901 1809 1917 ,
1831 1878 1962 1920 penden-

1107 1929 1139 1952 te
1163 1920 1206 1952 ibi
1233 1921 1308 1956 lite,
1333 1920 1515 1960 imploratus
1537 1928 1604 1951 erat
1631 1920 1753 1953 libellus
1770 1942 1780 1959 ,
1803 1920 1832 1952 &
1855 1929 1871 1951 a
1895 1917 1957 1951 Cu-

1105 1962 1150 1994 ria
1178 1961 1376 2002 praeteritus,
1400 1969 1492 2001 atque
1514 1960 1535 1993 fi
1560 1970 1598 1991 eo
1622 1970 1700 2001 opus
1723 1970 1784 1992 non
1814 1959 1963 1992 habuisset

1108 2002 1230 2042 Caius,
1261 2001 1311 2034 sed
1343 2001 1499 2042 plerisque
1524 2002 1726 2034 Senatoribus
1758 2001 1874 2043 placuit
1908 2003 1958 2032 26.

1108 2044 1179 2075 Oti.
1209 2052 1298 2085 1723.
1323 2041 1394 2083 (6)
1416 2042 1494 2074 nihil
1523 2042 1640 2074 referre
1661 2064 1671 2081 ‚
1707 2043 1736 2075 in
1758 2051 1820 2084 quo
1841 2041 1971 2082 judicio-

1108 2085 1226 2125 petitus
1254 2084 1329 2115 ess'et
1359 2083 1500 2120 libellus,
1524 2092 1606 2115 nunc
1633 2093 1650 2115 a
1677 2083 1789 2116 Senatu
1809 2082 1961 2123 rejectus,

1109 2126 1244 2156 Ordines
1262 2125 1291 2156 in
1311 2125 1339 2156 d.
1357 2123 1385 2165 ἓ.
1414 2129 1459 2159 13.
1479 2124 1660 2166 simpliciter
1676 2134 1797 2165 poenam
1817 2123 1960 2162 statuere,

1108 2166 1230 2206 rejectis
1257 2166 1406 2206 ejusmodi
1428 2165 1562 2201 libellis,
1596 2166 1625 2197 δε
1648 2174 1665 2197 a
1696 2166 1810 2197 Senatu
1835 2163 1896 2196 esse
1911 2162 1956 2196 fa-

1108 2207 1275 2247 ciundum,
1299 2207 1382 2248 quod
1404 2205 1531 2240 Curiam
1549 2206 1653 2239 facere
1667 2214 1863 2249 oportuerat.

1252 2305 1363 2341 V11.

255 2392 310 2429 Ex
336 2393 520 2429 haereditate
546 2393 752 2429 deducendum
779 2393 837 2440 effe
862 2394 1017 2429 Doarium
1040 2396 1144 2440 ραὲἳίς
1168 2393 1443 2439 antenuptialibus
1467 2392 1670 2441 constitutum
1684 2416 1697 2436 ,
1725 2392 1909 2437 priusquam

784 2445 867 2479 ratio
888 2446 1044 2490 portionis
1070 2445 1222 2490 legitimae
1247 2445 1383 2477 ineatur.

205 2538 421 2619 Doarium
445 2538 513 2570 fere
535 2539 572 2571 ad
589 2538 681 2571 instar
696 2540 762 2580 eius
784 2540 848 2577 est.
875 2541 959 2582 quod
978 2540 1065 2572 Grae-

317 2579 346 2610 ci
363 2579 434 2619 JCti
453 2580 579 2608 κὲωίολον
599 2581 767 2621 appellant.
814 2582 936 2614 Vocem
961 2581 1063 2614 Galli-

206 2631 275 2652 cam
301 2618 458 2652 servamus
478 2643 488 2657 ,
512 2621 583 2661 quia
608 2621 736 2659 Latina,
761 2630 828 2662 quae
860 2623 940 2654 idem
968 2623 1063 2662 dicit,

207 2671 270 2694 non
287 2659 335 2693 est
347 2660 384 2692 ad
402 2670 533 2693 manum.
580 2660 635 2692 Est
650 2669 753 2692 autern
771 2662 902 2693 donatio
915 2663 1066 2703 quaedam,

207 2711 300 2742 quam
316 2702 452 2741 primum
470 2701 605 2734 moriens
635 2701 759 2741 Conjux
781 2702 810 2733 in
834 2703 986 2742 alterum,
1013 2705 1065 2744 qui

204 2741 357 2783 superstes
381 2741 506 2774 futurus
530 2741 596 2780 est,
619 2741 771 2781 confert,
795 2744 906 2775 mortis
932 2743 992 2775 suae
1017 2745 1066 2775 die

205 2782 357 2815 solutioni
376 2782 529 2824 affignata.
576 2783 666 2814 Unde
682 2782 878 2816 manifestum
894 2783 956 2822 est,
980 2785 1064 2825 quod

206 2834 223 2855 a
238 2825 334 2862 dote,
356 2823 526 2856 donatione
552 2832 624 2855 ante
643 2825 694 2856 vel
714 2833 842 2866 propter
864 2826 1005 2866 nuptias,
1035 2828 1063 2857 <Sc

204 2863 384 2906 sponsalitia
406 2865 593 2897 liberalitate
621 2864 746 2896 differat
760 2888 770 2902 ,
791 2874 863 2897 cum
885 2866 996 2907 quibus
1022 2873 1063 2897 ta-

204 2915 275 2937 men
303 2905 372 2938 sunt
390 2927 400 2943 ,
423 2906 474 2946 qui
501 2914 661 2947 perperam
685 2906 893 2939 confundunt.
938 2906 1062 2940 Conui-

205 2947 305 2978 tuitur
322 2945 472 2978 Doarium
500 2947 549 2978 vel
571 2948 662 2987 pacto
686 2948 885 2986 antenuptiali
905 2948 955 2979 vel
976 2947 1063 2980 testa0

203 2995 330 3025 mento,
355 2986 376 3018 si
396 2987 488 3027 patto
507 2987 733 3028 antenuptiali,
757 2989 932 3021 conti-astus
946 2987 1007 3026 est,
1033 2990 1063 3020 ἃ

203 3026 366 3067 praestandi
385 3027 477 3060 habet
496 3028 707 3060 necellitatem
718 3050 730 3066 ‚
756 3036 789 3060 ut
810 3031 936 3072 reliquae
953 3029 1061 3062 condi-

240 3137 301 3175 (4)
322 3138 456 3175 Observar.
481 3140 597 3170 Tumult.
621 3141 652 3170 T.
668 3143 730 3171 vn.
749 3152 775 3172 n.
793 3146 875 3178 1693.

235 3175 296 3213 (5)
317 3176 426 3214 Observ.
449 3178 565 3208 Tumult.
589 3179 619 3208 T.
635 3182 712 3210 Vffl.
731 3190 758 3210 n.
776 3188 858 3216 1974.

1109 2541 1229 2581 tiones,
1254 2539 1309 2572 sub
1326 2539 1437 2580 quibus
1451 2537 1568 2578 nuptiae
1585 2535 1828 2573 contrahuntur,
1853 2534 1883 2566 δι
1902 2534 1964 2567 fine

1108 2581 1227 2622 quibus
1243 2581 1328 2613 forte
1356 2579 1525 2611 contratiae
1548 2587 1610 2609 non
1640 2576 1789 2609 fuiss'ent:
1814 2577 1845 2608 Si
1873 2575 1962 2608 testa-

1108 2631 1234 2661 mento,
1262 2621 1411 2653 Doarium
1429 2628 1491 2650 non
1516 2617 1601 2649 secus
1626 2625 1718 2659 atque
1742 2617 1801 2647 alia
1815 2626 1962 2658 quaecun-

1110 2673 1170 2704 que
1199 2663 1367 2695 liberalitas
1391 2659 1531 2692 revocari
1554 2657 1675 2699 potest,
1702 2659 1731 2690 ὰ
1750 2667 1823 2689 tunc
1847 2658 1962 2691 eaedem

1110 2704 1226 2745 regulae
1244 2705 1273 2735 in
1292 2702 1412 2734 Doario
1431 2701 1553 2739 valent,
1579 2709 1647 2740 quae
1674 2699 1704 2730 in
1725 2698 1861 2730 liaercdes
1882 2697 1965 2730 insti*-

1109 2744 1303 2781 tutionibus,
1327 2737 1575 2784 legatis,a'liisve
1595 2740 1855 2778 liberalitatibus,
1877 2748 1895 2771 a
1911 2739 1962 2771 de·

1106 2785 1217 2816 funtto
1238 2783 1361 2816 relictis.

1151 2825 1209 2857 His
1234 2823 1424 2864 consequens
1449 2822 1513 2861 est,
1534 2832 1593 2854 nec
1613 2823 1651 2855 de
1667 2832 1706 2853 eo
1720 2822 1880 2864 quisquam
1898 2831 1961 2857 am.

1107 2866 1213 2907 bigat,
1236 2866 1256 2897 fi
1277 2864 1462 2896 testamento
1484 2864 1634 2897 Doni-ium
1661 2864 1871 2904 relinquatur,
1894 2873 1961 2904 par.

1108 2915 1170 2938 tem
1195 2906 1384 2937 haereditatis
1404 2905 1529 2943 facere,
1551 2913 1645 2945 atquc
1668 2906 1708 2936 ita
1731 2913 1769 2934 eo
1793 2904 1962 2943 legitimam

1106 2947 1221 2989 augeri.
1267 2947 1326 2979 Sed
1353 2945 1372 2977 ii
1401 2949 1490 2986 pacto
1521 2945 1725 2986 antenuptiali
1758 2944 1962 2980 constitutum

1105 2989 1163 3026 fit,
1189 2988 1326 3028 plerique
1350 2985 1544 3025 existimant,
1570 2986 1721 3018 Douriuni
1738 3008 1748 3024 ‚
1778 2986 1902 3026 perinde
1925 2995 1962 3019 ao

1105 3037 1198 3060 omne
1223 3039 1264 3061 aes
1288 3028 1421 3060 alienum
1438 3051 1447 3067 ,
1480 3037 1518 3060 ex
1543 3028 1723 3059 haereditate
1750 3027 1962 3100 deducendlum

1879 3070 1909 3100 el
1923 3077 1960 3107 e,

1144 3143 1204 3180 (6)
1224 3142 1248 3171 d.
1269 3152 1296 3172 n.
1313 3149 1395 3177 1974.
1417 3142 1445 3170 in
1463 3150 1547 3179 marg.

1237 359 1296 390 Sed
1316 359 1364 390 alii
1385 358 1588 396 dubitabant,
1612 368 1649 389 an
1678 359 1728 389 illa
1747 360 1953 399 jurispruden·
2004 377 2005 381 ¹

1098 400 1141 430 tia
1159 399 1259 429 adhuc
1281 399 1374 430 hodie
1396 400 1573 437 obtineret,
1599 400 1627 430 ἃ
1655 408 1691 430 an
1718 409 1780 431 non
1808 402 1954 439 ejusmodi
2006 420 2008 425 >
