2008 3436
179 130 249 173 386

171 206 210 236 de
238 203 394 237 infantum
419 203 617 246 expositione
638 204 667 236 ἃ
692 212 768 235 nece
789 200 854 233 dixi
872 210 981 232 eorum
1000 199 1035 231 fi-

171 247 226 277 de:
260 246 434 287 liceretque
457 246 535 286 mihi
559 245 709 277 ulteriore
734 242 927 284 supersedere
944 250 1035 273 cura:

173 286 230 319 nisi
252 287 455 328 promiflffern
477 311 487 326 ‚
518 287 613 318 etiam
632 285 810 317 Gentilium
833 284 879 315 uti
899 282 1037 330 testimo-

172 329 256 366 niis,
277 329 362 370 quod
385 338 426 361 ex
456 328 640 361 Christianis
662 327 779 358 dictum
793 347 804 363 ,
827 325 1039 370 ρυῐὼςῃυῃε

174 368 288 409 fuiffe,
308 380 396 411 aeque
423 371 506 402 clare
527 368 796 412 fignificantibus„
825 366 892 406 Age
915 374 1010 405 igitur
1029 385 1040 401 ,

174 420 335 452 pareamus
352 412 404 444 vel
423 412 513 452 hujus
530 410 629 441 debiti
647 408 808 452 solutioni.
832 406 884 448 (1)
904 406 965 437 Res
985 414 1038 435 ex-

174 460 220 483 tat
235 452 315 493 apud
332 452 478 484 Plautum
494 453 524 484 <Sc
541 451 730 482 Terentium
744 449 822 479 locis
834 470 844 485 ,
866 447 960 487 paulo
972 444 1041 491 post

175 493 353 534 allegandis:
379 493 450 525 Nec
469 491 557 524 causa
575 491 718 523 Domino
736 498 796 520 van
815 486 1040 529 ssynkersliock

177 534 218 566 fic
236 534 390 566 scribendi
419 535 450 566 in
478 533 583 574 Oplss-
615 541 639 562 c.
661 529 731 561 VII.
751 535 822 571 pag.
839 532 921 576 358.
968 527 1040 575 Νοῃ

175 581 208 606 ut
225 577 255 606 in
271 577 434 613 comoeciiir,
462 577 505 605 ita
534 576 565 603 in
583 573 650 614 jure
671 581 722 612 quo
741 573 774 601 de
792 580 925 612 agimus,
943 574 1041 609 patris

175 616 273 647 elefflo
294 615 352 657 est,
375 617 500 647 velletne
517 614 614 645 tollere
629 613 751 650 liberos,
772 622 810 642 an
828 612 963 642 occidere.
976 609 1041 656 (2)

176 658 268 689 Unde
296 657 379 688 enim
407 656 549 689 Cornicis
573 654 726 692 materia,
756 652 811 684 nisi
839 662 879 682 ex
903 652 1043 683 moribus

175 697 315 738 Populi?
337 707 441 729 nonne
453 698 516 729 illis
530 696 601 728 finis
613 719 624 735 ,
647 694 800 726 Hamanos
817 703 906 724 mores
925 691 996 732 noffe
1009 691 1045 726 ἃ

176 740 332 777 describere
352 738 368 770 ἱ)
394 739 447 770 Sic
474 737 621 769 observat
644 735 861 776 Hieronymus
886 734 983 775 Epist.
1007 734 1044 764 acl

180 781 302 812 Furiam
319 780 353 810 de
372 780 519 811 viduitate
530 778 683 820 servanda
700 782 772 819 pag.
795 780 845 810 82.
891 775 1046 820 Praeterea

180 820 282 853 solent
295 819 376 860 Juris
395 820 585 862 interpretes
604 828 652 850 res
669 817 742 849 facti
763 826 852 857 aeque
867 827 884 848 a
905 815 1046 862 Connms

176 871 270 902 atque
293 865 332 892 ε’)
353 861 422 893 aliis
441 862 587 893 mutuari.
612 859 666 901 ζ.)
690 858 818 896 Fuerit,
842 857 926 898 quod
938 865 1044 903 ajunt,

178 902 313 934 vetustis
338 903 534 943 temporibus
552 914 560 934 ε
594 910 625 932 at
655 900 830 931 recentiora
849 907 962 939 quaerit
980 897 1046 944 Do-

178 944 281 976 minus
301 953 360 975 van
379 943 612 986 Bynkershoek.
638 941 691 983 (4)
714 941 821 973 Primo
844 941 912 981 quis
927 938 1046 984 nescit,

178 984 352 1026 posteriora
381 986 514 1025 pendere
545 995 560 1016 a
591 983 767 1025 prioribus,
792 981 847 1013 nisi
862 981 981 1012 fuerint
1002 990 1047 1025 mj

178 1034 296 1058 novata
315 1026 332 1058 ἱ)
364 1026 487 1058 Deinde
506 1026 664 1062 mutatio,
693 1031 727 1054 ut
744 1022 788 1056 est
802 1022 900 1060 facti,
923 1022 1048 1063 probari

182 1067 288 1099 debet.
318 1068 399 1100 nuda
424 1068 495 1099 Viri
521 1065 685 1099 Clarisiimi
715 1065 882 1096 affirmatio
900 1088 909 1102 ,
950 1071 984 1093 ut
1015 1070 1050 1092 ut

183 1109 341 1140 contraria
362 1133 371 1147 ‚
403 1109 432 1140 ἅ
451 1108 566 1146 fortis,
590 1107 707 1139 nullius
729 1105 851 1136 roboris
871 1104 925 1135 est.
945 1103 998 1150 (5)
1023 1102 1049 1134 l-

184 1149 238 1191 pse
261 1158 365 1181 tamen
385 1172 396 1188 ‚
423 1156 610 1190 quamquam
633 1157 698 1179 non
724 1147 823 1178 habeo
843 1145 985 1192 neceile,
1007 1144 1050 1174 di-

184 1200 252 1222 cam
274 1189 406 1230 sponte,
429 1191 523 1222 etiam
542 1189 596 1228 sub
622 1188 763 1229 Augusto
786 1189 816 1218 dt
831 1187 965 1218 T1berio
984 1194 1050 1225 per-

186 1231 307 1265 durasse
327 1232 504 1273 exponendi
521 1232 570 1272 jus
597 1238 707 1262 vetus:
731 1229 922 1260 monstrante
939 1227 1051 1258 Sueto-

223 1380 249 1402 1.
269 1372 381 1402 Laudas
402 1373 449 1401 hic
474 1371 619 1403 Plautum,
649 1370 832 1406 Terentium,
854 1368 1021 1397 Suetonium
1038 1388 1049 1402 ‚

188 1410 234 1440 fed
257 1412 322 1449 quia
347 1410 515 1446 peculiarem
538 1409 571 1436 iis
596 1409 688 1435 locum
715 1409 813 1436 tribuis
838 1407 924 1444 §.sea
947 1407 972 1435 &
988 1407 1026 1435 ibi
1042 1428 1050 1439 ,

189 1458 249 1486 quae
265 1449 464 1484 respondeam,
486 1448 593 1475 audies.
617 1446 765 1482 Reliquam
775 1446 1052 1481 farraginem‚quam

188 1488 244 1515 hoc
261 1487 284 1522 §-
309 1486 497 1519 coacervasti,
521 1486 644 1513 breviter
658 1493 732 1512 nunc
749 1484 938 1521 perstringam.

229 1532 253 1551 2.
277 1525 370 1552 Nemo
393 1525 450 1552 haec
477 1523 592 1556 nescit,
621 1531 673 1551 nec
689 1524 746 1559 ipse
765 1531 901 1559 repugnO.
941 1522 1053 1549 Comici

189 1561 344 1598 loquuntur
368 1571 403 1590 ex
427 1563 475 1591 usu
499 1562 536 1590 sui
560 1562 707 1598 temporis,
741 1567 770 1589 ut
786 1561 858 1589 reste
873 1562 929 1591 ais.
952 1560 997 1588 sed
1019 1569 1053 1588 ea

189 1600 350 1628 observatio
374 1602 507 1629 Couiicos
531 1607 593 1628 tuos
617 1609 632 1627 a
653 1599 803 1628 testimonii
829 1599 950 1627 dictione
965 1598 1041 1634 repel

187 1638 242 1673 iet,
263 1645 294 1667 ut
312 1638 397 1667 disces
418 1639 544 1675 singulari
561 1638 641 1670 loco,
662 1646 753 1673 neque
779 1639 852 1666 enirn
867 1659 874 1671 ,
897 1645 946 1666 tuo
961 1646 1050 1665 exem-

190 1677 256 1714 plo,
278 1679 373 1705 omnia
395 1679 439 1706 hic
455 1677 538 1705 velim
558 1677 670 1704 miscere
687 1676 712 1703 ἃ
727 1676 911 1704 confundere.

230 1722 255 1750 3.
279 1716 349 1744 Cum
371 1715 405 1743 de
423 1723 551 1752 tempore
578 1715 765 1751 disputamus,
795 1723 853 1751 quo
867 1715 949 1743 licitae
964 1714 1007 1742 vel
1025 1712 1042 1741 il

191 1753 275 1782 l‘icitae
291 1753 394 1782 fuerint
410 1762 539 1790 partuum
556 1761 640 1781 neces
656 1752 681 1781 ἃ
696 1752 898 1789 expositiones,
920 1761 978 1789 quo
992 1754 1054 1787 jure

192 1801 237 1820 me
254 1799 352 1823 notas,
374 1793 450 1828 quod
471 1799 598 1828 tempora
614 1791 804 1826 distinxerim,
833 1790 859 1819 &
876 1790 982 1819 vetusta
997 1792 1056 1827 qui-

193 1830 257 1860 dem
276 1839 291 1858 a
304 1831 530 1859 recentioribus?

230 1877 257 1903 4.
279 1869 358 1897 Nihil
380 1869 469 1897 rursus
483 1867 638 1897 intercedo.
678 1867 838 1896 Posteriora
852 1873 1057 1905 temporapem

194 1906 261 1935 dent
282 1916 298 1934 a
325 1908 464 1943 prioribus
480 1929 487 1940 ‚
516 1906 541 1935 &
566 1906 664 1935 eadem
679 1926 687 1939 ,
717 1914 777 1942 quae
794 1906 861 1935 olim
879 1907 951 1940 suit,
972 1907 1056 1935 etiarn

193 1953 268 1973 nunc
284 1945 388 1974 utimur
401 1945 635 1982 jurisprudentia,
657 1944 705 1972 nisi
721 1945 805 1973 fuerit
818 1952 938 1979 mutata,
959 1944 984 1974 &
999 1954 1056 1973 mu-

195 1989 281 2012 tatam
298 1992 355 2012 non
371 1984 574 2020 praesumimus,
591 1982 640 2011 nisi
655 1982 798 2019 probetur.
836 1984 1055 2020 Atvero,quod

194 2022 229 2050 ad
252 2021 402 2051 liberorum
428 2031 511 2051 neces
530 2021 556 2050 ἃ
579 2021 767 2058 expositiones
789 2042 798 2053 .,
824 2029 959 2050 mutatam
980 2022 1057 2050 fuisse

195 2060 245 2089 sub
267 2061 393 2094 Traiano
409 2082 416 2093 ,
444 2061 588 2093 Adriano,
616 2061 764 2088 Antonino
783 2061 834 2088 Pio
850 2082 857 2094 ,
895 2060 921 2089 ἃ
945 2061 1057 2097 reliquis

197 2097 329 2135 deinceps
344 2099 518 2135 Principibus
530 2106 588 2126 non
603 2098 739 2126 affirmavi
754 2098 927 2134 simpliciter,
950 2105 979 2127 ut
996 2098 1057 2136 plus

196 2136 278 2165 semel
294 2137 361 2165 mihi
378 2138 497 2170 obiicis,
518 2136 562 2164 sed
584 2136 735 2172 plenissima
761 2137 814 2165 side
836 2137 952 2173 probavi
969 2139 1001 2166 iis
1017 2146 1057 2165 ar-

196 2176 336 2211 gumentis
351 2196 358 2209 ‚
378 2175 412 2202 ad
430 2183 491 2211 quae
505 2175 549 2202 vel
565 2175 634 2202 nihil
652 2176 733 2210 plane
754 2176 920 2212 respondes,
941 2176 984 2204 vel
1001 2176 1057 2209 ita,

198 2220 412 2250 usquecunque
428 2220 456 2241 te
471 2220 576 2246 vertas,
598 2221 630 2241 ea
644 2221 702 2241 non
725 2212 866 2250 effugeris.
902 2214 1059 2251 Apparebit

198 2252 227 2280 id
248 2252 275 2280 in
292 2251 356 2279 loco
374 2252 431 2280 suo.

237 2297 261 2323 5.
282 2290 340 2317 Sub
354 2288 481 2325 Augusto
497 2288 603 2317 durasse
625 2289 744 2318 severius
761 2289 828 2318 illud
842 2291 885 2325 jus
900 2291 995 2326 patriae
1010 2299 1058 2327 po-

199 2327 320 2360 testatis,
341 2329 427 2356 etiam
447 2336 535 2363 usque
558 2328 592 2355 ad
608 2335 705 2356 necem
728 2328 753 2356 ἂ
771 2328 972 2364 expositionem
993 2330 1058 2357 libe-

199 2375 313 2400 rorum,
339 2367 394 2402 ipse
414 2365 547 2401 professus
570 2366 625 2394 sum
647 2366 741 2404 Opusc.
764 2366 793 2393 C.
812 2368 865 2395 111.
885 2368 910 2395 ἀ
931 2369 1060 2403 exempla

201 2405 299 2437 attuli,
320 2413 380 2439 quae
393 2405 454 2440 plus
471 2404 581 2437 valent-i
603 2414 687 2441 quain
709 2405 898 2433 testimonium
916 2406 1059 2438 Suetonii,

201 2451 260 2477 quo
281 2443 328 2470 bic
353 2445 436 2470 uteris
452 2465 458 2474 ,
491 2450 520 2470 ut
543 2443 639 2471 audies
667 2443 757 2481 §.seq
794 2444 904 2472 Interea
917 2444 986 2472 nibil
1002 2445 1061 2473 haec

198 2481 341 2518 pertinent
351 2481 384 2508 ad
394 2487 535 2515 tempora,
552 2481 695 2517 dequibus
711 2484 841 2510 internos
849 2490 905 2510 non
916 2484 1061 2511 convenit.

240 2523 268 2548 6.
288 2519 334 2547 Sic
349 2518 388 2546 est
405 2521 538 2552 omnino,
561 2519 585 2547 <St
608 2520 634 2548 id
654 2528 760 2556 tempus
778 2520 870 2553 finivi,
893 2529 950 2549 non
961 2529 994 2549 ex
1004 2530 1061 2549 cer·

203 2563 232 2586 ta
249 2558 324 2592 lege,
347 2557 392 2585 sed
414 2558 478 2592 quia
496 2566 528 2584 ea
552 2560 640 2593 reperi
659 2559 706 2586 sub
724 2559 755 2586 iss
771 2558 961 2595 Principibus,
983 2568 1061 2596 quae,

203 2596 222 2623 fi
237 2594 306 2632 quid
323 2595 434 2627 judico,
466 2595 535 2622 stare
557 2604 613 2623 non
638 2602 789 2632 poterant,
810 2596 827 2624 fi
843 2597 935 2625 adhuc
950 2596 1063 2626 stetisset

202 2635 246 2670 jus
266 2634 410 2669 antiquum
427 2633 490 2660 vitaz
507 2641 538 2660 ac
553 2635 638 2661 necis.

243 2679 269 2707 7.
290 2672 331 2700 Ut
346 2672 497 2707 probares,
519 2672 645 2699 inutilem
663 2671 715 2698 effe
731 2673 907 2706 cautionem,
922 2681 1004 2709 quam
1018 2673 1065 2701 ad-

204 2711 300 2743 hibui,
322 2709 357 2738 de
370 2716 496 2745 tempore
512 2710 643 2743 Traiani.
665 2709 783 2737 Adriani
805 2710 830 2738 ἃ
853 2712 990 2739 Antonini
1007 2712 1064 2745 Pii,

204 2750 324 2786 primum
347 2749 386 2776 ais
403 2769 410 2781 ‚
437 2748 612 2784 Spartianum
636 2748 762 2776 Suetonii
781 2769 787 2780 ‚
816 2748 943 2783 Magistri
961 2749 1065 2777 libello—

206 2796 280 2820 rum,
303 2785 454 2815 meminisse
471 2786 518 2813 sub
532 2785 674 2818 Adriano,
695 2793 724 2813 ut
746 2795 840 2814 verum
857 2787 910 2818 est,
932 2786 957 2814 ἃ
973 2787 1065 2823 paffim

207 2832 335 2854 notatum
352 2825 386 2853 ab
402 2825 545 2859 omnibus.
576 2825 623 2860 qui
644 2823 771 2852 Suetonii
796 2826 881 2852 vitam
898 2825 1065 2861 conscripse-

209 2870 283 2892 runt.
323 2863 379 2892 Sed
396 2869 513 2891 autnon
542 2862 670 2898 intelligo
683 2883 690 2895 ,
710 2863 777 2899 quid
796 2862 843 2891 sibi
861 2861 928 2890 velit
941 2864 997 2891 haec
1012 2865 1065 2899 pri-

211 2911 254 2930 ma
271 2903 358 2934 ratio,
380 2907 443 2933 aut,
466 2900 539 2937 apud
563 2909 608 2928 me
623 2906 698 2929 certe
713 2921 722 2934 ,
750 2901 822 2929 ratio
836 2909 893 2929 non
910 2900 958 2929 est.
999 2901 1066 2930 Sue-

212 2941 305 2968 tonius
323 2940 391 2968 vixit
412 2939 437 2967 ὅ(
454 2939 555 2974 scripsit
579 2940 626 2967 sub
642 2938 776 2967 Adriano.
798 2939 880 2967 reete.
904 2939 959 2967 Sed
975 2947 1008 2967 an
1026 2941 1065 2967 in-

210 2978 245 3006 de
262 2977 361 3009 efficis,
385 2978 461 3015 qnod
478 2978 532 3013 ipse
550 2977 584 3004 de
600 2976 714 3013 Augusti
737 2977 762 3005 ἁ
777 2978 889 3006 Caesaris
906 2978 1065 3006 Germanici

213 3022 290 3043 aerate
306 3017 377 3044 dixit
395 3023 530 3051 uti-oque,
551 3024 633 3051 quem
651 3015 776 3048 laudasti,
805 3016 886 3048 loco,
907 3015 942 3043 ad
959 3022 1066 3045 aetatein

210 3053 326 3083 Atliiani
343 3063 456 3091 quoque
468 3054 520 3081 csse
537 3053 735 3082 referendum?
755 3055 824 3082 Sunt
844 3055 901 3082 liaec
914 3054 1067 3089 ejusmodi,

212 3098 242 3118 ut
257 3092 324 3118 serio
340 3095 370 3120 iis
385 3091 587 3120 immorandum
604 3092 657 3120 esse
675 3101 731 3119 non
754 3092 890 3120 videatur.

254 3130 279 3156 8.
301 3129 366 3155 Duo
385 3131 445 3157 loca
469 3130 580 3162 Taciti,
611 3130 645 3158 dc
660 3130 759 3166 Judaeis
773 3130 797 3158 dt
813 3131 973 3162 Germanis.
998 3131 1066 3159 indi-

213 3172 325 3193 caverat
340 3167 390 3195 tibi
405 3168 510 3204 Lipsius
532 3168 637 3198 (Σηπίαν.
658 3169 679 3197 1.
700 3169 733 3199 ad
752 3168 850 3206 Belgas
872 3169 897 3198 d.
919 3166 999 3206 Epss.
1019 3170 1063 3203 85.

553 119 1072 161 GERARDI

1198 118 1577 155 NOODT

1079 200 1134 235 nio
1158 199 1285 231 Otia-uio
1318 209 1344 230 t.
1367 202 1419 238 65.
1450 199 1481 230 ὃς
1511 196 1650 239 Caligula
1671 206 1695 227 c.
1717 205 1746 236 5⁴.
1770 197 1823 239 (⁶)
1843 196 1939 232 Aude-

1081 242 1129 276 bo‘
1141 242 1260 282 opinari
1275 264 1285 279 ,
1307 241 1402 272 ctiam
1425 239 1530 280 postea
1555 238 1740 270 obtinuisse:
1762 240 1858 271 modo
1875 239 1945 272 fue:

1080 283 1122 314 rit
1138 290 1210 313 ante
1228 282 1392 323 imperium
1410 280 1539 320 Traiani
1552 302 1563 317 ,
1584 279 1734 311 Hadriani
1761 281 1790 312 ἅ
1814 281 1946 314 Amoris.

1081 323 1112 355 ni
1143 323 1187 354 Pii
1206 334 1213 355 ε
1246 323 1285 355 fic
1307 323 1391 354 enim
1415 330 1507 353 cavet
1538 320 1697 352 Dominus
1715 331 1776 352 van
1791 321 1948 370 Bynkers5·

1083 364 1164 396 hoel<
1186 365 1214 395 d.
1238 375 1263 396 c.
1288 364 1333 397 X.
1356 363 1520 401 causatus,
1549 362 1620 393 inde
1641 362 1820 408 ademptum
1843 363 1945 409 pat-riR

1083 403 1172 438 nullo
1195 406 1297 437 aetatis
1319 404 1515 443 discrimine,
1549 400 1611 435 effe'
1626 404 1657 434 in
1673 402 1790 434 liberos
1803 410 1853 449 jus
1869 411 1952 436 Vitae‘

1085 447 1115 481 <St
1129 448 1224 478 necis.
1234 446 1287 488 (7)
1300 446 1358 478 Sed
1375 444 1477 478 AElius
1495 445 1675 487 Spartianus
1690 443 1947 477 SuetoniiTranss

1083 488 1173 530 quilii
1185 512 1194 527 ,
1248 486 1372 529 siagistri
1390 487 1595 518 'Libellorum
1609 509 1620 524 ‚
1649 485 1793 517 meminit
1811 483 1865 516 sub
1881 484 1949 531 Ha·‘⁵

1083 529 1192 560 driano
1215 529 1246 560 in
1278 531 1338 571 ejas
1366 529 1434 559 vira
1460 538 1484 559 c.
1510 537 1556 559 11.
1582 527 1636 569 (δ’)
1659 526 1809 558 Eamdem
1829 526 1947 559 cautio.

1083 569 1155 602 nem
1173 569 1227 601 sub
1237 569 1377 610 Trajano
1395 570 1549 610 praevcnit
1566 569 1701 600 Tacitus
1716 568 1796 601 locis
1811 567 1849 599 ad
1868 567 1951 609 hane,

1085 620 1150 642 rem
1175 621 1191 642 a
1211 620 1261 642 me
1288 610 1534 642 accommodatis
1554 610 1641 651 Jalio
1663 609 1757 641 Paulo
1780 619 1806 641 c.
1827 618 1874 640 11.
1899 609 1950 640 ad->

1086 649 1211 683 dita'ibi
1230 662 1287 693 pro
1306 651 1434 682 cumulo
1456 651 1676 682 observatione
1706 649 1820 697 Quinti
1845 649 1953 691 Curtii·

1088 693 1207 724 tenoris
1232 694 1262 724 dc
1291 691 1413 723 consilii
1447 692 1595 732 ejusdem.
1647 690 1789 724 Conatus
1823 690 1950 732 quidem

1087 734 1246 766 Dominus
1269 743 1329 764 van
1358 732 1580 774 Bynkershoek
1599 756 1608 771 ,
1641 731 1811 774 infringere
1839 731 1950 765 Taciti

1087 775 1324 809 auctoritatem:
1348 773 1398 805 sed
1413 773 1596 814 prudentius
1621 783 1685 805 non
1708 773 1868 805 tentasset:
1894 773 1952 807 cir«.

1088 826 1125 847 ca
1141 815 1206 856 ejus
1224 823 1369 854 aetatem,
1392 816 1444 846 ubi
1462 814 1572 856 pedem
1588 814 1681 855 figat,
1697 814 1844 846 incertus.
1867 813 1953 847 Nam

1088 859 1117 891 ci.
1138 867 1162 888 c.
1188 856 1230 888 X.
1258 863 1331 899 pag.
1355 860 1426 898 367.
1459 856 1556 887 modo
1579 856 1680 893 dicit,
1717 855 1815 886 Taciti
1838 861 1954 888 aetatem

1083 899 1151 939 fere
1165 901 1341 930 remotiorem
1363 898 1431 939 effe,
1457 907 1543 939 quam
1561 903 1593 928 ut
1612 898 1769 928 conveniat
1786 893 1887 937 nostrae
1907 897 1950 928 di-

1081 940 1267 982 sputationi:
1289 940 1385 971 modo
1401 939 1461 970 ait:
1484 938 1561 970 Nolo
1580 945 1698 976 tamen,
1724 937 1795 980 quod
1813 938 1851 968 ad
1869 937 1950 970 Taci-

1091 983 1115 1012 η’
1129 986 1241 1012 <atatem
1252 982 1378 1019 attinet,
1399 982 1431 1011 de
1450 991 1483 1011 ea
1494 988 1688 1021 usquequaque
1706 979 1886 1011 contendere.
1899 978 1953 1022 (⁹)

1091 1022 1305 1068 Quamobrem
1324 1022 1365 1054 fic
1383 1029 1494 1060 nutet,
1510 1031 1574 1052 non
1593 1020 1952 1053 animadvertoeminus-

1092 1074 1174 1104 que,
1202 1072 1264 1103 quo
1286 1063 1377 1104 paeto
1404 1063 1435 1093 in
1464 1063 1600 1093 animum
1627 1061 1806 1100 induxerit,
1835 1070 1885 1092 mc
1903 1063 1955 1096 vel

1093 1105 1144 1136 bic
1163 1104 1322 1137 refellere:
1348 1103 1527 1142 confcsl'us,
1557 1102 1587 1134 se
1606 1103 1636 1134 id
1658 1112 1724 1143 quo
1742 1111 1793 1133 me
1810 1101 1953 1144 refellat,

1093 1147 1245 1187 ignorare.
1277 1155 1340 1186 quo
1368 1144 1450 1175 enim
1481 1144 1545 1175 hoc
1569 1143 1759 1185 pertendit?
1793 1142 1848 1174 nisi
1870 1144 1955 1184 quod

1094 1186 1278 1225 constituit,
1303 1195 1382 1216 ame
1403 1185 1562 1216 dissentire
1587 1185 1677 1222 idco,
1701 1184 1957 1224 quiarconstituit.

1093 1226 1270 1261 diss'entire:
1303 1226 1359 1257 etsi
1388 1234 1454 1256 non
1474 1225 1585 1256 habeat
1603 1224 1801 1257 dissentiendi
1822 1225 1957 1259 causam.
1971 1250 1978 1254 -

1871 1268 1959 1309 quod

1094 1369 1192 1398 addito
1212 1369 1295 1398 etiam
1312 1369 1403 1398 Curtii
1418 1368 1594 1407 ioco‚quem
1607 1367 1655 1398 hic
1669 1377 1721 1406 pro
1734 1368 1863 1404 cumulo,
1879 1368 1957 1406 quati

1094 1417 1127 1437 ex
1144 1417 1218 1445 penu
1234 1415 1301 1442 tue,
1330 1415 1357 1436 te
1375 1408 1509 1436 addidisse
1537 1416 1643 1436 narras.
1683 1409 1843 1444 Utrumque
1864 1407 1958 1437 Iocum

1094 1448 1190 1475 Taciti
1211 1448 1296 1474 etiam
1318 1447 1446 1475 exhibuit
1470 1447 1592 1484 Jacobus
1616 1445 1812 1475 Gothofredus
1835 1446 1870 1474 ad
1890 1447 1908 1474 1.
1931 1454 1956 1475 1.

1094 1485 1124 1513 C.
1148 1484 1241 1513 Theod.
1261 1485 1294 1513 ad
1317 1485 1350 1513 L.
1371 1484 1470 1513 Cornel.
1490 1486 1521 1514 de
1538 1485 1592 1513 Sic.
1614 1484 1640 1513 ἃ
1661 1484 1778 1513 alterum
1798 1480 1963 1514 Scbefferus

1095 1524 1131 1551 ad
1147 1524 1253 1551 AEiiani
1274 1524 1337 1551 Var.
1363 1521 1432 1558 Hist.
1455 1523 1489 1552 L.
1510 1525 1546 1552 ΙΙ.
1567 1523 1596 1552 C.
1621 1529 1645 1557 7.
1683 1523 1740 1552 Sed
1762 1528 1792 1552 ut
1809 1523 1898 1552 Curtii
1918 1522 1958 1551 lo·

1095 1570 1143 1590 cus
1160 1562 1194 1589 de
1210 1562 1344 1590 Romanis
1361 1562 1428 1589 nihil
1449 1563 1600 1598 quicquam
1622 1561 1740 1599 probat,
1769 1561 1804 1590 sic
1820 1570 1872 1589 nec
1886 1568 1958 1590 utet-

1096 1609 1151 1636 que
1167 1601 1260 1628 'l‘aciti
1271 1622 1277 1632 ,
1303 1606 1332 1628 ut
1347 1601 1438 1635 palam
1455 1600 1492 1628 est
1509 1609 1541 1628 ex
1557 1601 1588 1628 iis
1629 1609 1690 1636 q·¹ae
1709 1600 1846 1637 disputavi
1862 1598 1957 1637 Opusc.

1097 1639 1126 1666 C.
1148 1639 1184 1666 X.
1203 1646 1228 1674 p.
1252 1642 1314 1673 367.
1336 1637 1361 1666 ἃ
1377 1640 1479 1675 quibus
1493 1646 1522 1667 tu
1541 1639 1609 1666 nibil
1628 1640 1746 1666 omnino
1765 1639 1888 1675 reponis.
1910 1639 1959 1667 At-

1097 1686 1152 1713 que
1169 1676 1186 1704 fi
1202 1683 1294 1705 tamen
1318 1685 1351 1704 ex
1378 1678 1482 1705 Tacito
1503 1677 1660 1714 probasses,
1682 1676 1759 1713 quod
1780 1676 1957 1714 probandum

1096 1723 1170 1748 erat,
1192 1715 1226 1743 de
1245 1716 1300 1743 sola
1316 1716 1409 1743 Taciti
1426 1721 1523 1749 aetate,
1546 1717 1580 1743 de
1596 1724 1650 1750 qua
1674 1715 1828 1751 scrupulum
1844 1715 1959 1751 quoque‘

1097 1754 1268 1787 injeceram,
1291 1754 1375 1781 multa
1391 1755 1477 1782 verba
1501 1754 1601 1791 perdis.
1644 1754 1775 1782 Dixeram
1798 1754 1919 1785 scilicet.
1939 1750 1960 1781 fi

1098 1792 1143 1820 vel
1160 1793 1276 1820 Tacitus
1294 1792 1329 1820 de
1342 1792 1422 1821 licito
1437 1794 1510 1830 apud
1534 1793 1681 1821 Romanos
1704 1792 1881 1820 infanticidio
1899 1798 1962 1819 ver-

1099 1832 1133 1858 ba
1151 1831 1270 1864 fecii‘et,
1300 1831 1377 1867 quod
1399 1839 1456 1859 non
1484 1832 1566 1865 fecit,
1589 1832 1644 1868 ejus
1665 1830 1832 1867 aetaremfere
1846 1830 1961 1857 remotio-

1098 1879 1151 1897 rem
1166 1870 1231 1907 effe,
1252 1878 1325 1906 quam
1341 1876 1370 1897 ut
1384 1868 1472 1905 nostrae
1497 1870 1663 1908 disputationi
1681 1867 1815 1897 conveniat
1821 1877 1831 1902 3
1852 1868 1876 1896 ὅ(
1894 1875 1962 1896 mox

1099 1909 1165 1936 nolte
1181 1916 1266 1936 tamen
1282 1917 1338 1942 me,
1358 1908 1422 1944 quod
1435 1909 1469 1936 ad
1486 1907 1573 1936 Taciti
1587 1913 1702 1942 atatem,
1724 1907 1754 1935 de
1776 1906 1804 1935 'eo
1830 1908 1907 1941 (non
1929 1904 1961 1934 de

1099 1954 1129 1974 ea
1145 1967 1152 1981 ‚
1173 1954 1204 1975 ut
1220 1953 1249 1975 tu
1264 1947 1396 1979 exhibes,
1417 1946 1440 1975 ἀ
1459 1947 1562 1975 sensum
1585 1945 1695 1982 mutat)
1715 1953 1889 1982 usquequaque
1903 1952 1960 1972 con·

1098 1984 1209 2013 tendere.
1247 1984 1291 2013 Ad
1308 1986 1365 2012 haec
1382 1992 1426 2018 tu,
1449 1993 1493 2013 me
1509 1985 1602 2013 Taciti
1620 1984 1810 2012 auctoritatem
1828 1985 1960 2019 intringe-

1100 2031 1148 2056 re,
1169 2025 1227 2058 eius
1243 2030 1350 2051 aetzitem
1368 2024 1515 2057 ignorare,
1536 2030 1634 2050 nutare
1657 2023 1809 2056 incertum,
1832 2030 1846 2050 a
1863 2028 1891 2050 te
1906 2021 1960 2050 dis-

1100 2061 1218 2096 sentire,
1251 2062 1317 2098 quia
1338 2061 1476 2090 dissentire
1499 2061 1696 2089 constitueram
1716 2081 1724 2094 ,
1752 2061 1776 2089 ἃ
1799 2069 1861 2097 quae
1880 2059 1960 2097 plura

1101 2100 1163 2128 sunt
1185 2101 1213 2127 in
1236 2100 1353 2128 eandem
1378 2100 1541 2128 sententiam
1568 2099 1722 2127 benedicta.
1770 2099 1855 2134 Rogo
1870 2119 1876 2131 ,
1909 2097 1960 2127 vit

1101 2138 1271 2170 clarissime,
1291 2139 1386 2166 audias
1406 2146 1450 2166 me
1464 2139 1612 2175 patienter.
1653 2137 1746 2165 Taciti
1768 2137 1961 2166 austeritatem

1101 2177 1224 2212 nuspiam
1242 2176 1407 2210 sollicitavi,
1434 2183 1515 2212 atque
1539 2178 1597 2210 eius
1619 2181 1727 2204 aetatcrn
1749 2184 1792 2204 me
1810 2183 1867 2203 non
1885 2176 1962 2211 igno}

1101 2215 1168 2243 rasl‘e
1204 2213 1250 2246 s&
1271 2216 1332 2250 quis
1355 2214 1400 2243 vel
1424 2215 1509 2243 infimi
1528 2213 1645 2242 subsellii
1668 2214 1795 2250 magister
1809 2208 1962 2250 ignorat?)

1103 2252 1254 2281 ostendunt
1268 2254 1352 2281 verba
1369 2261 1429 2281 rnea
1440 2273 1448 2283 .
1470 2261 1530 2289 quae
1543 2252 1598 2288 ipse
1614 2252 1737 2281 exhibes.
1754 2253 1837 2284 Dixi,
1852 2251 1908 2280 fere
1921 2260 1964 2280 re-

1103 2293 1251 2319 motiorem
1272 2292 1324 2319 esse
1345 2292 1438 2319 Taciti
1466 2298 1573 2319 aetatem
1624 2299 1706 2327 quam
1725 2296 1755 2319 ut
1770 2291 1827 2325 ejus
1842 2289 1962 2318 testimo-

1103 2331 1151 2358 nio
1168 2329 1267 2358 stemus
1287 2331 1313 2358 in
1338 2329 1430 2357 nostra
1447 2329 1652 2366 disputatione,
1673 2330 1761 2364 probe
1778 2329 1880 2356 scilicet
1896 2335 1964 2361 gna-

1103 2377 1165 2400 ruS,
1185 2369 1316 2397 Tacitum
1336 2368 1473 2396 duntaxat
1495 2367 1611 2401 attigisse
1633 2368 1710 2395 initia
1726 2367 1850 2400 Traiani.
1891 2366 1981 2395 Cum¹

1105 2407 1161 2442 ipse
1184 2405 1282 2442 Histor.
1305 2406 1339 2434 1..
1361 2407 1381 2434 1.
1403 2406 1431 2433 C.
1457 2415 1480 2434 1.
1502 2404 1655 2440 scripserit,
1678 2404 1840 2438 dignitatem
1857 2404 1930 2433 suam
1948 2412 1964 2433 a.

1104 2444 1274 2480 Vespasiano
1298 2445 1473 2476 inchoatam,
1504 2454 1518 2471 a
1532 2445 1602 2472 Tito
1619 2444 1723 2470 :rustam
1738 2464 1744 2476 ,
1766 2451 1781 2470 a
1797 2443 1965 2472 Domitiano

1105 2483 1215 2518 longius
1238 2484 1394 2519 provestam
1424 2482 1492 2515 effe,
1521 2481 1667 2518 probabile
1687 2480 1741 2514 est,
1770 2489 1833 2509 eum
1848 2482 1902 2514 jam
1919 2489 1965 2509 ve-

1103 2522 1215 2558 grandis
1231 2524 1316 2550 aetatis
1333 2521 1409 2548 fuisse
1426 2520 1473 2548 sub
1491 2520 1608 2556 imperio
1619 2519 1754 2553 Trajani;
1776 2519 1824 2547 sub
1838 2519 1964 2554 ‘stajano

1105 2566 1197 2588 autem
1217 2568 1300 2596 quum
1318 2560 1434 2596 primum
1452 2559 1599 2594 repererim
1618 2556 1756 2594 indicium
1774 2558 1914 2594 abrogatae
1927 2557 1963 2586 se-

1106 2599 1223 2626 verioris
1247 2598 1318 2625 illius
1342 2598 1436 2624 Patriae
1456 2595 1615 2632 potestatis,
1637 2595 1705 2623 utid
1726 2595 1853 2631 exposuit
1869 2594 1963 2635 Opusc.

1105 2635 1135 2664 C.
1156 2636 1205 2664 lV.
1227 2643 1279 2663 nec
1296 2635 1361 2662 scire
1390 2635 1546 2672 potuerim.
1575 2642 1609 2661 an
1631 2634 1702 2661 circa
1723 2634 1818 2667 initia,
1840 2643 1874 2662 an
1890 2635 1964 2663 circa

1108 2674 1190 2702 finem
1199 2674 1314 2706 Traiani
1329 2675 1384 2707 jain
1394 2673 1549 2700 exoleverit
1565 2671 1692 2708 pristinus
1707 2672 1752 2699 ille
1774 2673 1850 2708 rigor
1866 2671 1965 2709 (quod

1107 2713 1181 2740 enim
1202 2712 1326 2738 moribus
1347 2711 1480 2742 debetur.
1505 2719 1589 2738 nemo
1603 2710 1712 2746 praec'isc
1725 2710 1904 2748 definiverit)
1925 2719 1967 2739 re-

1108 2750 1148 2778 Cte
1176 2750 1241 2777 mibi
1266 2748 1365 2776 videor
1388 2749 1482 2777 dixisse
1495 2770 1502 2781 ,
1523 2749 1616 2776 Taciti
1634 2755 1743 2777 {etatem
1752 2748 1814 2786 fere
1832 2749 1964 2778 remotio-

1108 2796 1165 2817 rem
1181 2787 1250 2821 effe,
1272 2795 1354 2822 quarn
1370 2795 1398 2815 ut
1415 2795 1446 2815 ex
1464 2795 1498 2814 eo
1514 2787 1596 2814 liceat
1612 2787 1731 2815 statuere
1746 2788 1780 2815 de
1796 2788 1854 2821 jure
1869 2785 1966 2815 vitae&

1108 2827 1184 2854 necis
1205 2826 1232 2853 in
1254 2825 1355 2853 liberos
1392 2826 1455 2860 quia
1474 2831 1565 2853 tamen
1586 2826 1764 2860 pervenitad
1778 2826 1966 2862 Principatum

1107 2864 1223 2898 Traiani
1235 2885 1241 2895 ,
1264 2862 1297 2890 de
1312 2872 1347 2891 co
1357 2872 1412 2891 non
1429 2871 1628 2900 usquequaque
1646 2871 1690 2891 ine
1707 2863 1886 2892 contendere.
1909 2863 1964 2892 Ha-

1108 2903 1156 2930 bes
1175 2902 1337 2930 sententiam
1360 2910 1465 2933 meam,
1487 2903 1602 2937 ejusque
1623 2902 1777 2933 rationein.
1799 2910 1832 2929 an
1850 2901 1966 2938 pruden-

1110 2941 1163 2968 tius
1179 2939 1254 2974 loqui
1269 2941 1407 2974 potuerim
1422 2962 1428 2972 ‚
1450 2939 1568 2968 aliorum
1585 2939 1717 2974 judiciuin
1731 2941 1856 2975 exspesto
1867 2962 1873 2972 ,
1895 2940 1920 2967 &
1937 2938 1965 2966 si-

1110 2978 1164 3005 mul
1176 2998 1184 3009 ,
1208 2986 1240 3005 an
1254 2979 1428 3012 cautionem,
1450 2987 1533 3015 quain
1550 2977 1665 3006 adhibui
1681 2978 1714 3006 dc·
1731 2984 1857 3013 tempore
1872 2978 1966 3010 Traia-

1110 3017 1153 3047 ni,
1177 3015 1201 3043 dt
1214 3015 1383 3051 reliquorum
1399 3017 1530 3054 deinceps
1545 3017 1718 3052 Principum,
1741 3015 1965 3053 praeveneritTa-

1110 3055 1180 3082 citus
1194 3075 1200 3086 ,
1222 3060 1251 3081 ut
1268 3061 1295 3081 tn
1313 3055 1357 3083 hic
1374 3054 1508 3089 affirmas,
1529 3054 1554 3082 dt
1571 3055 1627 3091 ipse
1644 3062 1725 3089 nego.

1149 3100 1172 3126 9.
1197 3091 1265 3119 Rem
1288 3093 1371 3130 ipsam
1396 3093 1489 3121 dixisse
1510 3099 1673 3126 contentus,
1702 3092 1841 3129 asperiora
1857 3089 1938 3119 verba
1957 3111 1971 3124 φ

1107 3131 1208 3166 quibus
1233 3131 1293 3164 hic,
1324 3131 1349 3159 ἂ
1372 3140 1436 3161 rnox
1457 3132 1573 3167 iteruin,
1595 3131 1679 3160 uteris
1692 3131 1820 3160 amicitiae
1835 3130 1901 3159 olim
1918 3137 1966 3158 no-

1108 3167 1166 3197 strae
1187 3168 1276 3197 facilis
1295 3169 1381 3198 dono.
1925 3203 1949 3232 D

1880 3212 1902 3232 1.
1953 3213 1967 3231 ε

1990 0 2003 49 *i

1986 57 2004 102 ,Ji

1995 176 1999 188 i

1992 194 2007 227 s(
