2008 3436
235 113 518 170 QuAEsm

22 197 129 228 bivinen
150 193 185 234 of
202 196 290 226 onrler
312 197 333 225 't
356 204 450 226 canon
477 203 538 225 van
558 194 592 224 de
619 193 751 231 Fortem,
774 190 884 224 saluta·

24 244 110 274 rent,
134 243 169 266 ut
187 235 325 276 Principi
343 236 497 275 eJus'orae
517 235 697 272 videretur,
720 243 758 265 an
778 241 884 266 autem

19 276 184 312 resalutare
207 277 329 315 veliet,
353 276 446 318 ipsius
471 275 605 308 arbitrio
627 275 882 317 relinquendum,

21 319 80 352 hac
89 317 190 350 addita
208 318 351 356 ratione,
367 326 522 359 quemque
539 317 624 349 enim
641 315 703 348 effe
720 316 885 348 dominum

23 361 55 393 in
70 359 124 393 suo
144 358 298 399 Imperio,
324 360 355 392 &
373 368 530 400 quemque
553 358 705 390 advenam
722 357 765 389 ibi
786 356 885 390 subdi-

23 409 98 434 tum.
158 401 219 432 uod
238 400 259 432 s1
279 401 316 433 fit
328 424 337 438 ‚
365 409 400 432 ut
418 409 526 432 revera
541 397 605 438 est,
627 409 691 431 non
710 398 794 431 reete
812 398 885 430 Phi-

21 443 122 485 lippus
155 442 176 474 1.
203 441 423 483 Hispaniarum
442 442 528 479 Rex,
554 441 585 472 111
603 440 630 482 §.
652 450 702 482 23.
731 439 804 485 T..1.
824 440 885 477 Le-

21 493 90 528 gum
113 483 315 515 Nauticarmn
344 484 399 515 ult.
425 482 496 514 Οὲὶ.
525 485 615 524 1563.
639 481 715 524 (3)
736 491 831 514 etiam
851 482 885 514 in

65 531 116 556 rtu
133 525 264 556 alterius
280 524 438 564 Principis
456 523 561 554 vetuit
572 544 582 560 ,
607 522 756 556 salutandi
772 522 882 562 causa,

36 565 205 599 ubmittere
227 566 362 607 primum
386 563 540 606 aplustre,
568 564 601 596 in
625 573 691 606 quo
711 564 807 606 Regis
826 563 886 596 Hi-

18 607 191 649 ’spaniarum
207 606 334 649 insignia
355 605 477 647 depicta
493 606 522 638 &
539 605 680 647 expressa
697 604 775 637 sunt.
822 604 886 637 Ne-

18 657 80 692 que
103 648 198 680 etiam
223 647 418 689 probandum
434 646 502 686 est,
524 647 608 688 quod
632 647 767 679 triremis
786 645 885 678 Galli-

17 699 81 730 ca,
112 698 196 721 anno
225 692 314 730 1671.
341 690 457 720 Arcem
478 688 644 729 quamdam
673 687 885 721 Genuenssum

2 729 244 774 praeterveeta,
267 739 335 762 eam
352 729 484 762 salutare
496 730 634 762 noluerit
653 730 692 771 (4
706 730 733 771 ).
748 729 829 762 Haec
844 729 884 761 de

19 773 97 807 mari
116 772 271 813 proximo.

14 836 18 840 -
59 813 120 846 806
144 813 229 854 quod
252 813 290 844 ad
316 822 402 845 mare
420 821 585 852 exterum,
608 813 692 854 quod
715 815 748 846 in
765 813 884 845 nullius

15 854 174 898 Principis
191 854 335 886 dominio
360 854 426 894 est,
450 856 568 886 nullius
585 864 709 897 quoque
729 854 776 886 est
794 863 882 886 reve-

12 897 151 930 <rentiam
168 896 238 929 aliis
254 896 425 936 imperare,
450 896 480 928 &
500 895 651 935 salutem,
676 897 807 929 navibus
821 895 882 929 suis

11 936 241 981 praestandam,
251 938 379 979 exigere
390 962 399 977 ,
414 938 443 970 &
459 947 531 969 cum
545 938 585 969 de
599 939 674 970 mari
685 946 797 970 extero
808 946 884 978 quo-

11 988 82 1021 -que
99 979 245 1020 loquatur
261 981 289 1011 d.
315 978 343 1021 ᾗ.
361 989 411 1020 23.
437 979 470 1011 T.
496 978 519 1011 1.
536 979 610 1011 LL.
635 979 763 1011 Nicttic.
781 978 881 1010 hacte-

11 1028 97 1059 uuS,
121 1021 154 1052 ni
179 1019 296 1059 fallor,
320 1022 399 1051 bene
418 1019 448 1052 sc
477 1020 581 1052 habet.
625 1021 705 1052 Sunt
720 1020 882 1061 quaedam,

12 1070 107 1104 quae,
133 1061 254 1093 tametfi
273 1061 401 1093 honeste
423 1060 632 1102 praestcntur,
655 1059 816 1092 inhoneste
839 1068 883 1092 ta-

11 1111 90 1137 «men
121 1110 282 1143 petuntur.
326 1102 413 1134 Inter
433 1111 470 1133 ea
496 1101 622 1138 refero,
645 1100 668 1133 si
691 1101 761 1142 quis
780 1101 885 1133 minor

11 1143 176 1186 ,dignitate
202 1143 373 1183 maiorem,
396 1143 428 1174 in
454 1143 584 1189 publico
612 1142 667 1175 fibi
689 1143 817 1174 obviarn
836 1142 883 1175 fa·

12 1180 124 1221 taum.
145 1183 258 1217 salutet
284 1184 337 1216 vel
362 1193 426 1216 non
450 1185 579 1222 ialutet,
605 1184 635 1216 &
655 1183 677 1217 fi
695 1193 763 1226 quae
782 1185 882 1217 mino-

13 1235 88 1260 -rum
113 1225 296 1266 Principum
324 1235 418 1258 naves
446 1225 478 1257 in
506 1226 581 1257 mari
609 1232 723 1257 extero
749 1226 882 1257 navibus

14 1267 171 1308 majorum
188 1266 389 1308 Principum,
407 1275 466 1307 qua
492 1276 529 1298 ua
545 1267 640 1299 etiam
648 1266 802 1308 dignitate
811 1266 882 1305 sint,

19 1307 146 1344 salutem
161 1308 248 1340 dicat
263 1309 316 1340 vel
335 1316 438 1348 neget.
482 1317 491 1330 ⁴
502 1317 514 1339 t
531 1308 603 1339 ideo
618 1308 767 1349 Superior
783 1307 883 1348 Judex

12 1347 54 1384 fin
77 1348 200 1389 Gallia,
225 1348 347 1382 resciffa
374 1341 538 1381 Inferioris
562 1349 681 1389 judicis
707 1348 881 1389 sententia,

15 1391 105 1424 secte
120 1390 259 1423 absolvit
279 1391 310 1422 ἅ
327 1389 443 1423 dimisit
464 1400 575 1422 navem
597 1389 884 1431 Hamburgensem,

12 1441 89 1475 ,quae
105 1433 136 1464 in
155 1432 232 1465 mari
254 1431 426 1472 Hispanico
445 1432 517 1464 navi
536 1430 667 1464 Gallicae
684 1432 791 1474 chiae
812 1432 884 1464 vela

14 1482 82 1507 non
97 1472 281 1506 submiserat
296 1473 379 1514 (5).

13 1538 19 1545 .
62 1515 213 1547 Attamen
241 1524 296 1556 per
318 1514 468 1557 plurimas
494 1514 674 1558 Principum
698 1515 825 1557 iniurias
854 1515 886 1548 id

13 1555 140 1598 „semper
159 1556 305 1588 obtinere
329 1565 392 1588 non
415 1556 503 1588 licet.
546 1557 627 1589 Sane
658 1558 767 1599 quiqui
794 1558 887 1589 maris

13 1598 150 1638 alicujus
181 1598 348 1638 imperium
375 1598 406 1629 δι
429 1597 607 1630 dominium
629 1598 685 1631 fibi
712 1599 884 1640 adrogant,

13 1647 58 1672 vt
80 1639 192 1671 Franci
211 1639 303 1671 maris
319 1638 565 1671 Mediterranei:
589 1640 683 1680 Angli
701 1641 795 1673 maris
817 1640 885 1673 Bri-

13 1680 139 1714 :manici
151 1702 162 1719 ,
186 1680 302 1712 Veneti
322 1689 413 1712 maris
430 1680 601 1720 Adriatici,
627 1681 808 1715 Genuenses
825 1691 887 1713 ma-

13 1721 62 1756 mis
84 1719 262 1763 Ligustici,
286 1722 318 1753 in
346 1722 385 1753 iis
409 1722 545 1754 maribus
578 1722 778 1764 Majestatem
802 1722 887 1757 suam

12 1763 155 1796 mmiter
165 1762 322 1795 observari
338 1763 474 1803 volunt,
494 1764 524 1795 &
541 1763 584 1795 ob
602 1766 812 1797 reverentiam
821 1773 887 1797 non

13 1802 191 1847 ,praestitam
207 1805 239 1836 vi
259 1804 289 1836 δι
313 1804 344 1835 vi
362 1814 481 1836 armata
497 1815 602 1847 agunt.
645 1806 801 1847 Exempla
821 1815 886 1838 non

15 1844 150 1885 adfero,
172 1846 247 1892 quia
269 1845 333 1887 ipsa
354 1855 464 1877 eorum
488 1848 581 1888 copia
596 1847 785 1880 laboramus.
830 1847 887 1880 Sin

14 1894 127 1920 nutem
144 1887 228 1927 illis,
250 1896 326 1928 quas
340 1887 425 1926 dixi,
448 1887 627 1930 Gentibus,
649 1899 714 1931 prae
731 1889 801 1921 aliis
818 1888 886 1930 qui·

14 1927 224 1970 .huscunque‚
250 1927 328 1960 nihil
346 1928 512 1970 quicquam
528 1930 603 1970 juris
619 1930 656 1963 fit
673 1931 706 1963 in
720 1931 791 1970 illa,
815 1939 887 1971 quae

14 1968 76 2002 -fibi
101 1969 269 2011 adrogant,
294 1971 409 2008 maria,
436 1980 469 2001 ut
495 1970 566 2003 satis
589 1972 666 2004 mihi
689 1972 800 2004 videor
813 1980 886 2014 pro-

14 2009 106 2043 -baffe
124 2011 158 2043 C.
182 2011 226 2044 V.
242 2011 278 2047 &³⁹
296 2011 350 2043 Vl.
375 2013 404 2043 d.
431 2011 588 2053 Dsjffertat.
607 2013 688 2045 nihil
704 2014 800 2045 etiam
816 2022 886 2044 cau-

14 2049 65 2084 tfae
82 2051 151 2092 est,
173 2061 210 2084 ut
232 2052 271 2084 ab
289 2053 368 2092 ,aliis
391 2053 526 2085 aliorum
551 2054 734 2096 Principum
755 2054 888 2086 navibus

15 2093 153 2136 -exigant
180 2095 408 2133 reverentiam,
433 2094 489 2127 fibi
511 2096 543 2127 in
568 2095 632 2128 illis
652 2095 789 2128 maribus
807 2104 887 2137 prae-

12 2133 170 2168 >stantiam
195 2135 297 2168 Pastis
312 2134 392 2167 effici
412 2135 533 2176 potest,
554 2144 609 2177 ut,
632 2137 717 2178 quod
735 2137 805 2179 jure
823 2146 887 2169 11011

23 2176 198 2217 competit,
222 2177 355 2209 aliorum
378 2178 533 2210 concedat
550 2185 654 2210 metus
669 2179 722 2211 vel
741 2179 889 2221 ignavia,

23 2216 57 2249 &
75 2216 117 2249 fic
142 2225 181 2250 ex
200 2217 299 2250 Paetis
316 2217 403 2252 Gens
428 2218 525 2251 Genti
544 2220 692 2260 debebit,
713 2220 797 2262 quod
813 2220 889 2254 alio-

14 2279 16 2281 -
47 2258 100 2290 11111
119 2267 183 2290 11011
199 2258 353 2297 debebat,
373 2260 457 2300 quod
472 2261 501 2292 ὅ(
518 2260 603 2293 circa
617 2262 762 2294 velorum
778 2261 890 2294 demis-

68 2309 140 2332 nem
167 2299 252 2331 10ᾶο
282 2298 463 2331 observavit
495 2301 576 2334 Zent
615 2303 705 2336 avius
731 2305 766 2335 de
795 2304 888 2347 Orig.

15 2340 127 2387 tVevic.
151 2340 188 2386 ἑᾷ)
207 2341 309 2384 Oblig.
335 2340 407 2382 chr.
435 2342 525 2374 Gent.
550 2312 624 2376 Ag.
646 2353 676 2385 7.
701 2344 729 2387 §.
758 2354 808 2378 10.
831 2345 889 2377 At-

27 2390 89 2456 2(oe
105 2382 148 2414 ita
164 2392 194 2413 m
213 2382 240 2424 ᾗ.
269 2392 317 2424 13.
342 2383 432 2414 Pacis
446 2384 526 2415 inter
544 2384 748 2426 Respublicas
764 2386 889 2428 Angliae

75 2422 233 2455 Foederati
251 2424 351 2465 Belgii
380 2429 430 2460 28.
455 2424 531 2466 Apr.
560 2429 652 2466 1654.
675 2426 749 2468 (6)
771 2436 888 2459 conve-

26 2465 94 2504 nit,
116 2472 153 2496 ut
176 2474 217 2496 ex
239 2466 385 2507 antiqua,
407 2474 442 2498 ut
467 2466 508 2497 ibi
534 2466 670 2507 dicitur,
691 2467 888 2501 consuetudi-

28 2514 88 2545 ne,
134 2515 307 2547 uaecunque
333 2515 427 2538 naves
453 2505 694 2540 Foederatorum
724 2509 890 2551 Belgarum

29 2546 100 2580 navi
153 2548 260 2579 ellicae
283 2548 393 2589 Regiae
412 2549 441 2579 in
460 2549 535 2579 mari
558 2549 744 2582 Britannico
762 2549 891 2583 submit-

31 2593 133 2620 terent
152 2587 306 2621 summum
324 2588 462 2629 aplustre
485 2591 516 2622 &
539 2589 716 2631 supparum.
764 2592 890 2631 Verba.

29 2637 100 2662 nam
113 2629 153 2661 de
168 2630 274 2662 verbis
288 2640 364 2663 mox
384 2630 604 2672 disputandum
623 2632 684 2664 erit
693 2655 706 2672 ,
728 2632 770 2665 fic
790 2632 821 2665 se
838 2633 891 2665 ha-

29 2669 121 2707 bent:
145 2670 213 2702 Dat
230 2673 265 2703 de
287 2672 416 2713 Schepen
443 2682 479 2704 en
503 2672 695 2715 Vaartuigen
712 2675 764 2706 der
783 2675 890 2707 Veree-

17 2711 116 2754 ’aigae
140 2711 346 2752 Provincien,
368 2723 415 2744 zoo
441 2714 501 2745 wel
521 2723 582 2745 van
607 2715 755 2758 Oorloge,
777 2717 822 2748 als
836 2727 890 2749 an-

17 2753 113 2791 dere,
144 2753 274 2785 dewelke
300 2755 386 2795 eem'g
402 2756 489 2796 scuip
516 2757 578 2786 van
596 2755 723 2800 Oorloge
747 2768 809 2790 van
830 2758 892 2800 dese

27 2791 192 2839 Republicq
205 2796 240 2825 in
255 2796 289 2825 de
308 2796 512 2838 Britannische
529 2795 610 2828 Zeen
628 2799 726 2831 zallen
744 2801 845 2832 komen
862 2805 891 2831 te

18 2841 191 2867 'mtmoeten
202 2859 212 2875 ‚
237 2836 270 2867 de
287 2837 398 2879 vlagge
415 2848 477 2869 van
493 2840 527 2869 de
543 2844 589 2879 top
607 2849 669 2871 van
684 2841 718 2872 cle
737 2839 812 2883 mast
827 2841 891 2873 zul-

18 2875 79 2908 Ἰσπ
86 2875 228 2919 flryken,
251 2887 287 2909 en
302 2879 351 2909 het
365 2879 526 2911 mars-zell
547 2879 629 2913 laten
645 2882 747 2915 ‘vallem
757 2905 770 2924 ,
791 2885 891 2915 invoc-

115 3008 130 3046 )
148 3010 225 3039 Plac.
245 3010 268 3039 1.
290 3018 317 3038 2.
340 3016 366 3044 7.
388 3017 413 3038 1.
434 3018 461 3040 2.

116 3051 129 3083 )
148 3048 321 3086 Hellandscbe
340 3047 496 3078 Mercurius
517 3055 599 3088 1671.
618 3062 647 3090 p.
664 3063 729 3091 114.

68 3008 85 3122 ΑΛΑ

34 3127 50 3156 ⁸
180 3086 234 3123 pud
249 3086 414 3116 Zoucheum
434 3089 464 3116 de
480 3088 554 3128 Jure
569 3090 667 3123 Feciali
685 3094 762 3125 Part.
771 3095 807 3127 11.
823 3096 895 3129 Sest.

118 3086 132 3122 )
152 3087 175 3114 A

112 3145 119 3151 .
137 3131 181 3158 14·

117 3161 130 3198 )
150 3161 224 3191 Piae.
244 3163 280 3192 11.
301 3173 328 3199 4.
351 3166 395 3193 28.
418 3172 445 3194 2.
467 3172 494 3194 2.

119 3201 134 3238 )
153 3199 254 3232 Ibidem
269 3202 390 3242 Appena.
410 3212 440 3241 p.
459 3207 545 3241 2873.

70 3017 111 3237 ςςοΟω-ῥω

582 111 812 161 Jours
870 111 1214 157 PUBLICI‚

1267 114 1353 150 Lm.
1372 104 1421 151 11.
1454 119 1492 154 c.
1515 119 1611 156 xxr.
1720 125 1788 164 279

949 201 984 224 en
1002 191 1047 238 als
1065 198 1112 238 qyt
1128 193 1159 223 in
1176 194 1278 235 vorige
1298 196 1386 235 tyden
1400 199 1593 243 gebrrivlelvk
1610 202 1634 231 is
1651 195 1788 246 geweesl.

963 243 1010 266 uae
1027 234 1091 273 ipia
1111 235 1208 267 verba
1230 235 1326 266 etiam
1349 234 1505 279 delei-ipta
1522 236 1699 282 &repetita
1716 239 1788 271 sunt

927 276 958 308 in
977 274 1004 317 §.
1034 283 1080 306 ιο.
1107 275 1196 307 Pacis
1219 276 1302 308 inter
1327 277 1446 319 Regem
1464 279 1584 321 Angliae
1610 283 1639 314 ὃς
1654 281 1790 314 Ordines

927 316 1098 348 Generales
1124 326 1173 358 14.
1195 317 1282 359 Sept.
1309 322 1400 351 1662.
1425 319 1496 361 (7)
1515 323 1544 352 61
1563 322 1592 353 111
1611 322 1639 363 §.
1670 333 1717 360 19.
1735 322 1788 353 Pa-

927 358 974 390 cis
989 358 1071 389 inter
1085 357 1222 390 Eosdem
1242 368 1293 402 31.
1316 360 1377 400 Jul.
1407 364 1496 402 1667.
1519 361 1595 402 (8)

970 398 1068 445 Quod
1091 399 1127 430 ad
1152 400 1239 432 illam
1261 402 1512 436 conventionem
1538 403 1700 443 quaefltum
1724 403 1787 440 cst,

928 450 966 473 an
979 449 1075 472 etiam
1103 447 1171 472 tota
1188 440 1297 474 Classis
1324 443 1479 476 Ordinum
1496 453 1563 476 eam
1582 446 1789 476 reverentiam

927 490 1085 515 teneretur
1106 482 1254 514 exhibere
1277 484 1329 516 vel
1347 485 1401 516 uni
1426 486 1499 517 navi
1523 485 1620 526 Regis
1643 485 1787 526 Anglici‚

926 532 1133 565 quaecumque
1156 523 1211 555 illa
1233 523 1356 557 fuerit?
1378 526 1504 568 Magnis
1521 527 1632 558 animis
1649 536 1684 558 ea
1703 526 1741 557 de
1756 536 1791 557 re

926 564 1028 597 actum
1045 565 1076 596 δι
1087 573 1258 611 pugnatum
1274 565 1318 598 est
1334 567 1420 600 annis
1445 571 1534 609 1671.
1553 568 1583 600 ἀ
1604 571 1692 608 1670.
1705 567 1787 599 Cum

927 605 1035 638 Classis
1047 606 1203 639 Ordinum
1217 608 1321 640 mense
1332 609 1381 640 Au
1405 607 1474 640 usto
1490 610 1561 642 anni
1582 613 1671 650 1671.
1691 617 1790 648 prope

929 654 1042 693 terram
1060 647 1220 694 Belgicam
1233 648 1347 689 staret,
1401 651 1502 684 arolus
1518 644 1557 684 11.
1578 650 1650 683 Rex
1666 649 1790 691 Angliae

927 697 960 720 in
991 697 1058 720 eam
1082 689 1210 721 immifit
1227 700 1340 723 navem
1360 692 1525 733 quamdam
1551 690 1717 730 lusoriam,
1738 700 1791 722 een

927 729 1024 770 Jachc
1046 731 1214 762 tormentis
1239 739 1344 764 tamen
1361 733 1535 771 munitam,
1559 740 1595 765 ut
1614 733 1677 765 illae
1694 741 1791 764 naves

928 770 1054 803 lusoriae
1069 772 1182 817 muniri
1197 771 1311 805 solent.
1356 774 1440 806 Mox
1457 775 1604 808 navicula
1621 774 1674 807 illa
1692 773 1790 815 Regia

925 812 964 844 ab
992 812 1227 845 Archithalasso
1256 814 1412 847 Ordinum
1443 817 1551 858 exegit
1579 815 1790 848 reverentiam

924 853 1093 887 secundum
1117 863 1154 885 ea
1183 855 1299 896 113613,
1327 866 1418 898 quam
1441 866 1514 889 cum
1543 867 1608 890 non
1631 855 1791 898 praestaret

924 894 1191 941 Architbalassus‚
1213 897 1278 937 ejus
1297 907 1409 929 navem
1433 900 1599 932 tormentis
1639 899 1710 931 etiit
1728 897 1790 930 An-

924 937 1010 978 glica
1028 935 1111 977 (9).
1130 936 1282 978 Carolus,
1309 939 1481 972 Ordinibus
1498 940 1560 979 jam
1577 941 1607 973 in
1625 939 1733 978 ensus,
1754 948 1791 970 03

924 977 1089 1024 occasione
1107 986 1247 1020 arrepta,
1267 980 1304 1012 iis
1317 980 1436 1013 bellum
1448 981 1565 1014 indixit
1582 979 1686 1015 mense
1702 981 1790 1013 Mar—

927 1027 973 1064 tio
993 1028 1067 1064 anni
1098 1022 1187 1060 1672.
1213 1029 1281 1052 eam
1302 1022 1387 1053 0111111
1411 1022 1602 1064 potissimum
1624 1024 1719 1055 editae
1743 1022 1791 1054 in-

924 1060 1071 1091 drthoms
1092 1059 1216 1092 causam
1236 1069 1411 1101 memorat,
1434 1064 1553 1105 reliqua
1568 1064 1638 1097 sane
1653 1063 1792 1105 frigidis-

925 1100 998 1134 sima
1017 1099 1098 1147 sunt.
1123 1101 1278 1141 Ordines,
1302 1104 1431 1145 prolixo
1448 1104 1589 1137 Decreto
1605 1105 1623 1147 (
1636 1106 1720 1147 10),
1742 1105 1790 1137 111-

926 1149 1047 1183 tegram
1069 1142 1154 1174 illam
1185 1143 1389 1178 indictionem
1413 1145 1614 1185 refutarunt,
1639 1148 1670 1180 δε
1697 1146 1734 1178 36
1758 1147 1786 1177 d.

925 1183 976 1225 §§.
1004 1193 1053 1230 ¹3.-
1079 1192 1125 1230 10.
1152 1183 1188 1219 &³
1212 1194 1260 1223 19.
1283 1185 1532 1227 responderunt,
1555 1197 1609 1220 eos
1633 1188 1792 1229 pertinere

925 1234 990 1257 non
1011 1225 1112 1257 Viderl
1135 1225 1173 1257 ad
1190 1232 1274 1260 totas
1291 1227 1448 1261 Ordinum
1468 1229 1594 1262 Classes.
1639 1228 1788 1261 SubsistO.

926 1266 976 1313 An
995 1275 1059 1298 non
1077 1267 1292 1308 pertinerent,
1316 1269 1402 1310 quod
1424 1280 1522 1303 naves
1549 1270 1704 1303 Ordinum
1720 1268 1790 1301 fue-

927 1314 992 1340 rint
1010 1308 1131 1349 plures,
1156 1307 1210 1340 sed
1223 1318 1283 1342 una
1301 1318 1424 1343 tantum
1442 1312 1566 1353 Regia?
1590 1312 1633 1344 At
1649 1320 1728 1343 vero
1744 1310 1793 1342 illi

927 1348 976 1390 §§.
1000 1349 1174 1390 loquuntur
1202 1350 1242 1382 de
1269 1351 1400 1385 navibus
1423 1352 1662 1387 Foederatorum
1684 1353 1792 1393 Belga-

927 1400 1016 1436 rum,
1039 1400 1172 1422 numero
1194 1392 1352 1433 plurium,
1375 1395 1406 1427 δε
1429 1404 1507 1427 mox
1531 1395 1571 1427 de
1585 1404 1646 1426 una
1671 1402 1794 1426 tantum

929 1432 1038 1478 Regia.
1076 1431 1175 1478 „Nihil
1192 1443 1317 1481 quoque
1341 1435 1458 1475 refert,
1482 1446 1577 1469 naves
1594 1435 1708 1469 nostrae
1724 1434 1794 1467 fue-

928 1483 993 1505 rint
1009 1473 1131 1506 bellicae
1142 1497 1152 1511 ‚
1176 1483 1214 1506 an
1229 1476 1318 1515 aliae,
1341 1485 1378 1509 ut
1394 1478 1537 1519 expreffe
1553 1485 1682 1510 cautum
1700 1475 1746 1508 est
1764 1476 1796 1508 d.

929 1514 979 1557 §§.
1003 1514 1095 1547 Unde
1109 1514 1273 1555 effeceris,
1297 1527 1357 1549 1100
1375 1528 1541 1552 numerum
1558 1528 1619 1552 nec
1635 1517 1795 1550 conditio-

928 1565 1000 1588 nem
1016 1556 1144 1603 navium
1162 1557 1321 1592 excusasse
1337 1569 1354 1591 a
1369 1560 1541 1601 praestanda
1558 1559 1745 1594 reverentia.

972 1597 1033 1630 Sed
1060 1598 1155 1630 velim
1180 1600 1417 1640 animadverti,
1447 1611 1543 1635 naves
1567 1602 1636 1634 illas
1663 1600 1796 1633 bellicas

929 1639 1125 1671 constituisse
1146 1640 1300 1682 integram
1324 1641 1477 1684 Claffem,
1504 1644 1534 1677 &
1553 1644 1691 1684 integras
1706 1641 1795 1674 navi·

929 1690 982 1712 um
1001 1679 1117 1714 Claffes
1132 1681 1218 1724 posse
1233 1684 1430 1724 comparari,
1454 1693 1490 1718 ut
1506 1685 1537 1717 &
1552 1685 1650 1727 vulgo
1667 1692 1796 1724 compa-

928 1729 1056 1761 rantur,
1080 1722 1231 1756 Praefidiis
1243 1747 1254 1764 ,
1281 1724 1416 1758 Arcibus
1433 1726 1463 1759 &
1479 1726 1657 1765 Portubus,
1679 1725 1794 1767 quibus

929 1772 1039 1795 omnes
1056 1764 1185 1797 advenae
1201 1766 1339 1807 primum
1358 1766 1461 1800 solent
1480 1768 1511 1801 ἃ
1529 1768 1645 1800 debent
1662 1766 1793 1799 exhibe-

928 1814 962 1837 re
978 1806 1197 1852 reverentiam.
1221 1807 1334 1847 Addo,
1357 1808 1512 1849 Clall'em,
1535 1819 1606 1851 quae
1620 1808 1680 1841 stat
1696 1809 1728 1840 in
1743 1817 1797 1840 an-

929 1846 1054 1886 choris,
1080 1849 1259 1881 cammaris
1283 1857 1424 1891 partem,
1448 1851 1499 1883 cui
1520 1851 1670 1889 incubat,
1692 1848 1797 1882 videri

930 1888 1121 1935 pccupasse,
1136 1897 1264 1923 eatenus
1283 1900 1415 1933 nempe,
1433 1901 1586 1934 quatenus
1604 1892 1635 1924 &
1650 1890 1800 1933 quamdiu

930 1930 1066 1962 incubat.
1112 1931 1144 1964 Si
1162 1933 1389 1973 occupaverit,
1411 1933 1518 1966 transit
1533 1934 1565 1966 in
1581 1933 1748 1975 imperium
1763 1932 1795 1964 δε

930 1971 1104 2004 dominium
1127 1974 1334 2014 occupantis,
1360 1973 1528 2008 secundum
1557 1985 1610 2015 ea,
1635 1984 1707 2016 quae
1733 1973 1796 2005 dis-

930 2014 1041 2054 putavi
1067 2014 1099 2046 C.
1125 2014 1181 2046 ΙΙΙ.
1206 2014 1312 2050 &N
1335 2017 1369 2048 de
1396 2016 1536 2049 Dominio
1562 2018 1668 2055 maris3
1692 2011 1806 2047 domi-'

930 2065 974 2087 no
990 2063 1095 2088 autem
1120 2056 1152 2088 in
1168 2054 1224 2088 suo
1242 2056 1335 2098 ipfius
1356 2058 1517 2091 territorio
1533 2058 1652 2100 primus
1676 2057 1796 2098 ubique

931 2105 1082 2129 terrarum
1098 2097 1188 2130 datur
1207 2098 1319 2131 honor.
1364 2098 1490 2132 Deinde
1504 2105 1699 2133 memoratur
1720 2106 1798 2130 tunc

932 2138 1087 2170 Ordinum
1114 2138 1222 2171 Claffis
1246 2139 1363 2173 stetiffe
1386 2143 1474 2173 oncler
1496 2144 1517 2173 ’t
1538 2141 1645 2173 Landt
1660 2164 1670 2180 ,
1701 2148 1800 2181 prope

932 2179 1133 2219 zelandiam,
1154 2190 1254 2222 neque
1278 2182 1357 2214 adeo
1385 2182 1419 2215 in
1443 2182 1521 2215 mari
1547 2181 1753 2221 Britannico,
1777 2180 1800 2212 fi

933 2231 993 2263 qua
1013 2221 1090 2254 fides
1106 2221 1249 2264 epistulae
1277 2222 1295 2264 (
1309 2223 1396 2266 11),
1420 2233 1514 2266 quam
1533 2223 1689 2265 syndicus
1708 2221 1802 2254 Ordi-

933 2272 1006 2296 num
1023 2262 1206 2296 Hollandiae
1223 2273 1273 2296 22.
1298 2265 1387 2306 Sept.
1407 2269 1497 2307 1671.
1518 2265 1558 2297 de
1574 2275 1613 2297 eo
1627 2263 1715 2296 facto
1727 2261 1798 2295 scri-

931 2305 992 2346 pfit
1010 2304 1049 2336 ad
1064 2304 1220 2347 Legatum
1239 2306 1394 2339 Ordinum
1411 2306 1637 2344 Gener-alium,
1658 2305 1710 2346 qui
1723 2311 1802 2336 tunc

932 2347 964 2378 in
981 2346 1093 2387 Anglia
1107 2354 1186 2379 erat.
1215 2347 1262 2390 ¹Si
1279 2357 1343 2380 non
1359 2348 1393 2381 in
1414 2348 1491 2381 mari
1507 2347 1712 2385 Britannico,
1732 2355 1799 2377 ces-

932 2386 978 2419 sat
1004 2388 1189 2420 conventio.
1236 2388 1334 2434 Quod
1360 2389 1383 2422 fi
1430 2399 1508 2432 rope
1534 2398 1650 2421 terram
1675 2386 1800 2419 steterit

932 2428 1039 2462 Claffis
1053 2453 1064 2469 ,
1094 2429 1158 2461 dici
1187 2430 1308 2471 poterit
1325 2453 1335 2469 ,
1364 2398 1447 2462 106ἵο
1480 2427 1742 2462 Archithalaffum
1767 2437 1798 2458 3-

931 2469 1088 2510 plustre&
1106 2469 1272 2511 supparum
1289 2480 1352 2503 non
1367 2470 1553 2511 submisisse,
1567 2470 1640 2512 quia
1657 2477 1800 2500 commu-

931 2510 964 2543 ni
988 2511 1183 2558 Populorum
1211 2511 1289 2550 usu,
1308 2521 1404 2558 quem
1428 2513 1520 2544 latius
1544 2510 1675 2553 probavi
1695 2510 1726 2542 C.
1753 2508 1795 2542 II.

932 2553 967 2583 de
991 2551 1114 2583 Domm.
1138 2562 1214 2584 mar.
1238 2562 1369 2585 marium
1395 2562 1487 2595 pars,
1510 2560 1601 2585 terrae
1629 2551 1799 2594 proxima,
1855 2577 1863 2581 ,

932 2592 1072 2632 eiusdem
1090 2593 1216 2634 imperii
1232 2593 1397 2632 censetur,
1422 2595 1512 2635 cujus
1529 2595 1559 2626 &
1573 2602 1675 2631 terra,
1689 2593 1722 2625 in
1739 2600 1800 2624 ter-

932 2643 966 2666 ra
982 2642 1087 2666 autem
1100 2657 1111 2674 ,
1137 2635 1201 2666 hoc
1220 2634 1286 2674 est,
1308 2635 1340 2667 in
1357 2635 1422 2677 ipsa
1442 2636 1592 2669 Zelandia
1615 2635 1738 2667 nullum
1753 2634 1802 2674 ius

934 2684 989 2707 aut
1014 2676 1083 2710 Rex
1109 2675 1233 2718 Angliae
1263 2676 1440 2710 vindicavit
1468 2686 1624 2719 unquam,
1646 2683 1700 2708 aut
1723 2684 1800 2706 con-

934 2715 1023 2749 cessit
1050 2718 1227 2759 quisquam.
1272 2717 1371 2758 Scio,
1394 2728 1463 2751 mea
1486 2718 1661 2756 memoria,
1685 2725 1800 2748 navem

935 2757 1235 2800 Anglicam,‘juxta
1249 2768 1377 2802 portum
1399 2758 1657 2802 Vliffingensem,
1678 2755 1799 2789 hostili—

937 2806 985 2832 ter
1004 2799 1160 2842 excepisse
1182 2811 1296 2834 navem
1322 2801 1544 2839 Zelandicam‚
1569 2799 1652 2842 quod
1679 2797 1711 2828 se
1736 2807 1801 2845 non

933 2839 1144 2880 salutaverat,
1168 2841 1222 2874 sed
1239 2851 1313 2874 cum
1330 2842 1498 2876 Zelandica
1515 2841 1579 2880 ibi,
1603 2841 1673 2885 hoc,
1682 2837 1748 2877 est,
1768 2849 1803 2871 m

934 2881 1072 2926 Imperio
1099 2883 1256 2917 Ordinum
1283 2883 1467 2925 Zelandiae,
1490 2884 1523 2917 in
1544 2880 1691 2915 anchoris
1708 2879 1801 2927 stete-

1738 2930 1801 2960 rit,

975 3016 1038 3054 (8)
1058 3017 1159 3046 Ibidem
1179 3017 1229 3046 111.
1253 3026 1277 3047 1.
1299 3025 1343 3053 13.
1364 3019 1410 3047 28.

975 3057 1036 3093 (9)
1056 3055 1168 3094 Sylvius
1189 3056 1306 3094 Vervolg
1316 3064 1370 3084 van
1382 3055 1513 3084 Aitzema
1532 3053 1569 3085 t..
1582 3053 1633 3084 111.
1652 3062 1681 3092 p.
1698 3055 1761 3083 180.
1777 3051 1804 3082 &

937 3097 1058 3178 1gz'ro)
1077 3133 1152 3161 Tam
1180 3131 1319 3177 indictio)
1347 3139 1444 3199 quan}
1451 3132 1587 3162 refutatio
1605 3130 1715 3162 exstant
1730 3130 1805 3168 apud

941 3170 1066 3245 &¹323ss
1081 3172 1430 3248 '5330'23‘32232332227322
1447 3172 1653 3241 hff¹reliss⁹³'
1666 3170 1692 3201 ἃ
1706 3169 1782 3208 seqq·
