2008 3436
305 90 595 151 VIRO
733 83 1544 145 CLARISSIMO

40 263 932 363 CORNELIO
1056 285 1313 345 VAN
1440 263 1810 351 ECK‚

641 455 772 523 JCto
807 453 863 509 ἐξ
899 454 1170 523 Anteceſjbri
1178 492 1192 514 ,

854 629 894 673 S.
950 629 1004 672 D.

72 793 643 862 CORNELIUS
710 791 914 851 VAN
988 787 1782 859 BYNKERSHOEK,

56 1014 223 1051 w‘*
246 1028 304 1059 ε
324 1006 500 1054 uoniam
556 1001 606 1053 &
649 999 995 1069 Jurisprudentiae
1041 999 1302 1050 addiscendae
1337 999 1445 1050 mihi
1480 997 1597 1048 fuisti
1632 999 1816 1055 auctor,

122 1070 245 1137 «³3
265 1068 303 1131 ξ’
347 1075 428 1131 &,
480 1089 585 1120 cum
630 1072 672 1119 in
717 1089 776 1120 eo
818 1067 987 1128 effem,
1039 1071 1221 1136 ingenio
1265 1087 1339 1118 me
1383 1069 1432 1118 &
1469 1068 1712 1117 eruditione
1747 1082 1821 1115 tua

50 1135 96 1211 ᾗ
125 1132 306 1209 '⁴⁹3⁴'
347 1140 557 1191 reddidisti
576 1139 831 1204 meliorem,
868 1141 1000 1188 mitto
1040 1139 1090 1189 &
1125 1138 1309 1188 instribo
1345 1138 1421 1187 tibi
1457 1137 1575 1187 hunc
1610 1136 1817 1185 libellum.

56 1204 307 1258 “'N
348 1212 424 1270 lis,
479 1228 555 1277 per
597 1228 708 1278 quos
752 1209 1043 1277 profecimuS,
1079 1208 1291 1258 debemus
1327 1206 1486 1266 multa,
1522 1205 1594 1256 sed
1628 1206 1707 1264 iis,
1743 1221 1821 1269 per

45 1302 155 1352 quos
208 1301 264 1331 ex
317 1282 499 1338 anim0,
547 1280 645 1339 vel,
687 1279 807 1347 quod
841 1278 949 1328 mihi
993 1279 1249 1328 tantundem
1285 1276 1372 1337 est,
1408 1271 1650 1326 beatissime
1685 1275 1826 1323 vitam

45 1353 355 1421 transigimus,
410 1349 621 1398 debemus
675 1351 837 1398 omnia.
919 1346 1254 1406 Meministine,
1309 1364 1447 1415 quum
1492 1363 1568 1395 me
1603 1346 1652 1396 &
1689 1343 1825 1394 studia

42 1441 145 1475 mea
187 1422 271 1471 alio
314 1416 584 1470 destinassent
629 1418 864 1478 Parentes,
909 1432 954 1466 te
1001 1416 1182 1466 adfuisse
1216 1427 1399 1475 ΘΕΟΝ,
1436 1430 1484 1465 ut
1519 1416 1673 1481 ajunt,
1714 1423 1825 1466 Ano

47 1501 332 1543 ΜΗΧΑΝΗΣ
352 1527 365 1548 ,
411 1489 459 1538 &
513 1506 587 1537 me
633 1487 812 1537 servaffe
857 1486 1128 1536 incolumem
1151 1486 1177 1538 ⁵?
1222 1504 1312 1555 ego
1347 1485 1444 1535 sane
1479 1486 1586 1534 tanti
1621 1481 1828 1533 beneficii

48 1580 140 1611 non
176 1579 255 1609 ero
291 1563 529 1609 immemor
565 1574 756 1625 unquam
786 1595 800 1616 ,
845 1556 894 1607 &
930 1556 1073 1606 donec
1109 1556 1221 1606 aliud
1256 1557 1339 1616 fit,
1374 1554 1495 1624 quod
1526 1554 1665 1623 digne
1698 1567 1826 1619 repo-

48 1633 94 1681 ni
130 1629 285 1696 poffit,
321 1629 407 1677 hoc
443 1629 605 1676 interea
636 1625 892 1694 opusculum
920 1642 1053 1693 penes
1089 1640 1134 1675 te
1169 1625 1258 1675 efle
1290 1625 1398 1675 volo
1435 1641 1627 1676 coronae
1664 1622 1829 1673 civicae

49 1699 190 1751 instar.
263 1698 348 1748 Sed
382 1697 430 1747 &
466 1695 592 1745 fimul
629 1696 928 1764 qualecunque
964 1695 1358 1747 redhostimentum
1386 1695 1551 1746 collatae
1586 1697 1630 1744 in
1668 1710 1743 1744 me
1778 1709 1829 1740 o-

50 1771 126 1821 lim
166 1785 336 1835 operae,
374 1766 542 1833 semper
577 1767 798 1815 amicitiae:
835 1767 916 1815 alta
950 1767 1112 1833 quippe
1145 1765 1194 1817 &
1240 1780 1363 1834 grata
1398 1777 1550 1815 mente
1586 1775 1736 1813 manet
1763 1777 1829 1810 re-

50 1837 252 1907 postum,
289 1836 407 1904 quod
444 1834 577 1893 mihi,
615 1850 662 1884 ut
699 1835 806 1885 soles
842 1834 1106 1888 auditoribus
1142 1836 1254 1897 tuis,
1289 1853 1342 1888 ea
1376 1836 1528 1886 omnia
1562 1830 1828 1902 praestiteris,

51 1920 129 1976 per
163 1925 257 1975 quae
294 1907 445 1956 lubens
480 1902 693 1956 adsentior
728 1904 993 1972 Majoribus,

291 2047 390 2182 {ff
426 2045 745 2165 llnraeceptorem
773 2044 916 2108 [linai
950 2043 1119 2094 voluere-
1160 2043 1373 2095 Parentis

377 2134 397 2164 e
451 2135 519 2166 oco
552 2143 1224 2156 ————————

57 2253 179 2322 quod
214 2253 594 2321 jurisprudentiam
631 2254 884 2304 Romanam
920 2251 1327 2312 commendaverIS,
1377 2269 1469 2302 non
1505 2249 1747 2301 tralatitiam
1783 2248 1831 2298 il-

59 2323 145 2371 lam
167 2360 181 2381 ,
238 2321 307 2372 sed
351 2340 606 2389 germanam
629 2362 644 2382 ,
692 2323 761 2374 sed
809 2323 1065 2386 masculam3
1111 2322 1231 2390 quod
1266 2322 1378 2372 hanc
1415 2320 1572 2388 ipsam,
1609 2337 1656 2369 ut
1693 2337 1831 2368 nemo

59 2391 278 2450 disertius,
315 2392 561 2458 exposueris
599 2411 688 2442 non
725 2392 987 2442 Antecessor
1021 2392 1226 2442 duntaxat
1261 2392 1472 2448 auditori,
1508 2406 1550 2439 at
1586 2391 1751 2438 amicus
1786 2406 1832 2436 a·

60 2462 208 2520 mico,
242 2462 291 2511 &
328 2461 514 2529 denique
549 2462 667 2529 quod
702 2462 883 2512 audendi
919 2461 1075 2529 aliquid
1111 2459 1230 2527 spem
1269 2461 1377 2510 mihi
1413 2458 1619 2508 addideris
1655 2459 1702 2508 &
1739 2459 1830 2506 ani-

63 2545 201 2578 mum.
275 2530 514 2580 Neminem
539 2568 552 2589 ,
598 2548 641 2579 te
686 2548 859 2597 praeter,
896 2533 994 2580 vitae
1033 2531 1212 2580 Ducem
1248 2531 1298 2581 &
1335 2529 1652 2593 Praeceptorem
1690 2527 1829 2576 lauda-

62 2598 122 2646 bo
156 2616 370 2665 unquam,
407 2602 632 2650 neminem
667 2602 798 2650 etiam
844 2602 983 2667 magis
1026 2600 1233 2649 amicum.
1270 2616 1376 2648 ecce
1411 2598 1712 2647 testimonium
1751 2614 1829 2662 pu-

65 2665 246 2716 blicum!
283 2670 418 2718 Utere
452 2671 609 2736 igitur,
645 2670 764 2737 quod
799 2671 843 2719 in
879 2687 954 2718 me
989 2669 1146 2728 habes,
1176 2671 1275 2735 jure
1311 2669 1589 2733 Praeceptoris
1626 2667 1674 2716 &
1701 2667 1829 2715 Ami·

67 2736 136 2794 ci,
171 2735 219 2785 &
253 2735 286 2786 si
320 2738 419 2803 quid
454 2757 622 2797 errem,
661 2757 819 2798 mone,
859 2739 994 2797 doce,
1029 2738 1077 2788 &
1112 2752 1157 2787 te
1193 2738 1377 2788 audiam.
1454 2738 1576 2786 Plura
1611 2736 1829 2793 adderem,

66 2805 112 2853 ni
146 2819 218 2853 tua
256 2806 460 2856 modestia
494 2824 670 2858 vetaret.
742 2809 892 2876 Itaque
927 2807 1046 2866 vale,
1082 2807 1132 2857 &
1166 2823 1211 2857 te
1246 2809 1320 2876 qui
1357 2821 1505 2865 amat,
1552 2822 1660 2854 arna.
1736 2804 1829 2852 Ha·-

66 2889 135 2940 gae
169 2872 435 2926 Batavorum
465 2891 563 2932 x11.
603 2877 703 2928 Kal.
742 2878 846 2928 Ost.
886 2874 980 2930 cro.
1017 2893 1068 2931 13
1086 2938 1088 2940 v
1106 2891 1224 2928 cen.
