2008 3436
209 110 490 164 QUAE'ST.
542 108 770 163 JURIS
820 112 1166 158 PUBLICI,
1221 114 1565 156 LIB.11.C.XV.

20 195 126 233 derat,
152 195 181 226 ὁὶ
196 195 217 227 {i
232 195 269 227 ad
287 196 354 227 haec
370 194 555 228 exstruenda
569 196 665 232 liceat
685 195 880 236 privatorum

19 238 130 268 domos
145 245 301 277 occupare
312 259 321 274 ,
340 238 442 270 multo
458 239 556 279 magis
576 237 686 269 licebit
702 246 756 276 per
773 246 882 268 eorum

17 277 131 311 fundos
149 278 271 310 canales
294 277 422 317 fodere,
455 278 491 310 ad
509 278 596 310 usum
620 278 766 316 navium,
792 278 821 309 x&
844 278 881 309 ad

18 318 212 352 extendenda
237 319 287 351 vel
316 320 482 352 munienda
505 320 636 351 Urbium
667 319 880 359 Oppidorum-

16 369 78 401 que
97 360 211 392 moenia
230 361 425 402 privatorum
443 360 524 393 aedes
539 361 661 392 diruere
674 383 684 399 ,
707 370 798 402 agros
818 361 885 392 viu-

1719 126 1784 167 [167

924 205 958 228 re
975 193 1132 227 destruere
1156 195 1186 226 δε
1201 204 1374 236 occupare,
1398 206 1460 228 non
1488 201 1583 232 modo
1610 201 1645 232 ad
1674 201 1790 232 Acade--

924 238 996 269 miae
1021 235 1286 274 exstructionem,
1316 236 1367 269 sed
1385 238 1414 270 ὅ(
1435 238 1471 269 ad
1496 250 1713 273 ornamentum
1738 251 1791 273 aut.

923 277 1140 311 Studiosorum
1159 279 1378 319 voluptatem,
1411 285 1452 310 tor
1475 282 1585 312 cierunt
1613 285 1661 314 aler
1685 284 1764 314 aelst·
1780 306 1790 321 ,

928 331 963 352 en
981 321 1013 351 (le
1030 320 1190 351 recreatien
1206 321 1258 350 der
1276 319 1438 352 Stridenren
1463 321 1626 363 eenz'gfims
1653 326 1790 361 dirimunt,

928 362 1097 402 behozrclelyk
1115 362 1166 391 dat
1185 371 1221 402 κγ
1241 361 1339 393 luiden
1355 362 1503 404 gehouden
1527 366 1646 394 worden
1664 367 1697 395 <le
1716 361 1787 405 fiai·-

16 402 138 440 dicare,
171 403 220 441 ἃ,
244 402 391 444 quicquid
421 402 544 440 obstat,
569 411 728 433 amovere.
773 402 824 433 Ex
848 402 885 434 iis
929 404 1059 435 riculi‘ere
1077 404 1232 444 eigenczars
1247 403 1281 443 of
1295 401 1423 441 hefitters
1441 413 1503 435 vem
1528 405 1561 435 de
1577 408 1696 445 pri-nate
1718 409 1789 445 liny-

17 442 86 477 sane
103 443 198 476 causis
214 453 277 476 non
298 452 418 475 tantum
438 441 502 483 ipse
521 443 670 484 Princeps
688 444 772 475 reele
797 452 884 490 exer-
919 445 1128 488 seizalleenlyk
1146 449 1173 475 te
1182 454 1383 490 vprgenoegen
1399 446 1615 489 totschactirige
1631 457 1691 477 vus-z
1704 442 1788 478 δαῖε-

17 493 69 516 cet
90 484 139 523 Jus
156 485 283 526 Imperii
308 484 494 523 eminentis,
518 483 569 515 scd
591 485 620 516 ἃ
636 493 695 523 eo,
719 485 799 517 datis
816 494 878 526 pri·
920 494 1026 529 penem.
1058 485 1129 517 Hac

14 526 140 566 vilegiis
151 550 159 566 ‚
184 527 268 558 recte
284 526 368 557 cedit
386 524 520 557 Urbium
537 526 798 567 Oppidorumquc
810 527 880 558 Ma-

15 566 180 606 stratibus,
203 576 236 598 ut
250 567 408 598 declarant
428 567 596 608 exempla,
620 577 690 608 qua:
708 568 800 598 attuli
824 568 879 599 Ca-

10 610 73 652 pite
89 611 232 649 proxiitw.
265 608 346 640 Haec
364 616 470 640 autem
488 609 594 640 omnia
613 618 650 640 an
667 609 704 640 ad
721 609 879 640 ncccffita-

15 659 99 689 tem‚
127 660 165 682 an
193 650 230 681 ad
249 649 419 682 utilitatem
447 650 606 690 publicam
631 650 767 688 referas,
801 650 880 682 nihil

13 692 180 733 quicquam
202 692 239 722 ad
256 700 327 729 me,
349 691 402 732 qui
421 701 459 723 ex
477 700 609 733 utraque
631 691 718 723 causa
743 691 880 732 Principi

12 734 46 767 id
60 733 109 773 jus
128 733 261 774 largior-3
287 733 441 764 tricentur
459 733 498 764 dc
526 742 565 764 eo
588 733 664 771 alii,
686 733 798 774 quibus
817 733 881 774 pla-

14 783 67 808 cet
82 775 185 807 verbis
205 774 329 813 ludere,
351 784 441 813 nam,
465 783 500 805 ut
522 775 605 813 dixi,
630 775 707 806 inre
728 773 791 815 ipsa
807 784 882 806 con-

12 816 152 850 sentiunt
169 826 288 847 omne&
334 816 534 848 Munimenta
551 817 659 857 utique
676 816 860 849 exstruimus
871 839 881 855 ‚

15 869 81 892 non
98 867 219 890 tantum
237 857 506 898 appropinquante
523 858 629 895 hoste,
654 857 704 889 sed
729 857 758 889 ὅ(
782 856 883 888 media

14 910 110 943 pace,
133 901 164 932 ἃ.
184 908 318 939 utroque
337 908 477 940 tempore
493 900 559 938 pari
576 900 644 940 jure
661 899 747 930 licet.
777 898 883 930 Etiam

17 942 118 974 media
137 950 213 982 pace
228 941 258 972 id
275 941 376 981 exigit
398 940 557 972 ncceslitas
582 940 778 981 Reipublicae
796 947 883 970 tuen-

15 984 82 1022 dae,
114 983 186 1024 quia
210 982 411 1014 tumultuaria
434 982 646 1019 munimenta,
676 990 745 1021 quae
772 989 882 1020 appro-

15 1026 188 1068 pinquante
209 1023 296 1055 hoste
314 1022 416 1062 fiunt,
440 1023 467 1053 ei
490 1022 670 1064 repellendo
696 1030 760 1053 non
781 1021 883 1053 solent

17 1066 168 1099 sufficere.

59 1107 140 1145 Sed,
164 1113 199 1137 ut
224 1103 397 1143 factorum,
429 1106 472 1137 ita
497 1107 527 1139 ἃ
553 1106 743 1146 judiciorum
772 1115 884 1147 magna

19 1149 63 1182 est
81 1147 254 1179 diversitas.
300 1146 397 1193 Quod
418 1147 487 1179 aliis
503 1147 704 1179 necessarium
719 1172 728 1186 ,
753 1147 822 1179 aliis
845 1156 885 1178 ne

19 1190 144 1233 quidem
162 1188 241 1219 utile
258 1188 427 1220 videbitur.
475 1188 557 1228 Fac,
582 1189 736 1230 Principis
762 1188 886 1220 liberta-

18 1241 82 1264 tem
104 1230 297 1270 periclitari,
323 1229 343 1260 ii
363 1240 426 1261 non
451 1238 597 1262 exerceat
622 1230 789 1271 Imperium
811 1229 887 1262 cmi-

17 1272 120 1308 nens‘?
146 1272 174 1304 ἃ
192 1271 232 1302 fic
246 1271 300 1312 ipli
320 1270 422 1302 sedere
434 1294 443 1309 ,
467 1271 535 1304 aliis
552 1281 615 1303 non
633 1270 762 1303 sedere?
787 1270 888 1303 InZe-

19 1315 123 1348 landia
147 1312 226 1344 haud
247 1312 289 1343 ita
319 1313 438 1353 pridem
470 1313 539 1344 haze
566 1323 614 1344 res
637 1313 756 1354 magnis
777 1313 887 1344 animis

20 1356 102 1394 afta,
127 1364 227 1399 neque
245 1353 325 1385 inter
343 1353 524 1386 Provincias
544 1353 700 1386 Foederati
717 1354 816 1395 Belgii
835 1353 886 1385 ad—

20 1399 84 1430 huc
100 1396 251 1428 tranlacta
269 1395 322 1427 est.
369 1395 526 1427 Zelandife
543 1396 679 1427 Ordines
696 1405 736 1426 ex
759 1395 887 1427 haeredi-

21 1448 88 1471 tate
108 1437 254 1469 wilelmi
277 1436 331 1468 111.
359 1436 505 1477 Dynasta:
523 1437 674 1476 Orantgii,
696 1437 744 1477 jus
759 1436 888 1478 aliquod

18 1479 175 1519 Feudale,
200 1478 284 1519 quod
301 1477 365 1519 ipse
385 1479 532 1508 habuerat
546 1478 578 1509 in
594 1471 708 1510 Veram
720 1478 749 1510 &
765 1478 888 1510 Vliffin—

21 1532 112 1564 gam,
135 1528 352 1561 occuparunt,
385 1518 526 1550 Decreto
551 1519 581 1551 in
607 1519 686 1551 hanc
710 1529 776 1551 rem
802 1519 888 1551 facto

24 1574 75 1604 17.
100 1561 185 1594 Nov.
212 1571 301 1603 1732.
325 1560 393 1606 (ι).
441 1560 638 1592 Verebantur
655 1560 775 1592 scilicet
795 1561 887 1592 Ordi-

19 1615 95 1644 nes,
130 1613 171 1635 ne
197 1602 344 1634 Waclmi
368 1603 490 1633 heredis
510 1602 620 1640 heres,
644 1602 664 1634 si
684 1602 823 1634 Vas-allus
844 1612 889 1634 es-

18 1646 86 1684 set,
109 1645 285 1678 exercendo
309 1643 387 1675 illud
408 1644 457 1683 jus
480 1643 634 1682 Feudale‚
664 1644 804 1676 libertati
827 1643 888 1675 suae

19 1688 194 1728 obreperet.
242 1685 300 1716 Ille
324 1693 435 1716 contra
456 1684 621 1725 censebat,
645 1686 675 1717 ἃ
699 1695 795 1726 quum
822 1694 889 1726 pre-

21 1730 120 1767 tium,
143 1727 227 1769 quod
246 1727 379 1760 Ordines
396 1736 453 1767 pro
469 1727 590 1759 abolito
608 1736 647 1758 eo
659 1727 727 1767 jure
737 1728 765 1758 ei
783 1736 890 1760 nume-

20 1780 88 1802 rare
105 1770 202 1811 parati
222 1778 328 1807 erant,
349 1769 450 1799 nollet
466 1769 628 1809 accipere,
641 1768 816 1810 depositum
833 1767 888 1799 est.

20 1811 151 1844 Interim
167 1810 319 1852 possident
335 1810 485 1848 zelandi,
508 1820 571 1851 quo
585 1811 695 1848 exitu,
719 1810 824 1848 dieat,
836 1810 889 1851 qui

19 1862 110 1885 vates
127 1852 181 1885 est.
226 1852 435 1884 Zelandorum
446 1860 560 1897 ,partes
577 1851 743 1893 sequuntur
756 1851 905 1884 Hollan-.

21 1895 72 1933 di,
97 1895 127 1926 ἃ
150 1903 190 1925 ex
211 1892 383 1925 Foederatis
400 1893 464 1924 alii.
511 1893 573 1925 Alii
592 1892 696 1925 rursus
714 1893 754 1924 de
778 1893 890 1933 injuria

18 1936 231 1970 Zelandorum
253 1935 380 1976 prolixe
396 1943 590 1975 queruntur,
620 1935 651 1966 ἃ
670 1935 701 1966 in
725 1942 890 1975 utramque

21 1976 210 2010 sententiam
230 1975 352 2009 exstant
365 1975 484 2013 libelli,
508 1974 581 2007 satis
598 1973 737 2007 animose
754 1975 889 2008 conscri-

21 2020 80 2060 pti.
94 2018 270 2050 Prudentiae
285 2018 358 2056 erit,
368 2026 408 2048 ne
420 2017 470 2047 hic
484 2026 639 2057 exponam
649 2026 705 2053 ,an
723 2017 753 2048 in
770 2027 806 2048 ea
817 2027 888 2049 cau-

23 2060 56 2093 sa
73 2060 154 2092 ratio
169 2059 235 2099 ejus
252 2059 327 2100 juris
345 2058 517 2099 occupandi
538 2057 610 2089 stitis
634 2057 733 2090 fuerit
757 2058 890 2097 idonea,

23 2110 84 2133 nee
101 2111 161 2139 ne,
182 2110 284 2141 neque
299 2101 394 2132 etiam
411 2108 539 2142 caperet
555 2099 606 2131 hic
619 2100 728 2139 loeus,
741 2100 890 2142 quiequid

24 2141 70 2174 cst
84 2142 150 2182 ejus
167 2142 350 2182 argumenti.

68 2183 157 2229 Qui,
187 2192 223 2214 ut
250 2182 418 2224 Imperium
450 2184 591 2216 eminens
622 2185 763 2217 exerceri
781 2184 893 2227 poffit,

23 2224 236 2258 neeeffitatem
261 2224 314 2255 vel
338 2225 509 2256 utilitatem
530 2226 687 2267 publicam
722 2226 892 2266 desiderat,

23 2274 62 2298 ut
76 2266 140 2305 ipse
154 2264 293 2297 defidero
308 2288 316 2301 ,
341 2265 476 2307 reliquas
500 2266 606 2300 causas
617 2290 628 2307 ,
650 2268 713 2301 fine
727 2275 891 2309 exceptio-

23 2318 64 2340 ne
79 2316 208 2346 omnes,
233 2307 386 2338 excludit.
430 2307 480 2339 An
498 2308 614 2348 igitur,
635 2318 670 2341 ut
695 2309 836 2343 subditus
859 2318 893 2340 re

22 2348 75 2382 sua
93 2357 198 2380 carere
219 2355 340 2380 tenetur
362 2357 402 2379 ex
425 2355 572 2390 utraque,
596 2359 688 2390 quam
707 2351 796 2390 dixi,
820 2360 891 2382 eau-

21 2390 52 2424 sa
63 2413 74 2430 ‚
97 2390 140 2422 ita
152 2399 280 2431 quoque
305 2390 464 2421 tenebitur
486 2399 526 2421 ex
541 2391 630 2423 causa
649 2392 825 2433 voluptatis
841 2392 894 2423 vel

22 2431 216 2464 amoenitatis
239 2431 373 2472 publicae
387 2455 398 2471 ,
429 2432 482 2464 vel
506 2432 601 2466 etiam
622 2442 661 2464 ex
687 2432 778 2465 causa
798 2432 894 2464 solius

22 2473 150 2518 ornatus
176 2472 322 2514 publici?
354 2483 418 2505 non
442 2475 643 2513 putaverim,
673 2483 774 2515 neque
797 2474 893 2505 etiam

22 2515 148 2557 putavit
171 2515 303 2546 Senatus
328 2514 488 2546 Romanus
520 2517 552 2546 in
585 2514 676 2547 causa
698 2516 748 2547 M.
776 2515 894 2547 Licinii

22 2555 119 2589 Crafli
129 2577 140 2594 ‚
162 2555 303 2587 nolentis
318 2565 374 2597 per
394 2555 526 2587 fundum
546 2555 634 2588 suum
648 2556 893 2597 derivariaquae-

21 2597 149 2636 duflum
167 2620 177 2635 ‚
212 2605 304 2638 quern
327 2596 539 2629 moliebantur
566 2597 722 2630 Praetores
736 2620 747 2636 ,
778 2599 829 2639 qui
855 2607 893 2628 ue

21 2646 88 2672 non
109 2638 224 2676 aliam,
247 2647 340 2678 quam
364 2638 539 2679 voluptatis
560 2639 590 2671 &
613 2647 743 2671 ornatus
769 2649 828 2671 cau
842 2648 891 2671 am

21 2679 138 2713 habere
152 2678 326 2711 dicebatur.
369 2679 521 2712 Rationes
537 2680 569 2712 in
589 2688 754 2722 utramque
772 2689 891 2722 partem

23 2722 54 2755 ὃς
68 2720 243 2753 Decretum
266 2720 398 2752 Senatus
422 2721 534 2752 retulit
558 2720 678 2754 Auctor
704 2721 890 2763 Disquifitio-

24 2763 95 2794 'rium
114 2761 312 2793 Ponticarum
334 2762 408 2803 Casta
424 2761 557 2794 XXXI.
601 2762 650 2794 Ita
669 2763 795 2805 quidem
819 2773 892 2796 cen-

22 2803 86 2836 suit
100 2803 231 2836 Senatus
248 2802 426 2842 Romanus,
449 2802 502 2835 sed
516 2803 576 2835 alia
592 2803 746 2836 sententia
762 2804 832 2837 usus
848 2804 893 2837 est

22 2844 199 2877 Wilelmus
219 2843 243 2875 Ι.
269 2842 410 2884 Dynasta
431 2844 608 2885 Orangius,
635 2846 667 2878 in
686 2845 891 2888 Diplomate,

23 2885 80 2918 sub
98 2885 227 2917 nomine
242 2884 380 2926 Philippi
396 2883 435 2916 ΙΙ.
461 2884 680 2926 Hispaniarum
695 2887 811 2929 Regis,
827 2888 891 2920 edi-

25 2934 62 2959 to
86 2927 125 2959 de
157 2925 359 2958 institutione
383 2925 558 2958 Academiae
589 2927 746 2960 Leidenfis
770 2933 801 2960 6.
824 2929 889 2970 Jan.

27 2977 120 3010 1574.
142 2967 203 3008 (2)
225 2976 265 2999 eo
281 2967 398 3008 quippe
416 2967 566 2998 conceffit
594 2969 794 3011 Magistratui
818 2970 891 3002 Lei-

24 3009 108 3041 densl
126 3009 227 3047 aedes,
250 3009 371 3049 aliaque
400 3008 468 3039 loca
488 3009 615 3047 publica
635 3012 820 3051 privatave,
845 3011 891 3044 so-

22 3051 94 3082 luto
112 3049 249 3081 dominis
264 3049 396 3091 privatis
411 3048 535 3090 pretio,
560 3060 750 3095 quocunque
768 3060 890 3096 tempo.

46 3169 50 3172 '
67 3170 81 3208 (
91 3171 126 3205 ι)
146 3170 242 3200 Exstat
257 3172 403 3211 separatim
421 3171 447 3200 &
463 3172 536 3203 inter
551 3173 622 3205 Αᾶιι
643 3174 784 3206 Ordinum.

64 3209 125 3247 (2)
145 3208 222 3240 Plac.
243 3211 295 3241 111.
315 3219 348 3247 3.
371 3219 397 3246 7.
419 3219 444 3241 1.

1141 485 1226 558 ἰΙυιῚε
1243 487 1365 525 publici
1384 487 1549 527 prudentia
1567 497 1627 528 ego
1647 498 1710 519 non
1729 495 1794 519 ute-

926 538 994 567 rer,
1029 537 1088 559 nec
1118 536 1137 557 u
1155 536 1190 558 us
1222 526 1266 559 est
1291 528 1423 560 Senatus
1452 528 1611 561 Romanus
1638 530 1670 561 in
1705 530 1793 561 causa

926 569 1021 602 Craffi
1032 592 1044 608 ,
1067 577 1126 600 nee
1140 569 1235 600 etiam
1257 568 1326 601 usus
1341 568 1449 602 fuiss'et
1467 569 1639 610 AugustuS‚
1665 580 1727 603 non
1740 581 1792 602 au-

925 611 992 650 sus,
1026 620 1062 642 ut
1083 610 1169 648 dixi,
1199 610 1336 642 dominis
1357 618 1546 652 extorquere
1567 612 1680 644 domos
1695 636 1707 652 ,
1739 612 1794 643 ubi

925 653 1019 692 longe
1039 652 1137 692 major
1151 660 1217 683 etat
1235 652 1326 684 rati0.

967 684 1018 726 Ex
1041 702 1228 734 quacunque
1255 701 1359 726 autem
1386 694 1478 727 causa
1502 704 1551 727 res
1579 695 1629 727 vel
1656 695 1795 727 actiones

925 735 1120 768 subditorum
1138 734 1175 766 ad
1199 734 1318 767 bonum
1336 736 1496 777 publicum
1519 745 1716 778 occupantur
1739 737 1791 768 vel

924 777 1142 815 destruuntur,
1176 785 1298 817 aequum
1316 777 1346 809 δι
1368 777 1480 818 justum
1506 777 1569 818 cst,
1599 778 1682 820 quod
1709 778 1796 809 addit

925 817 1060 850 Grotius
1090 819 1117 850 d.
1141 818 1193 849 loc.
1220 818 1356 857 pretium
1381 819 1517 851 dominis
1539 829 1557 850 e
1603 820 1709 852 ublico
1730 819 1794 851 effe

926 859 1161 893 resarciendum.
1208 860 1311 901 Atque
1333 860 1376 891 ita
1400 860 1551 893 Tiberius
1588 862 1718 894 ubvenit
1734 860 1795 892 Pio

926 901 1058 932 Aurelio
1084 900 1247 939 Senatori‚
1280 900 1409 973 questo,
1441 903 1527 934 mole
1550 903 1684 943 public-:e
1710 904 1793 941 viae,

926 942 1082 983 duCtuque
1098 951 1263 983 aquarum,
1301 942 1454 976 abefattas
1471 944 1553 975 aedes
1569 943 1636 976 suas
1648 969 1657 984 ,
1681 954 1715 976 ut
1731 953 1795 976 me-

927 992 1029 1014 morat
1051 983 1186 1015 Tacitus
1203 983 1244 1014 L.
1265 982 1288 1014 Ι.
1314 983 1431 1016 Αηηαί.
1459 986 1489 1016 C.
1510 994 1560 1025 75.
1606 985 1649 1017 Et
1670 987 1702 1017 in
1719 988 1746 1018 cl.
1768 988 1790 1017 ι’.

925 1034 955 1062 9.
983 1025 1014 1055 C.
1032 1025 1065 1055 de
1087 1023 1271 1065 openpuhl.
1294 1024 1459 1058 definitum
1475 1026 1539 1062 est.
1565 1026 1587 1058 si
1603 1037 1661 1068 qua
1679 1028 1794 1059 domus

926 1066 963 1096 ad
983 1065 1072 1106 Opus
1094 1066 1254 1106 publicum
1271 1065 1431 1105 diruatur,
1467 1067 1505 1099 ad
1551 1078 1621 1099 uam
1647 1068 1797 1101 summam

924 1107 991 1148 eJus
1010 1106 1145 1148 pretium
1162 1105 1313 1139 aestimare
1331 1107 1424 1148 posfit
1437 1077 1657 1150 Magistratus,
1682 1111 1724 1142 sm
1742 1121 1793 1142 au-

927 1157 991 1180 tem
1012 1149 1112 1188 major
1127 1147 1244 1180 summa
1263 1148 1467 1190 impendenda
1484 1150 1541 1189 sit,
1565 1150 1658 1191 ipsius
1677 1151 1796 1183 Princi-

927 1191 975 1232 pis
989 1189 1051 1221 effe
1069 1189 1319 1222 aestimationem.
1366 1190 1453 1236 Quin
1473 1191 1621 1224 omnibus
1641 1191 1710 1224 fere
1734 1193 1797 1224 l’ri-

930 1231 1054 1273 vilegiis
1077 1232 1108 1264 &
1129 1231 1433 1271 Consuetudinibus,
1459 1234 1562 1274 Capite
1576 1236 1698 1274 preced.
1722 1244 1796 1265 cnu-

929 1273 1058 1305 meratis
1071 1297 1081 1312 ,
1105 1272 1256 1305 insertum
1271 1272 1334 1312 cst,
1359 1273 1380 1305 fi
1397 1274 1601 1316 Magistratus
1617 1275 1653 1307 ad
1671 1276 1797 1308 necesti-

931 1324 1028 1346 tatem
1047 1315 1097 1346 vel
1114 1314 1285 1346 utilitatem
1311 1314 1469 1355 publicam
1484 1317 1679 1358 privatorum
1701 1318 1798 1349 :edifi-

929 1356 979 1388 cia
992 1356 1043 1388 vel
1060 1356 1176 1398 praedia
1192 1365 1274 1387 occu
1298 1356 1422 1396 averit,
1447 1357 1583 1390 dominis
1602 1359 1738 1399 pretium
1756 1369 1801 1390 cs-

930 1397 961 1429 se
986 1397 1213 1429 refundendum
1235 1407 1259 1428 ae
1291 1397 1443 1430 imatione
1465 1399 1627 1439 Judicum,
1651 1401 1703 1432 vel
1723 1401 1799 1432 boni

930 1439 990 1470 viri
1007 1439 1177 1478 arbitratu;
1199 1439 1291 1480 plane
1311 1446 1346 1470 ut
1362 1439 1395 1472 in
1410 1440 1583 1482 diplomate
1609 1441 1756 1475 &Vilelmi
1772 1441 1795 1473 1.

932 1481 1018 1520 cujus
1034 1480 1075 1513 fic
1091 1481 1230 1513 memini.

973 1522 1178 1555 Tantundem
1192 1523 1329 1555 dicerem
1343 1547 1353 1563 ,
1367 1522 1388 1556 fi
1399 1523 1456 1562 ,ad
1474 1523 1594 1558 hostem
1611 1526 1778 1558 arcendum
1789 1550 1800 1566 ,

932 1563 1063 1596 :edificia
1089 1563 1263 1596 suburbana
1286 1565 1511 1597 comburantur
1535 1568 1585 1599 vel
1606 1564 1801 1608 prosternan-

933 1606 1043 1643 tur,&
1060 1606 1103 1636 ita
1114 1615 1240 1647 quoque
1255 1606 1409 1646 judicavit
1422 1606 1517 1639 Curia
1534 1608 1640 1641 Frifiae
1660 1609 1797 1650 17.Ma]'.

935 1650 1012 1679 1611
1041 1647 1109 1689 (3).
1156 1647 1322 1689 Pei-peram
1342 1648 1573 1682 contradicitur
1591 1660 1631 1682 ex
1651 1651 1670 1681 l.
1693 1660 1746 1691 49.
1770 1650 1800 1692 §.

936 1699 962 1721 1.
982 1687 1020 1728 ff.
1041 1691 1080 1720 ad
1096 1689 1136 1720 L.
1155 1688 1260 1731 Aqm'l.
1285 1689 1357 1730 quia
1375 1689 1454 1721 nihil
1472 1690 1515 1721 ait
1534 1691 1590 1723 ille
1609 1691 1639 1732 §.
1657 1702 1683 1724 1.
1708 1701 1801 1733 quam

932 1730 1047 1762 cess‘are
1065 1730 1222 1772 Aquiliam
1241 1730 1273 1763 in
1296 1740 1333 1762 ea
1348 1730 1471 1771 specie,
1494 1732 1547 1763 ubi
1563 1733 1710 1765 damnum
1735 1743 1802 1766 non

933 1771 978 1804 est
1006 1771 1113 1804 datum
1135 1773 1270 1815 injuria,
1302 1773 1332 1804 &
1359 1773 1391 1804 id
1420 1772 1514 1805 habet
1532 1774 1705 1814 rationein,
1729 1785 1803 1808 cum

934 1814 1061 1855 Aquilia
1085 1814 1123 1846 fit
1141 1813 1273 1855 poenalis
1292 1823 1301 1853 3
1331 1813 1457 1854 Aquilia
1478 1815 1575 1855 igitur
1597 1816 1800 1857 excluditur,

933 1855 1092 1888 destructis
1108 1856 1151 1887 ob
1167 1856 1285 1887 bonum
1300 1855 1463 1896 publicum
1478 1857 1673 1896 privatorum
1689 1858 1780 1890 rebus
1791 1882 1803 1897 ‚

933 1897 984 1929 sed
1003 1907 1066 1929 non
1086 1897 1267 1930 excluditur
1281 1897 1363 1928 ac'tio
1380 1897 1412 1929 in
1425 1896 1544 1930 factum
1558 1899 1596 1931 ad
1618 1908 1729 1932 verum
1756 1909 1803 1932 re-

932 1948 1000 1970 rum
1014 1937 1237 1974 destructarum
1260 1938 1406 1978 pretium.

975 1979 1082 2024 Quare
1101 1990 1159 2012 nee
1177 1979 1357 2012 indistincte
1373 1981 1537 2021 probarem
1554 1982 1647 2015 aliam
1662 1983 1802 2024 ejusdem

934 2022 1039 2055 Curiae
1053 2021 1177 2054 Frificae
1193 2020 1377 2053 sententiam
1390 2044 1401 2060 ,
1425 2023 1519 2054 latam
1540 2034 1589 2055 20.
1608 2023 1688 2056 Dee.
1710 2029 1800 2067 1623.

932 2064 992 2105 (4)
1014 2073 1074 2104 qua
1091 2063 1228 2104 pretium
1245 2063 1379 2103 pomarii
1396 2063 1581 2105 suburbani,
1604 2076 1643 2097 ne
1659 2066 1756 2098 hostis
1773 2069 1804 2098 in

934 2115 974 2137 eo
992 2106 1122 2144 lateret,
1146 2102 1331 2145 exstirpati,
1353 2106 1481 2146 negavit
1504 2106 1660 2144 dominis,
1683 2108 1803 2140 eaedem

935 2156 1068 2188 namque
1082 2145 1314 2186 rationes,quae
1334 2146 1472 2178 militant
1493 2157 1551 2189 pro
1568 2150 1672 2189 pretio
1691 2150 1804 2182 domus

935 2187 1128 2227 combustae,
1153 2188 1292 2220 militant
1310 2196 1437 2260 quoque
1451 2198 1510 2229 pro
1527 2190 1631 2230 pretio
1642 2190 1805 2232 exstirpati

935 2230 1079 2271 pomarii.
1123 2229 1183 2261 Sed
1202 2228 1265 2260 hoc
1283 2227 1317 2260 so
1333 2238 1353 2260 o
1370 2229 1457 2261 forte
1473 2230 1550 2271 justa
1575 2230 1619 2263 est
1635 2232 1665 2264 d.
1684 2232 1805 2264 senten-

937 2272 982 2304 tia
1009 2275 1100 2312 1623.
1124 2271 1208 2312 quod
1231 2270 1431 2312 pomarium,
1468 2273 1507 2303 de
1535 2282 1599 2313 quo
1632 2274 1805 2314 agebatur,

937 2322 1012 2345 tune
1040 2312 1192 2353 temporis
1215 2312 1406 2353 pertinuerit
1429 2312 1466 2344 ad
1491 2323 1563 2345 eum
1580 2337 1590 2353 ,
1614 2316 1666 2356 qui
1689 2314 1807 2348 deserta

937 2354 1040 2386 Patria
1065 2353 1102 2385 ad
1134 2352 1239 2386 hostes
1265 2353 1434 2385 transierat.
1488 2355 1563 2387 Seio
1594 2356 1742 2388 Peckium
1767 2356 1805 2387 ad

939 2396 971 2427 C.
1007 2400 1056 2430 18.
1085 2394 1121 2430 ὅ)
1148 2395 1181 2426 C.
1205 2403 1254 2435 79.
1279 2395 1312 2425 de
1336 2394 1416 2437 Reg.
1441 2395 1513 2436 Jur.
1543 2397 1576 2427 in
1602 2397 1656 2428 VI.
1684 2397 1736 2428 ubi
1767 2407 1803 2428 ea

937 2437 1019 2469 ratio
1042 2435 1203 2477 singularis
1221 2445 1285 2467 non
1303 2443 1388 2475 erat,
1413 2435 1455 2468 fic
1473 2445 1576 2470 tamen
1598 2436 1748 2477 sapuiffe,
1774 2440 1806 2470 <Sc

938 2479 970 2510 in
987 2478 1048 2509 alia
1063 2476 1153 2508 eausa
1170 2475 1377 2517 respondisse,
1397 2484 1433 2508 ut
1450 2473 1605 2518 judicairit
1620 2479 1718 2511 Curia
1736 2479 1803 2511 Fri-

937 2519 988 2552 fiae
1006 2519 1036 2550 d.
1062 2528 1112 2550 20.
1132 2517 1213 2549 Dec.
1236 2521 1326 2559 1623.
1370 2518 1446 2550 Scio
1467 2520 1498 2551 δι
1521 2519 1600 2551 hanc
1617 2519 1804 2553 sententiam

938 2559 1082 2602 probaffe
1099 2558 1240 2591 Crufium
1258 2560 1292 2590 de
1311 2558 1451 2591 Dominio
1461 2561 1663 2601 praec'e'minentz'
1682 2562 1803 2593 Princi-

930 2603 979 2642 pis
999 2601 1030 2632 C.
1056 2611 1088 2641 5.
1111 2600 1197 2641 quod
1215 2610 1346 2642 nempe,
1370 2601 1425 2641 qui
1443 2601 1575 2634 aedifieia
1593 2604 1646 2635 vel
1668 2603 1806 2644 pomaria

934 2642 1105 2676 suburbana
1118 2641 1299 2681 exstruunt,
1324 2641 1485 2674 versentur
1501 2643 1532 2675 in
1552 2653 1586 2675 re
1601 2645 1734 2681 illicita,
1759 2653 1804 2676 at-

933 2694 994 2725 quc
1012 2685 1057 2716 ita
1074 2683 1219 2715 damnum
1232 2707 1242 2720 ‚
1265 2684 1351 2725 quod
1370 2683 1527 2722 sentiunt,
1549 2684 1601 2717 sua
1623 2686 1714 2726 culpa
1737 2683 1804 2717 sen-

933 2726 1023 2758 tiant.
1067 2725 1130 2757 Sed
1145 2734 1204 2766 ego
1224 2724 1341 2766 Legem
1360 2734 1423 2757 non
1443 2726 1540 2765 novi,
1564 2735 1633 2765 quae
1653 2727 1804 2767 generali-

938 2774 986 2798 ter
1002 2767 1167 2808 prohibeat
1182 2766 1315 2798 aedificia
1332 2765 1506 2798 suburbana
1529 2766 1707 2804 exstruere,
1731 2777 1803 2798 nam

936 2807 957 2840 l.
981 2818 1030 2849 14.
1058 2808 1091 2840 C.
1109 2809 1142 2839 de
1164 2807 1255 2848 Oper.
1273 2808 1354 2848 publ.
1379 2808 1416 2839 ad
1442 2817 1534 2848 quam
1559 2808 1728 2848 provocari
1753 2809 1800 2840 vi-

935 2850 1019 2890 deo,
1051 2849 1096 2881 est
1119 2849 1159 2881 de
1178 2847 1391 2889 parapetafiis,
1414 2848 1477 2879 hoc
1502 2847 1565 2886 est,
1588 2849 1626 2880 de
1650 2849 1707 2887 iis,
1732 2858 1803 2890 quae

936 2890 1093 2932 Operibus
1110 2890 1244 2931 publicis
1259 2899 1380 2921 annexa
1396 2889 1426 2920 δέ
1441 2889 1532 2921 affixa
1549 2889 1620 2921 sunt
1632 2913 1642 2929 ,
1667 2897 1703 2921 ut
1721 2891 1806 2922 reue

934 2933 1109 2974 explicavit
1125 2931 1259 2971 Jacobus
1274 2929 1492 2962 Gothofredus
1503 2930 1571 2962 adl.
1584 2941 1637 2973 39.
1650 2931 1682 2963 C.
1696 2930 1803 2964 Theocl.

932 2975 961 3006 d.
983 2973 1043 3005 Tit.
1069 2970 1151 3005 Haee
1167 2971 1283 3004 exstrui
1304 2978 1451 3002 vetantur
1464 2979 1592 3012 propter
1613 2980 1734 3004 metum
1756 2973 1806 3005 in->

932 3015 1033 3046 cendii
1045 3037 1056 3052 ,
1078 3014 1214 3053 aliasque
1229 3012 1368 3044 rationes
1386 3021 1460 3052 quas
1478 3013 1540 3052 ibi,
1561 3012 1583 3045 fi
1601 3014 1804 3046 commodum

932 3056 997 3095 est,
1023 3056 1119 3096 leges.

1768 3097 1803 3130 Si

977 3176 1039 3214 (3)
1059 3176 1144 3214 A‘pud
1159 3175 1253 3206 Sande
1269 3171 1361 3216 Deus.
1380 3175 1469 3214 Frzfic.
1492 3177 1528 3207 L.
1549 3179 1583 3208 V.
1604 3185 1628 3212 7.
1650 3184 1679 3212 3.

979 3217 1039 3252 (4)
1061 3215 1146 3253 Apud
1162 3215 1284 3245 eundem
1305 3214 1446 3286 LLYJ.
1469 3224 1495 3251 4.
