2008 3436
212 118 651 164 onsthArtoNuM
682 118 816 170 JURis
849 113 1061 156 ROMANJ
1109 116 1196 156 Lm.
1221 119 1291 157 vi.
1343 121 1447 160 CAR
1474 122 1543 163 iv.
1576 110 1651 163 vj
1730 123 1798 165 m

26 208 173 252 infin-tem
189 218 251 241 non
267 207 328 239 effe
346 204 565 248 inquietandos
586 202 757 250 debitores,
768 199 887 248 eoipso

25 255 55 286 ni
67 252 180 290 fallor,
205 250 394 291 significans,
408 249 439 278 in
452 256 549 286 usuras
565 246 729 287 inquietari
748 243 779 274 &
798 242 885 290 polle

26 294 187 328 &debere
199 292 293 324 Ponit
310 291 424 330 igitur,
451 283 564 320 sortem
585 285 678 319 fuisse
696 284 886 335 usurariam,

25 337 79 368 nili
104 336 241 366 dicamus
270 330 371 363 otiosa
405 329 465 362 ess'e
493 330 519 356 τα·
545 331 577 360 in
595 333 712 370 sortem.
735 328 791 373 ⁴bi
821 329 889 372 iors

24 377 122 409 fucrit
149 374 282 406 usuraria
301 394 310 412 ‚
343 372 417 413 quid
439 371 552 403 attinet
577 370 689 416 deinde
711 368 815 400 dicere
832 392 841 408 ,
861 366 889 417 Ji

20 421 144 460 pariant
159 415 280 454 usai-as?
300 413 377 451 sed,
401 412 484 453 quod
507 422 604 453 magis
622 420 672 443 mc
688 418 799 457 movet
813 433 822 449 ‚
838 451 843 456 .
858 412 888 441 ot

25 469 89 492 rein
109 453 206 490 totam
223 455 378 494 absolvit,
404 460 445 486 eu
465 453 593 495 sequens
611 453 737 499 Ulpiani
763 460 885 497 oratio,

18 501 48 541 fi
64 510 121 532 non
131 503 274 540 pareunt,
297 497 418 537 inquit,
443 495 473 526 id
492 494 555 534 cst,
581 495 600 526 ii
621 496 725 526 usuras
745 502 808 525 non
828 493 886 524 lol-

25 550 100 574 vant
118 540 292 577 debitores,
305 537 464 579 prospicere
482 537 658 577 Reipublicae
678 542 887 581 sncaeumrA'iJI

24 585 106 615 debet
129 581 235 621 Praeses
258 580 433 612 Prot-mene.
481 578 531 610 Ex
558 588 622 610 non
646 576 758 622 solutis
788 574 889 622 usuris

24 625 142 657 bonum
158 631 272 654 nomen
292 622 322 652 dt
341 621 442 659 olim,
467 620 497 652 ἃ
518 629 602 652 nunc
624 618 812 659 intelligitur
829 616 890 648 essc

25 667 165 702 malum;
191 672 306 701 quare,
333 662 454 703 inquit,
496 660 610 693 Praeses
631 658 812 707 prospicere
838 659 888 689 de-

25 709 78 741 bet
89 707 246 749 securitati
276 703 470 744 Reipublicae
487 713 494 734 :
519 702 611 734 debet
629 709 724 743 igitur
743 709 888 742 exrgere,

25 759 64 782 ne
79 749 153 790 quid
170 745 358 787 Respublica
381 744 560 776 detrimenti
580 750 682 784 capiat
698 763 710 790 ⁵.
741 750 833 783 atque
855 751 891 772 ca

26 790 174 823 securitas
189 787 234 820 est
251 787 281 818 in
299 786 471 817 exactione.
517 785 549 817 Si
568 785 638 816 ideo
661 786 821 830 exigendae
845 792 890 814 es-

28 831 95 864 sent
114 829 255 872 pecunia:
271 851 280 866 ,
311 827 395 869 quod
421 836 484 858 non
503 828 626 868 pariant
649 830 748 867 alm-as
764 848 776 863 ,
812 832 888 856 tunc

28 881 159 905 omino
177 869 342 901 dicendum
355 867 448 907 esset,
469 867 630 899 Praefidcm
649 875 796 910 oportere
817 875 889 912 pr05

29 913 146 955 spsseeic
173 912 320 949 util'toti,
344 919 428 947 non,
454 917 488 940 ut
509 918 591 939 nunc
606 909 708 953 dixit,
729 909 888 952 securitati

29 954 231 995 Reipublicae.
241 952 314 983 Sors
324 949 457 981 usuraria
466 949 576 987 fit,ncc
586 958 635 988 ne,
645 949 681 980 ad
690 950 889 993 iecuritatcm

30 993 225 1037 Reipublicae
242 1001 303 1023 non
312 992 458 1032 pertinet,
470 989 566 1021 sedeo
578 991 685 1031 utique
694 996 841 1031 pertinet,
851 998 889 1034 an

31 1037 129 1069 ui'urae
145 1033 324 1069 solvantur,
347 1041 419 1063 cum
437 1040 476 1062 ex
496 1030 607 1063 solutis
624 1032 675 1062 vel
695 1041 759 1063 non
776 1028 887 1075 solutis

29 1077 126 1111 usuris
143 1073 282 1107 nascatur
299 1071 503 1114 praesumptio
516 1073 566 1104 vel
584 1072 656 1104 boni
673 1073 725 1103 vel
741 1071 813 1104 mali
829 1080 885 1102 no-

30 1118 130 1152 minis.
175 1115 234 1147 His
265 1114 344 1145 addo
368 1113 585 1146 anctoritatem
607 1113 809 1146 Basilicorum
842 1111 881 1143 L.

29 1157 151 1194 xxm.
178 1156 237 1188 Tit.
258 1167 287 1198 3.
319 1156 350 1187 C.
375 1166 425 1198 33.
459 1155 510 1196 qui
538 1164 601 1187 non
628 1155 720 1187 aliam
748 1154 884 1200 Ulpiano

28 1207 163 1234 mentem
179 1197 375 1236 adscribunt,
394 1206 485 1238 quum
501 1195 583 1238 ipse,
601 1205 641 1228 ex
654 1197 883 1235 emendatione,

26 1240 178 1282 8dsOE'lPfi.
198 1242 274 1277 ¹133»,
296 1239 460 1280 ilqulUsst,
483 1244 570 1270 καλῶς
584 1239 735 1269 inversam
757 1241 787 1267 πὶ
812 1245 887 1286 ξυλι-

26 1286 90 1313 vina*
105 1294 249 1322 x-‘⁶ss²m‚
271 1294 312 1316 '194
329 1282 350 1309 ei
368 1283 436 1308 π’κοι
451 1278 645 1311 καταςιίλωνπιι
660 1303 671 1319 ⁵
702 1280 737 1309 ἐκ
761 1285 885 1319 ὄχλωπιι

28 1326 85 1358 «ἐξ
114 1327 134 1352 5¹²
157 1325 299 1359 κεφαλαίων,
318 1322 340 1351 οἷ
362 1326 490 1360 χςῖῧςαι,
532 1323 564 1351 Εἰ
588 1320 615 1349 δὲ
640 1323 675 1359 pei
705 1322 885 1353 κοταζοζλλων-

27 1379 91 1405 παι,
113 1378 238 1402 irps-mx·
265 1368 286 1394 ἐι
302 1367 418 1403 ἔξχοιπς
435 1362 460 1394 g?
473 1363 571 1402 ἇξημιέ
592 1364 612 1392 «ἒ
634 1364 741 1395 πέλτης,
767 1364 800 1395 Si
818 1363 885 1394 bene

28 1409 142 1442 ereditae
149 1405 212 1446 fint
227 1407 355 1447 pecnniae
366 1404 509 1446 publicoe,
530 1404 566 1440 ὃ)
589 1404 680 1447 usurae
691 1406 859 1446 pendantur
874 1427 886 1443 ,

28 1451 167 1484 debitores
182 1450 213 1480 in
219 1447 328 1489 sortem
345 1457 402 1478 non
418 1447 639 1487 inquietantur-3
656 1445 684 1485 fi
705 1452 802 1478 autem
826 1456 885 1478 non

22 1493 211 1534 pendantur,
234 1489 410 1530 prospicient
432 1488 573 1519 Civitatis
581 1489 740 1529 securitati
769 1489 885 1520 Curato-

25 1544 80 1566 res.
113 1531 211 1576 Quae‚
235 1539 269 1561 ut
290 1530 394 1569 vides,
421 1528 560 1570 ipiiffima
575 1529 619 1562 est
637 1529 779 1571 Ulpiani,
803 1539 820 1561 a
834 1537 884 1562 mc

25 1573 201 1613 emendati,
225 1570 384 1604 sententia.

70 1613 212 1659 Superest
226 1612 400 1645 admonitio
415 1611 563 1653 Ulpiani,
588 1613 770 1654 quomodo,
793 1613 816 1646 fi
832 1613 882 1646 de-

25 1658 93 1690 bita
107 1656 231 1699 publica
244 1654 367 1696 exigat,
393 1654 423 1685 in
441 1654 597 1696 exigendo
615 1663 762 1697 oporteat
782 1654 882 1687 versa-

24 1700 51 1732 ri
70 1697 238 1731 Praefidem.
283 1695 403 1729 Basilici
427 1697 454 1727 d.
477 1696 498 1728 l.
517 1706 567 1738 33.
593 1696 716 1728 duobus
733 1696 837 1729 verbis
852 1697 884 1729 id

24 1739 160 1772 efferunt
182 1761 194 1778 2
227 1739 352 1770 ἶπψῐλῧθ
377 1739 418 1773 *(9ὶ4
441 1744 646 1777 Φίλανθρωπως,
664 1739 821 1781 diligenter
849 1738 885 1774 &¹³

24 1782 155 1814 bernone.
202 1780 353 1821 Ulpianus
371 1778 475 1811 multo
490 1781 661 1812 verborum
677 1781 799 1822 agmine
822 1780 882 1812 uti-

24 1831 96 1862 tur,
113 1823 256 1854 dummodo
269 1843 280 1860 ,
301 1821 421 1862 inquit,
447 1831 504 1852 non
517 1823 650 1854 acerbam
659 1822 694 1863 se
711 1820 883 1861 exat‘torem,

25 1870 78 1896 nec
98 1863 326 1904 contamelicfiim
336 1864 481 1903 praebeat,
495 1862 550 1904 fi’d
570 1863 883 1902 iizoderatum,&cum

26 1903 154 1947 efficacia
176 1906 333 1948 benignum
355 1926 366 1942 ,
397 1903 433 1939 ἐξ)
454 1914 518 1935 cum
542 1903 687 1946 instantia
708 1905 884 1937 humanum:

26 1956 97 1978 nam
112 1948 188 1978 inter
205 1946 388 1988 insolentiam
405 1945 577 1987 incuriosam
585 1946 817 1989 &diligentiam
826 1956 884 1978 non

29 1987 205 2028 ambitiosam
222 1988 343 2019 multum
360 1985 488 2028 interest.
535 1987 636 2029 Igitur
661 1988 766 2019 medio
790 1988 880 2020 tutis-

29 2027 120 2062 fimus
135 2029 210 2068 ibit,
233 2037 291 2060 nec
307 2029 417 2060 acerbe
437 2028 565 2070 exiget,
590 2029 768 2068 debitores,
793 2037 828 2061 ut
845 2030 882 2062 il-

30 2069 62 2101 le
78 2070 140 2110 ait,
163 2070 315 2102 continuo
334 2079 405 2101 cum
424 2068 515 2102 sacco
531 2070 636 2103 adiens
654 2092 666 2109 ,
689 2080 749 2102 nec
769 2080 882 2105 contu-

30 2109 175 2150 meliore,
197 2109 350 2153 potestate
366 2110 418 2144 sua
437 2111 569 2145 abutens
586 2112 620 2145 in
637 2111 832 2146 offendendis
853 2114 884 2146 δε

648 2211 1016 2250 CAPUT

928 199 1100 233 lacerandis
1118 199 1319 244 debitoribus
1331 225 1340 241 ‚
1365 200 1418 234 sed
1438 212 1512 236 cuin
1534 208 1805 253 temperamento,

928 242 1010 284 szepc
1026 242 1101 274 alias
1118 251 1136 273 a
1151 241 1241 283 JCtis
1259 244 1484 276 commendato
1503 267 1515 283 ,
1537 254 1574 278 ut
1594 249 1631 279 11t
1658 257 1723 279 cum
1747 245 1805 289 effi*

929 285 1014 316 cacia
1037 284 1181 326 benignus
1205 282 1242 318 δέ’
1264 295 1328 316 cum
1355 283 1500 327 instantia
1524 288 1675 320 humanus.
1720 287 1803 320 Haee

930 335 995 358 non
1014 334 1108 367 egent
1123 327 1296 366 interprete
1311 348 1321 366 ,
1346 326 1398 359 sed
1416 327 1515 369 magis
1536 337 1608 371 eget
1631 330 1735 361 addita
1758 339 1805 361 ra-

932 368 996 399 tio:
1021 377 1091 398 nam
1106 368 1185 398 inter
1199 369 1384 410 insolentiam
1399 369 1575 411 incuriosam
1598 370 1635 406 ὃ)
1649 371 1803 413 diligenti-

932 419 980 441 am
995 419 1053 440 non
1069 408 1250 450 ambitiosam
1268 411 1391 442 multum
1414 410 1543 454 interest.
1590 414 1670 445 Sunt
1690 412 1802 452 Libri,

932 452 962 483 δι’
982 450 1075 483 MSS.
1101 450 1130 481 &
1148 451 1243 490 editi,
1268 452 1321 493 qui
1336 453 1514 494 insolertiam
1533 454 1650 486 habent
1676 464 1735 496 pro
1758 455 1804 485 in-

923 492 1073 534 solentia,
1093 490 1145 523 sed
1163 492 1312 534 insolertia
1337 504 1404 526 vox
1421 495 1525 528 minus
1545 495 1659 528 Latina
1676 495 1722 527 est
1736 519 1746 535 ,
1772 495 1805 527 &-

931 534 1031 565 aliena
1071 542 1175 574 uoque
1192 535 1256 566 hoc
1273 535 1368 574 loco,
1390 543 1426 568 ut
1439 536 1523 568 recte
1540 537 1724 570 observavit
1740 537 1803 569 Bu-

932 575 1019 607 daeus
1071 580 1151 607 nno&
1175 577 1268 616 prior.
1291 577 1329 609 ad
1349 579 1377 609 h.
1393 578 1414 610 l.
1438 578 1583 621 idemque
1600 579 1684 611 recte
1701 578 1804 620 expli-

933 617 1019 648 cavit
1031 638 1042 654 ,
1066 617 1141 658 quid
1156 617 1212 656 fit,
1225 619 1384 661 diligentia
1401 629 1458 651 non
1476 622 1652 662 ambitiosa,
1673 620 1735 652 hoc
1743 619 1802 660 est,

933 667 998 689 non
1014 658 1128 697 nimia,
1151 668 1210 690 nec
1228 659 1390 700 affectata,
1415 670 1469 694 aut
1485 661 1580 695 famae
1604 662 1801 704 aucupati-ix.

933 699 992 732 Sed
1006 699 1091 740 quod
1118 699 1182 741 ipsc
1208 700 1263 732 ille
1284 710 1443 744 expungat
1470 713 1585 736 vocem
1607 704 1805 745 incuriosam,

933 741 1061 781 ejusque
1080 741 1155 772 loco
1170 740 1338 775 substituat
1358 744 1515 786 cariosam,
1541 746 1593 778 vel
1609 745 1803 795 injurioflzni,

933 783 966 814 in
985 791 1024 812 eo
1044 791 1093 813 me
1108 781 1333 817 adsentientem
1349 795 1414 818 non
1429 788 1541 827 habet,
1558 789 1701 829 quamvis
1720 796 1806 819 utra·

933 832 994 863 que
1009 823 1075 862 ejus
1089 824 1268 856 emendatio
1284 826 1315 858 in
1332 828 1434 859 varias
1451 828 1619 862 Editiones
1632 830 1694 862 irre
1718 828 1802 861 serit.

935 865 1080 904 Curiosimz
1097 865 1261 906 adoptavit
1279 867 1438 901 Robertus
1456 870 1630 912 Stephanus
1645 896 1655 912 ,
1690 873 1805 903 ⁴‘ratres

933 905 1137 950 Sennetonii,
1161 906 1339 948 Boudozzi3
1370 911 1541 953 injuriosam
1565 911 1747 945 Haloander
1772 913 1804 944 &2

934 946 1154 978 Vintimillius.
1205 949 1336 990 Caritfiis
1357 950 1397 991 est
1414 974 1426 990 ‚
1447 953 1550 994 inquit
1570 954 1704 987 Budaeus
1717 978 1727 994 ‚
1753 955 1806 996 qui

932 997 950 1018 a
976 987 1086 1018 Gra'cis
1107 989 1246 1028 πιρλεργας
1269 993 1379 1024 aititur
1395 1015 1406 1031 ,
1441 1004 1460 1024 a
1483 996 1577 1026 nimia
1603 996 1639 1031 ὅ)
1659 995 1803 1035 inusttata

929 1037 999 1059 cara
1020 1031 1201 1070 agendarum
1220 1041 1335 1071 rerunt,
1352 1041 1472 1075 propter
1506 1037 1559 1066 aod
1576 1037 1609 1067 in
1624 1039 1698 1069 vitio
1717 1039 1802 1079 poni-

929 1075 977 1100 tur
994 1074 1153 1117 mfflepyioe9
1174 1073 1205 1102 ici
1220 1071 1261 1113 est
1270 1096 1281 1112 ,
1303 1077 1442 1107 anxietas
1459 1076 1495 1111 ἑῇ*
1510 1077 1673 1119 diligentice
1696 1082 1802 1111 redun-

928 1112 1041 1143 dantia.
1065 1136 1068 1139 .
1087 1111 1182 1152 Seio,
1207 1116 1348 1156 cariosam
1365 1117 1397 1148 in
1413 1117 1497 1149 hunc
1516 1117 1637 1152 sensum
1652 1144 1662 1159 ,
1687 1121 1719 1152 id
1733 1120 1801 1161 est,

928 1152 960 1184 in
983 1153 1100 1184 malum
1125 1153 1206 1195 saepe
1230 1157 1358 1199 accipi.
1393 1157 1446 1191 secl
1463 1158 1552 1200 scio,
1578 1161 1609 1194 ὃ(
1629 1161 1660 1194 in
1685 1162 1803 1195 bonam

928 1202 1048 1239 partem
1068 1195 1167 1236 accipi
1184 1197 1291 1238 poffe,
1317 1200 1393 1240 quin
1411 1200 1441 1232 δι
1457 1200 1572 1234 debere
1584 1226 1593 1242 ,
1618 1202 1640 1235 fi
1657 1226 1667 1244 ,
1692 1212 1729 1236 ut
1748 1204 1802 1235 hic

929 1238 1030 1267 lei-mo
1047 1235 1112 1274 est,
1135 1237 1174 1268 de
1193 1247 1267 1271 cura
1284 1241 1452 1274 creditoris
1469 1243 1554 1276 circa
1567 1243 1731 1278 fortunam
1747 1246 1801 1277 de-

929 1277 1043 1323 bitoris
1061 1277 1116 1310 sui.
1136 1278 1201 1310 Ubi
1216 1282 1320 1323 agitur
1336 1282 1375 1314 de
1391 1284 1517 1325 privato
1536 1286 1695 1320 creditore
1706 1311 1715 1327 ,
1726 1296 1802 1320 eum

928 1320 1069 1360 cariosum
1087 1319 1149 1351 effe
1165 1330 1316 1362 oportere
1334 1332 1445 1357 monet
1462 1325 1527 1368 ipse
1557 1326 1663 1360 noster
1692 1328 1802 1371 Ulpia-

928 1370 987 1392 nus
1000 1362 1036 1407 ‘in
1061 1361 1080 1392 l.
1104 1371 1133 1404 3.
1158 1361 1185 1404 §.
1208 1373 1237 1401 9.
1257 1365 1297 1407 ff.
1322 1367 1355 1397 de
1371 1368 1403 1398 in
1418 1369 1567 1410 remversss
1584 1370 1687 1412 'idque
1708 1371 1804 1412 poni·

929 1409 980 1448 tur
998 1412 1028 1434 in
1047 1403 1146 1449 laude.
1193 1404 1325 1451 Quanto
1343 1409 1442 1450 magis
1459 1409 1556 1451 igitur
1577 1411 1747 1444 laudandus
1769 1422 1800 1444 e-

927 1451 971 1489 rit
990 1443 1106 1477 Praeies
1124 1445 1321 1489 Provinciae,
1346 1449 1368 1481 fi
1385 1451 1471 1482 circa
1494 1451 1657 1486 debitores
1682 1453 1802 1496 Reipu-

929 1485 1039 1531 bircae,
1063 1485 1162 1519 fuerit
1185 1490 1327 1522 curiosus
1343 1491 1361 1523 ἰ)
1384 1499 1497 1524 contra
1518 1494 1744 1535 vituperandus
1769 1504 1803 1527 e-

926 1534 988 1566 rit,
1013 1527 1035 1560 fi
1051 1537 1116 1560 non
1132 1537 1255 1563 tantum
1273 1541 1347 1565 cum
1365 1533 1521 1574 insolentia
1545 1535 1707 1568 debitores
1732 1537 1802 1570 exi-

925 1576 998 1609 gat,
1023 1567 1074 1600 sed
1090 1579 1163 1602 curn
1185 1573 1340 1615 insolentia
1358 1575 1503 1617 incuriosa
1518 1599 1529 1616 ,
1557 1576 1620 1609 hoc
1642 1576 1708 1618 est,
1733 1588 1802 1613 non

925 1611 1108 1650 attendens,
1132 1612 1292 1647 debitores
1310 1616 1508 1657 Reipublicae
1526 1618 1632 1651 idonei
1652 1619 1803 1659 fint,nec

925 1661 982 1691 ne,
1007 1661 1102 1694 atque
1117 1654 1195 1687 adeo
1210 1666 1248 1689 an
1271 1658 1419 1699 expediat
1435 1660 1602 1700 pecuniam
1625 1661 1707 1693 male
1731 1662 1802 1694 col-

927 1693 1062 1726 locatam
1079 1704 1177 1736 porro
1197 1699 1325 1740 exigere
1342 1709 1381 1731 an
1396 1699 1475 1732 bene
1489 1701 1683 1734 collocatam
1701 1712 1801 1745 porro

927 1735 1063 1783 eredere.
1110 1736 1162 1769 De
1177 1748 1278 1772 vei-oo
1295 1742 1455 1783 incuriosas
1477 1752 1572 1776 nerno
1592 1745 1688 1776 etiam
1707 1744 1800 1780 litem

925 1780 1088 1817 movebit,
1114 1789 1213 1820 quum
1229 1783 1343 1824 optimi
1360 1784 1476 1825 quique
1492 1784 1675 1818 Latinitatis
1691 1786 1800 1818 aueto-

925 1827 975 1850 res
991 1829 1031 1851 eo
1050 1819 1091 1852 usi
1108 1820 1178 1854 fint.
1223 1824 1330 1856 Etiam
1351 1826 1547 1867 Stephanus,
1572 1827 1715 1868 optimus
1741 1828 1799 1861 Ba-

925 1859 1085 1893 silicorum
1107 1863 1298 1898 scholiastes
1313 1890 1322 1905 ,
1348 1866 1401 1898 hic
1422 1867 1500 1908 legit
1522 1869 1703 1910 incuriosas,
1725 1879 1800 1903 nam

926 1903 1026 1948 vertit
1049 1906 1147 1937 dumi
1165 1930 1175 1946 ,
1215 1907 1247 1939 in
1282 1907 1405 1939 Scholiis
1431 1909 1468 1939 ad
1496 1910 1523 1941 d.
1553 1910 1573 1942 l.
1602 1921 1654 1953 33.
1701 1910 1799 1944 Recte

925 1952 1023 1985 igitur
1056 1948 1230 1987 opponitur
1259 1949 1414 1991 insolentia
1456 1951 1598 1993 incuriosa
1634 1953 1799 1995 diligentia

924 1995 982 2016 non
1019 1989 1194 2031 ambitiosae,
1215 1991 1270 2023 illa
1291 1992 1342 2023 cul
1367 2001 1392 2022 ae
1410 2015 1420 2031 ‚
1445 1991 1513 2024 haec
1532 1993 1615 2026 laudi
1634 1994 1798 2028 tribuitur.

927 2027 1099 2073 Quumque
1121 2032 1166 2063 ita
1191 2033 1269 2064 bene
1286 2033 1318 2065 se
1363 2034 1454 2065 abeat
1472 2034 1602 2075 Ulpiani
1620 2034 1771 2078 scriptura
1786 2059 1800 2077 ‚

927 2081 992 2103 non
1014 2072 1077 2104 fine
1103 2073 1216 2114 injuria
1230 2076 1259 2106 ei
1282 2075 1359 2106 licet
1374 2075 1547 2118 injuriosam
1563 2086 1691 2121 quoque
1708 2077 1796 2112 affin<

927 2122 1022 2155 gere,
1048 2121 1083 2146 ut
1108 2115 1228 2157 affingit
1246 2116 1388 2150 Budaeus·

1114 2214 1164 2252 V.

618 2300 748 2348 Occafio
779 2302 820 2339 L.
848 2314 907 2350 30.
940 2298 979 2340 ff.
1014 2302 1058 2342 de
1096 2303 1190 2343 Ροεη-

62 2421 73 2425 ⁷.
90 2405 145 2429 cce
158 2395 254 2428 verba
278 2395 450 2430 Modestini
475 2398 506 2431 in
530 2399 558 2431 d.
582 2397 604 2431 l.
623 2408 675 2441 30.
722 2401 756 2432 Si
773 2402 837 2442 quir
851 2411 882 2433 α-

110 2439 201 2480 liquid
218 2438 357 2478 fecerit,
387 2450 439 2482 quo
463 2441 540 2473 leves
566 2441 712 2473 hominum
728 2444 822 2474 animi
830 2442 882 2484 fit-

19 2480 188 2522 persiftione
201 2481 328 2511 numinis
347 2487 522 2514 terrerentur
537 2505 548 2521 ‚
571 2481 672 2514 Divus
689 2483 815 2515 Marcus
832 2485 883 2515 hu-

21 2523 146 2565 jusmodi
163 2521 288 2552 homines
305 2523 338 2552 in
355 2524 478 2564 injiciam
498 2525 624 2566 relegari
639 2524 792 2566 rescripsit.
837 2526 881 2558 O·

25 2572 128 2595 mnem
150 2562 333 2603 religionem
349 2587 359 2603 ,
391 2574 460 2605 quae
485 2566 523 2597 ab
540 2565 626 2596 avita
641 2566 672 2598 &
693 2567 821 2608 publice
839 2576 886 2598 re-

22 2613 114 2645 cepta
129 2603 268 2643 diffidet,
285 2604 517 2647 superstitionem
545 2616 716 2647 vocamus,
743 2608 784 2641 fic
803 2609 888 2640 enim

23 2646 122 2687 vulgo
143 2645 282 2678 obtinuit
297 2668 308 2683 ‚
337 2649 522 2689 ceteroquin
544 2648 575 2680 «Sc
600 2647 653 2679 sua
676 2650 791 2690 cuique
818 2650 888 2681 reli-

23 2687 111 2728 gioni
125 2687 202 2720 inest
225 2687 422 2729 superstitio,
453 2690 516 2721 hoc
534 2688 596 2728 est,
620 2689 653 2721 in
671 2690 762 2721 cultu
777 2690 888 2723 divino

23 2737 119 2760 omne
142 2729 292 2769 nimium,
323 2739 416 2762 omne
444 2730 630 2762 simulatum.
675 2731 731 2763 Ait
748 2732 827 2764 leves
842 2733 889 2764 ho—

24 2770 136 2800 minum
159 2772 287 2809 animos,
319 2771 392 2811 quia
416 2772 471 2804 ille
494 2780 596 2804 terror
612 2772 644 2804 in
660 2771 804 2806 homines
821 2784 887 2816 gra-

26 2819 83 2841 ves
101 2819 165 2842 non
180 2811 274 2844 cadit.
318 2813 511 2846 Sententiam
528 2823 632 2845 autem
703 2813 811 2857 scripti
827 2816 888 2848 ess'e

24 2850 160 2889 dixeris,
186 2852 364 2894 relegandos
376 2855 455 2894 esse,
469 2856 521 2897 qui
538 2855 669 2897 simplici
687 2866 721 2888 ci·
735 2865 888 2891 terrorem

25 2890 80 2924 sua
109 2893 261 2934 religione
281 2894 459 2929 hominibus
486 2897 575 2929 vanis
598 2898 628 2930 δε
654 2898 777 2930 levibus
800 2899 887 2931 incu-

25 2935 130 2972 tiunt,
154 2942 242 2965 metu
265 2934 352 2966 forte
375 2935 517 2969 Deorum
535 2939 588 2971 vel
604 2938 808 2973 Daernonum.
853 2941 890 2973 Id

20 2982 130 3006 autem
145 2975 221 3006 licet
239 2974 346 3008 facere
362 2976 394 3008 in
407 2979 560 3019 religione
583 2989 728 3022 recepta,
752 2982 785 3014 in
801 2992 887 3024 pere-

23 3017 114 3058 grina
136 3025 202 3048 non
226 3015 311 3049 licet.
356 3018 416 3050 Sed
439 3020 557 3052 adeone
581 3031 676 3062 grave
701 3021 746 3054 est
771 3023 802 3055 id
828 3024 888 3056 cri—

23 3067 118 3096 men,
149 3057 243 3089 etiam
269 3059 300 3091 in
326 3059 478 3100 religione
493 3063 674 3103 peregrina,
699 3072 734 3095 ut
750 3065 887 3105 plecten-

22 3099 99 3130 dum
115 3098 153 3130 sit
172 3099 272 3140 infirlae
285 3101 403 3132 vinculo
413 3123 425 3139 ,
447 3102 490 3133 ‘ut
509 3102 734 3145 relegationem
751 3107 890 3148 appellat

24 3139 208 3172 Marcianus
232 3141 265 3173 in
295 3142 317 3173 l.
333 3151 366 3182 5.
384 3141 426 3182 ff.
442 3144 476 3174 de
494 3142 607 3176 Interd.
630 3145 667 3180 ἐξ
685 3146 792 3188 relegi?
818 3148 887 3179 lari-

22 3181 82 3212 bus
97 3181 193 3223 igitur
207 3183 302 3214 avitis
319 3184 456 3223 carebit,
481 3185 536 3225 qui
558 3184 622 3226 ipse
638 3185 888 3227 superstitiosus,

24 3219 87 3254 fine
109 3222 178 3255 ullo
202 3224 248 3256 rei
270 3224 407 3265 publicae
434 3225 486 3257 vel
509 3226 641 3266 privatae
665 3229 796 3268 damae,
821 3230 890 3262 aliis

924 2402 1007 2435 bona
1031 2403 1093 2436 fide
1114 2404 1368 2447 superstitionem
1393 2404 1478 2439 suam
1494 2405 1651 2448 inculcat,
1676 2403 1797 2448 adjecto

925 2445 1019 2476 etiam
1037 2446 1182 2479 Deorum
1198 2448 1310 2480 metu?
1334 2448 1391 2480 vix
1409 2449 1478 2480 haec
1495 2450 1693 2482 conveniunt
1710 2450 1796 2482 Mar-

926 2495 966 2517 co
979 2486 1162 2528 Antonino,
1196 2489 1285 2530 cujus
1303 2499 1373 2522 mos
1396 2498 1483 2528 erat,
1507 2496 1540 2521 ut
1557 2492 1654 2523 omnia
1672 2492 1799 2523 crimina

929 2529 1038 2560 minore
1046 2529 1192 2571 supplicio
1202 2553 1214 2569 ,
1236 2541 1322 2572 quam
1342 2532 1456 2575 legibus
1471 2530 1564 2572 pleoti
1572 2532 1692 2574 solent,
1710 2534 1799 2573 puni-

930 2575 996 2608 ret,
1018 2572 1282 2612 quemadmodum
1314 2572 1517 2615 Capitolinus
1542 2574 1650 2605 auctor
1667 2572 1758 2605 estin
1773 2584 1801 2604 e-

925 2612 976 2654 jus
992 2614 1060 2644 ‘vita
1086 2614 1119 2646 C.
1137 2624 1187 2655 24.
1233 2614 1336 2654 Audi,
1361 2614 1436 2656 quid
1452 2613 1516 2656 ipse
1533 2614 1667 2647 Marcus
1683 2613 1800 2646 scribat

931 2653 968 2684 ad
997 2663 1131 2686 uxorem
1155 2655 1350 2688 Faustinam:
1381 2656 1453 2688 Non
1470 2657 1548 2687 enim
1563 2657 1714 2697 quicquam
1737 2654 1799 2697 est,

931 2696 1002 2737 quod
1037 2696 1243 2737 Imperatorem
1281 2697 1448 2730 Romanum
1483 2698 1586 2728 melius
1624 2698 1801 2728 commendet

934 2737 1098 2777 Gentibus,
1129 2749 1215 2780 quam
1241 2739 1407 2770 clementia.
1452 2738 1525 2769 Haec
1545 2737 1681 2778 Caesarem
1700 2734 1800 2770 Deam

923 2779 1034 2819 fecit,
1066 2780 1122 2811 hcec
1147 2779 1314 2823 Angustum
1348 2778 1563 2824 conservavit,
1593 2779 1650 2810 haec
1677 2779 1802 2811 Patrem

931 2826 1011 2851 tuum
1031 2822 1064 2852 in
1087 2823 1194 2862 primis
1224 2821 1270 2853 Pii
1298 2822 1413 2852 nomine
1433 2825 1570 2857 ornavit,
1600 2828 1636 2850 ut
1654 2819 1701 2851 est
1715 2821 1800 2862 apud

931 2861 1116 2894 Vulcatium
1142 2861 1343 2894 Gallicanum
1367 2862 1398 2892 in
1424 2861 1537 2892 Avidio
1566 2859 1654 2902 Caffio
1689 2861 1723 2894 C.
1751 2871 1799 2895 11.

931 2902 1019 2950 Quin
1037 2910 1088 2934 tot
1105 2899 1172 2943 ejiis
1187 2902 1364 2935 clementiae
1382 2901 1504 2933 exstant
1521 2910 1722 2943 argumenta,
1746 2904 1800 2936 vel

931 2944 963 2976 in
986 2943 1050 2985 ipsa
1071 2944 1245 2976 rebellione
1272 2942 1430 2982 Caffiana,
1454 2952 1490 2974 ut
1504 2943 1635 2975 Senatus
1650 2943 1698 2976 illi
1723 2954 1800 2977 con-

932 2985 1024 3016 tinuo
1046 2985 1269 3016 acclamaverit
1284 3007 1294 3023 ‚
1328 2983 1481 3015 Antonine
1507 2983 1588 3022 Pie,
1618 2984 1677 3017 Dii
1701 2991 1728 3017 te
1737 2986 1801 3028 ster·

931 3031 1013 3057 vent.
1065 3025 1218 3057 Antonine
1249 3034 1409 3057 CLEMENs
1424 3046 1436 3064 ,
1467 3025 1525 3057 Dii
1547 3030 1574 3057 te
1591 3025 1715 3067 sternent
1729 3050 1741 3066 ‚
1763 3035 1801 3060 ut.

932 3074 1036 3099 narrat
1058 3067 1140 3098 idern
1160 3067 1327 3099 Vulcatius
1345 3066 1377 3098 in
1393 3068 1487 3098 eodem
1514 3065 1601 3108 Caffio
1627 3068 1661 3100 C.
1686 3078 1736 3111 13.

975 3107 1024 3139 Ab
1055 3107 1102 3140 lm
1126 3118 1249 3140 eratore
1273 3107 1370 3149 igitur
1387 3130 1396 3148 ‚

930 3149 1066 3188 meruit,
1113 3158 1183 3181 orte
1207 3159 1270 3181 non
1289 3148 1433 3189 exspeeta
1455 3148 1492 3181 'es
1507 3150 1659 3190 ejusmodi
1680 3150 1802 3183 Rescri-

932 3198 1040 3231 ptum,
1066 3191 1096 3222 &
1119 3200 1172 3230 ea,
1204 3200 1269 3223 non
1286 3190 1346 3222 alia
1370 3190 1459 3224 forte
1477 3191 1533 3223 tibi
1549 3191 1710 3224 videbitur
1727 3202 1798 3223 cau-

932 3231 982 3271 sa,
1014 3241 1070 3263 cur
1099 3231 1266 3305 GraeciZh.
1292 3232 1312 3264 l.
1331 3242 1382 3278 30.
1428 3231 1566 3269 Bafilicis
1582 3242 1648 3267 non
1666 3231 1802 3278 inserue-

1266 3283 1284 3314 53
1725 3281 1800 3309 rint,

1449 3108 1481 3140 ui
1506 3108 1656 3141 clementis
1683 3117 1803 3143 nomen
1842 3133 1847 3135 -
