2008 3436
141 121 298 178 cORN.
323 97 396 160 vn<
419 116 790 158 BYNKERSHOEK
818 102 882 152 oi:
909 116 1139 153 bonimio
1168 117 1326 154 Manis
1353 118 1572 156 nrsssn‘r.
1602 121 1641 157 e.
1669 121 1698 156 1.
1752 129 1820 164 ης

48 200 133 235 suam
158 202 315 245 pertinere
335 202 456 245 liquido
481 197 554 234 satis
573 198 814 243 pronunciante
846 207 910 230 non

1 246 6 252 ¹
50 244 112 276 alia
133 244 256 277 ratione
272 266 284 283 ,
314 253 408 286 quarn
441 240 732 286 quodcommunis
758 238 910 284 Civitatis

48 283 173 327 sponsio
199 284 356 319 Gentibus
377 285 496 318 exreris
517 293 582 316 non
610 282 795 324 pra-judicet
818 303 829 319 ,
853 280 910 327 led

49 334 156 358 teneat
177 327 328 368 duntaxat
351 327 436 360 illius
459 325 609 359 Civitatis
644 323 782 354 membra
801 344 811 360 ,
850 332 909 362 juri

29 365 106 403 ⁴suo
131 368 205 400 dum
231 369 461 401 renunciarunt.
506 366 554 399 Ad
577 374 705 396 exteros
723 365 849 410 itaque,
874 363 912 394 ad

72 419 130 442 uos
151 409 230 442 nihil
253 410 403 444 Civitatis
426 407 540 442 nostrae
556 405 651 451 Juss‘a,
678 406 728 437 ubi
756 405 839 437 bona
858 415 912 436 no-

33 451 60 484 ’ί
126 452 344 492 pervenerint,
368 451 569 483 dominorum
595 447 657 479 elle
676 446 819 479 desinunt
836 447 863 478 cl.
890 447 909 478 l.

45 502 77 534 5.
103 492 131 535 §.
159 503 188 526 2.
213 494 243 525 δε
264 495 293 526 d.
319 494 350 526 C.
375 492 400 524 I.
425 489 504 532 Dist.
525 489 611 522 VIII.
636 489 710 527 nili,
740 488 826 530 quod
847 497 912 519 rec-

45 541 79 566 te
92 535 214 575 excipit
233 537 261 566 d.
284 535 312 576 §.
340 545 368 566 2.
389 534 470 565 inter
488 541 544 564 eos
561 530 702 572 Populos
720 530 859 562 amicitia
875 529 913 562 iit

16 595 19 598 >
45 576 224 608 contracta:
248 586 304 617 per
327 585 395 609 eam
421 574 505 607 enim
525 573 654 606 alterius
671 572 822 604 Civitatis
836 581 911 603 con-

47 618 158 650 ventio
183 617 272 649 alteri
300 625 366 648 rata
391 615 543 656 habetur,
568 624 682 656 quum,
708 614 763 646 nili
790 613 820 644 id
840 613 913 658 fiat,

45 659 137 692 nullo
161 658 257 690 modo
280 658 420 690 amicitia
448 659 530 689 inter
555 656 696 688 homines
723 665 827 686 rerum
848 657 911 686 lua-

44 709 114 733 rum
134 709 274 732 amantes
291 701 381 741 poilit
399 698 574 732 consistere.

88 740 133 773 Ea
157 742 251 773 etiam
273 741 521 783 jurisprudentia
547 740 677 773 'furcos
695 739 742 770 uti
760 737 912 779 fignificat

45 781 74 826 §.
116 793 144 815 2.
173 783 210 819 &2⁹
241 794 273 824 5.
313 784 477 825 Privz'logii
494 805 505 821 ,
539 781 624 824 quod
655 780 793 812 Achmet
829 788 911 825 anno

44 834 194 858 Mioexrr.
227 826 333 866 Belgis
357 825 520 857 foederatis
546 823 660 860 dedit3
691 823 734 853 ait
758 822 867 860 enim,
889 822 911 852 ii

43 867 114 907 quis
133 867 165 899 in
181 867 320 899 ditiones
338 866 404 899 suas
422 866 578 907 adpellat,
600 864 689 904 cujus
706 863 843 905 populus
861 872 912 893 ne-

44 917 108 949 que
127 907 232 940 fcedus
248 918 349 950 neque
373 908 543 940 amicitiam
569 906 673 938 secum
691 905 823 942 habeat,
845 904 912 944 ejus

42 948 127 982 bona
149 951 319 992 publicari,
342 952 349 982 i
377 949 503 991 sumque
527 949 558 981 in
582 947 765 979 servitutem
793 945 911 986 redigi3

45 1001 141 1033 aquo
160 992 286 1033 Belgae,
309 1000 364 1024 eti
390 991 423 1023 in
451 990 613 1032 peregrina
636 997 716 1019 nave
733 987 912 1032 adpellant,

43 1034 168 1065 virtute
185 1033 251 1073 ejus
271 1033 428 1075 privilegii
448 1032 631 1063 eximuntur
647 1031 675 1060 cl.
700 1028 729 1070 ᾗ.
751 1038 783 1067 5.
805 1036 909 1074 nitun-

45 1082 98 1106 tur
116 1075 182 1107 haec
201 1076 291 1115 jure,
317 1076 402 1115 quod
425 1073 572 1105 diximus,
618 1070 732 1102 Peccat
754 1078 857 1115 tamen
878 1079 908 1101 in

42 1125 83 1148 co
104 1116 171 1147 hcee
190 1115 438 1156 jurisprudentia
455 1114 638 1146 'turcorum
651 1135 660 1149 ‚
684 1111 768 1152 quod
794 1111 909 1142 liberos

42 1157 186 1190 homines
211 1166 247 1188 ea
276 1166 398 1189 ratione
424 1156 567 1188 dominio
594 1153 648 1186 suo
672 1154 813 1191 addicat,
838 1162 909 1184 nam

41 1198 253 1239 Pomponium
266 1221 276 1237 ,
299 1199 353 1240 qui
370 1199 402 1230 id
420 1198 520 1239 ipsum
537 1196 663 1228 videtur
681 1195 766 1226 velle
784 1195 816 1226 in
833 1196 861 1226 d.
886 1195 907 1226 l.

45 1249 74 1277 5·-
98 1239 127 1281 §.
152 1250 181 1272 ρ.
207 1241 240 1271 in
259 1240 316 1280 jin.
342 1239 550 1281 intelligimus
575 1238 615 1269 de
643 1237 770 1268 bomine
790 1236 909 1275 libero,

36 1281 82 1314 ob
97 1280 209 1322 justam
224 1281 345 1313 causam
362 1291 467 1323 capto.
515 1279 603 1321 Quin
619 1278 649 1310 δι
665 1278 708 1309 ita
721 1277 851 1309 fortass'e
867 1278 911 1310 iu-

41 1324 186 1365 telligere
214 1323 316 1365 posses
339 1323 524 1355 Tui-corum
550 1322 798 1362 Imperatorem,
827 1321 856 1351 ὥς
880 1320 908 1350 d.

41 1364 71 1407 §.
95 1374 127 1405 5.
153 1363 325 1397 secundum
341 1365 497 1406 principia
514 1361 677 1405 religionis
693 1360 726 1392 T
731 1362 844 1392 urcicae
864 1361 908 1392 in-

42 1406 209 1448 terpretari
228 1407 268 1438 de
283 1406 487 1445 Christianis,
508 1405 572 1437 hoc
591 1403 653 1441 cst,
679 1402 747 1447 ipso
764 1402 831 1443 jure
850 1402 906 1448 ho-

39 1447 148 1481 stibus.
192 1448 247 1480 Sin
265 1456 376 1480 contra
393 1447 493 1486 ess'et,
516 1447 593 1478 mihi
618 1445 763 1486 equidem
780 1453 851 1475 cum
870 1445 905 1475 lI-

40 1490 126 1529 lius,
151 1497 217 1521 turn
241 1489 408 1532 Pomponii
441 1489 523 1520 ratio
546 1497 611 1520 non
635 1486 762 1517 videtur
786 1492 906 1518 contia-

39 1540 95 1570 re3
119 1540 221 1572 neque
235 1532 339 1571 enim,
364 1538 399 1562 ut
416 1539 520 1563 rerum
534 1553 544 1569 ,
568 1529 613 1560 ita
631 1528 814 1568 hominum,
835 1527 907 1568 Jure

39 1571 174 1605 Naturae
198 1572 390 1605 Gentiumve
420 1581 591 1604 commune
623 1569 798 1602 dominium
822 1569 906 1602 fuit:

41 1614 74 1646 ὅ(
91 1622 196 1647 tamen
224 1615 321 1656 illud,
345 1615 433 1657 quod
453 1614 610 1652 diximus,
633 1614 683 1654 jus
709 1611 908 1644 tribuendum

39 1654 87 1688 est
112 1656 207 1689 unice
228 1656 468 1695 communioni,
490 1665 508 1687 a
531 1664 593 1696 qua
616 1655 685 1686 ictis
711 1653 749 1684 de
770 1653 908 1685 amicitia

39 1696 213 1742 foederibus
231 1698 383 1731 recess'um
405 1707 471 1730 non
486 1697 561 1729 fuit.

43 1738 214 1773 ..Foedera
237 1750 342 1772 autem
370 1739 564 1781 accipimus,
586 1745 747 1780 praeeunte
762 1736 904 1778 Pompo-

40 1780 228 1823 nio,quibus
239 1782 293 1814 vel
303 1782 444 1814 amicitia
453 1781 505 1813 vel
515 1780 687 1822 hospitium
695 1778 904 1811 contrahitur:

37 1823 145 1864 aliud,
167 1824 189 1857 fi
206 1832 329 1856 tantum
345 1823 519 1866 placuerit,
545 1830 580 1854 ut
597 1822 682 1854 bello
697 1819 903 1861 abstineatur,

39 1873 120 1898 tunc
146 1866 229 1898 enim
254 1866 294 1897 de
320 1865 449 1907 reliquis
472 1864 552 1896 nihil
575 1864 721 1905 paetum,
746 1871 811 1903 quo
834 1860 906 1894 casu

38 1906 193 1948 supererit
208 1908 299 1939 locus
325 1907 414 1940 Galli
440 1905 603 1939 sententiae
626 1906 706 1947 apud
731 1903 858 1936 Festum
874 1904 905 1936 in

40 1949 118 1982 Voc.
149 1947 386 1990 Postliminium,
410 1957 483 1980 cum
506 1947 573 1985 ait,
597 1947 692 1978 etiam
722 1956 787 1976 cnm
810 1945 904 1986 Popu-

39 1991 78 2032 lis
91 1991 190 2023 liberis
208 1990 245 2026 ξεί)
262 1992 468 2032 confoederatis
481 1988 694 2030 postliminirmz
712 1987 775 2028 effi’.
797 1986 905 2030 Quum

39 2041 118 2064 vero
141 2032 318 2073 hujusmodi
344 2032 464 2064 foedera
481 2055 491 2070 ,
523 2040 613 2062 exrra
644 2030 761 2061 bellum
782 2053 792 2069 ,
826 2037 908 2060 mter

41 2072 162 2105 Gentes
178 2073 239 2105 effe
255 2073 394 2113 soleant,
417 2074 479 2114 jam
495 2079 623 2114 apparet
635 2095 644 2111 ‚
670 2071 755 2112 quod
775 2080 838 2103 non
855 2081 908 2112 pu-

43 2122 107 2146 tem
135 2114 294 2156 hucusque
319 2113 491 2157 apparuisse
509 2138 520 2153 ,
553 2123 618 2153 quo
656 2112 743 2144 sensu
770 2122 809 2144 cx
834 2112 907 2153 Jure

42 2154 196 2188 Gentium
217 2157 339 2189 dicatur
366 2156 428 2188 effe
454 2155 667 2187 dominiorum
688 2155 847 2187 distinctio
877 2155 908 2186 in

37 2197 62 2228 1.
85 2207 116 2238 5.
135 2196 176 2238 ff.
199 2198 234 2229 de
251 2197 332 2240 Just.
358 2198 395 2233 ἐξ
412 2198 483 2239 Jur.
507 2207 547 2228 eo
582 2197 699 2238 quippe
723 2197 791 2237 jure
809 2196 907 2237 pactis

41 2237 279 2280 foederibusquc
293 2240 435 2281 agnitum
452 2237 498 2270 est
514 2239 544 2270 &
559 2238 727 2279 probatum
748 2238 828 2270 illud
846 2239 908 2279 jus,

41 2281 127 2321 quod
147 2280 275 2312 dederat
298 2281 426 2321 antiqua
449 2279 640 2319 occupatio,
666 2279 718 2311 seu
737 2281 845 2321 potius
867 2280 903 2311 ii-

37 2321 92 2354 lud
115 2322 166 2362 jus
183 2345 193 2360 ,
225 2322 310 2363 quod
345 2320 451 2354 amissa
472 2321 655 2363 poss'esfione
680 2321 902 2360 amittebatur,

35 2363 207 2395 extensum
229 2362 274 2395 est
290 2364 327 2395 ad
345 2373 396 2396 eas
413 2363 556 2405 regulas,
582 2363 695 2405 quibus
712 2365 742 2396 in
763 2362 908 2395 Civitate

38 2413 193 2446 ,reguntur
210 2415 314 2436 rerum
331 2406 466 2438 domina.

79 2447 258 2479 Secundum
286 2446 355 2478 haec
381 2447 623 2489 interpretamur
644 2447 696 2478 M.
720 2446 824 2478 Tullii
851 2444 904 2478 Ci-

35 2488 165 2520 ceronis
183 2488 289 2520 locum
305 2489 375 2520 Lib.
395 2489 418 2520 I.
440 2491 474 2520 de
492 2487 577 2530 Offic.
601 2489 673 2530 Cap.
689 2499 740 2520 21.
763 2500 779 2520 a
795 2486 904 2518 Gram-

39 2530 188 2569 maticis,
209 2530 241 2562 ni
266 2528 382 2569 fallor,
406 2532 488 2563 male
518 2531 671 2563 habitum.
718 2531 764 2562 lta
788 2530 906 2570 legitur

42 2571 160 2612 vulgo:
187 2572 262 2603 Sum
280 2578 377 2603 autem
390 2574 515 2612 privata
538 2573 622 2604 nulla
639 2579 768 2610 nelma,-
781 2573 836 2613 sect
851 2577 904 2602 aut

43 2614 138 2644 veteri
153 2615 357 2654 occupatione,
379 2620 412 2646 ut
429 2615 479 2656 qui
495 2615 638 2655 quondam
656 2616 688 2646 in
706 2625 802 2646 vacua
816 2623 903 2645 vene-

43 2659 136 2690 runt3
156 2660 208 2685 aut
235 2654 382 2694 υἰὲἶονὶα,
405 2662 438 2687 ιιι
458 2658 508 2697 qui
532 2656 604 2687 hello
619 2658 712 2696 politi
728 2657 830 2697 fimt3
852 2663 903 2688 aut

34 2696 126 2737 Iege,
142 2697 300 2735 pactione,
323 2699 484 2729 conditione
503 2721 513 2737 ‚
533 2698 635 2740 firte5
657 2708 694 2729 ex
718 2708 772 2739 quo
790 2696 848 2738 fit,
871 2705 904 2730 ut

33 2746 117 2810 :niger
152 2736 288 2777 Arpinas
316 2738 498 2780 Arpinatum
534 2742 651 2772 dicatur
672 2751 682 2772 :
725 2740 904 2781 Tusculanus

34 2796 36 2799 -
70 2778 282 2820 iasculauzorrcnz.
327 2779 452 2821 Opinor
478 2781 626 2813 mendum
657 2781 718 2813 ess'e
741 2782 773 2814 in
801 2781 901 2813 finali-

40 2819 117 2859 bus,
141 2818 366 2852 restituendum
379 2843 390 2860 ,
411 2821 433 2854 fi
460 2821 504 2854 ita
528 2822 613 2864 legas
633 2823 663 2855 ἀ
681 2823 901 2865 intel-pungas:

33 2861 194 2904 «autlege,
211 2861 347 2903 pactione
364 2864 546 2902 conditi0m3
567 2874 604 2895 ex
630 2874 682 2906 quo
695 2864 755 2906 fit,
778 2871 810 2897 ut
832 2875 904 2907 ager

31 2903 118 2944 ²forte
154 2903 290 2944 Arpinas
322 2903 515 2944 Arpinatum
532 2906 650 2938 dicatur
665 2928 677 2945 ,
710 2907 740 2939 &
773 2907 902 2948 reliqua.

41 2943 119 2976 Hoc
132 2945 224 2984 vult,
247 2954 350 2976 rerum
368 2945 508 2977 dominia
522 2947 620 2988 quaeri
642 2948 694 2979 vel
719 2949 904 2989 occupatio-

35 2994 79 3017 ne
96 2985 150 3017 vel
169 2987 394 3018 conventione.
440 2986 660 3029 Occupatione
672 2988 835 3022 bifariam:
849 2999 904 3021 aut

32 3028 306 3073 ¹rerurntnullius,
331 3037 386 3069 per
413 3028 685 3069 apprehenfionem
700 3041 811 3063 vacuae
830 3041 901 3073 pos-

39 3066 182 3099 seffioms
201 3091 212 3107 ,
249 3078 305 3101 aut
338 3070 497 3110 alicujus,
526 3070 595 3110 jure
630 3071 781 3105 videlicet
813 3073 899 3104 belli.

34 3108 266 3142 Conventione
278 3110 382 3143 rursus
398 3110 561 3150 bifariam3
576 3120 630 3144 aut
645 3115 788 3154 publica,
805 3124 901 3155 quum

34 3158 85 3181 -ex
101 3150 189 3191 iege,
212 3159 266 3183 aut
278 3153 421 3194 privata,
445 3161 542 3194 quum
559 3162 601 3185 ex
617 3156 798 3187 contractus
816 3165 902 3187 caus-

42 3190 75 3223 sa
91 3192 265 3227 dominium
292 3193 498 3233 transfertur,
524 3194 586 3226 hoc
603 3193 665 3234 est,
685 3197 820 3236 pastione
839 3206 904 3228 con-

33 3232 168 3273 ditione,
191 3233 233 3273 fi,
250 3242 292 3272 ‚ut
315 3243 444 3277 oportet
460 3258 470 3274 ,
501 3235 693 3276 conjunctim
721 3237 904 3278 accipiatur.

954 198 1136 239 Legendum
1165 198 1264 230 videri
1291 206 1415 240 poterat
1438 199 1615 232 conditlione
1631 225 1642 240 ‚
1672 201 1823 243 siquidem

954 240 1115 271 cundici-cim
1134 249 1192 280 pro
1216 247 1357 272 convento
1384 241 1414 272 ὃς
1430 244 1618 274 convencione
1636 243 1700 282 est,
1722 243 1821 275 etiam

955 280 1091 314 Caecum
1119 280 1202 322 tho
1227 283 1307 322 apud
1327 281 1470 314 Gellium
1489 283 1558 314 Lib.
1586 284 1663 316 XX.
1692 285 1762 325 Cap.
1792 293 1819 316 1.

942 323 1005 356 *sed
1022 332 1081 354 nec
1096 323 1177 354 male
1202 333 1259 364 pro
1276 334 1315 355 eo
1339 324 1368 356 <St
1385 324 1510 355 conditio
1529 323 1704 365 usurpatur.
1756 326 1820 357 Sae-

954 365 1024 406 pius
1041 373 1168 404 quoque
1196 365 1225 395 in
1250 365 1337 397 libris
1367 366 1503 406 antiquis
1530 368 1597 397 baec
1617 366 1714 398 verba
1733 376 1820 398 eom-

955 413 1075 438 mutata
1098 406 1317 447 reperiuntur,
1349 407 1399 439 vel
1430 406 1594 447 scripturae
1620 416 1746 446 errore,
1768 406 1823 439 vel

955 447 1042 489 quod
1070 448 1232 487 utriusque
1253 458 1307 489 par
1331 449 1367 481 sit
1390 448 1596 490 significatio,
1621 449 1732 490 utique
1751 458 1823 489 par,

955 498 1028 521 cum
1050 488 1132 530 pacit·
1159 491 1291 521 verbum
1320 490 1470 530 additur,
1502 490 1766 532 quemadmodum
1792 490 1823 522 δε

958 530 1107 571 Cujaeius
1123 530 1268 563 observat
1286 533 1322 563 ad
1342 532 1428 564 Pauli
1455 532 1588 563 sentent.
1613 531 1681 563 Lib.
1707 531 1730 563 I.
1760 531 1822 562 Tit.

957 571 982 604 1.
1007 572 1036 614 §.
1065 582 1091 604 1.
1118 572 1282 613 Atqueita
1305 574 1385 614 apud
1404 573 1552 606 Tullium
1569 574 1667 614 pactio
1694 574 1822 604 conditio

957 613 1028 646 sunt
1050 615 1114 646 duo
1140 615 1278 654 ejusdem
1302 616 1477 652 notationis
1508 616 1628 654 verba,
1659 614 1822 656 quomodo

956 655 1037 696 apud
1062 655 1186 687 nostros
1211 657 1267 688 liae
1294 656 1358 697 ipsa
1379 658 1410 689 in
1438 666 1470 688 re
1491 656 1608 697 patiam
1629 663 1822 694 conventum,

951 698 1070 738 patirum
1089 699 1251 729 conventio.
1278 698 1342 741 Qui
1363 699 1394 730 in
1404 698 1561 730 Cicerone
1572 699 1640 730 haec
1654 697 1821 739 separatim

956 741 1084 780 legunt,
1109 740 1294 780 interpretes
1316 739 1384 772 sunt
1402 750 1465 772 non
1487 741 1694 781 interpretes3
1722 748 1825 780 neque

955 782 1121 827 meliores,
1145 783 1198 822 qui
1227 782 1373 813 voculam
1391 782 1470 822 sorte
1488 806 1497 820 ,
1531 791 1662 822 eamque
1685 791 1725 812 eo
1748 781 1824 813 Ioco

955 825 1088 855 servant.
1133 823 1197 855 Hic
1220 824 1303 854 enim
1344 824 1501 864 quaerendi
1529 823 1662 855 dominii
1690 823 1826 861 modus,

955 873 1118 905 utcunque
1133 874 1203 895 eum
1219 865 1379 905 explices,
1406 867 1456 897 vel
1477 875 1494 897 a
1509 866 1589 906 lege,
1613 865 1634 897 fi
1655 865 1707 906 qui
1724 864 1825 905 publi—

954 915 992 937 ce
1021 905 1211 944 sortiantur,
1233 906 1284 937 vel
1308 915 1326 936 a
1343 906 1477 947 publium
1506 909 1687 945 contritione,
1712 906 1734 938 s1
1760 905 1823 947 pri-

956 948 1078 986 vatim,
1100 947 1248 987 distingui
1280 949 1410 988 nequit,
1436 958 1507 979 cum
1535 949 1663 990 utique,
1688 947 1710 980 sl
1739 947 1824 979 sorte

954 989 1093 1020 dominia
1116 989 1321 1027 dividuntur,
1346 988 1466 1031 semper
1492 998 1638 1030 oporteat
1665 989 1824 1030 praecede-

954 1040 987 1061 re
1014 1029 1210 1071 sponfionem
1236 1031 1289 1062 vel
1311 1031 1465 1070 privatam
1484 1032 1536 1062 vel
1554 1032 1711 1072 publicam
1735 1030 1823 1063 Civi-

955 1072 1039 1103 tatis.
1083 1072 1143 1103 Sed
1169 1072 1231 1112 jam
1262 1071 1384 1104 restitui
1411 1073 1580 1110 voculam,
1605 1083 1674 1114 quae
1698 1072 1824 1104 Videba-

953 1121 1003 1145 tur
1030 1114 1091 1155 lcgi
1115 1113 1286 1152 mendosa,
1318 1122 1378 1145 nec
1408 1113 1463 1146 suo
1490 1114 1573 1146 loeo.
1622 1114 1708 1156 Ager
1738 1115 1821 1154 forte

953 1155 1088 1196 Arpinas
1105 1155 1189 1187 recte
1206 1155 1340 1193 dicitur-3
1366 1156 1398 1188 in
1428 1155 1512 1187 hunc
1534 1154 1653 1187 sensum
1665 1155 1748 1195 forte
1769 1165 1823 1186 ex·

952 1198 1090 1238 emplum
1115 1205 1231 1235 notat,
1255 1205 1290 1228 ut
1313 1198 1344 1229 in
1369 1197 1388 1229 l.
1416 1208 1446 1234 9.
1471 1197 1500 1239 §.
1525 1208 1552 1239 7.
1572 1198 1613 1239 ff.
1638 1196 1766 1238 cle-usur.
1790 1197 1822 1228 δι’

953 1239 1057 1280 pailim
1083 1238 1170 1271 alibi.
1216 1238 1347 1271 Nullius
1374 1239 1494 1280 oppido
1523 1240 1617 1280 pretii
1639 1237 1732 1277 sunt,
1753 1248 1823 1279 quae

953 1282 1005 1313 hic
1030 1283 1138 1323 legunt
1163 1281 1193 1312 δε
1213 1280 1369 1313 ,adferunt
1388 1280 1559 1313 Lambinus
1577 1281 1607 1313 ὃς
1629 1280 1822 1318 Turnebus,

953 1323 1072 1355 nullius
1091 1324 1187 1362 item,
1210 1332 1280 1363 quae
1309 1323 1436 1364 prolixe
1456 1322 1493 1354 ad
1517 1322 1601 1354 hunc
1620 1322 1729 1354 locum
1743 1320 1822 1353 effu-

950 1366 997 1397 dit
1017 1365 1168 1407 Lyclama
1189 1365 1334 1404 Opinion.
1358 1364 1431 1406 Jur.
1453 1365 1519 1396 Cz'v.
1540 1364 1610 1396 Lib.
1632 1363 1674 1396 ΙΙ.
1693 1363 1751 1395 Ecl
1771 1372 1821 1404 13.

992 1406 1026 1438 In
1051 1407 1237 1448 explicanda
1260 1406 1383 1447 origine
1407 1406 1539 1438 dominii
1556 1406 1610 1437 alii
1626 1405 1719 1437 aliter
1735 1403 1822 1437 insti-

951 1457 1099 1488 tuerunt,
1125 1447 1176 1480 sed
1201 1447 1302 1479 nolim
1326 1448 1358 1479 in
1382 1457 1421 1480 eo
1440 1455 1626 1489 argumento
1644 1447 1716 1479 heic
1729 1456 1821 1488 vaga-

949 1491 986 1523 ri.
1035 1489 1300 1522 Communionem
1328 1491 1487 1531 antiquam
1514 1488 1586 1521 sunt
1609 1489 1705 1520 etiam
1725 1511 1737 1528 ,
1767 1487 1823 1529 qui

949 1540 1065 1574 negant
1081 1531 1176 1563 fuiffe
1187 1540 1270 1570 ,non
1286 1531 1372 1573 gnari
1392 1531 1532 1571 scilicet,
1550 1540 1606 1572 per
1622 1531 1822 1562 communio-

950 1584 1022 1607 nem
1044 1573 1180 1615 intelligi
1208 1572 1344 1612 statum,
1368 1583 1432 1614 quo
1457 1582 1505 1605 res
1533 1572 1672 1604 nondum
1699 1572 1823 1604 iverant

951 1617 982 1648 in
1007 1616 1217 1657 proprietates
1242 1614 1452 1656 fingulorum,
1474 1623 1506 1646 at
1531 1614 1676 1646 omnibus
1699 1613 1735 1645 ad
1753 1622 1821 1644 om-

950 1659 1002 1690 nia
1019 1657 1139 1699 aequale
1157 1657 1206 1697 jus
1234 1665 1311 1688 erat.
1356 1656 1453 1688 Reae
1478 1656 1545 1696 illi,
1568 1655 1610 1695 fi,
1633 1655 1718 1697 quod
1734 1653 1820 1686 face-

948 1709 984 1731 re
1017 1699 1192 1738 videntur,
1227 1698 1485 1730 communionem
1521 1704 1662 1740 negent,
1694 1696 1821 1738 qualem

947 1740 1042 1773 Plato
1068 1742 1100 1773 in
1126 1739 1366 1781 Rempublieam
1381 1738 1466 1771 suam
1484 1739 1633 1778 induxit3
1656 1739 1696 1770 de
1711 1748 1747 1770 ea
1766 1747 1817 1769 ve-

948 1792 985 1814 ro
1001 1792 1096 1815 nemo
1114 1780 1252 1819 senserit.
1296 1781 1377 1814 Satis
1405 1781 1467 1814 hoc
1491 1781 1590 1813 claret
1613 1789 1653 1812 ex
1668 1779 1723 1820 iis,
1748 1789 1821 1821 quae

948 1823 1048 1866 Hugo
1078 1823 1214 1856 Grotius
1240 1822 1436 1864 exsequutus
1461 1822 1507 1856 est
1537 1823 1609 1864 Cap.
1641 1822 1681 1854 V.
1716 1821 1820 1854 Maris

949 1866 1033 1898 liberi
1041 1889 1053 1905 ,
1077 1866 1107 1898 ἃ,
1124 1867 1158 1897 de
1179 1865 1256 1907 Jure
1275 1865 1310 1896 B.
1336 1864 1372 1900 ἐξ)
1394 1865 1432 1897 P.
1458 1865 1530 1896 Lib.
1555 1864 1596 1896 11.
1624 1864 1693 1904 Cap.
1714 1874 1743 1895 2.

992 1907 1067 1940 Hoc
1092 1908 1224 1939 omnino
1255 1906 1385 1948 probare
1411 1916 1476 1939 non
1504 1905 1650 1947 poss'um,
1674 1905 1759 1947 quod
1781 1904 1822 1936 de

950 1948 1068 1981 secell'u
1085 1949 1124 1980 ab
1141 1949 1195 1981 illa
1215 1949 1457 1988 communione,
1483 1948 1513 1980 &
1538 1947 1640 1979 modis
1659 1946 1821 1988 quaerendi

950 1991 1083 2023 dominii
1108 1999 1245 2031 utroque
1276 1991 1351 2021 loco
1376 1990 1458 2022 idem
1489 1988 1641 2030 disputat.
1687 1988 1822 2020 Utilitas

951 2042 1053 2064 rerum
1073 2056 1083 2071 ,
1117 2032 1232 2073 quibus
1269 2031 1299 2063 se
1327 2031 1459 2072 suosque
1487 2031 1652 2062 exhiberet
1668 2030 1820 2071 quisque,

950 2075 1155 2115 occupationi
1187 2072 1309 2105 causam
1336 2073 1450 2112 dedit3
1482 2072 1605 2104 utilitas
1625 2095 1636 2111 ,
1669 2072 1818 2112 inquam,

949 2125 1013 2147 non
1025 2123 1148 2147 tantum
1165 2115 1340 2148 neceffitas.
1375 2114 1463 2147 Illam
1482 2123 1588 2145 autem
1605 2113 1820 2145 metiebantur

950 2158 1041 2198 primi
1062 2158 1214 2189 mortales
1233 2167 1273 2188 ex
1293 2156 1348 2189 usu
1364 2166 1466 2188 rerum
1486 2156 1515 2188 &
1532 2154 1653 2194 abusu,
1677 2155 1707 2186 &
1722 2161 1820 2196 prout

950 2208 1083 2240 quaeque
1108 2209 1158 2230 res
1183 2200 1332 2240 majorem
1357 2199 1556 2230 minoremve
1572 2198 1661 2228 usum
1677 2195 1724 2228 sui
1739 2205 1818 2237 prae-

949 2240 1064 2279 bebat,
1097 2250 1136 2272 eo
1167 2242 1266 2283 magis
1295 2241 1442 2272 minusve
1469 2239 1685 2280 appetebatur.
1711 2237 1820 2279 Atque

949 2282 1025 2313 adeo
1049 2282 1070 2314 fi
1094 2292 1130 2313 ea
1148 2304 1158 2320 ‚
1190 2292 1261 2323 quae
1278 2281 1366 2314 usum
1390 2281 1536 2313 omnibus
1559 2279 1705 2322 praestare
1729 2287 1820 2320 pote-

950 2332 1041 2362 rant,
1067 2324 1166 2365 magis
1189 2332 1291 2356 tamen
1318 2323 1418 2355 essent
1443 2323 1556 2361 utilia,
1581 2322 1602 2354 fi
1629 2320 1819 2353 haberentur

952 2364 1135 2406 separatim,
1161 2375 1223 2397 non
1243 2365 1346 2407 potest
1361 2374 1426 2397 non
1447 2364 1521 2396 inde
1538 2362 1680 2395 constare
1697 2361 1818 2393 de‘ani-

951 2416 1006 2438 mo
1025 2407 1177 2448 cujusque
1195 2407 1232 2439 ad
1256 2416 1291 2438 ea
1310 2407 1364 2439 sibi
1385 2405 1577 2447 applicanda.
1602 2403 1737 2436 Docent
1754 2402 1819 2434 hoc

949 2450 980 2475 m*
1008 2455 1098 2480 meam
1124 2452 1156 2485 ιτ,
1182 2453 1275 2486 φάτιν,
1297 2448 1416 2486 docet,
1439 2456 1531 2488 quam
1560 2445 1666 2476 Graeci
1686 2444 1819 2485 proprio

948 2489 1108 2521 vocabulo
1131 2490 1291 2532 appellant
1311 2513 1321 2529 ,
1353 2488 1537 2520 mortalium
1564 2489 1724 2524 πλεονεξία,
1747 2495 1817 2526 quae

947 2530 1067 2572 semper
1082 2530 1167 2570 fuit,
1192 2533 1220 2564 δι
1244 2531 1324 2570 erit,
1348 2531 1451 2562 donec
1479 2529 1644 2567 homines,
1667 2528 1818 2559 maxima.

947 2572 1030 2604 Haec
1056 2582 1133 2604 vero
1157 2582 1224 2605 tum
1248 2571 1437 2610 neceffaria,
1461 2578 1528 2602 tum
1556 2571 1646 2602 utilia
1669 2579 1732 2601 non
1761 2569 1816 2600 ali-

948 2622 996 2645 ter
1011 2614 1063 2646 fibi
1080 2615 1301 2655 applicabant,
1324 2623 1417 2655 quam
1434 2612 1567 2644 naturali
1585 2611 1817 2652 occupatione,

948 2656 979 2688 id
1005 2655 1070 2695 est,
1096 2666 1199 2688 rerum
1220 2678 1231 2694 ,
1261 2665 1393 2697 quarum
1425 2653 1622 2695 satagebant,
1646 2653 1817 2694 apprehen—

947 2698 1031 2731 fione
1048 2698 1228 2739 corporali,
1251 2707 1322 2729 nam
1348 2697 1454 2728 animo
1472 2694 1540 2727 solo
1566 2696 1618 2727 vel
1636 2693 1817 2726 universum

946 2739 1056 2771 orbem
1068 2739 1165 2772 facile
1186 2749 1267 2771 unus
1285 2737 1505 2780 deglutiverit.
1550 2735 1626 2768 Non
1644 2735 1816 2767 difficulter

945 2782 977 2813 id
996 2790 1106 2814 omnes
1135 2781 1279 2820 dabunt,
1304 2780 1368 2812 hoc
1395 2788 1489 2811 nemo
1506 2801 1516 2816 ,
1546 2778 1595 2818 ius
1624 2785 1760 2815 corpore
1787 2775 1816 2807 &

944 2823 1050 2855 animo
1067 2823 1230 2864 quaefitum
1247 2822 1279 2854 in
1297 2831 1331 2853 re
1349 2830 1525 2860 occupata,
1551 2829 1614 2850 non
1631 2818 1688 2850 nifi
1707 2817 1815 2849 eadem

944 2865 1084 2904 ratione,
1109 2873 1245 2906 corpore
1261 2871 1339 2906 puta
1359 2864 1389 2894 δε
1407 2862 1530 2899 animo,
1563 2859 1694 2892 servari:
1721 2860 1751 2891 &
1772 2866 1816 2890 ta-

945 2916 1016 2939 men
1039 2906 1118 2938 illud
1144 2916 1254 2938 verum
1281 2906 1326 2937 est
1351 2903 1561 2944 deprimaeva
1584 2908 1815 2947 occupatione,

945 2957 1006 2989 qua
1028 2957 1160 2979 ventum
1182 2947 1227 2979 est
1247 2948 1279 2979 in
1305 2955 1415 2979 vacua.
1461 2944 1580 2975 Videor
1600 2943 1631 2973 ld
1657 2943 1718 2982 jam
1743 2941 1816 2973 satrs

945 2989 1090 3031 probasse
1105 2999 1147 3021 ex
1165 2988 1299 3020 naturali
1318 2989 1387 3028 jure
1414 2985 1556 3017 omnium
1575 2983 1611 3015 ad
1628 2984 1734 3015 omnia
1742 2992 1816 3029 ;.ne

944 3031 1054 3063 addam
1068 3054 1078 3071 ,
1097 3041 1138 3062 ex
1161 3029 1283 3061 remissa
1299 3027 1483 3070 poll‘effione
1498 3034 1574 3062 tune
1590 3034 1654 3056 non
1677 3023 1815 3071 potuisse

945 3072 1089 3114 praesumi
1106 3072 1160 3104 nisi
1171 3071 1307 3102 animum
1319 3068 1448 3101 habendi
1465 3077 1528 3099 rem
1540 3075 1598 3107 pro
1607 3065 1755 3098 derelicta
1771 3064 1815 3097 se-

945 3115 1084 3146 cundum
1110 3111 1392 3154 jurisprudentiam
1418 3109 1547 3140 illorum
1567 3116 1745 3149 temporum
1764 3116 1815 3138 na-

947 3156 1102 3193 turalem3
1126 3152 1340 3196 poffeffionem
1368 3150 1463 3182 animi
1484 3150 1536 3182 lex
1554 3158 1661 3181 tuetur
1679 3148 1815 3187 Civilis,

946 3207 1015 3237 quae
1032 3204 1110 3227 tunc
1127 3195 1213 3227 nulla
1231 3202 1307 3225 erat.
1318 3192 1428 3234 thue
1444 3191 1521 3223 adeo
1538 3189 1671 3223 Grotius
1687 3191 1711 3222 d.
1730 3190 1763 3222 C.
1773 3190 1815 3222 V.
1857 3210 1862 3213 -

948 3238 1034 3271 Mar.
1065 3238 1117 3268 lib.
1143 3234 1354 3269 neceffitatem
1375 3238 1522 3275 perpetum
1540 3255 1551 3272 ,
1582 3242 1675 3274 quam
1699 3239 1815 3269 vocat,

1045 3278 1078 3326 Q
1102 3289 1121 3320 3
1738 3281 1812 3304 orcu-
