2008 3436
193 106 477 157 QUAEsr

28 193 151 229 biturus
174 203 190 225 a
216 194 336 235 pupillo
371 194 444 231 suo,
470 194 585 226 cessare
601 193 790 227 sanctionem
813 197 840 226 ιῐ.
867 195 896 238 §.

31 244 78 267 12.
111 235 242 267 Senatus
268 236 437 276 Supremos
464 237 548 267 reete
572 236 725 275 judicavit
756 246 801 268 io.
827 237 894 276 jun.

30 285 120 316 1715.
151 276 231 317 (19)
263 286 362 317 neque
389 278 472 309 enirn
500 277 615 308 tutoris
650 277 760 308 titulus
793 278 898 310 obell'e

50 317 132 348 otest
148 340 156 355 ,
189 328 251 358 quo
274 320 376 350 minus
399 328 434 350 ea
459 318 582 359 capiat,
613 327 683 359 quae
699 318 839 360 alioquin
858 330 896 352 cx

41 368 97 399 ege
117 357 193 389 ell'et
212 368 370 400 capturus.

69 400 247 439 Sequuntur
266 401 297 431 in
318 400 346 440 §.
373 410 419 432 12.
444 400 547 432 Peters
563 410 598 432 en
621 400 746 433 Ilseiers.
771 401 812 434 Hi
831 412 894 434 non

26 450 239 473 memorantur
265 442 295 473 in
328 443 357 473 d.
389 440 418 481 §.
446 451 491 482 14.
526 442 624 473 Edicz.
657 443 771 484 Perper.
797 445 826 476 ἃ
844 454 893 476 ex-

49 481 130 514 unffl
151 492 277 524 quoque
297 482 365 514 sunt
383 483 412 512 in
432 481 710 523 Legibus.Frificis
733 485 772 516 L.
785 484 809 517 1.
833 485 868 517 Ti
885 510 891 517 .

25 558 29 561 ,
61 522 99 554 11.
134 522 162 565 §.
186 525 241 556 ult.
276 524 306 556 ἃ,
330 532 384 561 ut,
411 532 528 555 mutata
548 525 738 566 Religione‚
762 526 790 557 in
813 492 895 558 Hol-

25 564 128 597 landia
147 575 271 606 quoquc
284 574 341 606 pro
358 565 522 605 expunctis
544 566 727 600 habeamus.
755 577 815 608 ego
832 578 894 601 non

24 605 208 643 intercedo,
231 607 312 637 inter
328 615 473 646 parentes
490 607 573 638 enim
595 609 625 640 ὃ(
650 608 786 640 infantes
808 608 894 651 spiri-

0 685 2 690 ·
25 647 126 678 tuales
141 647 224 678 nulla
241 647 309 687 jure
328 646 435 679 nostro
453 647 498 679 est
523 648 682 690 Cognatio
708 649 896 690 spiritualis,

26 689 57 719 dt
83 688 166 720 nulla
193 688 319 720 illorum
346 689 376 720 in
396 689 452 721 hos
476 690 651 722 atruoritas.
698 690 833 724 Grotius
850 702 894 724 ta-

23 738 95 761 men
113 738 168 761 eos
186 730 315 761 retinuit
348 730 439 771 (20).
484 731 544 763 Sed
563 732 637 773 quid
655 732 847 771 laboramus,
872 733 894 766 fi

25 779 135 802 verum
155 770 210 808 iit,
234 772 318 811 quod
337 780 463 803 narrant
486 772 586 813 (21),
607 772 754 805 Carolum
771 774 809 806 V.
836 774 893 806 ser-

24 821 119 843 mone
145 810 273 844 Gallico
301 813 352 844 liic
381 813 555 846 exliibuiss'e
579 820 702 855 paratre
736 815 772 850 ἐξ
796 825 892 847 mara-

25 858 68 884 tre
84 877 93 891 ,
120 852 273 885 Vitricum
297 854 332 889 ὃ)
354 854 523 886 Novercam
541 878 551 894 ‚
585 857 614 887 ἂ
632 857 662 887 id
678 856 805 897 Belgice
824 866 892 888 ver-

26 893 93 927 sum
112 894 172 926 elle
198 895 286 927 Peter
309 907 345 927 en
369 896 489 934 Meter,
513 905 609 938 atque
626 897 646 929 si
666 897 801 930 exstaret
819 899 891 930 Per-

24 938 92 973 γαίη
120 936 155 971 &³
177 937 366 969 Mara-aine?
401 940 431 969 dt
457 947 491 969 ut
521 938 551 969 id
574 937 698 970 credam
717 962 727 978 ,
758 947 891 971 movent

23 986 76 1010 me
97 978 235 1010 rationes
253 1002 263 1018 ,
295 988 371 1021 quas
398 978 564 1011 Anselmus
590 980 721 1020 attulit,
753 990 811 1012 nec
838 981 891 1012 hic

24 1029 65 1050 re·
81 1027 146 1051 eto.

60 1029 170 1092 ¹³Porro
197 1062 241 1093 ait
268 1063 296 1093 d.
329 1061 428 1102 §.12.
460 1063 494 1102 of
514 1071 576 1093 van
605 1062 675 1094 hare
697 1063 890 1094 Concu-hinem.

23 1102 110 1135 Galli
129 1103 157 1134 in
178 1102 231 1134 suo
247 1103 319 1134 huic
336 1103 427 1135 simili
448 1104 561 1135 Edicto
575 1103 755 1145 intelligunt
775 1114 892 1136 concu-

24 1143 129 1178 binam
162 1144 318 1175 curatoris
339 1167 348 1183 ,
381 1145 467 1185 quod
492 1144 575 1187 sequi
596 1145 744 1177 videntur
760 1145 892 1178 Hollan·

21 1182 52 1217 di
70 1185 169 1226 (22),
193 1185 222 1217 δε
241 1184 326 1217 Frisii
345 1184 444 1227 (23).
461 1194 623 1227 praeeunte
642 1185 890 1227 Anselrno(24).

23 1227 120 1274 Quod
140 1227 195 1258 vix
212 1227 333 1267 probo,
356 1228 543 1268 mallemque
561 1227 718 1259 minorum
740 1229 891 1259 concubi-

22 1278 94 1300 nam
122 1268 296 1308 intelligere
316 1292 325 1305 ‚
357 1277 397 1300 ne
423 1268 490 1300 haec
515 1268 670 1300 minorem
688 1276 836 1310 emungat
855 1268 889 1301 fi-

23 1310 81 1342 stis
105 1309 337 1341 adulationibus
355 1333 366 1348 ‚
398 1318 434 1341 ut
465 1309 543 1341 olim
564 1308 695 1341 focariae
723 1310 840 1342 milites
862 1319 891 1341 e-

22 1350 213 1392 mungebant
236 1351 255 1382 l.
275 1362 304 1383 2.
329 1351 361 1383 C.
380 1352 413 1382 de
433 1351 545 1383 Donat.
565 1352 644 1382 inter
661 1350 704 1383 V.
721 1350 757 1386 {9⁹
776 1351 815 1383 U.
837 1352 891 1383 Sa-

22 1403 63 1425 ne
81 1401 115 1424 ut
143 1392 352 1424 concubinam
375 1393 531 1424 curatoris
546 1392 776 1432 intelligamus,
799 1393 891 1424 valde

22 1434 138 1466 exilem
163 1434 320 1466 rationem
337 1433 466 1465 haberet
481 1457 489 1472 ‚
527 1442 630 1474 neque
647 1433 719 1465 satis
737 1434 891 1465 convenit

23 1476 149 1513 verbis.
170 1476 200 1507 d.
222 1474 250 1516 §.
272 1484 319 1506 12.
343 1475 387 1506 ait
402 1475 507 1513 enim,
531 1475 565 1515 of
577 1480 618 1507 tot
635 1474 749 1516 profyte
763 1485 825 1506 van
837 1475 889 1506 ha-

23 1528 52 1550 re
68 1517 169 1548 Peterr
182 1518 252 1548 ende
264 1516 380 1548 Meters
393 1516 450 1549 OF
467 1515 561 1548 VAN
580 1515 703 1548 HARE
721 1515 890 1549 CONCU-

22 1556 182 1597 BlNEN3
207 1567 261 1600 per
282 1560 350 1590 bare
369 1558 538 1599 utrobique
562 1557 782 1599 intelliguntur
800 1559 890 1589 mino-

22 1611 68 1633 res
80 1624 89 1640 ,
115 1599 165 1632 sed
181 1599 202 1632 fi
220 1600 321 1641 legas,
346 1607 381 1631 ut
397 1599 484 1632 Frifii
500 1608 582 1631 anno
602 1602 691 1631 1602.
715 1599 891 1638 ediderant,

22 1649 66 1674 tot
77 1641 195 1683 profyte
209 1651 271 1673 van
284 1641 354 1673 hare
377 1641 533 1673 Carateurs
546 1641 581 1682 of
596 1651 658 1672 van
674 1641 759 1672 heure
776 1640 889 1673 Kinde-

21 1693 75 1721 ren
93 1705 104 1722 ‚
135 1683 170 1724 of
191 1693 254 1714 van
281 1683 365 1714 heure
381 1684 578 1721 concubium,
603 1683 758 1714 curatoris
776 1692 891 1715 concu-

22 1725 110 1762 binas
131 1723 266 1765 intelligi
288 1724 374 1766 posse
397 1734 462 1757 non
490 1724 668 1757 intercedO.
713 1723 828 1756 Frisios
845 1733 890 1756 ta·

20 1776 114 1805 men,
134 1765 220 1808 quod
235 1766 272 1798 ad
289 1766 499 1800 concubinam
511 1765 667 1805 ‚voluiffe
688 1774 809 1797 mutare
824 1764 890 1797 sen-

24 1808 155 1840 tentiam
183 1808 247 1848 ejus
279 1807 307 1849 §.
340 1817 388 1839 12.
417 1816 613 1849 nequaquam
633 1807 685 1838 vel
700 1805 823 1838 constat
839 1807 891 1839 vel

23 1849 175 1881 credibile
203 1848 256 1881 est.
311 1848 400 1896 Quin
427 1849 458 1881 &
484 1849 557 1889 JCti
582 1847 688 1887 Frisii,
713 1848 764 1888 qui
783 1845 890 1880 Gallo-

20 1900 90 1923 rum
108 1891 399 1930 interpretationem
409 1889 545 1931 probant
556 1914 564 1927 ,
578 1888 633 1930 ipsi
648 1888 785 1921 fatentur
796 1888 814 1930 ζ
817 1899 833 1920 2
836 1888 890 1930 5),

23 1932 56 1964 in
79 1931 267 1964 concubinis
291 1940 473 1963 curatorum
504 1932 536 1963 d.
560 1929 707 1963 Edictum
722 1931 779 1962 vix
796 1931 889 1962 ratio-

25 1982 98 2005 nem
116 1972 248 2011 habere,
273 1983 331 2005 nec
347 1974 407 2004 alia
421 1971 506 2005 forte
524 1971 613 2004 causa
630 1970 774 2004 Frisones
787 1971 818 2003 in
828 1971 887 2003 Le-

23 2014 114 2054 gibus
138 2014 199 2046 suis
220 2014 393 2054 novistimis
408 2037 418 2053 ,
451 2024 525 2054 quas
548 2022 631 2045 anno
659 2021 749 2055 1723.
787 2012 889 2045 edide-

24 2064 118 2094 runt,
143 2057 315 2087 concubinas
331 2065 369 2088 ex
391 2054 420 2097 §.
441 2056 493 2086 ult.
522 2054 556 2087 T.
579 2053 648 2087 VII.
673 2055 798 2094 penitus
818 2063 889 2095 pro-

24 2096 223 2138 scripserunt.
268 2096 419 2130 Ceterum
437 2096 616 2130 Enchusani
632 2095 665 2128 in
688 2094 716 2137 §.
733 2105 765 2137 5.
794 2096 827 2129 T.
848 2097 889 2130 V.

629 2197 988 2234 CAPUT

540 107 1188 156 JuaisPR1VATn

1247 110 1334 146 Lm.
1355 113 1415 148 111.
1443 116 1636 154 c.111.1V.
1745 126 1810 166 381

941 195 1014 227 LL.
1039 196 1145 236 pnpill.
1182 196 1225 227 ita
1248 196 1330 228 rofre
1354 198 1565 234 exhibuerunt
1581 226 1591 241 ,
1616 204 1755 238 Vni-»vam
1778 207 1811 246 of

939 239 990 268 der
1008 238 1107 268 κείων
1126 237 1299 276 Kimleren,
1320 248 1376 280 nog
1400 241 1450 271 ovk
1472 244 1539 273 aare
1560 235 1753 282 concalfieri.
1780 262 1809 276 το

939 280 990 310 cler
1010 279 1109 310 zelver
1132 279 1162 310 ἅ
1194 293 1223 307 το
1242 281 1311 310 hare
1336 279 1477 312 distincta
1495 282 1562 313 sunt
1577 307 1585 320 ,
1610 288 1693 324 prius
1713 289 1805 328 pesti-

939 329 994 352 net
1011 320 1048 351 ad
1070 329 1208 358 tutores,
1234 320 1385 361 posterius
1404 321 1440 353 ad
1457 321 1538 362 ipsos
1557 327 1697 359 minores.
1769 327 1771 331 '

982 361 1072 393 Addo
1094 360 1280 394 sententiam
1298 363 1427 394 Senatus
1443 363 1585 404 Supremi
1598 386 1608 401 ,
1632 368 1670 397 de
1689 372 1749 399 lio<-
1760 380 1805 401 ar—

937 403 1090 444 gumento
1109 426 1118 438 ,
1151 412 1200 434 me
1219 403 1387 439 Senator-e.
1420 405 1526 436 latam.
1573 404 1703 438 Procula
1723 410 1806 441 herc.

937 446 991 476 des
1012 443 1120 476 scribit
1139 444 1253 476 liberos
1268 446 1382 476 tutoris
1398 445 1596 486 ejusdemque
1621 450 1720 486 patrui
1743 451 1783 481 sui
1796 475 1805 489 ,

938 487 980 518 lin
995 494 1099 517 autem
1120 485 1168 523 id,
1191 486 1274 525 quod
1292 487 1327 517 ad
1344 486 1534 525 immobilia,
1560 497 1614 528 per
1630 489 1728 529 legem
1744 500 1807 523 non

938 528 1047 559 liceret
1065 549 1076 565 ‚
1111 527 1140 557 in
1168 526 1236 557 liaec
1260 526 1420 559 substituit
1445 528 1540 560 alium
1560 537 1731 568 patruum,
1755 542 1806 571 qui

940 577 1027 599 tutor
1045 577 1107 598 non
1125 577 1200 598 erat.
1256 567 1412 600 Defuntra
1435 568 1567 602 Procula
1585 571 1663 610 apud
1681 570 1808 604 Curiam

938 608 1121 641 Hollandiae
1145 609 1183 639 de
1209 609 1424 642 immobilibus
1447 610 1601 652 litigatum
1621 612 1700 642 inter
1723 613 1807 643 here-

939 651 992 681 des
1014 650 1172 690 legitimos
1198 660 1238 682 cx
1263 661 1339 691 una,
1373 654 1402 683 c&
1428 650 1560 692 scriptos
1576 661 1616 683 cx
1633 653 1692 684 alia
1707 663 1805 694 parre.

938 691 988 723 lili
1012 691 1144 732 agebant
1167 701 1204 724 ex
1235 694 1263 724 cl.
1289 692 1316 734 §.
1339 702 1386 724 12.
1415 693 1443 724 lii
1462 693 1691 730 defendebant,
1717 696 1806 727 illutn

938 732 966 774 §.
995 732 1184 764 obsolevisse
1201 756 1211 771 ,
1243 735 1352 774 urique
1376 734 1405 766 in
1433 734 1571 774 personis
1589 736 1666 766 adeo
1681 737 1805 777 propin-

936 775 1006 814 quis
1023 796 1034 812 ‚
1064 774 1137 814 quin
1161 777 1191 807 dt
1217 775 1405 816 probandam
1426 775 1487 807 ess'e
1508 777 1718 808 induetionem
1739 779 1806 809 lini-

935 815 1027 848 stram
1045 816 1160 847 tutoris
1178 839 1188 852 ‚
1217 817 1394 857 priusquam
1426 818 1453 848 cl.
1480 816 1506 858 §.
1529 827 1578 849 12.
1602 819 1689 850 locus
1716 818 1804 852 effer.

935 857 1110 888 Intervenit
1136 857 1184 888 liti
1213 859 1243 890 ὅ(
1268 857 1444 889 substitutus
1465 868 1608 898 pan-uu&
1634 860 1806 893 immobilia

934 898 986 930 fibi
1015 898 1178 930 vindicans
1200 922 1209 937 ,
1245 899 1265 930 si
1285 909 1347 930 non
1367 899 1619 939 adjudicarentur
1639 900 1745 933 fratris
1761 901 1806 935 sui

934 939 1040 971 liberis
1056 961 1065 976 ‚
1096 938 1148 970 sed
1176 939 1427 972 substitutionem
1455 942 1484 972 in
1501 940 1642 973 fraudem
1666 943 1742 984 legs
1759 943 1805 975 fa-

934 981 1015 1011 stam
1037 979 1239 1013 causabantur
1264 981 1390 1012 heredes
1412 982 1544 1023 legitimi
1564 1007 1573 1021 ‚
1603 993 1665 1014 non
1687 987 1805 1025 absque

935 1021 1110 1061 suspicione
1127 1022 1343 1053 transactionis
1363 1022 1467 1054 tacitae
1484 1024 1566 1055 inter
1584 1025 1663 1056 duos
1682 1023 1804 1062 fratres.

937 1061 1035 1094 Curia
1071 1060 1253 1093 Hollaindiae
1286 1062 1461 1094 immobilia
1495 1064 1639 1096 substitur
1690 1075 1805 1107 patruo

937 1103 1075 1141 addixit,
1097 1103 1230 1135 exclusis
1250 1103 1414 1135 heredibus
1427 1127 1435 1137 .
1452 1113 1514 1136 tam
1533 1107 1644 1147 legitiu
1659 1108 1806 1149 is,quam

935 1143 1172 1176 testamentariis
1189 1168 1198 1183 ‚
1234 1153 1363 1186 eamque
1389 1144 1573 1178 sententiam
1601 1148 1731 1180 Senatus
1751 1150 1805 1181 Su-

935 1195 1058 1226 premus
1080 1186 1227 1226 probavit
1256 1195 1304 1218 11.
1331 1185 1421 1217 Febr.
1452 1191 1540 1227 1706.
1566 1187 1647 1228 (26)
1672 1188 1803 1222 Consta-

934 1227 987 1258 bat
1005 1227 1088 1258 enim
1101 1249 1112 1264 ‚
1133 1226 1293 1267 frequenti
1312 1226 1367 1258 usu
1383 1237 1544 1269 receptum
1568 1229 1630 1261 esse
1652 1231 1680 1261 d.
1707 1230 1735 1272 §.
1756 1241 1802 1264 12.

934 1267 1095 1300 constabat
1112 1290 1123 1307 ,
1164 1267 1330 1300 secundum
1355 1278 1427 1300 cum
1458 1270 1606 1309 judicasse
1639 1279 1802 1314 utramque

935 1309 1061 1341 Curiam
1079 1331 1089 1348 ,
1121 1308 1342 1341 Hollandicam
1371 1319 1417 1352 13·
1443 1310 1503 1350 Jul.
1527 1314 1614 1351 1646.
1641 1313 1671 1344 ὅ(
1689 1313 1800 1355 Supre-

935 1361 1015 1382 mam
1031 1359 1062 1392 4.
1082 1350 1154 1391 Apr.
1176 1354 1265 1391 1648.
1291 1352 1386 1382 etiam
1414 1352 1444 1383 in
1471 1353 1629 1385 tutoribus
1648 1356 1768 1394 patruis
1790 1380 1800 1395 ,

933 1393 986 1433 qui
1003 1392 1041 1423 ab
1061 1390 1210 1423 intestato
1237 1391 1400 1424 successuri
1427 1402 1489 1425 non
1514 1393 1630 1432 essent,
1653 1404 1712 1428 nec
1730 1406 1802 1437 pro-

932 1434 1046 1466 bandas
1064 1432 1125 1464 esse
1143 1433 1358 1472 inductiones,
1384 1444 1459 1475 quas
1478 1435 1527 1466 lex
1545 1435 1714 1476 praesumit.
1736 1437 1803 1469 De-

933 1475 1029 1516 nique
1055 1475 1113 1506 hos
1135 1475 1236 1516 patrui
1257 1473 1416 1508 institutos
1434 1476 1566 1513 liberos,
1594 1485 1736 1519 tempore
1755 1478 1801 1511 fa·

932 1517 974 1548 eti
993 1515 1191 1554 testamenti,
1214 1515 1360 1548 Proculae
1375 1516 1540 1549 succedere
1567 1528 1633 1551 non
1647 1520 1805 1560 potuisse,

933 1566 1044 1599 utpote
1062 1567 1079 1589 a
1097 1557 1345 1599 proximioribus
1362 1557 1518 1591 exclusos.
1563 1559 1659 1607 Quod
1677 1561 1714 1592 ad
1735 1560 1802 1593 sub-

933 1599 1077 1632 stitutum
1092 1608 1235 1640 patruum
1255 1599 1386 1631 Senatus
1403 1600 1601 1633 existimabat
1613 1623 1623 1640 ,
1651 1611 1723 1635 eum
1741 1603 1803 1634 uti-

932 1650 991 1682 que
1006 1665 1016 1680 ‚
1048 1641 1119 1682 quia
1145 1648 1234 1672 tutor
1263 1649 1326 1672 non
1343 1649 1427 1680 erat,
1459 1643 1602 1676 heredem
1619 1642 1733 1682 scribi,
1756 1652 1801 1676 at-

933 1692 995 1725 que
1010 1682 1088 1714 adeo
1109 1683 1139 1714 &
1159 1681 1301 1715 substitui
1321 1682 1473 1723 potuisse,
1498 1694 1575 1723 nec,
1598 1694 1637 1716 ex
1656 1684 1802 1726 praesum-

932 1724 1044 1765 ptione
1063 1746 1074 1761 ,
1105 1733 1163 1764 pro
1194 1733 1254 1756 una
1280 1723 1448 1766 eademque
1472 1726 1600 1766 persona
1627 1726 1804 1760 habendum

934 1764 995 1797 effe
1016 1774 1088 1797 cum
1103 1765 1210 1797 fratris
1228 1764 1273 1797 sui
1290 1765 1416 1804 liberis,
1441 1768 1555 1799 tutoris
1580 1767 1715 1806 liberos,
1738 1778 1803 1802 non

932 1806 1045 1839 fratres
1055 1806 1156 1847 legem
1165 1815 1273 1838 arcere
1282 1829 1293 1845 ‚
1301 1807 1375 1847 quin
1386 1808 1415 1838 δε
1425 1806 1622 1840 substitutum
1637 1817 1724 1849 pati-u
1730 1819 1780 1841 um
1792 1832 1804 1848 ‚

933 1848 955 1880 fi
979 1846 1143 1880 intestatus
1162 1856 1357 1885 moreretur,
1393 1848 1570 1882 habiturum
1591 1850 1719 1882 heredes
1737 1860 1801 1883 non

932 1889 1084 1923 duntaxat
1101 1888 1208 1921 fratris
1225 1888 1268 1921 sui
1285 1888 1386 1927 filios,
1409 1890 1463 1922 hic
1479 1891 1658 1930 institutos,
1687 1892 1734 1924 :ed
1750 1893 1802 1924 vcl

933 1930 1017 1971 ipsos
1043 1930 1138 1962 eciam
1166 1930 1296 1963 astores.
1339 1929 1419 1962 Noli
1445 1932 1558 1964 dehac
1578 1932 1732 1965 sententia
1748 1943 1803 1964 ex-

930 1972 1052 2013 peftare
1079 1973 1204 2011 ἐπ’μςιιιν
1231 1981 1331 2004 meam
1347 1995 1356 2010 ,
1389 1982 1460 2004 nam
1485 1974 1559 2015 quid
1583 1974 1622 2005 de
1641 1974 1687 2006 his
1701 1975 1802 2006 omni-

933 2015 990 2088 llius
1009 2012 1072 2056 ipse
1088 2013 1240 2055 sentiam,
1265 2023 1307 2046 ex
1331 2013 1388 2054 iis,
1414 2024 1483 2056 quae
1497 2017 1584 2056 dixi,
1611 2014 1685 2048 satis
1710 2016 1802 2049 intel-

949 2064 1023 2097 rges.

1087 2197 1179 2234 IV.

507 2284 561 2321 De
589 2283 756 2334 Clausala,
782 2298 875 2333 quam
902 2286 1166 2324 reservatoriarn
1191 2294 1320 2322 vocant.
1369 2320 1371 2322 .

115 2380 252 2414 'iaefitum
278 2381 324 2413 est
340 2405 350 2420 ‚
382 2381 457 2424 quid
479 2382 582 2415 valeat
607 2392 649 2415 ex
674 2382 860 2416 testamento
881 2408 892 2424 ,

134 2433 198 2464 quo
219 2422 350 2455 testator
366 2432 468 2455 ratum
481 2422 542 2455 esse
556 2423 638 2464 juffic
648 2446 660 2463 ,
683 2425 893 2466 quodcunque

26 2465 33 2501 ,“
130 2465 242 2497 deinde
268 2465 393 2505 privato
418 2465 627 2505 chirographo
647 2489 658 2504 ‚
688 2464 841 2506 epistula,
864 2477 893 2498 a·

27 2507 111 2539 liave
125 2515 310 2548 quacunque
338 2504 490 2547 scriptura
517 2505 603 2537 circa
618 2506 761 2539 ultimam
780 2507 892 2539 volun-

29 2555 125 2579 tatem
140 2547 314 2579 declararet
324 2547 341 2579 ’ἔ
366 2548 396 2579 ὅῑ
414 2546 509 2579 semel
526 2545 738 2580 definiendum
750 2570 761 2585 ‚
784 2558 823 2579 an
838 2558 894 2589 po-

29 2588 141 2621 testate
168 2589 234 2629 ejus
254 2587 404 2621 clausulae
432 2588 527 2620 liccat
545 2588 642 2620 alium
660 2588 804 2621 heredem
820 2588 893 2621 scri-

27 2630 101 2662 bere
123 2639 161 2662 ex
189 2628 250 2661 asse
276 2630 328 2662 vel
345 2639 403 2671 pro
428 2638 533 2671 parte,
556 2639 594 2661 an
611 2630 733 2671 legare,
755 2640 792 2662 an
810 2629 895 2662 fidei-

29 2671 235 2704 committere
248 2695 257 2708 ,
284 2671 313 2703 &
334 2681 372 2703 an
390 2671 464 2711 quid
478 2670 562 2702 aliud
579 2671 749 2713 praecipere
760 2672 776 2702 ?
786 2670 895 2716 Quum

28 2721 134 2744 autern
149 2712 204 2743 illa
218 2711 351 2744 clausula
364 2711 427 2752 Juri
437 2711 582 2744 Romano
599 2713 752 2754 originem
767 2713 894 2751 debeat,

27 2754 103 2800 quid
121 2762 160 2784 eo
176 2753 246 2793 jure
261 2761 387 2784 cautum
407 2752 458 2791 fit,
482 2761 620 2785 meretur
637 2752 774 2794 despici,
797 2755 894 2787 etiam

32 2795 103 2826 :deo
116 2818 124 2831 ‚
143 2793 228 2835 quod
244 2803 306 2825 non
324 2792 396 2831 satis
410 2794 566 2826 intellesta
581 2795 771 2834 quarundam
790 2797 895 2837 legum

31 2835 185 2868 sententia
203 2835 354 2877 plurimos
369 2834 558 2876 Interpretes
574 2835 738 2868 fefellerit.
783 2837 895 2869 Ordiar

33 2887 50 2910 a
72 2876 243 2918 Papiniano
259 2877 291 2908 in
309 2875 328 2906 l.
341 2875 439 2916 77.ff.
459 2876 494 2908 de
510 2876 622 2908 Hered.
647 2876 744 2918 injlit.
767 2878 836 2920 Affe
853 2885 894 2910 το-

0 3005 2 3024 *
74 3008 155 3046 (19)
176 3007 286 3046 Obfirv.
309 3007 425 3036 Tumult.
449 3005 481 3036 Y.
496 3007 533 3036 V.
553 3018 580 3037 n.
599 3013 681 3040 1106.

75 3048 158 3083 (20)
176 3047 275 3075 Introd.
294 3048 322 3075 in
336 3046 460 3086 Jurispr.
472 3046 549 3075 Hm.
565 3047 600 3076 L.
616 3050 653 3077 11.
668 3048 697 3077 C.
710 3052 754 3079 16.
769 3049 806 3088 vs.
818 3051 900 3087 Voog-

0 3103 4 3120 1
39 3085 98 3115 den.

0 3134 5 3160 3
78 3122 159 3159 (21)
182 3122 327 3151 Anselmus
343 3124 372 3150 in
388 3121 544 3151 Triboniano
559 3123 669 3161 Belgica
684 3124 713 3152 C.
730 3125 820 3154 LXII.
841 3126 864 3162 5.
875 3132 900 3153 1.

1 3172 3 3176 ,
37 3161 66 3190 ὅ(
79 3162 143 3189 Van
155 3160 232 3189 Zurk
247 3161 307 3189 Cod.
319 3160 419 3195 Baraza.
433 3161 471 3198 vs.
491 3162 630 3190 Momboirs
646 3164 674 3190 in
685 3162 751 3191 Not.
768 3165 802 3191 ad
818 3164 841 3199 §.
856 3171 902 3192 12.

81 3199 156 3237 (22)
181 3200 297 3228 Grotius
312 3200 409 3228 Imma.
425 3199 459 3228 ad
474 3198 597 3238 Jurispr.
609 3200 685 3230 Hori.
705 3200 741 3230 1..
755 3202 791 3230 11.
811 3201 841 3229 C.
857 3203 902 3230 16.

2 3192 7 3256 ³2

0 3271 8 3329 l

0 3329 12 3436 3

936 2390 980 2424 to,
998 2384 1029 2416 in
1054 2384 1101 2416 uit
1112 2407 1121 2422 ‚
1133 2394 1190 2415 non
1206 2381 1375 2424 distributo,
1388 2383 1585 2424 itascriptum
1599 2382 1656 2424 est,
1668 2384 1702 2426 Q

936 2425 1026 2456 HER
1062 2425 1161 2457 DEM
1177 2423 1427 2456 CODICILLIS
1452 2424 1800 2464 FECEROAEERES

934 2465 1061 2498 ESTO.
1111 2466 1222 2497 Titium
1243 2465 1390 2496 Codicillz's
1407 2466 1537 2497 heredem
1561 2464 1710 2506 instituit:
1739 2467 1802 2508 ejus

934 2508 1049 2548 quidem
1071 2505 1216 2547 institutio
1237 2506 1319 2536 valet
1336 2529 1345 2544 ,
1379 2507 1458 2545 ideo,
1484 2507 1641 2548 quodlicet
1658 2509 1802 2539 codicillis

935 2549 1002 2579 dari
1019 2548 1163 2579 hereditas
1179 2557 1236 2578 non
1251 2545 1333 2588 poffir
1345 2570 1354 2586 ‚
1380 2554 1477 2579 tamen
1497 2550 1552 2580 haec
1579 2559 1616 2580 ex
1633 2547 1801 2589 testamento

936 2590 1008 2620 data
1027 2590 1156 2620 videtur.
1202 2588 1259 2619 Sed
1275 2591 1325 2619 hoc
1348 2594 1464 2620 tantum
1483 2599 1520 2621 ex
1538 2590 1698 2621 hereditate
1717 2591 1802 2622 habe-

937 2631 997 2668 hit,
1021 2636 1161 2671 quantum
1180 2639 1217 2661 ex
1235 2628 1291 2668 affe
1311 2628 1452 2669 residuum
1470 2629 1585 2669 manfit.
1631 2631 1724 2677 Quod
1744 2631 1802 2662 Pa·

936 2672 1077 2713 pinianus
1096 2672 1147 2702 hic
1159 2671 1221 2710 ait,
1239 2670 1409 2704 Codicillis
1436 2672 1639 2703 hereditatem
1658 2673 1720 2703 dari
1740 2681 1804 2703 non

936 2712 1043 2754 poss'e,
1060 2713 1112 2744 ille
1129 2711 1194 2752 ipse
1207 2718 1262 2752 per
1276 2722 1378 2743 manus
1397 2714 1537 2744 traditum
1554 2711 1604 2752 effe
1621 2712 1752 2743 affirmat
1769 2713 1801 2744 in

936 2754 958 2785 l.
983 2764 1031 2786 10.
1055 2753 1097 2795 ff.
1128 2755 1161 2785 de
1183 2752 1261 2794 Jure
1293 2753 1413 2785 Codicil.
1443 2753 1504 2785 five
1531 2761 1634 2784 autem
1660 2754 1804 2785 codicillos

937 2795 989 2827 hic
1006 2795 1140 2836 accipias
1155 2804 1213 2834 pro
1231 2794 1390 2826 codicillis
1403 2793 1536 2835 propriis
1547 2815 1558 2831 ,
1580 2794 1642 2825 live
1659 2803 1717 2834 pro
1733 2796 1800 2835 qui·

937 2837 1116 2877 buscunque
1138 2834 1289 2868 schedulis
1306 2835 1333 2866 ὅ(
1350 2835 1502 2875 epistoliis
1516 2857 1524 2870 ‚
1549 2843 1565 2864 a
1582 2832 1730 2866 testatore
1757 2844 1801 2866 ta-

937 2886 1010 2910 men
1028 2876 1232 2918 subscriptis,
1255 2875 1339 2916 quod
1358 2876 1398 2908 ad
1423 2875 1546 2908 heredis
1569 2874 1803 2922 institutionem

1743 2926 1804 2949 utr-

942 3011 980 3051 vs.
999 3010 1129 3047 Voogden.

982 3050 1063 3084 (23)
1085 3047 1177 3077 Sande
1197 3045 1285 3084 Decis.
1306 3044 1370 3084 Fris.
1394 3045 1427 3074 L.
1444 3046 1481 3074 11.
1506 3044 1537 3073 T.
1555 3053 1581 3078 9.
1603 3043 1693 3082 Defin.
1711 3053 1755 3079 19.

985 3089 1059 3122 (24)
1081 3086 1128 3114 Acl
1146 3085 1170 3121 §.
1190 3094 1234 3120 14.
1255 3084 1463 3136 *iffiflerpeu
1483 3093 1509 3112 n.
1531 3087 1578 3117 69.

983 3125 1065 3161 (25)
1087 3124 1180 3152 Sande
1201 3123 1290 3160 DCClJ.
1311 3121 1375 3159 Frns.
1399 3122 1433 3150 L.
1449 3122 1486 3150 11.
1509 3120 1540 3149 T.
1557 3130 1584 3155 9.
1606 3119 1697 3159 Defin.
1719 3130 1764 3150 20.

983 3163 1063 3201 (26)
1083 3162 1196 3198 Observ.
1219 3160 1335 3190 Tumuic.
1360 3159 1430 3190 Tam.
1448 3161 1471 3190 1.
1492 3170 1517 3189 τι.
1534 3164 1596 3195 163.

1126 3237 1182 3270 Bb
1204 3237 1223 3269 b
1247 3247 1266 3279 3

1703 2381 1803 2417 UEM
1842 2413 1844 2415 ,
