2008 3436
332 115 419 152 DE
490 109 697 150 FORO
770 105 1298 152 LEGATORUM,

610 247 902 286 “CAPU

1356 107 1395 144 c,
1423 109 1454 146 x
1471 108 1524 148 11.
1738 111 1802 158 163

951 247 987 283 T
1083 246 1211 282 XII.

260 343 368 379 Varioe
394 339 596 390 inspectiones
620 338 656 373 de
670 335 750 384 soro
777 337 969 384 competenti
989 345 1046 384 pro
1070 335 1166 371 varia
1191 332 1368 372 condicione
1394 334 1581 382 legatorum.

104 451 111 481 i
140 448 288 489 Princeps
310 457 352 479 ex
380 446 482 478 alieno
506 443 665 485 Imperio,
689 441 740 474 sed
761 452 824 474 non
843 452 897 474 no-

118 490 201 529 stro,
225 491 360 529 legatum
383 486 532 527 elegerit,
559 486 589 517 ὅ(
615 485 652 517 ad
676 494 734 517 nos
755 483 898 523 miserit,

38 532 162 582 ecquod
177 531 231 564 ille
247 522 350 563 sorum
370 527 542 560 sortietur?
559 527 643 566 ejus,
661 526 794 567 opinor,
811 525 898 557 Prin-

37 578 135 618 cipis,
159 573 247 613 cujus
263 580 335 603 ante
351 570 541 610 legationem
558 567 622 600 fuit
639 567 790 599 subditus.
834 566 898 598 Ex-

38 624 145 650 ternus
160 614 213 644 illc
231 612 355 654 quidem
375 611 496 652 legatus
511 608 575 648 est,
599 610 683 651 quod
701 608 737 640 ad
754 619 830 648 nos,
847 618 899 640 ne-

37 668 99 698 que
125 655 202 686 adeo
230 652 337 686 nostro
363 651 437 684 foro
465 651 649 691 subjicitur,
681 650 733 683 sed
763 649 902 682 servabit:

36 700 142 733 forum
168 703 282 734 vetus,
306 704 370 726 non
398 701 521 726 mutato
543 692 717 724 domicilio.
764 691 830 735 Qui
857 691 899 723 le-

37 747 144 784 gatum
169 737 257 778 eligit
285 735 505 778 peregrinum,
528 734 620 776 eligit
643 732 823 766 industriam
845 732 900 764 ho-

36 782 129 815 minis
146 802 156 818 ‚
188 779 218 810 &
241 778 333 810 sidem
355 778 471 808 bonam
498 776 528 808 in
555 775 699 807 obeunda
724 774 899 816 legatione,

37 830 151 856 caetera
181 820 340 851 hominem
365 818 515 859 relinquit
535 816 672 858 Principi
689 817 718 848 ὅ(
734 815 809 847 soro
827 814 902 854 suo,

40 864 96 898 nili
121 860 268 899 constet,
303 861 439 902 legatum
465 858 624 900 pristinam
652 857 767 890 subditi
792 857 901 888 condi-

42 908 162 938 tionem
186 901 324 940 exuiil'e,
347 902 377 934 ἃ
395 900 526 934 induiss'e
549 909 666 932 novam
685 898 840 939 Principis
859 897 901 929 le-

62 955 152 979 antis.

40 957 61 990 g
83 987 144 1021 scd
163 986 236 1028 quid
254 986 274 1018 si
297 986 418 1027 legatus
441 984 565 1016 externi
585 982 756 1023 Principis,
780 982 903 1014 ratione

42 1029 160 1068 officii,
184 1028 275 1060 nobis
298 1026 334 1059 fit
361 1025 516 1063 subditus,
540 1033 575 1056 ut
598 1023 760 1056 Charnace
782 1024 812 1055 ἃ
840 1022 903 1054 De-

43 1071 175 1105 strades.
201 1069 294 1100 ambo
317 1067 410 1107 Regis
430 1066 568 1098 [si-ancia:
592 1065 629 1096 ad
646 1064 780 1097 Ordines
800 1063 902 1096 Gene-

44 1113 124 1146 rales
143 1110 257 1152 legati,
283 1109 313 1140 ὃς
332 1108 426 1139 ambo
443 1107 497 1139 sub
513 1105 622 1138 iisdem
639 1106 836 1138 militantes?
852 1105 902 1137 de-

41 1152 145 1187 fendit
166 1148 376 1191 wicqueforc
400 1148 526 1190 majoris
545 1147 660 1188 Operis
678 1147 747 1179 Lib.
774 1147 796 1179 I.
826 1146 901 1179 Se&

45 1203 94 1228 11.
116 1199 148 1234 p.
168 1195 239 1224 266.
259 1200 299 1222 ne
315 1190 441 1231 quidem
461 1200 516 1221 eos
534 1189 794 1230 judiciomilitari
810 1187 905 1220 fuiss'e

42 1235 218 1276 subjettos‚
243 1233 275 1264 in
303 1232 425 1264 delictis
450 1240 527 1272 pure
551 1230 751 1262 militaribus.
795 1230 854 1262 Sed
869 1238 906 1261 ea

42 1276 197 1310 sententia
218 1284 276 1306 nos
302 1283 366 1305 non
386 1273 513 1304 utimur.
559 1272 761 1304 Sacramento
784 1271 906 1314 legibus

43 1319 168 1351 militiae
193 1316 350 1356 obligatus
375 1313 441 1353 est,
466 1314 646 1355 quicunque
673 1313 789 1345 militat
807 1337 816 1352 ‚
849 1321 907 1345 nec

45 1369 82 1392 ea
98 1358 270 1400 religione,
292 1356 372 1387 iisve
391 1355 510 1397 legibus
527 1355 662 1387 militem
678 1353 773 1386 solvit
789 1353 909 1395 suscep-

48 1411 79 1434 ta
95 1401 225 1442 legatio,
269 1397 344 1429 Plus
363 1398 452 1436 dico,
478 1396 499 1429 si
526 1396 617 1428 miles
634 1404 708 1428 ante
737 1394 908 1438 susceptam

46 1443 236 1484 legationem
256 1437 353 1471 nostri
370 1438 433 1470 fori
451 1438 548 1469 homo
564 1436 681 1476 fuerit,
705 1445 827 1476 manet,
854 1436 907 1478 qui

45 1483 127 1522 fuit,
150 1483 244 1514 etiam
266 1480 336 1523 post
361 1479 532 1521 susceptam
555 1479 744 1520 legationem
760 1502 769 1518 ,
794 1478 844 1510 sed
867 1478 910 1517 si,

46 1525 121 1557 dum
141 1524 260 1564 legatus
278 1521 324 1553 est
335 1543 345 1560 ,
367 1521 491 1553 militiae
507 1519 620 1552 nostrae
637 1529 750 1551 nomen
767 1519 907 1559 dederit,

46 1565 122 1599 soro
139 1565 267 1597 militari
283 1563 342 1594 erit
361 1562 502 1594 subditus
515 1584 524 1598 ‚
550 1562 580 1594 in
597 1560 688 1593 causa
704 1561 850 1601 militari,
877 1561 909 1593 in

48 1607 177 1650 reliquis
198 1604 344 1637 omnibus
368 1604 494 1635 babebit
518 1603 567 1643 jus
582 1602 752 1634 revocandi
767 1602 907 1635 domum.

47 1649 114 1682 Sibi
130 1649 267 1688 imputet
290 1645 456 1686 Princeps,
482 1644 567 1685 quod
592 1644 726 1675 militem
745 1644 905 1684 nostrum,

45 1698 140 1731 atque
157 1698 192 1720 ea
208 1687 331 1720 ratione
348 1687 439 1719 nobis
452 1686 625 1723 subditum,
644 1686 780 1725 legatum
799 1685 908 1727 eligat,

46 1731 90 1765 fin
108 1738 231 1768 autem,
248 1736 384 1770 patiatur
402 1727 495 1760 nobis
513 1726 632 1759 subesse
650 1727 683 1758 in
700 1726 769 1766 his,
787 1736 855 1768 quae
870 1727 909 1758 ad

46 1781 113 1805 rem
130 1772 297 1804 militarem
316 1772 487 1810 pertinent.

48 1838 51 1840 -
88 1814 139 1847 De
156 1812 393 1851 Cardinalibus,
414 1812 466 1852 qui
484 1811 579 1853 legati
602 1811 793 1849 mittuntur,
818 1809 907 1841 dubi-

47 1857 104 1890 tari
122 1853 246 1898 posset,
269 1853 341 1894 quia
361 1863 401 1885 ex
414 1853 481 1893 jure
499 1853 671 1885 Pontificio
689 1851 833 1890 constat,
850 1851 908 1882 hos

48 1899 95 1931 uti
121 1906 159 1928 ue
186 1896 218 1927 in
241 1893 332 1926 causa
355 1895 507 1926 criminali
528 1917 539 1933 ,
573 1895 651 1926 nulli
679 1893 816 1935 Principi
848 1891 909 1924 effe

46 1939 101 1973 sub
126 1939 204 1974 itOS,
229 1945 269 1968 ne
292 1935 339 1967 illi
365 1936 509 1977 quidem,
534 1938 587 1975 qui
609 1935 806 1967 Car-dinalem
827 1934 907 1975 lega-

48 1990 115 2014 tum
142 1978 234 2010 milit.
278 1977 437 2018 Expedita
454 1987 502 2008 res
525 1976 591 2015 est,
615 1977 635 2009 si
654 1976 747 2015 alibi,
772 1984 863 2017 quam
879 1984 910 2006 a·

71 2021 111 2054 ud
136 2019 268 2059 Papam,
293 2018 412 2060 legatus
434 2019 547 2060 degat,
571 2026 648 2050 tune
674 2018 758 2049 enim
780 2025 908 2048 revoca-

47 2032 98 2097 εἰς
113 2061 150 2094 ad
166 2061 271 2094 forum
282 2059 551 2098 Ecclesiasticum
564 2060 615 2090 cui
636 2058 756 2096 subest,
767 2057 819 2090 sed
837 2057 859 2090 si
874 2056 912 2088 ad

49 2104 164 2146 Papam
178 2103 298 2144 legatus
314 2101 494 2142 delinquat,
506 2100 528 2133 fi
547 2109 617 2132 cum
636 2099 703 2145 ipso
722 2100 803 2141 Papa
820 2098 910 2130 auda-

49 2146 116 2178 cius
131 2151 222 2185 agat,
244 2150 278 2174 ut
296 2143 327 2174 in
344 2143 510 2175 Cardinale
533 2142 665 2183 Borgia,
691 2141 911 2183 Hispaniarum

49 2186 146 2228 Regis
169 2185 290 2226 legato,
314 2183 344 2216 ὅ(
375 2185 444 2215 aliis
461 2207 471 2223 ,
500 2184 654 2223 ejusmodi
680 2182 828 2223 exempla
850 2182 909 2213 cir-

50 2226 294 2264 cumferuntur,
325 2234 362 2256 an
392 2225 472 2265 Papa
503 2226 531 2256 ei
557 2225 678 2264 judices
699 2224 812 2256 dabit?
836 2222 912 2255 esset

49 2271 113 2302 hoc
129 2266 278 2308 exemplo
292 2265 499 2306 perniciosum
512 2288 524 2304 ,
547 2267 597 2304 ἃ,
620 2274 656 2298 ut
673 2274 753 2307 puto
764 2289 774 2305 ,
799 2272 911 2297 contra

49 2310 102 2353 Jus
119 2308 293 2344 Gentium,
319 2307 403 2348 quod
434 2307 554 2348 legatos
579 2307 730 2339 defendit.
779 2306 820 2338 Et
836 2315 909 2338 cum

49 2362 99 2385 res
127 2349 257 2388 incidit,
283 2348 459 2380 inciderunt
483 2357 588 2380 autern
613 2348 713 2390 saepe,
738 2348 910 2380 Pontifices

48 2403 67 2426 a
89 2392 209 2434 judicio
230 2388 466 2427 abstinuerunt,
488 2399 527 2421 ne
548 2390 642 2431 legati
666 2390 805 2421 officium
823 2398 909 2430 pere-

49 2442 103 2473 at,
125 2434 156 2466 &
177 2431 317 2472 Principi
340 2431 457 2472 leganti
476 2432 607 2463 omnino
632 2431 686 2463 fiat
703 2431 837 2469 inutile,
859 2439 911 2461 ne-

50 2476 119 2518 quit
136 2475 219 2507 enim
239 2472 411 2505 Cardinalis
430 2471 536 2504 forum
554 2480 695 2511 mutare,
718 2480 753 2503 ut
770 2472 849 2503 alius
868 2471 910 2503 le-

49 2525 139 2559 gatus
155 2514 276 2557 potest,
300 2521 421 2545 mutata
440 2514 526 2554 prius
553 2512 704 2545 Civitate.
749 2512 823 2545 Post
841 2512 909 2545 fini-

51 2566 115 2590 tam
130 2558 182 2589 vel
201 2555 416 2588 renunciatam
443 2554 632 2596 legationem
653 2554 732 2587 nihil
754 2554 886 2595 impedit
899 2578 909 2592 ,

51 2598 219 2641 quominus
239 2596 413 2629 Cardinalis
431 2595 568 2627 accusari
595 2597 647 2628 vel
666 2596 801 2627 damnari
818 2595 911 2636 poffit

51 2639 242 2680 ajudicibus
269 2637 333 2669 fori
352 2636 420 2676 sui,
444 2636 466 2669 fi
492 2647 558 2669 non
584 2638 616 2669 in
636 2637 703 2675 his,
726 2647 796 2679 quae
811 2637 848 2668 ad
869 2637 910 2668 le-

51 2680 219 2723 gationem,
234 2679 265 2711 &
285 2677 547 2719 exsequutionem
574 2679 709 2710 mandati
728 2678 909 2718 pertinent,

52 2724 86 2754 in
107 2721 181 2768 aliis
209 2728 313 2759 certe,
336 2729 408 2761 quae
423 2719 580 2761 deliquit,
604 2720 700 2752 etiam
718 2720 851 2751 durante
870 2720 912 2751 le-

73 2770 188 2795 atione.

52 2773 74 2806 g
95 2803 155 2836 Sed
174 2801 250 2844 quid
268 2800 291 2833 fi
307 2801 463 2842 dicamus,
485 2802 598 2835 frustra
615 2803 654 2835 de
676 2813 715 2835 eo
737 2801 908 2844 disputari,

0 2863 1 2890 i
52 2854 124 2878 cum
145 2842 319 2876 Cardinalis
331 2851 485 2883 nunquam
501 2845 644 2876 videatur
659 2845 795 2877 damnari
811 2843 910 2886 poss'e,

52 2887 164 2926 utique
189 2884 211 2917 fi
233 2884 287 2924 Jus
310 2882 505 2916 Canonicum
533 2886 692 2918 audiamus
715 2887 746 2918 in
767 2887 798 2918 C.
825 2896 854 2917 2.
880 2884 910 2916 ὅ(

53 2938 86 2970 3.
110 2925 192 2999 Caucs.
217 2925 256 2957 ΙΙ.
281 2921 389 2971 Qgtoesb.
412 2934 441 2970 4.
467 2925 523 2956 Ait
552 2927 584 2958 C.
609 2937 639 2959 2.
663 2928 819 2969 Proeficlem
838 2949 849 2965 ,
879 2925 911 2957 id

53 2967 118 3008 est,
171 2966 338 2998 ardinalem
363 2963 573 3006 Episcopum,
595 2978 652 2999 non
678 2971 812 3000 damnari
821 2993 831 3008 ,
856 2966 912 3006 nisi

53 3020 119 3041 cum
141 3018 191 3050 72.
225 3014 251 3038 te
279 3008 359 3045 ibus,
381 3006 585 3047 Presbyterum
611 3010 798 3042 Cardinalem
815 3032 825 3048 ,
856 3007 912 3048 nist

54 3061 119 3082 cum
138 3058 192 3122 φὶ.
205 3049 246 3090 teJ
260 3050 339 3087 ibus,
364 3046 530 3078 Diaconum
547 3049 750 3091 Cardinalem,
776 3050 833 3090 nifi
848 3060 912 3081 cum

56 3101 108 3132 27.
130 3090 172 3130 τε]
186 3091 265 3128 ibus,
286 3095 372 3130 atque
395 3089 439 3118 ica
455 3094 559 3128 porr-03
579 3092 662 3131 quod
683 3092 783 3133 ipsum
803 3093 842 3124 de
858 3101 907 3132 72.

55 3131 187 3164 testibus
206 3130 360 3172 repetitur
378 3130 408 3161 in
431 3129 464 3160 C.
487 3139 517 3170 3.
541 3131 573 3163 Si
587 3133 669 3166 enim
688 3133 735 3165 illi
753 3142 910 3174 nunquam

55 3173 240 3205 damnentur
256 3194 268 3210 ‚
297 3170 352 3203 nifi
377 3179 426 3201 tot
450 3171 578 3203 testibus
599 3174 760 3212 conviffl,
791 3175 830 3206 de
850 3173 909 3205 stu-

57 3223 115 3255 pro
131 3212 218 3246 forte
234 3213 286 3245 vel
303 3211 475 3251 adulterio,
496 3212 549 3245 vel
565 3212 628 3245 alio
645 3214 741 3247 etiam
760 3215 891 3248 crimine
902 3237 915 3253 ,

941 442 1026 483 quod
1048 440 1148 483 palam
1168 438 1224 479 fit,
1247 450 1405 483 nunquam
1430 440 1660 473 damnabuntur
1674 450 1714 474 ex
1730 451 1805 483 prze-

941 484 1059 525 scripto
1078 482 1242 515 Canonum
1257 506 1267 522 ,
1289 493 1360 515 nam
1385 492 1544 524 nunquam
1570 482 1607 514 ad
1625 483 1804 525 delinquen-

940 527 1014 558 dum
1031 533 1135 557 tantus
1152 524 1288 566 populus
1304 524 1487 566 congregari
1503 523 1583 555 solet
1599 524 1805 566 adelinqucn-

942 574 993 606 te,
1017 568 1047 599 &
1064 576 1134 598 raro
1153 567 1267 605 etiam,
1295 567 1347 598 vel
1371 574 1529 607 nunquam
1550 573 1655 597 tantus
1672 565 1808 607 populus

942 608 1081 641 fortuito
1102 607 1183 640 solet
1205 607 1314 640 adesse.
1362 607 1491 640 Peffime
1518 606 1548 638 se
1567 616 1607 638 ex
1627 608 1691 639 illis
1709 606 1808 638 extri-

943 650 1028 682 cavit
1046 648 1157 681 Gloss'a
1174 650 1211 681 ad
1231 651 1258 680 d.
1287 650 1319 681 C.
1346 659 1374 682 2.
1400 649 1430 682 &
1448 659 1477 691 3.
1496 649 1526 680 δ(
1544 648 1595 680 alii
1615 649 1697 680 hanc
1714 647 1808 689 Juris-

943 691 1137 733 prudentiam
1163 690 1413 724 Ecclesiasticam
1442 690 1566 729 rident,
1592 690 1684 721 etiam
1714 689 1809 727 ide0‚

943 733 1028 774 quod
1056 733 1086 765 &
1109 732 1183 764 alias
1209 731 1379 772 Canones,
1414 733 1576 773 praeeunte
1605 731 1780 773 Evangelio
1796 752 1808 768 ,

943 775 1067 806 duobus
1085 774 1226 806 tribusve
1245 774 1374 807 testibus
1393 774 1452 806 fint
1469 773 1610 805 contenti
1622 797 1632 812 ,
1651 782 1684 804 ut
1702 771 1747 804 est
1760 781 1808 803 ea-

944 817 1014 848 dem
1041 815 1083 864 ρ,
1106 826 1138 857 4.
1156 817 1253 856 princ.
1279 817 1308 848 ὃς
1324 815 1405 857 saepe
1425 815 1511 847 alibi.
1558 813 1635 846 Risit
1655 813 1725 847 sane
1741 822 1811 845 eam

944 857 1217 898 jurisprudentiam
1242 857 1416 890 Matthaeus
1452 858 1485 888 cle
1515 857 1639 887 Crimin.
1670 857 1708 888 ad
1738 855 1809 887 Lib.

946 898 1098 932 XLVIII.
1117 898 1159 940 ff.
1187 899 1246 931 Tit.
1275 908 1323 939 15.
1352 900 1382 930 C.
1408 909 1439 941 3.
1462 908 1491 930 n.
1518 907 1548 938 7.
1574 896 1716 929 refutato
1741 906 1810 928 om-

946 941 977 972 ni
993 941 1059 981 ejus
1072 941 1149 981 juris
1166 941 1276 972 colore
1291 941 1329 972 ab
1349 940 1419 972 aliis
1438 946 1615 981 praetexto,
1639 939 1703 971 risit
1722 935 1816 980 Wisf

946 980 1142 1014 sembachius
1170 981 1349 1013 Contraditr.
1382 981 1471 1023 Juris
1497 981 1605 1012 Canon.
1640 990 1669 1012 η.
1701 990 1753 1020 55.
1780 980 1812 1011 &

945 1022 1053 1063 quidni
1071 1023 1100 1055 ἀ
1117 1032 1176 1055 nos
1192 1023 1365 1062 rideamus,
1390 1023 1410 1055 fi
1429 1031 1465 1053 ea
1480 1021 1518 1054 fit
1533 1022 1643 1053 horum
1661 1021 1814 1062 Capitum

946 1064 1118 1103 sententia,
1141 1073 1232 1105 quam
1251 1065 1350 1105 vulgo
1369 1063 1433 1096 esse
1450 1064 1592 1094 credunt.
1619 1063 1698 1100 Sed,
1718 1072 1813 1103 quan-

947 1114 1014 1138 tum
1042 1105 1074 1137 in
1098 1106 1191 1138 nobis
1209 1104 1271 1144 est,
1296 1106 1377 1146 Juris
1408 1104 1569 1137 Po'ntificii
1591 1104 1815 1135 auctoritatem

947 1148 977 1180 &
999 1147 1184 1189 dignitatem
1208 1146 1407 1179 absolvamus
1430 1156 1447 1178 a
1473 1145 1672 1184 deridiculo,
1697 1145 1726 1177 δε
1759 1149 1815 1186 per

947 1186 1031 1230 testes
1062 1190 1167 1230 potius
1194 1189 1406 1230 intelligamus
1430 1186 1514 1229 ipsos
1527 1187 1666 1229 judices,
1691 1186 1743 1227 qui
1761 1186 1815 1217 de-

948 1231 1057 1263 lictum
1073 1230 1134 1263 esse
1150 1230 1250 1262 videri
1264 1254 1273 1269 ,
1293 1229 1441 1262 testantes
1458 1229 1687 1268 condemnant,
1706 1225 1817 1260 testan-

950 1280 1016 1311 tes,
1035 1272 1177 1314 inquam,
1203 1273 1234 1305 δι
1250 1271 1415 1304 sententiae
1431 1268 1658 1302 subscribentes
1671 1293 1680 1309 ,
1699 1277 1734 1300 ut
1749 1268 1817 1300 vul-

950 1324 992 1356 go
1020 1314 1085 1346 fieri
1106 1313 1235 1346 adsolet.
1282 1313 1330 1346 Ita
1353 1312 1416 1345 esse
1434 1312 1686 1353 interpretandos
1710 1308 1816 1352 testes,

952 1354 1016 1398 ipsa
1042 1355 1263 1396 Capitulorum
1291 1354 1386 1387 verba
1413 1353 1609 1395 significant,
1633 1359 1703 1385 nam
1732 1351 1817 1394 post-

953 1406 1046 1438 quam
1072 1398 1105 1429 C.
1130 1407 1157 1429 2.
1192 1397 1315 1429 dixerat
1331 1419 1341 1435 ,
1373 1395 1540 1429 praesulem
1569 1402 1633 1427 non
1658 1394 1819 1432 damnari,

952 1438 1008 1471 nifi
1024 1448 1075 1480 72.
1102 1438 1254 1478 testibus,
1276 1448 1352 1470 mox
1372 1437 1477 1477 addit,
1499 1447 1552 1468 nec
1569 1434 1817 1478 Praesulfimmzus

952 1491 970 1512 a
987 1490 1125 1522 quoquam
1147 1480 1405 1521 Jnchme,
1427 1488 1530 1521 neque
1556 1479 1635 1510 adeo
1653 1478 1705 1509 vel
1725 1487 1741 1508 a
1765 1486 1817 1518 72.

951 1521 1127 1562 judicibus,
1154 1522 1183 1554 &
1200 1522 1338 1563 apertius
1355 1522 1386 1554 C.
1411 1531 1440 1563 3.
1463 1522 1588 1562 probata
1591 1520 1745 1561 sententia
1763 1525 1819 1560 per

952 1573 1003 1605 72.
1030 1560 1131 1603 testes,
1157 1563 1185 1594 ὅ(
1206 1563 1245 1594 de
1269 1563 1401 1602 iisdem,
1426 1561 1456 1602 fi
1475 1564 1555 1594 inter
1575 1572 1620 1593 eos
1635 1585 1645 1601 ‚
1679 1571 1745 1603 quos
1768 1562 1819 1592 da-

951 1607 1091 1636 mnandos
1106 1604 1156 1646 effe
1175 1605 1308 1636 dixerint
1317 1605 1444 1636 homines
1454 1627 1464 1642 ,
1468 1604 1569 1644 fuerit
1580 1603 1738 1645 Episcopus
1757 1628 1763 1635 .
1784 1627 1791 1635 .
1810 1627 1819 1634 .

949 1646 1046 1677 nullus
1060 1645 1153 1687 super·
1180 1647 1264 1677 illum
1283 1645 1469 1686 definitivam
1487 1645 1643 1687 praefirmat
1665 1646 1733 1676 dare
1744 1644 1816 1685 sim-

951 1689 1074 1719 temiam
1090 1687 1152 1723 &a
1184 1687 1240 1719 Est
1264 1687 1326 1719 hoc
1348 1687 1512 1728 judicum,
1534 1686 1587 1728 qui
1605 1685 1792 1718 sententiam
1804 1707 1818 1724 ,

950 1739 1014 1761 non
1032 1738 1160 1768 eorum,
1184 1729 1235 1770 qui
1259 1728 1474 1761 testimonium
1505 1728 1628 1760 dicunt.
1676 1727 1821 1767 Capituli

950 1769 1076 1803 secundi
1108 1770 1263 1802 sententia
1292 1780 1419 1812 quoque
1446 1769 1588 1811 expressa
1612 1768 1658 1802 est
1689 1768 1818 1810 Capitul.

953 1812 1049 1844 Caroli
1069 1811 1120 1844 M.
1146 1812 1217 1844 Lib.
1242 1812 1268 1844 l.
1295 1813 1327 1844 C.
1357 1821 1425 1854 139.
1446 1812 1501 1844 nisi
1521 1811 1606 1853 quod
1625 1810 1748 1843 testium
1764 1820 1821 1841 nu-

950 1863 1054 1885 merus
1071 1854 1173 1885 variet
1196 1853 1229 1885 in
1252 1854 1398 1885 omnibus
1421 1853 1510 1892 aliis,
1536 1853 1586 1894 qui
1606 1860 1722 1894 praeter
1738 1851 1821 1883 Prae-

952 1894 1049 1927 sulem
1070 1903 1313 1934 enumerantur,
1329 1895 1359 1927 &
1378 1894 1526 1935 Cujacius
1544 1894 1613 1925 Lib.
1633 1892 1740 1926 XVII.
1760 1893 1821 1924 Ob-

943 1936 1027 1978 fir-v.
1053 1937 1085 1968 C.
1108 1946 1138 1974 9.
1163 1945 1350 1977 quamquam
1373 1936 1519 1968 'nonnihil
1539 1934 1709 1973 obscurus,
1734 1933 1820 1975 quod

954 1978 984 2009 in
1002 1977 1175 2019 Capitulari
1194 1976 1299 2009 Caroli
1321 1977 1433 2019 Magni
1455 1977 1591 2019 legitur,
1617 1977 1653 2008 ad
1672 1975 1755 2017 ipsos
1774 1976 1820 2016 ju-

953 2019 1037 2050 dices
1061 2018 1188 2050 videtur
1214 2018 1401 2058 transferre,
1425 2019 1537 2059 urique
1553 2018 1585 2050 in
1602 2019 1822 2059 exauguratio-

953 2069 992 2092 ne
1014 2059 1163 2101 Episcopi
1189 2069 1241 2101 72.
1263 2060 1385 2101 judices
1408 2059 1576 2098 desiderat,
1599 2059 1684 2100 quod
1710 2058 1822 2099 judici-

953 2111 1006 2133 um
1023 2110 1073 2142 70.
1099 2100 1331 2142 Episcoporum
1359 2101 1535 2143 appellatur
1559 2110 1692 2132 numero
1711 2109 1820 2132 rotun-

955 2143 1016 2182 do,
1042 2150 1077 2174 ut
1106 2151 1155 2184 70.
1181 2142 1371 2184 Interpretes
1394 2143 1550 2179 dicimus,
1576 2143 1606 2174 ὅ(
1635 2152 1686 2183 70.
1712 2142 1820 2174 Senio-

955 2193 1003 2215 res
1026 2184 1172 2225 Synedrii
1200 2183 1339 2225 Judaici,
1363 2183 1400 2216 ad
1427 2184 1517 2225 cujus
1543 2184 1686 2225 Synedrii
1715 2192 1820 2215 exem-

954 2225 1042 2266 plum
1063 2224 1151 2257 forte
1176 2225 1239 2257 hoc
1258 2226 1411 2266 judicium
1426 2235 1467 2257 ex
1484 2232 1535 2257 tot
1553 2225 1712 2266 judicibus
1734 2234 1820 2256 com-

952 2266 1087 2308 positum
1106 2266 1180 2298 fuit.
1198 2266 1419 2309 Chronopium
1436 2267 1601 2308 quemdam
1619 2275 1669 2308 70.
1688 2266 1818 2301 Episco-

952 2317 1064 2349 porum
1079 2308 1200 2348 Judicio
1218 2308 1397 2341 damnatum
1414 2309 1514 2340 refert
1530 2309 1550 2340 l.
1579 2318 1628 2340 20.
1656 2309 1687 2339 C.
1713 2308 1817 2339 Theod.

955 2349 1086 2396 Quorum
1111 2349 1217 2390 appell.
1242 2360 1299 2381 non
1323 2351 1414 2391 recip.
1439 2351 1469 2382 ὅ(
1484 2349 1619 2390 Jacobus
1642 2348 1818 2380 Gothofre-

952 2392 1010 2423 dus
1029 2390 1067 2422 ad
1088 2392 1115 2422 d.
1141 2392 1163 2422 l.
1187 2401 1239 2423 20.
1263 2398 1434 2430 memorat,
1457 2399 1585 2422 cautum
1606 2388 1699 2421 fuiffe
1714 2390 1815 2431 Syno-

952 2433 994 2464 do
1016 2431 1181 2471 Romana,
1206 2433 1237 2464 &
1262 2432 1405 2474 Epistola
1428 2430 1578 2470 Nicolai,
1600 2440 1637 2462 ne
1659 2430 1818 2471 Episcopus

953 2472 1010 2512 nisi
1017 2473 1073 2513 fich
1091 2472 1238 2514 conspefiiu
1256 2482 1305 2514 72.
1331 2471 1445 2514 testium
1461 2474 1661 2504 damnaretur.
1705 2472 1754 2503 Ad
1773 2472 1818 2512 ju-

953 2515 1040 2546 dices
1056 2513 1087 2545 id
1105 2514 1264 2555 pertinere
1281 2524 1322 2546 ex
1339 2514 1415 2546 attis
1430 2513 1612 2546 Marcellini
1632 2513 1722 2555 Papae
1740 2523 1816 2544 con·
1830 2532 1831 2535 =

953 2555 1030 2593 stat,
1054 2562 1090 2586 ut
1111 2555 1197 2596 quia
1214 2555 1290 2587 libra
1310 2557 1447 2594 occidua,
1471 2554 1503 2586 id
1519 2554 1586 2593 est,
1611 2564 1662 2595 72.
1687 2553 1818 2596 Episco-

952 2597 1001 2638 pis
1026 2595 1070 2627 est
1093 2596 1267 2629 damnatus.
1311 2596 1379 2638 Ipsa
1405 2597 1492 2635 asta,
1516 2596 1545 2628 &
1563 2597 1641 2636 alia,
1665 2606 1734 2637 quae
1755 2596 1818 2627 huc

953 2637 1133 2680 pertinent,
1155 2637 1248 2670 habes
1275 2639 1356 2680 apud
1382 2636 1619 2669 Gothofredum
1644 2638 1673 2669 &
1693 2636 1817 2677 Cujaci-

954 2688 1007 2710 um
1022 2680 1050 2710 d.
1076 2679 1156 2711 locis.
1199 2680 1230 2712 Si
1247 2680 1337 2721 plura
1353 2679 1504 2711 desideras
1526 2680 1560 2710 de
1584 2679 1661 2710 libra
1678 2680 1815 2716 occidua,

956 2721 986 2752 &
1004 2729 1054 2761 72.
1077 2720 1253 2760 judicibus,
1278 2722 1308 2753 ὅ(
1323 2721 1362 2752 de
1385 2721 1509 2752 ratione
1526 2720 1616 2760 hujus
1633 2719 1819 2760 appellarim

955 2762 1003 2793 nis
1020 2785 1030 2800 ,
1065 2760 1244 2794 satisfacere
1271 2769 1424 2803 poterunt
1445 2760 1596 2802 Josephus
1618 2760 1756 2798 Scaliger
1783 2761 1817 2791 de

956 2803 1002 2835 Re
1022 2805 1188 2834 nunmzaria
1198 2810 1230 2845 p.
1246 2807 1298 2844 65.
1317 2804 1346 2835 δι
1364 2802 1560 2844 Scaligerian.
1585 2801 1622 2833 Il.
1648 2801 1679 2832 in
1697 2801 1737 2832 V.
1758 2801 1817 2832 Oc·-

953 2845 1060 2882 cidua,
1083 2845 1113 2876 ἅ
1136 2844 1201 2886 ipse
1224 2845 1279 2877 ille
1296 2844 1430 2885 Jacobus
1456 2841 1676 2875 Gothofredus
1691 2843 1724 2872 de
1741 2842 1814 2873 Ma-

953 2892 1006 2918 tar.
1034 2885 1071 2920 ξῡ9
1087 2895 1186 2927 augin.
1211 2892 1315 2917 monet.
1341 2895 1406 2916 aur.
1425 2892 1458 2925 p.
1487 2893 1534 2916 11.
1562 2884 1592 2915 ὅ(
1614 2893 1661 2914 12.
1707 2882 1742 2915 In
1761 2893 1814 2915 an-

954 2927 1051 2967 tiquis
1069 2927 1163 2958 etiam
1182 2926 1414 2959 Hollandorum
1434 2925 1554 2965 legibus
1570 2924 1690 2964 J'udices
1702 2934 1818 2957 vocau-

954 2977 1005 3000 tur
1025 2969 1166 3010 getnigen
1188 2977 1225 2999 en
1242 2969 1362 3010 tzzz'gen,
1381 2967 1497 2998 &inde
1516 2965 1666 3005 J’udicium
1686 2964 1820 3007 septem-

952 3010 1072 3048 virale,
1095 3010 1276 3051 Seventm'g,
1301 3017 1365 3049 quo
1387 3007 1427 3038 de
1443 3006 1488 3038 est
1510 3006 1647 3047 Philippi
1674 3007 1815 3049 Burgun-

953 3051 985 3083 di
1001 3051 1054 3083 lex
1069 3073 1079 3089 ,
1102 3050 1195 3081 Anno
1218 3059 1307 3090 1447.
1333 3058 1363 3084 9.
1388 3048 1467 3089 Aug.
1492 3047 1661 3079 Hollandis
1676 3048 1764 3088 data,
1782 3050 1816 3080 in

953 3094 987 3124 de
1006 3089 1200 3131 Handveften
1210 3100 1272 3121 van
1292 3090 1524 3121 illonnikenclam
1537 3095 1567 3129 p.
1581 3099 1619 3120 m.
1634 3093 1685 3123 28.
1710 3089 1746 3125 ὃ)
1764 3100 1813 3127 29.

954 3132 1180 3174 Digreffionis,
1204 3132 1337 3172 opinor,
1369 3131 1493 3163 veniam
1518 3131 1698 3172 impetrabit
1723 3141 1819 3164 ocea⁴

953 3173 997 3207 fio
1016 3175 1045 3206 &
1066 3173 1200 3214 dignitas
1214 3171 1397 3213 argumenti,
1439 3207 1442 3209 Α

1097 3254 1171 3287 X2
1729 3255 1820 3287 CA=
