2008 3436
439 115 845 153 CORNELII
920 120 1037 149 vari

190 132 259 157 920

1113 102 1713 147 DYNKERSHOEK

183 201 343 241 leg„.=?or·c.¹·:i
362 198 527 238 capias-mar.
572 197 683 229 Sei-ino
700 193 744 226 est
761 203 796 225 ut
813 193 919 232 vides,
945 193 983 223 dc
1001 193 1042 223 lc*
1081 191 1122 233 ff.
1144 190 1229 238 Q.70.i
1261 190 1277 221 l:
1288 195 1381 231 3211207'.
1414 188 1444 218 ὅ(
1467 186 1539 226 Jure
1562 185 1780 227 Justinianaeo,
1805 184 1944 229 quemad·-

181 235 282 282 gatis,
312 238 425 279 quibus
450 238 624 269 dominium
653 237 722 277 quis
745 233 957 271 nanciscitur,
984 234 1045 264 hoc

181 280 226 312 est
243 305 252 319 ‚
282 280 321 311 tle
348 279 459 320 legatis
481 279 725 316 vindicationis,
758 285 828 308 nam
845 277 876 307 in
895 276 963 307 aliis
982 274 1045 305 alio

180 322 249 362 jure
267 322 393 352 utimur.
442 319 587 361 Cumque
612 320 659 351 his
678 319 788 359 legatis
801 340 812 355 ,
834 327 904 358 quae
924 315 1046 347 causam

180 362 310 394 dominii
326 361 484 403 praebent‚
511 369 732 402 comparentur
757 358 944 389 donationes
964 366 1045 387 mor-

180 404 221 434 tis
246 401 336 435 causa
353 426 363 441 ,
395 402 588 443 consequens
614 401 658 433 est
677 425 686 439 ,
719 407 754 430 ut
773 401 801 430 ὁ(
825 400 854 429 in
872 399 919 429 liis
938 406 1047 442 qnia-fta

179 443 248 485 ipso
266 445 333 484 jure
350 444 387 476 sit
405 444 546 481 heredis,
580 443 708 483 ejusque
730 440 839 471 habeat
860 439 1045 484 vindicatio—

179 495 261 517 nem.
307 485 342 517 Id
369 495 418 516 me
440 485 551 516 docuit
576 484 728 524 Ulpianus
752 482 781 512 in
812 481 833 511 Ζ.
856 489 882 511 1.
907 482 936 525 ᾖ..
953 489 983 519 5.
1003 481 1044 523 ff.

180 526 267 575 ,Qgtocl
295 527 416 569 legator.
456 535 528 557 cum
550 526 611 555 ait:
647 525 679 555 Si
703 523 766 564 quis
789 531 826 553 ex
844 526 943 551 mortis
962 524 1046 560 caula

177 569 331 600 αυιιῖιῖῐοηε
356 566 489 608 possideat
509 589 519 604 ,
555 567 653 605 usique
690 562 805 603 cefflibit
837 560 1046 598 imeralikiuiri,

181 611 251 651 quia
271 611 366 649 portio
386 603 467 650 nlegii*
496 606 635 638 Falcidiae
661 605 738 644 [ipati
759 603 889 634 heredem
906 602 962 643 ipſs]
977 603 1045 643 jure

180 656 331 687 remanet,
363 648 414 688 effi
440 648 624 688 corporaliter
648 655 693 675 res
710 646 743 675 in
753 644 880 685 solidum
897 644 1046 674 translate

170 692 256 733 sunt.
301 690 393 722 Dicit
414 689 514 729 affere
533 687 752 724 interdictum,
775 686 848 726 quia
857 694 897 716 ex
913 685 980 724 jure
989 684 1043 714 do-

179 733 270 764 minii
289 731 378 763 heres
403 730 495 761 habet
518 729 673 759 actionem
692 728 724 758 in
746 736 833 765 rem,
858 736 893 757 ea
912 724 975 766 ipsa
998 734 1043 756 ra-

179 774 267 805 tione
286 795 297 811 ,
326 781 394 813 quse
421 771 546 802 obtinet
578 770 609 800 in
636 768 767 809 legatis,
794 776 847 808 per
865 765 1044 798 vindicandi

179 814 351 846 formulam
370 812 508 849 reliffis,
531 810 646 851 ceffiws'i·
670 810 772 847 enim,
798 816 832 840 ut
851 808 984 849 legitur,
1010 816 1044 837 o-

180 855 290 887 mnino
317 853 482 894 legendum
507 851 552 883 est
575 853 607 883 in
634 852 664 881 d.
687 850 714 891 §.
738 859 770 889 5.
791 859 856 881 non
873 848 976 889 neceffe
996 849 1046 878 ha-

179 898 276 934 bebit,
300 903 335 926 ut
353 894 477 935 quidam
494 893 572 925 olim
583 893 743 934 legerunt,
768 891 885 929 etiam,
907 899 943 922 ut
960 890 1046 921 vide-

180 946 252 976 tur,
277 936 349 968 Azo
369 936 477 967 Summ.
497 934 535 966 ad
557 935 577 965 Ζ.
599 944 649 965 zm.
673 934 704 964 C.
726 932 818 978 Quor.
835 933 957 974 legator.
987 930 1047 961 Ve-

178 987 249 1010 rum
273 987 309 1009 ea
333 976 428 1008 lectio
454 986 517 1008 non
544 975 599 1007 nisi
621 974 824 1016 expediendae
852 972 1047 1005 difficultatis

180 1028 257 1060 crgo
276 1018 347 1050 ficta
363 1017 568 1064 interpolatio
588 1017 733 1054 videtur,
765 1024 857 1056 quarn
875 1014 947 1046 satis
963 1012 1045 1045 refu-

179 1067 227 1091 tat
245 1058 309 1101 ipsa
327 1059 457 1100 Ulpiani
482 1057 617 1098 subjeua
644 1057 745 1095 ratio,
763 1056 848 1097 quod
865 1064 976 1096 nempe
990 1054 1046 1096 ipſs)

171 1101 239 1144 jure
285 1109 372 1132 uarta
396 1099 545 1131 Falcidiae
574 1097 755 1130 remanserit
781 1097 862 1139 apud
879 1097 1046 1134 heredem,

178 1151 215 1174 ut
237 1110 283 1174 eff
308 1142 341 1174 in
365 1141 471 1182 legato
492 1140 730 1172 vindicationis.
775 1139 881 1180 Atque
898 1138 964 1169 haec
983 1137 1048 1170 sola

178 1183 262 1215 ratio
277 1181 340 1223 est,
365 1192 421 1214 cur
431 1182 511 1223 ceffet
530 1181 754 1220 Inter-distum,
778 1190 842 1212 non
854 1203 865 1219 ,
889 1189 981 1220 quam
994 1178 1048 1210 alii

178 1224 324 1266 fingunt,
346 1223 431 1265 quod
448 1232 559 1264 nempe
576 1232 623 1254 res
642 1232 681 1253 ex
700 1221 887 1259 traditione,
911 1227 1006 1260 atque
1017 1229 1045 1250 a-

178 1266 240 1298 deo
255 1275 296 1297 ex
312 1266 481 1297 voluntate
498 1263 656 1296 testatoris
682 1263 744 1302 jam
760 1262 858 1293 fuerit
879 1270 974 1301 penes
992 1261 1046 1291 do-

179 1307 347 1338 natariurn.

224 1348 260 1380 In
275 1347 344 1380 aliis
364 1347 474 1389 legatis
492 1345 663 1378 Imerdffito
683 1354 763 1386 opus
777 1343 831 1376 est.
864 1342 955 1374 Unde
972 1351 1049 1387 moi<

181 1389 338 1431 Ulpianus
366 1389 398 1420 in
430 1390 459 1419 cl.
491 1388 511 1419 Ζ.
545 1396 572 1418 1.
606 1386 635 1427 §.
664 1390 694 1418 6.
775 1387 804 1416 ιιί
824 1394 891 1416 vero
908 1394 945 1415 ex
963 1386 1050 1424 causa

173 1431 396 1471 praeceptionis,
426 1438 538 1469 nempe
570 1428 723 1468 poffidet,
751 1429 851 1468 utique
869 1431 984 1457 tenetur
999 1426 1048 1455 hoc

180 1471 355 1510 ἱνῑϊετᾱὶἑῖο,
372 1470 426 1511 sed
438 1477 491 1510 pro
518 1479 552 1501 ea
557 1469 677 1510 scilicet
696 1474 804 1509 parte,
827 1477 912 1510 quam
923 1467 990 1509 jure
1011 1466 1049 1497 le-

180 1515 248 1555 gati
275 1514 360 1543 habet
379 1533 390 1549 ,
421 1521 477 1541 non
504 1512 594 1542 etiam
616 1517 668 1551 pro
689 1521 741 1549 eci,
764 1520 850 1551 qnam
870 1507 950 1550 quasi
969 1508 1050 1538 heres

181 1556 277 1585 mmet.
324 1553 457 1593 [flentque
484 1554 542 1582 eric
566 1553 720 1583 dicendum
736 1574 747 1589 ,
779 1548 854 1589 &fi
870 1550 927 1580 alio
942 1559 1047 1593 genere

180 1596 275 1637 legati
291 1595 344 1624 uni
362 1603 399 1623 ex
416 1594 566 1624 heredibus
582 1594 714 1636 legatum
726 1591 778 1631 fit.
803 1591 838 1623 ln
852 1591 957 1632 legato
968 1600 1047 1632 prae-

182 1635 340 1677 ceptionis
365 1633 433 1675 ipso
454 1635 523 1674 jure
543 1635 721 1666 dominium
744 1643 809 1665 non
839 1632 986 1664 transibat
1011 1631 1049 1663 ad

179 1677 364 1718 legatarium
383 1698 394 1714 ,
417 1674 468 1707 sed
510 1675 693 1708 raestabatu-i·
713 1674 836 1715 judicio
858 1673 988 1705 familiae
1004 1682 1049 1704 er-

179 1717 335 1751 ciscundae
360 1718 381 1749 Ζ.
408 1727 456 1758 17.
481 1686 510 1758 ξ.
535 1726 565 1750 2.
583 1718 624 1759 ff.
647 1719 681 1749 de
703 1717 781 1759 Leg.
804 1715 829 1748 1.
853 1716 948 1746 etiam
967 1721 1050 1746 cete-

179 1771 213 1792 ra
228 1760 348 1800 legata,
370 1759 409 1790 de
424 1759 538 1800 quibus
561 1759 612 1791 liic
628 1759 789 1800 loquitur,
814 1756 1002 1799 petebantur
1021 1766 1049 1787 a·

182 1802 287 1833 {tione
302 1799 457 1841 personali
470 1823 481 1839 ,
506 1801 536 1832 ἀ
552 1801 584 1832 in
601 1800 648 1832 liis
665 1799 813 1832 omnibus
829 1808 931 1840 neque
949 1797 1048 1829 Falci-

178 1843 229 1874 dia
253 1842 322 1883 ipso
342 1841 410 1882 J'ure
432 1841 468 1872 ad
494 1841 639 1873 heredem
655 1841 842 1883 pertinebat.
889 1838 996 1885 Quare
1019 1839 1051 1870 &

181 1882 353 1916 interdicto
378 1892 458 1924 opus
481 1890 547 1914 erat
570 1883 609 1914 ad
631 1882 875 1924 recuperandam
914 1880 1049 1912 offeffio-

180 1935 252 1957 nem
264 1949 273 1964 ,
299 1925 328 1956 &
344 1924 537 1956 retinendam
552 1924 594 1956 fic
609 1924 797 1958 Falcidiam.⁴
838 1922 885 1954 Ce
912 1929 944 1953 at
958 1931 1051 1961 vei-0,

181 1967 235 1997 ubi
255 1966 431 1997 vindicatio
460 1964 613 2006 superest,
649 1973 686 1996 ut
705 1965 738 1997 su
762 1963 843 1995 erest
861 1963 893 1995 in
911 1963 1022 2006 legatis
1041 1987 1051 2002 ,

181 2006 363 2038 vindicandi
390 2006 530 2038 formula
551 2007 669 2038 relictis
685 2031 695 2046 ,
746 2008 762 2020 ¹·
780 2005 810 2037 in
828 2004 1053 2037 donationibus

182 2047 295 2121 &tortis
317 2046 407 2080 causa
425 2070 436 2086 ,
470 2048 507 2079 ad
528 2047 623 2080 instar
646 2057 758 2080 eorum
775 2048 952 2088 legatorum
969 2046 1053 2077 reda-

215 2099 249 2121 1s.
338 2096 342 2101 ’

203 2164 205 2167 ,
225 2130 376 2163 Attamen
402 2138 533 2171 propter
559 2131 762 2163 commodum
782 2153 793 2169 ,
830 2129 916 2172 quod
939 2128 1026 2168 ajunt
1041 2151 1052 2167 ,

183 2171 377 2213 posseffionis
396 2195 406 2211 ‚
437 2170 534 2203 facile
559 2173 745 2204 crediderim
763 2195 773 2210 ,
804 2173 899 2203 etiam
926 2169 1054 2201 interdi-

184 2213 269 2244 Ctum
281 2212 375 2245 fuisse
395 2212 595 2253 usurpatum,
625 2213 678 2245 ubi
698 2213 876 2245 vindicatio
894 2219 1053 2252 compete-

183 2254 260 2297 bat,
285 2253 370 2295 quod
395 2254 495 2294 palam
519 2253 674 2295 fignificat
689 2254 833 2287 Scaevola
853 2254 885 2285 in
908 2254 935 2284 d.
957 2253 979 2284 Ζ.
1002 2256 1051 2284 26.

180 2301 228 2335 pr.
248 2294 287 2336 ff.
314 2295 352 2327 ad
377 2295 418 2326 L.
444 2295 559 2327 Falcid.
590 2305 657 2327 eam
682 2305 720 2327 ue
745 2303 825 2337 puto
844 2294 937 2326 fuisse
958 2294 1053 2325 ratio-

184 2346 275 2375 nem,
300 2346 376 2375 cur,
400 2336 456 2368 etsi
477 2336 550 2377 Jure
567 2337 643 2368 novi
670 2346 735 2368 imo
751 2346 792 2368 ex
817 2337 837 2367 Ζ.
857 2346 883 2368 1.
902 2336 1053 2368 C.Coinm.

185 2379 219 2408 cie
239 2378 331 2420 legat.
355 2377 497 2409 omnium
516 2378 692 2419 legatorum
712 2378 783 2410 data
798 2377 897 2409 fuerit
915 2377 1054 2408 vindica-

187 2418 254 2458 tio,
279 2419 372 2458 hujus
388 2426 491 2450 tamen
510 2418 671 2451 Inter-dicti
687 2419 860 2451 doctrinam
882 2418 1055 2450 Tribonia-

186 2469 246 2491 nus
263 2460 295 2492 in
310 2459 477 2492 Pandettas
497 2460 652 2492 retulerit.
700 2460 803 2501 Copia
820 2459 944 2491 scilicet
959 2459 1055 2491 acuo-

188 2509 263 2532 num
287 2500 385 2542 magis
404 2501 526 2541 placuit
555 2502 585 2532 ὅ(
610 2502 688 2533 olim
703 2525 712 2540 ,
736 2509 772 2533 ut
791 2501 883 2541 hujus
898 2501 991 2542 ipfius
1010 2500 1058 2532 In-

189 2542 318 2574 ter-dicti
335 2542 484 2583 exemplo
502 2542 615 2583 probat
634 2543 788 2585 Ulpianus
806 2543 838 2575 in
866 2543 887 2573 Ζ.
913 2552 940 2574 1.
975 2542 1004 2582 ὃ.
1027 2552 1059 2583 4.

762 2641 790 2675 C
843 2640 874 2675 A
927 2641 953 2675 P
1001 2641 1036 2676 U

468 2726 521 2762 De
543 2726 654 2773 regula
677 2728 931 2773 geminationis,
957 2727 1076 2772 aliquot

229 2825 298 2857 *ine
322 2823 433 2856 fraude
458 2823 504 2855 est
519 2847 529 2862 ,
572 2831 608 2854 ut
624 2822 781 2856 laboranti
802 2822 966 2855 sententiae
983 2822 1060 2869 legis

270 2865 485 2903 succurratur,
516 2864 623 2897 literas
641 2888 650 2903 ,
674 2863 693 2897 s
713 2864 828 2904 llabas,
849 2873 946 2895 voces
963 2873 1058 2905 gemi-
1082 2901 1085 2904 ι

192 2917 283 2947 nare,
307 2907 338 2938 dc
355 2905 450 2938 semel
469 2905 600 2946 scriptas
616 2905 665 2937 bis
705 2915 805 2947 egere.
851 2905 939 2951 Quid
961 2908 1000 2936 de
1020 2914 1059 2936 co

191 2957 280 2979 more
295 2947 421 2986 Festus,
445 2947 540 2979 variis
557 2947 637 2978 locis
650 2970 661 2985 ,
673 2945 805 2979 Isidorus
822 2947 938 2987 aliique
949 2944 1056 2977 Gram-

191 2989 298 3020 inatici
313 2989 473 3027 dixerint,
496 2988 597 3020 nolim
624 2987 675 3019 hic
694 2995 855 3030 repetere,
880 2987 951 3028 quia
974 2987 1012 3018 ab
1030 2996 1058 3018 a·

197 3029 245 3059 liis
263 3037 451 3074 occupatum
463 3029 515 3061 est.
562 3028 723 3061 Librarius
737 3037 824 3061 certe
841 3028 1057 3067 Florentinus,

196 3069 302 3113 calami
328 3071 519 3109 compendio
543 3069 667 3102 studens
682 3094 692 3109 ,
723 3080 788 3103 non
806 3069 933 3112 repetiit
953 3091 964 3107 ,
988 3079 1057 3111 quae

194 3110 375 3155 geminanda
396 3118 493 3142 crant.
540 3110 742 3151 Taurellius,
776 3121 845 3153 quae
867 3111 957 3143 semel
977 3110 1054 3152 posi-

198 3155 249 3192 ta,
272 3149 318 3180 bis
333 3150 389 3196 sibi
403 3151 588 3184 videbantur
614 3152 761 3193 legenda,
785 3151 962 3194 majusculis
983 3152 1051 3183 litea

194 3199 236 3220 ris
263 3190 415 3231 expi‘essit.
461 3192 556 3236 Quod
584 3192 750 3239 'l'aurellio
777 3194 887 3232 licuit,
917 3192 999 3226 idem
1020 3193 1051 3226 &

1085 2640 1119 2674 Τ

1088 239 1215 264 morium
1242 230 1287 262 est
1309 232 1338 261 in
1363 231 1392 260 cl.
1420 229 1439 259 Ζ.
1466 237 1492 259 1.
1527 229 1558 259 C.
1586 229 1691 259 Comm.
1715 230 1748 259 de
1765 230 1856 269 legat.
1898 231 1943 264 Ut

1089 275 1131 305 ita
1152 273 1229 304 illud
1245 272 1360 313 cessabit
1385 271 1416 301 in
1446 270 1474 300 cl.
1500 269 1520 299 Ζ.
1547 278 1574 300 1.
1598 268 1625 310 §.
1650 279 1682 308 5.
1708 269 1917 312 intelligamus
1933 297 1944 313 ,

1087 314 1246 346 lutei-disti
1264 311 1473 345 necessitatem
1493 309 1627 349 cessare,
1658 320 1754 351 quum
1774 312 1833 343 alia
1848 321 1886 344 ex
1903 314 1946 354 iu-

1087 365 1120 387 re
1144 355 1275 386 dominii
1300 353 1406 385 civilis
1433 351 1514 383 aetio
1534 359 1713 392 competat,
1737 361 1802 384 non
1821 361 1855 384 ut
1879 356 1946 394 quis

1086 396 1289 438 prohibeatur
1305 394 1369 433 uti,
1393 393 1471 425 ficut
1490 402 1550 424 nec
1572 393 1632 424 alia
1656 393 1790 424 remedia
1804 395 1948 435 poss'ess'o.

1088 438 1134 469 ria.
1160 437 1296 468 dominis
1319 442 1471 475 negantur
1486 456 1497 472 ,
1529 433 1551 465 fi
1570 434 1608 465 iis
1629 433 1674 464 uti
1694 435 1790 475 magis
1809 444 1946 471 commo.

1089 480 1163 510 duni
1190 478 1234 509 est
1251 500 1262 516 ,
1293 485 1385 517 quam
1413 476 1444 510 in
1468 485 1532 507 rem
1556 484 1646 516 agere
1666 485 1707 506 ex
1721 475 1790 514 jure
1806 476 1946 513 dominii,

1089 520 1149 553 Sed
1166 519 1264 559 vulgo
1283 518 1381 559 magis
1401 517 1604 548 commodum
1623 525 1687 548 non
1702 516 1766 556 est,
1791 517 1813 548 fi
1828 517 1865 549 ad
1883 518 1948 553 Fal-

1089 560 1202 593 cidiam
1218 559 1322 590 heredi
1341 567 1503 599 competat
1521 558 1714 597 vindicatio,
1737 558 1787 589 cui
1800 559 1885 591 enim
1895 560 1948 594 boa

1089 613 1132 634 no
1146 610 1181 632 ca
1201 600 1301 631 totins
1319 599 1412 639 legati
1429 599 1578 639 repetitio
1590 599 1607 630 ἒ)
1631 609 1695 640 quo
1717 599 1860 641 ambages
1873 601 1952 636 nihil

1088 640 1386 682 attori.p1-0futurae
1400 664 1409 679 ,
1441 640 1496 672 nifi
1514 648 1549 671 ut
1566 640 1770 680 dodrantem,
1795 650 1888 682 quern
1901 641 1949 679 In-

1089 682 1222 716 ter-dicto
1249 680 1461 722 consequutus
1484 680 1547 720 est,
1580 680 1683 713 rursus
1698 681 1870 715 restituat?
1891 683 1952 717 Sed
1975 707 1980 710 -

1999 230 2008 254 f

1087 726 1195 766 ajunt,
1220 723 1390 763 occupatio
1411 722 1552 763 legatarii
1571 722 1629 753 hac
1647 723 1788 755 molestia
1809 724 1952 765 punitur;
1972 741 1982 765 ρ

1087 774 1180 807 atque
1209 764 1229 796 fi
1253 773 1365 805 nempe
1384 772 1424 794 eo
1439 763 1576 794 circuitu
1590 773 1654 794 non
1671 763 1812 796 fimiliter
1827 765 1953 806 punire-
1968 764 1993 870 i

1089 817 1141 839 tui·
1157 806 1260 844 ustor,
1285 805 1306 837 si
1323 805 1375 836 vel
1392 803 1506 846 absque
1522 804 1584 836 ulla
1600 805 1832 845 occupatione,
1857 814 1890 838 at
1905 806 1954 840 so-
1970 814 1972 821 ’

1091 849 1124 881 Io
1145 847 1243 886 casu,
1273 855 1367 888 penes
1392 845 1576 887 legatarium
1599 854 1648 877 res
1670 845 1755 878 esset.
1802 846 1954 882 Cetei-um

1089 890 1148 922 illo
1165 887 1254 927 casu,
1279 897 1343 929 quo
1368 886 1433 919 sola
1458 887 1595 918 retentio
1615 886 1760 926 obtinet,
1782 887 1954 928 poffidente

1090 930 1241 972 legatario
1257 953 1266 968 ,
1301 938 1364 960 non
1388 929 1589 969 quadrantem
1613 927 1786 968 duntaxat,
1806 928 1845 960 ad
1861 938 1953 970 quem

1089 1012 1229 1054 placuit,
1255 1020 1309 1050 ut,
1342 1010 1490 1042 universo
1508 1011 1667 1052 repetito,
1691 1011 1864 1044 retentioni
1878 1009 1955 1046 effet
1978 1043 1979 1047 ,

1972 872 1993 956 ἐ

1089 972 1176 1004 nulla
1200 969 1402 1011 competebat
1429 970 1511 1001 attio
1524 991 1536 1008 ,
1576 969 1627 1001 sed
1651 969 1831 1002 universum
1853 971 1954 1013 repen·
1978 973 1993 990 ⁶*

1985 1008 1990 1019 r

1089 1056 1180 1086 locus
1192 1075 1203 1091 ‚
1226 1052 1317 1084 causa
1334 1052 1376 1084 fic
1397 1061 1511 1094 genere
1528 1052 1662 1091 quodam
1679 1052 1711 1084 in
1731 1053 1889 1094 integrum
1908 1063 1954 1086 re·
1987 1075 1990 1080 ·

1091 1095 1210 1127 stituta.
1254 1094 1359 1135 Atque
1381 1093 1448 1125 haec
1465 1093 1598 1125 dicenda
1617 1102 1705 1125 erant
1724 1093 1955 1129 deinter-dicto
1978 1100 1980 1104 ’

1089 1138 1162 1178 quod
1184 1136 1344 1178 legatorum
1359 1158 1370 1174 ,
1396 1135 1525 1176 eJusque
1550 1133 1608 1166 usu
1631 1134 1684 1166 vel
1714 1135 1885 1167 necess'ario
1902 1135 1954 1170 vel

1090 1178 1182 1219 plane
1198 1187 1263 1208 non
1280 1176 1471 1216 necessario,
1503 1185 1562 1217 pro
1589 1176 1654 1208 alio
1669 1183 1764 1217 atque
1780 1177 1845 1208 alio
1860 1176 1955 1219 iegati

1984 1188 1997 1206 ‚i

1091 1227 1203 1264 genere
1218 1240 1228 1256 ,
1262 1227 1333 1248 nam
1359 1217 1414 1258 qui
1439 1217 1477 1248 de
1506 1227 1546 1248 eo
1562 1216 1734 1249 Interdieto
1749 1219 1958 1250 commentati
1985 1214 1995 1228 ⁴

1092 1262 1163 1290 lunt
1186 1259 1238 1290 vel
1266 1258 1357 1298 plena
1384 1267 1500 1296 manu,
1533 1258 1586 1289 vel
1608 1268 1648 1290 ex
1671 1257 1852 1298 occasione,
1875 1259 1957 1292 nihil
1980 1230 2002 1330 ἰ

1091 1300 1307 1340 distinguunt,
1328 1307 1386 1330 nec
1411 1298 1546 1339 singula,
1577 1308 1647 1339 quae
1663 1298 1719 1330 fibi
1737 1300 1895 1332 contraria
1911 1300 1958 1332 vi·
1997 1326 2002 1335 .

1092 1342 1225 1378 dentur,
1249 1341 1332 1372 reete
1350 1340 1523 1381 explicant.

1135 1382 1186 1414 Ex
1202 1381 1312 1413 iisdem
1340 1381 1522 1422 principiis,
1547 1381 1659 1422 quibus
1685 1380 1891 1415 Interdifflmm
1909 1383 1954 1416 in·

1094 1431 1250 1465 tei-pretor
1268 1446 1277 1462 ,
1307 1424 1401 1454 etiam
1418 1421 1614 1460 aestimanda,
1634 1422 1667 1454 ni
1687 1421 1802 1462 fallor,
1826 1423 1958 1466 quaestio

1093 1466 1137 1497 est
1147 1487 1158 1504 ,
1181 1474 1219 1496 an
1235 1464 1386 1506 quadrans
1401 1462 1524 1495 solutus
1541 1463 1578 1495 ab
1597 1463 1712 1495 herede
1729 1464 1822 1505 poffit
1837 1465 1958 1507 repeti?

1092 1507 1114 1540 fi
1140 1506 1214 1537 fasti
1238 1515 1344 1537 errore
1369 1504 1490 1536 solutus
1520 1504 1575 1544 fit,
1608 1514 1703 1536 nemo
1726 1505 1883 1547 ambiget,
1907 1505 1959 1539 sed

1093 1548 1168 1589 quid
1188 1547 1210 1579 si
1227 1547 1403 1588 ignorantia
1418 1546 1522 1586 juris?
1539 1546 1583 1578 Et
1601 1546 1728 1588 quidem
1736 1555 1776 1578 eo
1786 1545 1877 1586 casu,
1893 1557 1959 1590 quo

1984 1467 1996 1503 ἲ

1985 1531 2000 1594 i

1092 1589 1241 1621 Falcidiae
1258 1588 1432 1620 dominium
1448 1597 1489 1618 ex
1507 1587 1696 1619 auctoritate
1713 1587 1791 1634 legis
1808 1587 1877 1635 ipso
1891 1589 1960 1630 jure
1995 1603 2005 1613 ··

1091 1631 1124 1663 in
1153 1629 1298 1662 heredem
1326 1628 1446 1660 transiit
1464 1651 1475 1667 ,
1501 1636 1665 1670 competet
1689 1636 1860 1676 repetitio,
1888 1630 1961 1672 quia

1092 1671 1181 1704 suum
1208 1670 1423 1712 repetentibus
1448 1679 1548 1711 neque
1574 1671 1749 1711 ignorantia
1771 1680 1848 1711 Juris
1864 1678 1962 1704 nocet
1990 1679 1999 1698 '›

1092 1714 1114 1745 Ζ.
1138 1723 1168 1754 7.
1187 1712 1228 1755 ff.
1251 1714 1284 1744 cle
1308 1711 1381 1753 Jur.
1406 1710 1442 1746 ὅ)
1454 1710 1535 1752 faci.
1557 1712 1568 1742 i
1586 1721 1655 1743 πον.
1687 1721 1727 1744 eo
1747 1719 1852 1745 autem
1868 1712 1960 1754 casU,

1093 1763 1157 1796 quo
1175 1754 1385 1786 retentionem
1404 1753 1557 1785 duntaxat
1593 1753 1665 1784 abet
1690 1753 1800 1793 heres,
1825 1763 1867 1786 ex
1884 1753 1961 1796 iuris

1092 1796 1270 1838 ignorantia
1284 1794 1423 1827 solutum
1439 1804 1504 1827 non
1518 1802 1640 1836 repetet
1663 1795 1684 1826 Ζ.
1703 1804 1758 1834 51.
1772 1795 1814 1836 ff.
1833 1797 1868 1827 de
1889 1795 1961 1827 Con-

1092 1838 1161 1870 αἰδὲ.
1182 1838 1278 1869 z'mz'eh.
1322 1835 1492 1878 Distinguo
1509 1836 1606 1878 igitur
1624 1845 1737 1878 genera
1754 1836 1932 1877 legatorum
1947 1860 1961 1876 ,

1095 1879 1125 1911 &
1142 1879 1195 1910 ubi
1207 1877 1384 1910 vindicatio
1401 1877 1547 1909 Falcidiae
1570 1875 1635 1917 est,
1666 1876 1845 1919 quadrantis
1863 1876 1962 1911 soluti

1093 1920 1317 1961 repetitionem
1343 1919 1458 1960 largior
1477 1941 1489 1958 ,
1522 1926 1554 1950 at
1570 1928 1671 1960 nego,
1695 1918 1748 1950 ubi
1767 1917 1834 1950 sola
1849 1918 1895 1950 est
1912 1927 1960 1951 re-

1094 1963 1207 1993 tentio.
1253 1959 1347 2002 Nego
1367 1960 1464 2002 igitur
1483 1961 1514 1992 in
1539 1961 1625 1991 omni
1642 1959 1883 1992 fideicommiss'o
1895 1982 1907 1998 ,
1928 1960 1960 1994 ὰ

1093 2003 1138 2035 ita
1155 2004 1256 2045 palam
1274 2002 1461 2043 rescriptum
1476 2001 1522 2033 est
1540 2001 1571 2032 in
1595 2002 1616 2032 l.
1633 2011 1662 2038 9.
1687 2000 1716 2040 §.
1733 2010 1765 2041 5.
1779 2000 1822 2042 ff.
1839 2001 1873 2033 de
1884 2000 1959 2043 Jur.

1097 2044 1132 2079 δέ’
1149 2044 1230 2084 fati.
1255 2045 1352 2085 ignor.
1386 2043 1528 2084 loquitur
1544 2042 1626 2074 enim
1645 2041 1844 2083 Rescriptum
1870 2043 1910 2074 de
1924 2041 1960 2075 fi·

1096 2085 1312 2117 deicommiss‘o
1332 2108 1341 2123 ‚
1375 2084 1407 2116 in
1434 2094 1497 2124 quo
1525 2084 1678 2115 duntaxat
1693 2083 1841 2115 Falcidiae
1859 2091 1960 2116 reten-

1098 2128 1216 2158 tionem
1235 2126 1296 2158 effe
1316 2135 1356 2157 cx
1375 2124 1610 2166 [effluxionibus
1627 2133 1741 2156 notum
1758 2123 1812 2156 est.
1849 2124 1961 2157 Simile

1096 2168 1298 2209 Rescriptum
1323 2166 1369 2198 est
1392 2167 1424 2198 in
1458 2167 1479 2198 Ζ.
1496 2176 1526 2204 9.
1560 2167 1654 2199 Clari
1674 2166 1715 2198 L.
1732 2165 1845 2198 Falcid.
1867 2174 1961 2213 negat

1097 2210 1181 2241 enim
1201 2212 1231 2241 <St
1248 2209 1278 2240 id
1295 2209 1517 2250 repetitionem
1534 2215 1673 2249 quartae,
1697 2216 1752 2249 per
1766 2216 1904 2239 errorem
1913 2215 1960 2248 Ju-

1097 2252 1140 2282 ris
1157 2251 1188 2282 iii
1207 2249 1446 2282 fideicommiffo
1471 2258 1534 2281 non
1554 2258 1685 2280 retentae
1697 2272 1706 2288 ,
1732 2249 1762 2280 &
1778 2249 1861 2281 inter
1879 2257 1962 2281 erro-

1096 2302 1163 2324 rem
1180 2291 1257 2323 fatti
1276 2292 1305 2323 ὃς
1323 2290 1399 2331 iuris
1417 2289 1586 2322 manifeste*
1598 2289 1772 2322 distinouit.

1991 1782 2008 1941 ·-·-2-r--1

1140 2334 1172 2365 Si
1190 2334 1355 2374 placeant,
1379 2341 1447 2373 quae
1467 2332 1515 2362 hoc
1537 2332 1638 2372 Capite
1662 2313 1839 2372 disputavi,
1861 2331 1962 2373 place·

1098 2385 1131 2422 re
1145 2384 1208 2406 non
1227 2375 1371 2415 poliunt,
1397 2383 1467 2414 quae
1487 2371 1964 2419 habet-DuarenusadL.Falci-

1099 2418 1178 2448 diam
1210 2417 1242 2447 C.
1268 2415 1353 2446 vul.
1389 2424 1458 2455 qua:
1483 2413 1631 2454 CuJacius
1661 2411 1806 2459 L.v111.
1835 2412 1960 2455 Observ.

1101 2459 1134 2490 C.
1153 2467 1182 2489 2.
1208 2458 1243 2492 ὅ*
1267 2458 1306 2488 L.
1329 2455 1372 2489 X.
1406 2456 1438 2487 C.
1455 2460 1506 2489 28.
1539 2464 1608 2495 quae
1623 2454 1781 2485 Antonius
1798 2453 1896 2486 Faber
1918 2453 1962 2486 L.

1103 2499 1160 2531 VI.
1186 2498 1311 2572 Csqnjeti.
1339 2498 1370 2528 C.
1390 2506 1419 2528 ρ.
1444 2497 1474 2528 &
1490 2505 1560 2536 quae
1580 2495 1684 2535 plures
1699 2495 1771 2534 alii,
1796 2504 1876 2535 quos
1898 2504 1964 2528 non

1103 2550 1195 2573 recen
1212 2550 1261 2572 eo.

1221 2637 1394 2673 Viri.

1105 2728 1181 2761 locis
1207 2725 1382 2760 adhihenda
1407 2722 1460 2758 vel
1483 2721 1669 2769 rejicienda.-

1102 2822 1195 2855 nobfs
1212 2821 1287 2853 licet
1299 2845 1308 2860 ,
1333 2819 1354 2852 ss
1373 2828 1421 2852 res
1443 2818 1583 2860 postulet
1598 2842 1607 2858 ,
1632 2819 1771 2861 postulat
1789 2825 1893 2851 autem
1910 2818 1982 2856 ali-3

1103 2863 1227 2905 quando
1251 2863 1282 2893 in
1311 2861 1392 2893 locis
1420 2870 1437 2892 a
1463 2859 1631 2892 Taurellio
1657 2860 1793 2899 omiffis,
1819 2860 1850 2892 in
1867 2858 1966 2899 aliis‘,

1101 2914 1181 2945 quos
1199 2902 1263 2944 ipse
1279 2902 1451 2940 indicavit,
1476 2901 1648 2942 geminatio
1665 2901 1704 2934 sae
1727 2911 1744 2932 e
1756 2911 1820 2933 non
1839 2902 1969 2933 eratne*

1101 2944 1227 2977 cess‘aria
1237 2968 1246 2983 ,
1269 2944 1335 2975 imo
1351 2943 1446 2974 etiam
1462 2942 1653 2984 importuna.
1732 2952 1750 2973 e
1765 2950 1901 2984 utroque
1915 2949 1965 2984 ge-

1101 2996 1175 3018 nere
1195 2984 1333 3022 quaedam
1351 2984 1452 3015 dicam
1472 2993 1528 3025 per
1547 2982 1692 3026 satyram.

1144 3026 1178 3059 In
1200 3027 1222 3058 Ζ.
1237 3035 1290 3065 55.
1305 3025 1345 3067 ff.
1365 3026 1398 3056 cle
1419 3023 1557 3057 Heredit.
1575 3027 1665 3066 petit.
1685 3026 1730 3057 ita
1745 3024 1897 3067 scriptum
1910 3022 1964 3059 esti

1102 3067 1214 3100 Evibla
1231 3068 1390 3098 hereditate
1407 3088 1419 3105 ,
1448 3068 1524 3098 honae
1554 3065 1606 3097 'dei
1618 3065 1769 3108 pffffor,
1790 3067 1864 3109 quod
1883 3065 1928 3099 Le
1950 3077 1965 3101 e

1102 3109 1225 3151 Aquilia
1250 3107 1387 3154 exegzffet
1403 3129 1414 3146 ,
1442 3117 1500 3139 non
1532 3107 1670 3148 implum,
1681 3108 1737 3149 de
1754 3107 1872 3148 duplum
1887 3117 1917 3141 re
1943 3109 1967 3140 iz

1098 3157 1168 3182 niet.
1214 3149 1263 3181 An
1281 3149 1376 3190 igitur
1392 3148 1483 3181 bonae
1502 3149 1575 3181 fidei
1592 3147 1744 3190 poss'effor
1760 3147 1906 3181 restituet
1923 3149 1965 3182 al·
2004 3155 2008 3159 ’

1096 3200 1199 3225 terum
1229 3198 1352 3226 tantuin
1375 3189 1441 3230 ejus
1458 3213 1469 3230 ,
1504 3189 1590 3232 quod
1614 3189 1751 3232 exegit?
1774 3189 1817 3228 fic
1836 3189 1977 3264 dicei-ff..

1948 3238 1966 3262 t
