2008 3436
186 106 254 147 148
455 101 852 138 CORNELII
918 110 1025 139 van

183 182 342 219 attinebit,
363 180 392 221 fi
405 182 582 226 qztisgorgm
597 192 680 227 quem
696 182 842 229 pulsaffe,
857 180 922 222 five
941 182 1047 225 injicrz'-

182 233 231 254 am
243 222 347 263 feeiffo
367 230 518 266 arguetur.
563 223 634 256 Nec
661 225 775 262 etiam,
798 225 829 256 111
849 225 956 256 eadem
975 232 1047 254 can-

181 263 231 303 sa,
252 264 397 296 distinxit
415 265 624 307 Pomponius,
643 268 673 298 &
689 266 820 298 Veteres
836 265 917 305 Juris
932 264 1047 296 Αυξὶο-

182 315 249 344 103,
274 306 312 337 ab
330 316 375 340 eo·
385 306 520 348 laudati,
542 306 575 340 in
592 308 613 339 l.
631 308 685 339 uit.
704 307 744 348 ff.
764 308 802 340 de
822 306 983 349 Legation.
1002 305 1048 337 ni-

180 347 241 379 mis
268 346 390 379 scilicet
413 348 491 390 juris
515 348 657 390 publici,
704 348 767 379 uod
795 349 890 379 etiarn
917 346 1045 390 profite-

182 389 317 426 bantur,
340 389 453 430 periti,
477 399 568 431 quam
585 398 621 421 ut
638 390 670 422 in
681 358 816 430 (iegato,
839 389 895 430 ,(1111
916 387 1046 420 codicil-

181 430 233 466 los
250 430 343 462 habet
363 440 381 462 a
398 430 562 472 Principe,
585 431 637 463 vel
654 431 794 472 populo,
819 430 874 471 qui
901 429 945 461 sui
968 429 1045 469 juris

181 470 248 510 est,
270 473 436 514 quicquam
461 471 602 504 facerent
623 471 811 504 discriminis
836 472 868 503 in
893 471 953 510 iis,
974 479 1045 512 quae

183 513 313 587 &Aure
329 513 481 551 Gentium
497 512 701 550 descendunt.

263 555 409 586 ollandire
425 553 576 593 Ordines,
593 554 624 585 id
640 555 689 595 jus
705 554 848 595 sequuti,
866 555 961 586 etiam
980 563 1048 585 om-

183 605 238 628 nes
256 595 372 637 species
389 596 583 637 legatorum,
601 597 653 636 qui
671 605 754 628 nunc
772 595 842 628 sunt
858 596 889 628 in
904 594 960 627 usu
971 617 982 634 ‚
999 604 1045 627 re-

186 638 395 678 censuerunt,
419 647 492 669 cum
515 637 581 668 vim
606 636 749 677 injustam
773 647 790 669 a
805 637 916 678 legatis
939 645 1045 668 arcen-

183 678 256 710 dam
282 678 489 710 decreverunt
505 700 518 716 ,
547 687 619 710 nam
644 688 719 710 ecce
751 688 834 710 anno
872 682 963 718 1651.
995 687 1047 714 29.

182 720 283 752 Mart.
321 719 435 751 Edicto
458 718 543 750 facto
568 720 772 759 graviffimarn
800 720 1046 761 indignationem

181 759 268 792 suam
284 760 394 792 minati
410 758 500 800 sunt,
525 760 547 792 fi
563 761 631 801 quis
648 761 762 803 legatis
776 770 928 793 eorumve
944 760 1042 792 comi-

182 802 268 833 tibus
284 825 294 840 ,
327 800 460 840 domui,
493 802 659 833 caeterisve
687 802 780 834 rebus
804 803 938 843 aliquam
964 802 1042 841 iniu-

180 843 260 875 riam
286 842 412 874 fecisset
430 865 441 881 ,
474 842 698 883 Amhaffadeurs
713 866 724 882 ,
755 844 844 884 aiunt
860 867 870 883 ,
902 842 1041 881 Reficlen-

181 890 231 915 ten
242 906 254 922 ,
278 884 436 927 Agenten,
454 885 489 924 of
499 885 605 915 andere
623 884 779 926 Ministers
791 895 853 916 van
872 885 1022 926 Coningen
1033 905 1044 922 ,

180 926 314 957 Princen
325 949 336 965 ,
361 925 605 967 Republycqzien,
631 927 665 967 of
678 929 783 959 andere
794 951 804 966 ,
825 928 859 957 de
876 936 964 957 naam
982 934 1043 956 van

176 967 331 1009 publicqzie
357 965 515 1008 Minzsters
532 968 687 1010 dragonde.
734 968 847 1008 Neque
870 967 966 999 etiam
984 967 1043 998 Or-

181 1008 271 1040 dines
297 1008 468 1042 Gener-ales
486 1008 642 1042 Foederati
657 1010 759 1052 Belgii
772 1009 981 1042 distinxerunt
1000 1008 1044 1039 in-

183 1059 232 1081 ter
247 1049 384 1091 Legatos
403 1050 433 1081 in
459 1050 563 1081 Edic'io
588 1061 618 1088 9.
645 1051 722 1092 Sept.
752 1054 839 1092 1'679-
867 1051 897 1082 &
920 1049 1045 1082 Decreta

186 1100 234 1128 19.
261 1090 340 1132 ἵκῃ.
370 1094 463 1125 1681.
486 1091 529 1122 de
554 1101 618 1132 quo
646 1100 779 1134 utroque
795 1092 907 1123 deinde
924 1092 1046 1133 plenius

181 1141 338 1173 agemus,
369 1131 422 1164 sed
452 1134 504 1164 vel
531 1134 729 1175 conjungunt
761 1133 984 1174 Ambaffcideurs
1007 1142 1046 1163 en

183 1173 362 1215 Ministers,
383 1173 436 1205 vel
461 1174 500 1206 de
524 1173 572 1206 his
596 1174 671 1207 solis
689 1177 886 1218 loquuntur,
909 1173 1046 1216 generali

186 1216 411 1259 appellatione.
482 1248 484 1250 ,
891 1251 894 1257 ¹

226 1256 310 1288 Haec
326 1266 364 1287 eo
380 1257 560 1297 pertinent,
584 1267 619 1289 ut
636 1258 787 1295 sciamus,
810 1258 841 1289 in
861 1255 1045 1298 quaestffine,

182 1307 277 1339 quam
300 1307 384 1330 nunc
408 1300 587 1332 excutimus
604 1299 642 1330 de
657 1299 733 1330 foro
749 1298 947 1340 competenti
964 1298 1046 1338 lega-

184 1348 312 1378 torum,
333 1338 583 1380 distinguendum
608 1350 669 1372 non
689 1340 809 1378 videri,
830 1341 919 1379 quus
938 1339 1046 1370 condi-

183 1380 281 1412 tionis
297 1380 348 1412 vel
374 1380 511 1412 nominis
531 1376 631 1422 legati
641 1380 780 1421 fuerint,
803 1391 874 1413 nam
892 1380 940 1421 jus
957 1389 1047 1411 revo-

814 1477 1170 1515 CAPUT

689 1567 802 1604 Forum
827 1574 1006 1615 competens
1028 1566 1108 1601 unde
1132 1564 1286 1613 oestimari
1311 1573 1464 1613 oporteat.

230 1662 315 1705 gitur
336 1663 569 1706 qualescunque
594 1664 690 1706 legati
710 1663 915 1706 disputationi
934 1662 1048 1695 nostrae

243 1713 462 1745 argumentum
486 1707 638 1746 praebent.
693 1706 877 1747 Priusquam
899 1729 910 1745 ,
939 1705 991 1736 ubi
1017 1705 1050 1736 hi

187 1747 440 1784 conveniantur,
464 1747 515 1778 vel
534 1746 742 1787 accusentur,
767 1757 862 1789 porro
881 1747 1048 1788 inquiram,

184 1788 331 1820 intererit
360 1786 463 1826 scire,
489 1798 559 1829 quae
585 1787 648 1820 fori
677 1789 889 1830 competentis
909 1788 1000 1828 origo
1020 1788 1051 1820 &

183 1838 295 1861 natura
315 1828 360 1860 fit.
410 1829 522 1860 Omnis
542 1830 736 1870 jurisdic'tiQ
762 1840 834 1862 cum
852 1830 883 1861 in
903 1829 992 1862 causa
1007 1829 1050 1860 ci-

185 1871 263 1909 vili,
285 1877 352 1902 tum
370 1870 548 1910 criminali,
572 1869 669 1903 solius
696 1871 852 1913 Principis
868 1871 935 1911 est,
960 1870 1052 1902 hanc-

185 1921 247 1952 que
273 1911 323 1942 vel
347 1910 410 1952 ipse
435 1921 584 1944 exercere
603 1912 726 1954 potest,
750 1913 802 1944 vel
817 1913 908 1945 alteri
927 1911 1051 1944 manda-

184 1962 228 1985 re.
255 1953 425 1994 Utcunque
442 1954 615 1995 placuerit,
639 1963 730 1986 extra
752 1953 900 1996 personas
917 1954 971 1986 vel
987 1963 1050 1991 res,

184 1994 324 2035 Imperio
343 1995 409 2035 ejus
425 1994 581 2033 subditas,
601 1997 783 2037 neutiquam
795 2006 830 2027 ea
847 1995 976 2028 extendi
995 2004 1050 2036 po-

186 2036 280 2067 terit:
306 2045 376 2067 nam
395 2045 430 2068 ut
450 2037 531 2078 Juris
549 2036 665 2069 Civilis
684 2037 845 2069 decretum
870 2037 915 2069 est
931 2061 941 2077 ,
966 2042 1052 2067 extra

185 2078 365 2108 territorium
380 2077 431 2118 jus
456 2079 567 2109 dicenti
588 2079 703 2119 impune
727 2090 784 2110 non
798 2080 919 2120 pareri,
940 2079 984 2110 ita
999 2077 1051 2117 Ju-

187 2118 232 2149 ris
242 2116 397 2148 Gentium
414 2126 501 2156 vox,
515 2120 644 2160 impera,
654 2119 709 2161 sod
727 2120 906 2162 infiibditos.
931 2119 1051 2152 Pendet

187 2169 225 2190 ea
242 2168 290 2190 res
307 2158 407 2202 asola
424 2159 632 2200 subjefflone,
658 2161 688 2193 ὅ(
703 2161 818 2202 absque
834 2171 871 2193 ea
894 2162 916 2195 fi
937 2161 992 2199 fit,
1013 2161 1052 2191 ir-

185 2201 248 2238 rita
268 2199 315 2230 est
337 2200 440 2235 omnis
468 2200 642 2240 jurisdictio
660 2224 671 2240 ‚
694 2203 724 2234 ὅτ.
748 2203 861 2242 irrita,
892 2213 961 2244 quae
983 2210 1051 2234 eam

187 2241 362 2283 praecedit,
386 2241 417 2273 in
439 2241 489 2282 jus
512 2242 652 2274 vocatio.
698 2244 731 2277 Si
749 2245 818 2286 quis
836 2244 868 2276 in
890 2245 939 2285 jus
959 2252 1052 2276 voca-

188 2290 238 2314 tus
259 2291 324 2314 non
349 2282 466 2322 iverit,
489 2283 605 2316 multra
623 2293 747 2317 tenetur
763 2286 784 2317 l.
809 2296 836 2318 2.
862 2285 889 2327 §.
919 2295 931 2317 1
947 2285 988 2327 ff.
1017 2285 1051 2318 Si

186 2325 252 2371 quis-
268 2325 301 2354 in
312 2324 363 2367 jus
377 2329 476 2359 vocat.
492 2334 550 2356 non
561 2326 640 2358 iver.
665 2335 697 2358 at
713 2327 782 2368 quis
800 2327 948 2358 muletam
965 2326 1051 2358 dicet

168 2375 219 2400 >⁴m
245 2374 309 2396 non
336 2364 494 2398 subditum
509 2366 526 2398 ἱ)
550 2367 603 2439 qui
631 2367 728 2408 1111113
746 2376 880 2400 vocatus
895 2368 1054 2408 fidejusso-

188 2415 255 2439 rem
270 2406 358 2439 dedit
369 2429 380 2445 ,
402 2405 453 2438 sed
470 2416 535 2439 non
568 2407 724 2449 ubjettum
740 2409 949 2449 Jurisdiffloni
966 2410 1055 2450 eJ'us,

188 2447 227 2494 ad
244 2455 339 2488 quem
356 2457 511 2488 vocat-ur,
535 2458 603 2489 pro*
617 2459 682 2493 non
697 2451 773 2482 dato
788 2449 946 2492 fidejussor
964 2451 1054 2483 habe-

190 2489 279 2520 bltur
298 2489 319 2521 l.
335 2498 361 2521 1.
379 2489 420 2531 ff.
444 2491 503 2522 eod.
528 2490 684 2524 Omnibus
702 2491 1055 2534 Magistratibussecun-

190 2532 260 2561 dam
276 2529 327 2571 jus
346 2529 499 2573 potestatis
514 2531 776 2573 ficoeVconceffum
798 2531 843 2565 est
859 2532 1051 2574 1111130116ὶί0-

190 2579 262 2602 nem
283 2570 369 2603 suar-n
384 2571 553 2603 defendere
570 2573 692 2613 judicio
716 2574 833 2615 poenali
850 2574 870 2606 l.
900 2584 927 2607 1'.
946 2581 994 2616 pr.
1013 2575 1056 2617 ff.

185 2611 215 2651 fi
230 2613 294 2653 quis
306 2612 357 2654 jus
375 2613 488 2643 diemo&
503 2623 561 2644 non
584 2615 704 2655 obtemp.
730 2622 762 2646 at
780 2625 850 2655 qnae
871 2616 1008 2656 potestas
1025 2618 1056 2649 in

191 2651 338 2694 personas
364 2653 416 2685 vel
441 2662 509 2693 res,
533 2653 743 2696 jurisdiCtioni
762 2656 967 2698 Magistratus
991 2668 1057 2690 non

191 2693 355 2726 subditas?
378 2694 447 2735 quis
464 2694 562 2730 judex
581 2703 644 2726 non
663 2695 821 2728 subditum
841 2707 935 2737 cogat
952 2698 988 2730 ad
1006 2699 1055 2738 id,

216 2734 278 2766 uod
295 2743 472 2768 extremum
491 2734 536 2767 est
553 2736 585 2767 in
603 2735 848 2776 Jurisdiftione?
865 2729 991 2780 Nempe
1002 2739 1056 2771 ubi

209 2785 298 2808 umus
307 2799 320 2816 ,-
343 2776 568 2816 convenimur,
588 2777 664 2818 quia
694 2776 824 2818 subjetti
855 2777 978 2817 sumus3
1001 2781 1054 2811 ubi

192 2818 430 2856 contraximus,
455 2817 684 2858 convenimur,
709 2819 802 2865 quia,
823 2817 897 2851 dum
927 2819 1055 2860 subJecti

193 2868 338 2898 eramus,
360 2860 602 2898 contrahentes,
626 2862 686 2891 nos
701 2868 729 2891 ei
747 2859 958 2900 jurisdictioni
976 2862 1056 2893 obli-

193 2899 349 2941 gavimus.
393 2900 474 2932 Cum
498 2900 549 2932 lex
566 2900 632 2938 ait,
655 2910 694 2932 ne
708 2901 777 2942 quis
795 2902 980 2940 contrahat,
1002 2902 1059 2937 nisi

192 2943 224 2973 δε
244 2941 375 2982 impleat
402 2942 583 2973 contractus
602 2941 714 2982 fidem,
739 2942 778 2973 de
795 2942 943 2983 subJettis
957 2943 989 2974 lo
1013 2943 1057 2974 ui-

195 2990 246 3013 tur
258 2992 267 3020 3
278 2984 306 3014 ὄε
322 2982 353 3014 id
368 2982 457 3023 J'ubet
468 3006 476 3020 ‚
489 2983 562 3024 quia
578 2982 706 3024 subjecti
718 2982 838 3025 sumus,
850 2983 972 3015 inutilis
984 2994 1000 3015 a
1016 2984 1058 3014 io-

196 3024 273 3063 quin
290 3023 335 3054 est
351 3033 386 3055 ea
404 3022 514 3063 juffio,
537 3032 572 3055 ut
586 3022 632 3056 est
647 3025 749 3057 omnis
763 3025 837 3064 lex,
860 3025 891 3056 in
907 3034 972 3060 non
990 3023 1058 3056 sul>-

200 3063 301 3096 ditum
322 3064 444 3105 scripta.

238 3105 397 3144 Subjcttio
413 3114 537 3146 autem,
555 3114 591 3138 ut
609 3106 705 3139 modo
723 3107 917 3146 indicabam,
939 3107 1057 3148 duplex

195 3143 260 3183 est,
284 3146 380 3177 altera
407 3147 573 3187 personae,
602 3148 700 3180 altera
729 3149 772 3180 rci
792 3171 804 3188 ,
834 3149 864 3180 111
898 3148 1056 3190 Imperio,

194 3194 260 3226 quo
274 3185 313 3217 de
329 3187 431 3227 agitur
445 3210 456 3226 ,
478 3188 540 3221 iitae
549 3211 562 3228 ,
583 3189 614 3222 δε
633 3198 675 3223 ex
695 3198 826 3233 utraque
843 3189 950 3224 forum
963 3190 1053 3225 sorti-

1087 99 1693 138 BYNKERSHOEK

1092 182 1182 218 candi
1200 181 1334 217 domum
1350 201 1365 221 ,
1393 181 1478 223 quod
1501 181 1613 223 legatis
1636 178 1767 221 debetur
1782 207 1794 223 ‚
1813 182 1945 222 debetne

1091 233 1132 255 ex
1149 224 1215 264 iure
1238 221 1409 262 Gentium,
1434 223 1562 264 ejusque
1586 224 1753 265 participe:
1779 224 1849 257 sunt
1882 235 1943 263 nm

1091 274 1213 299 tantum
1231 265 1324 305 legati
1342 265 1469 305 prime,
1493 264 1545 296 scd
1561 265 1594 297 &
1610 264 1756 297 secundae
1775 267 1804 298 ὅ(
1821 266 1946 311 inferio-
1990 296 1991 299 ,

1088 308 1132 340 ris
1157 306 1331 347 dignitatis.
1369 306 1484 346 thue
1510 305 1588 337 adeo
1609 304 1743 338 nesciam
1760 329 1770 345 ,
1793 316 1858 348 quo
1879 309 1945 349 jin

1089 348 1187 381 Curia
1198 347 1380 380 Hollandiae
1397 347 1490 379 Anno
1505 349 1585 387 1⁶44
1601 346 1836 380 &manifestius
1852 349 1949 384 Anno

1092 392 1183 430 1659.
1217 387 1439 434 responderit,
1471 388 1526 420 illa
1550 390 1728 429 legatorum
1750 387 1916 432 privilegia
1931 410 1947 433 3

1089 431 1200 472 quibus
1213 429 1615 470 iurisdietionieximuntur
1628 435 1739 476 eorum
1750 453 1760 468 ‚
1776 432 1854 472 apud
1871 438 1948 474 qum
1997 432 1998 437 ’

1088 473 1223 514 degunt,
1249 471 1286 503 ad
1307 480 1361 505 eos
1390 470 1543 503 duntaxat
1567 480 1742 512 pertine1e,
1766 472 1840 512 qui,
1864 480 1951 506 uta-v

1089 514 1180 554 jum,
1206 522 1274 547 cum
1296 514 1439 546 eminenti
1464 511 1502 548 ἐξ
1511 513 1629 554 samma
1649 513 1801 554 dignitate
1819 515 1950 548 1111111111,

1088 565 1162 594 tur,
1185 555 1215 586 &
1230 553 1453 595 Ambaffadeurs
1473 555 1678 595 appellantur.
1725 552 1879 596 Responsa
1895 556 1948 588 illa

1088 604 1193 628 narrat
1214 596 1357 628 Aitzema
1372 595 1460 627 Libr.
1483 595 1610 628 XXIV.
1622 602 1655 637 p.
1671 605 1708 626 m.
1725 605 1798 636 792.
1814 598 1844 628 ὅ(
1862 596 1946 629 Libr.

1089 636 1256 671 XXXIX.
1278 643 1307 677 p.
1330 647 1368 667 m.
1383 640 1457 671 680.
1501 637 1606 678 Atque
1623 645 1658 669 ea
1671 638 1794 670 ratione
1813 637 1947 680 ipsailla

1090 679 1186 711 Curia
1211 676 1414 715 Hollandiae,
1440 687 1511 709 cum
1537 687 1586 717 25.
1612 678 1682 710 05³2.
1713 678 1852 718 ejtisdem
1867 680 1948 712 anni

1094 724 1184 762 1644.
1217 719 1363 750 Edictum
1395 719 1610 758 vromulgaffcc
1633 719 1778 752 adversus
1798 729 1874 759 eos,
1896 721 1948 762 qui

1089 761 1127 793 ad
1152 761 1327 801 legatorum
1354 770 1379 790 ae
1404 770 1438 791 es
1458 759 1646 793 concursum
1666 783 1678 798 ,
1709 761 1831 792 turbam
1851 785 1861 800 ,
1884 763 1949 794 vim

1086 801 1228 834 faciunt:
1251 810 1313 833 non
1334 799 1379 832 est
1403 802 1535 842 loquuta
1560 801 1616 833 nifi
1635 801 1673 833 de
1702 801 1777 834 solis
1794 802 1911 834 aedibus
1929 803 1950 830 ἓ

1088 842 1329 883 Ambaffadeurs,
1353 851 1390 873 ac
1407 842 1428 874 11
1445 842 1514 874 aliis
1529 842 1684 874 minorum
1703 842 1854 875 Gentium
1871 844 1948 886 lega-

1088 885 1129 916 tis
1147 883 1219 916 satis
1236 892 1364 915 cautum
1379 882 1456 915 effen
1469 885 1537 924 jure
1551 884 1732 922 communi,
1752 884 1803 915 vel
1822 884 1870 917 his
1885 895 1948 919 non

1087 925 1252 957 deberetur
1277 934 1313 956 ea
1339 925 1454 963 tuitio,
1476 934 1544 966 quae
1566 925 1718 965 majorum
1737 923 1889 958 Gentium
1909 927 1949 959 le-

1087 968 1168 1009 gatis
1184 967 1317 999 debetur
1329 990 1339 1006 ,
1365 975 1436 998 cum
1454 974 1557 998 tamen
1577 966 1704 1007 utrique
1719 967 1846 999 veniant
1867 977 1952 1010 aeque

1089 1009 1151 1041 fide
1177 1008 1325 1050 publica,
1349 1017 1439 1048 aeque
1468 1018 1486 1039 a
1511 1008 1660 1048 Principe
1683 1007 1727 1039 sui
1753 1008 1834 1048 Juns
1854 1031 1864 1047 ,
1894 1017 1954 1046 nou

1113 1050 1260 1091 uicquam
1276 1056 1394 1088 mutet,
1420 1049 1460 1088 si,
1483 1050 1535 1081 vel
1554 1057 1588 1080 ut
1607 1048 1781 1090 sumptibus
1798 1054 1953 1093 parcatur.

1089 1059 1151 1124 Vsive
1177 1091 1237 1123 alia
1263 1090 1302 1122 de
1325 1090 1436 1128 causa,
1458 1090 1524 1121 alio
1543 1099 1639 1131 atque
1663 1091 1727 1121 ano
1758 1093 1955 1124 nomineeoe

1089 1132 1291 1174 appellemus.
1337 1132 1416 1163 Sunt
1434 1131 1594 1172 Principes
1603 1154 1614 1170 ,
1638 1131 1692 1172 qui
1708 1141 1865 1173 nunquam
1882 1133 1953 1165 mit-

1090 1182 1162 1205 tunt
1181 1172 1423 1214 Amhaffadeurs‚
1448 1182 1557 1204 eorum
1581 1173 1675 1214 igitur
1702 1174 1825 1214 legatos
1847 1174 1865 1206 a
1882 1174 1955 1214 Jure

1089 1214 1243 1246 Gentium
1271 1215 1500 1245 excludemus?
1523 1224 1559 1245 ea
1581 1214 1667 1254 juris
1680 1213 1805 1246 Publici
1824 1216 1956 1256 pruden-

1088 1257 1132 1287 tia
1156 1266 1214 1287 nos
1238 1265 1302 1287 non
1329 1257 1446 1287 utimur
1463 1279 1473 1294 ,
1508 1262 1537 1287 oc
1564 1264 1631 1286 eam
1652 1254 1744 1286 etiam
1770 1256 1884 1288 merito
1903 1256 1955 1288 da-

1088 1304 1234 1329 mnarunt
1247 1295 1457 1337 &Vicquesort
1475 1306 1511 1327 en
1519 1297 1784 1337 αἕω][111ὺαὶαὶιιίιηιν
1794 1297 1861 1328 L.l.
1877 1296 1954 1328 Sest.

1087 1347 1120 1378 5.
1133 1340 1229 1378 princ.
1251 1338 1281 1370 &
1300 1337 1375 1369 Se&
1396 1348 1446 1378 27.
1478 1344 1511 1377 p.
1534 1343 1606 1378 813.
1626 1337 1654 1368 ἃ
1675 1337 1816 1368 Aitzema
1837 1340 1867 1369 d.
1883 1339 1956 1370 Lib.

1090 1379 1226 1412 XXIV.
1246 1386 1278 1420 p.
1303 1389 1341 1411 m.
1367 1388 1436 1420 799.
1463 1378 1493 1410 ἃ
1515 1383 1586 1414 800.
1613 1378 1643 1410 ὅ(
1659 1385 1732 1411 ante
1751 1387 1807 1410 eos
1827 1379 1894 1411 alii.

1270 1477 1331 1513 ΙΙ.

1886 1628 1888 1632 ’
1931 1625 1948 1644 ζ·

1092 1674 1172 1697 111111.
1197 1664 1333 1697 Persona
1352 1663 1459 1696 forum
1489 1662 1623 1696 sortitur
1643 1671 1683 1696 ex
1699 1662 1775 1695 loco
1794 1660 1960 1704 domicilii,

1093 1708 1165 1746 quia
1190 1706 1247 1738 nisi
1296 1706 1476 1747 rivilegium
1508 1704 1611 1736 obstet
1627 1729 1636 1745 ‚
1670 1705 1869 1747 Magistratui
1899 1705 1955 1738 suo

1095 1747 1230 1788 subjecta
1247 1716 1301 1780 011.
1338 1747 1389 1779 De
1406 1745 1527 1779 arrestis
1538 1771 1548 1786 ,
1573 1755 1608 1778 ut
1624 1748 1725 1778 verbo
1739 1746 1853 1779 forensi
1862 1769 1874 1785 ,
1887 1747 1955 1778 ubi-

1096 1799 1157 1830 que
1181 1798 1266 1821 nunc
1289 1797 1420 1829 recepto
1437 1812 1448 1828 ,
1481 1796 1573 1828 utar,
1604 1798 1645 1820 ex
1670 1787 1736 1820 sola
1767 1786 1957 1828 subJettione

1090 1831 1184 1863 etiam
1206 1831 1417 1862 aestimandum
1442 1828 1494 1862 est.
1540 1830 1589 1862 An
1613 1829 1724 1862 arresta
1745 1830 1824 1870 apud
1841 1829 1954 1861 Roma-

1091 1881 1150 1905 nos
1172 1872 1293 1906 fuerint
1309 1872 1340 1904 in
1358 1871 1435 1911 usu,
1460 1872 1491 1904 &
1512 1871 1619 1904 forum
1636 1878 1819 1912 competens
1838 1871 1955 1903 tribue-

1092 1916 1177 1955 rint,
1203 1924 1239 1948 ut
1267 1913 1362 1945 hodie
1386 1914 1502 1955 ubique
1525 1913 1593 1945 fere
1614 1912 1767 1945 Gentium
1792 1910 1954 1952 tribuunt,

1094 1965 1157 1989 non
1177 1958 1222 1990 est
1233 1979 1244 1996 ‚
1267 1965 1303 1987 ut
1319 1955 1444 1997 prolixe
1457 1955 1622 1997 inquiram.
1646 1954 1865 1988 Omnino-non
1879 1953 1956 1987 fuis-

1094 1998 1126 2030 se
1142 2000 1177 2035 1111
1191 1999 1231 2033 us
1228 2009 1247 2031 u
1256 2021 1265 2037 ‚
1275 2007 1341 2029 non
1355 1997 1449 2029 aufim
1465 1996 1635 2028 adfirmare.
1641 1995 1720 2028 Cum
1734 2003 1784 2034 e0,
1798 1995 1873 2036 qui,
1882 2003 1956 2035 cum

1094 2040 1263 2073 Provincia
1281 2038 1399 2077 abiret,
1416 2038 1599 2080 pecuniam,
1621 2046 1690 2078 quae
1705 2045 1800 2078 penes
1818 2034 1850 2067 se
1864 2035 1956 2077 effet,

1095 2082 1136 2114 ad
1161 2081 1303 2114 aerarium
1329 2078 1484 2120 profeffus
1510 2078 1695 2116 retinuerit,
1718 2085 1781 2110 non
1805 2075 1956 2118 essequi⁴

1094 2125 1164 2160 dem
1180 2122 1306 2155 ressduae
1324 2120 1466 2160 pecuniae
1485 2120 1638 2152 actionem
1653 2118 1769 2152 Paulus
1785 2117 1904 2160 scripsit
1924 2119 1956 2153 in

1094 2167 1116 2199 l.
1137 2177 1167 2204 9.
1193 2163 1222 2205 §,
1244 2164 1298 2194 ult.
1316 2161 1358 2203 ff.
1380 2162 1417 2192 ad
1440 2161 1479 2193 L.
1496 2160 1564 2202 Jul.
1579 2161 1676 2202 pecul⁸
1695 2159 1746 2192 sed
1763 2167 1866 2192 tamen
1885 2163 1956 2202 posi

1095 2207 1126 2240 se
1146 2215 1238 2244 eum,
1262 2203 1315 2245 qui
1334 2203 1395 2234 1100
1412 2202 1546 2243 imperio
1564 2202 1684 2240 utitur,
1707 2210 1775 2232 eam
1792 2203 1956 2254 pecuniarq

1096 2249 1221 2284 exigere
1234 2248 1365 2287 ,pignus
1376 2245 1513 2284 capiendo
1525 2267 1535 2282 ,
1554 2242 1722 2276 CORPUS
1738 2241 1955 2277 RETINEN-

1095 2282 1181 2328 D(J,
1208 2287 1345 2319 mulctam
1362 2286 1491 2317 dicendo.
1536 2284 1579 2316 Et
1596 2283 1741 2317 adversus
1758 2286 1952 2326 peregrinos

1095 2333 1206 2373 utique
1235 2330 1266 2361 in
1293 2326 1383 2360 causa
1408 2326 1594 2365 criminali,
1623 2324 1868 2366 Juriffiittionem
1897 2307 1958 2362 eff}

1096 2373 1248 2416 fignificat
1265 2369 1418 2401 Proculus
1439 2367 1471 2399 in
1492 2368 1514 2399 i.
1533 2377 1560 2409 7.
1575 2367 1616 2409 ff.
1640 2368 1674 2398 de
1695 2367 1810 2408 Captiv.
1831 2365 1869 2402 ὅ)
1879 2365 1956 2411 post}

1099 2415 1163 2448 lim.
1184 2411 1289 2453 reveif
1315 2419 1386 2443 nam
1412 2418 1485 2441 cum
1504 2409 1535 2441 in
1549 2411 1646 2450 princ.
1672 2407 1816 2446 dixisset,
1839 2407 1959 2443 liberos

1101 2457 1131 2489 &
1147 2454 1319 2488 foederatos
1345 2451 1436 2483 nobis
1463 2459 1591 2483 exteros
1612 2448 1693 2488 effe,
1715 2448 1800 2480 addit
1825 2448 1856 2480 in
1872 2448 1902 2490 §.
1925 2456 1956 2487 ε,

1101 2497 1148 2530 At
1159 2495 1239 2537 fiunt
1256 2495 1332 2536 apud
1352 2502 1402 2524 nos
1418 2493 1461 2524 roi
1481 2502 1517 2523 ex
1534 2492 1712 2524 Civitatibus
1726 2489 1881 2535 foedfratis
1892 2513 1904 2529 ,
1921 2488 1960 2525 ΕΞ

1101 2541 1134 2571 in
1153 2547 1199 2570 eos
1223 2537 1374 2568 damnatos
1390 2534 1660 2565 animadvertimus.
1685 2529 1768 2572 quod
1788 2528 1907 2571 ipsum,
1924 2531 1934 2563 i

1101 2580 1231 2612 eandem
1248 2575 1454 2612 sententiam,
1476 2574 1617 2606 adfirmat
1636 2571 1750 2618 Paulus
1767 2571 1800 2618 in
1814 2572 1841 2618 J·
1865 2582 1896 2613 3.
1949 2595 1959 2622 τ

1100 2623 1133 2654 de
1158 2619 1244 2661 Offic.
1271 2616 1389 2656 Prafid.
1412 2614 1536 2647 Frustra
1551 2613 1661 2652 11111113,
1687 2612 1743 2645 11111
1764 2612 1794 2645 id
1811 2622 1861 2653 Jus
1877 2613 1960 2646 deri·

1099 2671 1209 2694 vemus
1222 2670 1262 2691 ex
1278 2658 1342 2690 sola
1359 2656 1480 2689 ratione
1503 2654 1702 2694 subJestionis
1714 2678 1724 2693 ,
1742 2661 1778 2686 ut
1794 2654 1866 2687 inde
1882 2659 1960 2700 quo}

1099 2709 1161 2745 que
1175 2699 1342 2734 derivanda
1360 2697 1405 2728 est
1422 2695 1523 2728 omnis
1540 2696 1631 2736 origo
1651 2694 1870 2737 Arrestorum,
1883 2693 1958 2738 'quiv

1099 2744 1157 2776 bus
1173 2741 1266 2774 hodie
1292 2748 1354 2771 tam
1373 2737 1498 2778 prolixe
1523 2737 1649 2768 utimur.
1696 2736 1761 2769 Cur
1777 2737 1860 2769 bona
1880 2735 1958 2769 deti·

1099 2793 1225 2822 nemus,
1250 2780 1305 2813 nisi
1325 2779 1410 2821 quod
1436 2777 1552 2810 subsint
1570 2778 1707 2819 Imperio
1724 2778 1809 2818 ejus,
1834 2777 1887 2819 qui
1913 2777 1957 2811 inv

1101 2825 1179 2866 Jefita
1202 2829 1318 2858 manu,
1339 2820 1479 2852 detinere
1501 2819 1607 2859 jubet,
1631 2819 1695 2851 five
1724 2818 1871 2858 mobilia,
1894 2818 1958 2853 ssve

1101 2863 1274 2898 immobilia
1298 2861 1356 2894 fint
1371 2861 1388 2892 ἱ)
1412 2870 1468 2892 cur
1488 2870 1525 2892 ca
1544 2860 1689 2892 detentio
1713 2859 1958 2901 jurisdiffionem

1103 2906 1235 2942 tribuit,
1256 2902 1311 2936 nifi
1335 2902 1420 2943 quod
1445 2902 1541 2942 judex
1561 2901 1643 2933 bona
1663 2902 1729 2941 rei,
1752 2911 1770 2934 a
1789 2900 1959 2940 sedamnass

1102 2949 1148 2986 ti,
1172 2945 1263 2988 possit
1288 2943 1471 2976 executioni
1490 2942 1587 2974 dare?
1608 2942 1876 2985 Pragmaticorum
1890 2951 1958 2975 vcr-

1102 2988 1170 3020 suta
1190 2986 1277 3018 natio
1297 2984 1393 3016 etiam
1420 2984 1636 3018 detentionem
1657 2984 1704 3016 rei
1731 2983 1883 3016 vilisfimae
1902 2991 1956 3024 ρας

1101 3037 1149 3061 tat
1168 3027 1310 3060 sufficere
1329 3026 1366 3057 ad
1381 3024 1488 3058 forum
1515 3025 1735 3064 tribuendum,
1757 3023 1873 3057 ctiamfi
1890 3020 1957 3066 nui}

1101 3070 1129 3102 la
1146 3070 1176 3102 in
1193 3077 1260 3100 cam
1283 3067 1350 3099 fieri
1370 3066 1463 3108 poffit
1486 3066 1639 3099 executio
1664 3066 1749 3106 ejus,
1773 3065 1858 3109 quod
1873 3062 1954 3105 juffit

1099 3110 1246 3142 vetuitvc
1271 3108 1386 3148 jndex,
1412 3107 1463 3140 sed
1483 3118 1547 3149 quo
1567 3108 1634 3148 jure
1659 3107 1691 3139 id
1711 3108 1852 3145 dicatur,
1875 3114 1957 3138 nunc

1098 3161 1160 3184 non
1179 3149 1306 3191 disputo
1318 3173 1327 3187 ‚
1347 3149 1443 3181 modo
1462 3148 1604 3188 constet,
1623 3147 1720 3180 solam
1739 3147 1956 3194 subjectionem

1097 3191 1213 3225 arresto
1238 3190 1359 3224 causam
1381 3191 1453 3223 dare
1479 3189 1574 3232 posse.
1620 3188 1671 3223 De
1696 3188 1836 3231 personis
1851 3186 1955 3259 cadenti:
