2008 3436
431 127 832 164 CORNELII
906 136 1015 162 VAN

765 245 1037 279 CAPU

1088 123 1694 161 BYNKERSHOEK

1092 242 1126 276 T
1224 243 1254 276 X
1282 242 1324 276 X.

349 345 400 379 De
428 345 504 380 lacu
529 344 702 379 Sabatene
726 343 904 388 angui-irio
927 341 997 386 five
1024 338 1227 384 anguillario
1255 341 1288 373 in
1313 339 1352 372 L.
1369 339 1426 381 69.
1455 336 1495 372 ff.
1520 337 1565 374 de
1591 337 1757 375 Contrah.

881 407 989 440 emp-t.
1016 397 1053 428 i&
1080 393 1214 427 vendit.

162 495 351 537 ³³3roponii
373 494 526 527 Proculus
544 494 574 525 in
598 494 626 525 d.
651 493 670 524 l.
693 496 743 529 69.
783 491 935 523 Rutiliam
953 488 1024 521 Pol-

161 519 200 576 ,Ξ
246 536 307 567 lain
323 536 429 568 einiss'e
452 536 547 567 lacum
565 535 739 565 Sabatenem
756 532 966 574 angularium,
990 530 1026 566 &³

162 587 243 608 circa
263 588 326 609 euin
344 578 439 608 lacum
450 578 536 616 pedes
550 577 645 606 deceni
656 597 667 612 ,
688 574 718 605 ἀ
737 574 849 614 quassit
863 596 874 612 ,
897 574 919 604 si
939 573 1026 603 lacus

161 620 315 658 creverit,
329 627 422 659 atque
440 618 484 648 ita
498 617 605 648 decem
622 616 669 662 ἰῌί
689 614 781 655 pedes
795 613 915 646 fuerint
935 614 1025 644 inun-

163 661 225 691 tlziti
241 683 249 698 ,
269 670 305 691 an
324 659 375 690 alii
394 659 504 690 dccein
520 657 631 698 pedes,
653 657 691 687 ab
705 665 783 692 aqua
798 655 954 695 proximi,
966 653 1027 684 Ru-

163 702 240 733 tiliae
256 701 426 731 debeantur
443 699 459 730 5?
484 699 513 729 ὃς
530 705 623 738 negat
637 696 742 728 deberi
759 720 768 735 ,
793 696 866 735 quia
883 696 960 726 emit
980 694 1030 724 dc-

161 752 231 773 cem
252 741 364 782 pedes,
388 739 440 780 qui
461 746 537 770 tunc
554 737 684 770 fuerunt
701 761 710 776 ‚
735 737 765 767 id
783 736 828 768 est
844 761 853 775 ‚
888 743 1030 777 tempore

160 781 371 818 venditionis,
396 789 454 811 nec
473 780 544 811 ideo
560 804 569 818 ‚
593 779 677 820 quod
691 777 797 820 postea
813 778 969 815 creverit,
995 785 1028 806 o—

160 832 289 863 portere
306 831 372 852 eain
392 821 486 853 latius
503 820 655 862 poffidcre
671 820 773 851 lacum
784 843 793 859 ,
810 828 903 859 quam
918 827 1028 849 revera

162 864 250 896 emit.
295 862 382 894 Huic
409 860 558 902 responso
582 871 675 893 nenio
696 870 760 892 non
784 858 1000 900 subscripserit
1016 882 1025 898 ,

159 915 216 937 nee
231 914 292 935 tam
310 904 348 934 de
364 912 403 934 eo
416 903 592 941 laboratur,
603 912 694 943 quam
705 902 744 933 de
760 901 827 943 ipso
836 902 905 932 lacu
914 923 924 938 ,
934 909 1027 941 quem

163 948 336 977 Sabratenem
361 944 551 987 angularium
573 952 670 974 vocat
695 942 849 974 Proculus
866 964 876 980 ,
901 942 923 974 fi
944 941 1026 972 recte

159 986 333 1019 Florentiae
348 985 540 1026 descriptum
557 985 587 1016 ἅ
608 985 727 1015 editum
751 983 804 1015 est.
851 983 926 1014 Eam
949 991 1025 1022 quo-

172 1038 220 1059 rue
240 1027 424 1068 scripturam
441 1027 557 1057 retinet
573 1025 644 1057 MS.
663 1034 750 1056 meus
767 1024 828 1056 sine
848 1023 982 1061 Gloffis,
996 1023 1027 1054 ἃ.

158 1069 270 1101 laditio
291 1068 371 1109 apud
391 1067 600 1101 Sennetonios
627 1066 657 1097 &
677 1065 848 1106 Hugonem
870 1076 887 1096 a
911 1066 1025 1102 Porta,

157 1110 213 1142 nifi
253 1110 316 1141 uod
333 1109 386 1140 hic
400 1108 534 1139 ediderit
544 1108 744 1139 Sabbarenem.
768 1107 839 1138 MS.
851 1115 937 1137 meus
952 1114 1026 1136 cuin

160 1151 238 1183 Gioi
251 1151 295 1188 is,
322 1150 519 1181 Sabathanem
537 1149 755 1190 angularium(
775 1146 1026 1179 Blaublomniius

159 1193 190 1224 δε
200 1192 361 1224 Robertus
376 1190 568 1232 Stephanus,
585 1188 811 1230 Sabatanenftm
823 1188 1023 1230 angularium,

157 1232 341 1266 Haloander
353 1240 458 1264 autem
484 1232 514 1263 ὅς
531 1230 761 1268 Vintimilium,
788 1227 1026 1266 Sabaiianensem

158 1274 384 1317 anguillariuin.
429 1272 550 1313 Quaero
566 1294 575 1309 ,
605 1270 658 1301 cui
685 1278 740 1301 aut
757 1270 870 1310 quibus
900 1269 1027 1299 credere

159 1316 280 1357 aequius
296 1315 408 1347 melius
424 1313 486 1346 fit?
509 1312 541 1344 id
558 1311 631 1343 satis
646 1310 787 1348 constat,
799 1309 891 1341 fuiffe
907 1310 985 1340 olim
994 1309 1026 1340 in

157 1357 285 1389 Etruria
301 1356 451 1397 oppidum
462 1378 470 1393 ‚
488 1353 539 1384 cui
555 1361 670 1383 nomen
690 1351 815 1390 Sabate,
835 1349 927 1382 fuiffe
944 1350 973 1381 &
984 1350 1024 1381 la-

156 1408 231 1430 eum
244 1421 254 1437 ‚
279 1407 379 1439 prope
395 1396 425 1426 id
441 1394 591 1436 oppidum
607 1417 616 1432 ‚
641 1392 779 1433 ejusdem
806 1392 901 1432 plane
924 1391 1024 1422 nomi-

157 1440 205 1471 nis
220 1463 229 1479 ,
256 1440 285 1470 &
303 1448 321 1470 a
337 1439 442 1469 Sabate
460 1435 513 1466 vel
538 1434 668 1472 Σαςάπκ,
692 1441 728 1464 ut
748 1433 862 1465 Strabo
886 1432 1024 1470 extulit,

157 1481 299 1512 derivata
317 1478 378 1510 esse
396 1478 534 1509 Sabatini·
556 1476 586 1507 ἃ
605 1476 776 1507 Sabatinus.
820 1473 914 1505 Unde
941 1473 1026 1505 hunc

157 1523 262 1554 lacurn
278 1520 373 1552 Silius
388 1526 486 1550 vocat
501 1515 616 1560 stagna
642 1516 767 1548 Sabatia
783 1526 794 1553 ,-
823 1514 1025 1552 Columella,

156 1562 328 1595 Frontinus
348 1561 378 1593 &
392 1558 567 1592 Anastafius
585 1557 851 1590 Bibliothecarius
865 1557 961 1588 lacum
971 1556 1024 1587 Sa-

156 1605 316 1640 batinuin3
354 1602 385 1634 &
407 1602 553 1633 Sabatina
574 1610 594 1632 a
617 1600 683 1631 lacu
703 1598 829 1630 Sarbane
845 1596 898 1630 seu
917 1597 1025 1639 potius

158 1646 264 1686 Saliare
282 1643 382 1682 ditia,
403 1642 513 1674 auctor
527 1640 573 1673 est
590 1640 707 1673 Festus.
739 1639 800 1672 His
817 1639 964 1671 omnibus
980 1646 1024 1669 te-

154 1686 339 1719 stimonium
357 1683 562 1716 denunciavit
585 1682 749 1724 Philippus
767 1680 936 1713 Cluverius
961 1679 1023 1712 Ita-

156 1729 202 1760 liae
220 1727 362 1768 Antiqua
392 1725 432 1758 L.
458 1725 499 1757 ΙΙ.
535 1725 567 1757 C.
592 1733 622 1766 3.
655 1732 714 1756 nec
737 1732 779 1754 ex
801 1732 841 1754 eo
859 1722 1026 1764 quicquam

154 1768 307 1801 describo.
354 1767 440 1814 Quia
456 1773 561 1798 autern
579 1765 755 1798 derivativa
772 1763 928 1796 vocabula
967 1763 1027 1794 uis-

156 1820 219 1850 que
235 1809 302 1841 fere
316 1818 375 1850 pro
392 1807 522 1840 arbitrio
540 1806 596 1838 suo
617 1806 709 1847 fingit
724 1830 734 1845 ,
758 1806 832 1837 hinc
849 1805 951 1847 promi
968 1813 1027 1835 cue

157 1853 296 1883 Sahacz'us
311 1853 341 1882 ec
361 1850 537 1886 Sabatinus,
549 1849 579 1880 δε
594 1848 676 1888 apud
693 1847 853 1879 librarium
870 1845 1025 1877 Fiorenti-

157 1903 233 1925 rium
256 1893 399 1923 Sabatene
421 1890 474 1922 vel
495 1891 653 1921 Sabatenes
670 1911 682 1927 ,
705 1888 785 1929 apud
802 1888 882 1919 alios
904 1887 1026 1919 Sabata-

156 1932 251 1972 nciifii·
268 1933 297 1964 ἃ
318 1930 545 1970 Sabatianensis.
590 1930 774 1962 Florentina
799 1929 893 1960 lectio
921 1928 1028 1969 proxi-

158 1985 208 2006 me
225 1974 346 2005 accedit
364 1974 401 2004 ad
421 1973 612 2014 analogiam,
639 1972 669 2003 &
686 1970 741 2003 nifi
757 1980 824 2002 eain
849 1970 880 2002 in
909 1970 1027 2001 Sabati-

158 2026 227 2047 nam
245 2023 365 2054 mutes,
389 2014 517 2055 reliquis
542 2013 669 2045 videtur
689 2011 890 2054 praeferenda.
936 2010 966 2042 Is
985 2011 1027 2042 la-

159 2066 216 2088 cus
234 2055 344 2088 Sabate
360 2055 455 2086 etiam
475 2064 558 2086 nunc
577 2054 697 2092 exstat,
723 2053 753 2084 ἃ
777 2053 961 2085 Braecianus
982 2052 1027 2083 di-

161 2099 246 2170 }itui·
264 2107 281 2143 a
295 2097 403 2128 vicino
424 2095 563 2135 ejusdem
579 2095 716 2127 nominis
731 2093 870 2135 oppido,
896 2093 982 2137 Lago
996 2094 1027 2124 di

191 2147 336 2170 rusciano.

203 2180 426 2212 Merum-antur
440 2178 470 2209 δε
486 2177 566 2219 apud
575 2178 720 2219 antiquos
728 2178 806 2208 vaila
818 2177 941 2208 Sabatia
951 2198 962 2215 ,
979 2176 1028 2207 bis

161 2221 288 2263 quidem
305 2220 385 2261 apud
404 2218 621 2259 Capitolinum
637 2219 668 2250 in
686 2218 862 2258 Pertinace,
887 2217 980 2249 semel
994 2218 1027 2248 C.

160 2272 189 2300 9.
217 2263 332 2293 iterum
357 2262 387 2292 C.
418 2270 465 2302 13.
511 2259 681 2291 Posterior-i
706 2259 780 2290 loco
806 2267 931 2297 narrat,
956 2258 1027 2289 Pei·-

162 2304 297 2335 tinacem
313 2309 375 2333 tam
392 2310 520 2343 parcum
539 2301 568 2333 δε
586 2301 666 2332 lucri
685 2300 833 2341 cupidum
851 2299 944 2331 fuisse
958 2321 968 2337 ‚
992 2306 1028 2330 ut

162 2345 243 2385 apud
258 2345 336 2374 vada
355 2343 479 2374 Sabatia
497 2349 686 2374 mercaturas
701 2342 879 2373 exercuerit
899 2350 953 2387 pei·
972 2340 1027 2371 lio-

161 2386 262 2416 rnines
284 2384 355 2416 suos
370 2407 381 2422 ,
419 2393 484 2415 non
508 2384 599 2416 aliter
616 2392 708 2424 quam
731 2382 873 2424 privatus
892 2381 1030 2419 solebat,

162 2436 218 2467 pei·
236 2425 441 2467 piscationem
457 2424 560 2465 forte,
573 2425 625 2456 vel
643 2434 698 2465 per
713 2424 947 2466 agriculturam.
960 2422 1030 2454 Plu-

162 2468 260 2498 rimos
286 2465 394 2506 utique
418 2475 508 2506 agros
533 2466 577 2497 ibi
599 2464 738 2497 habuisse
768 2465 963 2497 Pertinacem
990 2472 1031 2495 ex

163 2508 261 2549 priori
281 2508 354 2539 loco
372 2507 564 2547 collegerim.
611 2506 708 2538 Hunc
723 2507 862 2538 exhibeo
875 2528 887 2544 ,
910 2506 982 2546 quia
999 2513 1030 2535 e-

164 2557 217 2591 get
236 2550 429 2589 interprete:
459 2548 609 2579 Avaritia
629 2547 790 2588 suspicione
812 2548 950 2588 privatus
974 2555 1030 2577 non

165 2592 282 2628 caruit,
305 2599 391 2631 quum
417 2590 494 2629 apud
516 2590 595 2620 vaila
622 2589 747 2619 Sabatia
772 2587 901 2629 oppreffis
915 2588 1029 2627 foenore

165 2631 372 2672 pfflkstbribus,
392 2630 558 2671 latiussucs
574 2635 683 2660 teneret
700 2628 787 2669 fines.
834 2629 969 2670 Denique
994 2638 1031 2659 ex

166 2674 253 2713 ‘versu
272 2672 430 2702 Luciliano
448 2680 621 2702 AGRARIUS
646 2679 786 2702 MERGUS
801 2668 841 2711 eft
858 2670 1030 2710 aspellatus.

170 2714 230 2745 Pro
245 2719 353 2744 teneret
372 2711 574 2744 Casaubonus
595 2710 740 2743 rescribit
757 2714 885 2742 tenderet
902 2719 960 2752 pro
981 2720 1030 2740 ex-

168 2757 295 2786 tenderet
304 2777 314 2792 ,
320 2754 484 2796 porrigeret
494 2762 570 2791 ,nec
584 2752 720 2784 muitum
736 2751 899 2783 intercedo
910 2775 919 2790 ,
930 2759 1035 2792 quain-

166 2797 235 2834 vis,
260 2796 281 2827 si
297 2795 366 2836 quis
381 2795 512 2827 omnino
535 2795 578 2826 ita
596 2793 676 2824 velit
695 2815 706 2831 ‚
738 2801 862 2834 recepta
886 2792 979 2824 lectio
1002 2792 1035 2823 in

169 2837 294 2867 eundem
319 2835 502 2867 seutentiam
522 2833 648 2866 defendi
664 2833 765 2875 poffit.
810 2833 871 2865 Sed
887 2833 1035 2874 quamob-

171 2885 234 2907 rem
259 2876 406 2908 Pertinax
425 2877 526 2908 dicius
545 2876 563 2908 s
563 2876 643 2907 uerit
665 2876 803 2918 agrarius
821 2884 937 2917 mergus
952 2896 963 2912 ‚
984 2883 1037 2905 an—

172 2917 223 2947 xie
246 2918 405 2957 qiiaeri'uir.
450 2918 533 2949 Cum
557 2917 588 2948 id
612 2926 676 2948 non
695 2916 915 2957 expediverint
938 2914 1036 2947 Inter-

172 2965 295 2996 pretes,
316 2958 352 2988 aid
374 2959 607 2990 emendationes
624 2956 815 2999 confugiunt
835 2955 1038 2988 Casaubonus

175 2997 206 3041 «Sc
221 2998 400 3038 Salmasius,
427 3000 481 3031 ille
498 2999 575 3040 legit
593 2999 725 3030 Granius
745 2999 884 3040 agrarius
902 3006 1038 3040 mergus,

176 3036 358 3079 liiclerarius
374 3040 426 3071 vel
450 3042 568 3071 aerarius
586 3049 700 3082 mergus
716 3062 728 3078 ,
752 3041 781 3071 ot
806 3038 1038 3080 explicationes

174 3076 307 3122 addunt,
332 3079 400 3124 ipsis
417 3081 604 3113 lectionibus
618 3081 751 3122 pejores.
786 3079 856 3121 Ego
875 3079 954 3112 nihil
971 3088 1037 3110 inu-

176 3125 211 3147 [ο
221 3138 232 3154 ,
253 3117 304 3148 {cd
319 3127 384 3163 erus
400 3120 462 3151 loci
479 3121 558 3153 hanc
574 3129 653 3162 puto
669 3121 730 3153 effe
739 3119 934 3153 sententiam.
952 3119 1034 3152 Cum

174 3156 251 3187 vada
278 3166 482 3204 oppi‘morata
510 3161 690 3202 occupass'et
717 3162 746 3194 ἃ
772 3161 910 3193 siccass'et
936 3160 1034 3193 Perti-

173 3207 253 3241 πρὶς,
276 3197 305 3229 δι
321 3207 352 3231 in
374 3208 391 3229 e
407 3199 500 3232 latius
516 3201 681 3241 pollitici-et
696 3212 786 3244 agros
804 3225 814 3241 ,
840 3202 963 3236 tandein
980 3210 1035 3243 per

1068 488 1175 533 jocum
1191 487 1340 520 audivisse
1354 496 1484 530 mergum
1502 489 1654 531 agrarium
1671 510 1682 526 ,
1705 496 1740 520 ut
1754 489 1807 536 qui
1825 498 1866 521 ex
1879 499 1930 523 va·

1068 534 1134 566 tiis,
1158 539 1235 569 aqua
1249 529 1397 570 repletis,
1422 538 1511 568 agros
1531 530 1600 561 suos
1617 530 1820 570 extraxisset,
1833 532 1934 572 perin-

1068 570 1108 600 de
1125 579 1160 614 ac
1176 570 1300 614 avicula
1319 579 1432 611 mergus
1447 579 1487 601 ex
1505 580 1522 601 a
1546 580 1581 602 ua
1601 571 1719 603 viuum
1739 573 1769 603 &
1788 572 1936 605 alimenta

1070 619 1161 651 petit.
1206 610 1307 641 Simili
1323 611 1397 650 joco
1415 611 1509 642 etiarn
1546 611 1709 643 lollandos
1726 622 1789 644 non
1806 612 1935 646 absurde

1069 651 1187 682 dixeris
1205 661 1314 693 mergos
1330 653 1481 694 agrarios,
1504 659 1617 694 utpote
1633 653 1685 693 qui
1702 663 1830 695 campos
1849 654 1880 686 ὅ(
1904 665 1934 686 a·

1068 701 1140 733 gros
1161 692 1249 730 suos,
1268 693 1434 724 maximam
1452 702 1569 733 pai-tem
1587 703 1604 723 e
1621 695 1783 734 paludibus
1801 696 1830 727 ὅ(
1850 695 1934 727 lacu-

1069 738 1124 764 bus
1146 735 1303 764 extractos
1322 757 1331 772 ,
1360 734 1523 774 aggeribus
1545 735 1713 766 cinxerunt
1730 757 1743 774 ,
1766 736 1797 767 ὅτ.
1818 735 1937 769 summa

1068 774 1167 805 adhue
1176 774 1333 819 ,industria
1349 775 1521 806 defendunt
1536 784 1592 816 per
1605 784 1752 816 aggerum
1766 776 1938 809 Praefefitos

1069 817 1100 847 &
1117 814 1304 847 Adit-fiores.
1351 815 1432 847 Cum
1450 816 1517 846 haec
1530 840 1539 854 ‚
1557 826 1621 848 non
1638 817 1697 848 alia
1708 840 1718 855 ,
1742 817 1887 850 videatur
1903 827 1935 850 e-

1068 857 1115 896 jus
1133 856 1252 887 dieterii
1272 855 1444 894 sententia,
1470 856 1644 898 Capitolini
1669 858 1757 889 locus
1776 867 1936 900 perperam

1069 905 1221 935 vexatur,
1246 896 1296 928 sed
1316 897 1465 938 quicquid
1485 900 1543 936 iit,
1568 899 1606 929 de
1624 900 1710 929 vadis
1737 898 1867 932 Sabatiis
1888 900 1940 939 in-⁸

1070 946 1154 970 tei-ea
1171 937 1301 970 constat.
1349 938 1429 969 Hier:
1448 947 1551 970 autem
1569 940 1648 971 vada
1662 939 1803 980 Sabatia,
1828 941 1871 973 fic
1889 941 1935 973 di-

1069 979 1116 1025 cta
1138 980 1176 1024 ab
1195 980 1313 1025 oppido
1334 980 1445 1010 Sabata
1464 1003 1475 1018 ‚
1504 990 1587 1012 nunc
1607 981 1733 1021 penitus
1748 981 1853 1013 excisa
1867 1007 1878 1023 ‚
1902 982 1936 1016 in

1068 1020 1197 1061 Liguria
1219 1024 1240 1051 11
1257 1030 1375 1061 quati-as
1391 1044 1401 1059 ,
1433 1030 1570 1061 reperies
1587 1031 1687 1063 prope
1702 1022 1858 1055 Savonarn
1869 1047 1880 1063 ‚
1904 1024 1937 1056 dc

1068 1062 1159 1102 plane
1174 1060 1311 1093 distincta
1334 1061 1404 1092 sunt
1419 1071 1436 1092 a
1454 1062 1523 1093 lacu
1543 1063 1669 1094 Sabatio
1681 1085 1692 1101 ,
1703 1064 1756 1104 qui
1772 1063 1858 1096 estin
1869 1064 1936 1097 He-

1070 1102 1185 1142 truria,
1212 1103 1241 1134 ὃς
1259 1102 1297 1133 de
1315 1112 1378 1143 quo
1391 1103 1471 1143 apud
1484 1102 1654 1135 Proculum
1670 1103 1771 1136 sermo
1788 1104 1844 1137 est.
1857 1105 1938 1138 Haec

1069 1141 1222 1175 confundi
1246 1152 1310 1175 non
1337 1143 1498 1181 debuisse,
1533 1152 1568 1175 ut
1584 1154 1601 1175 a
1618 1146 1779 1178 nonnullis
1804 1146 1939 1178 confusa

1069 1183 1158 1228 sunt,
1183 1185 1277 1214 etiam
1295 1184 1447 1214 indicavit
1464 1184 1633 1217 Cluverius
1656 1187 1683 1217 d.
1706 1187 1759 1218 loc.
1783 1187 1813 1219 &
1833 1196 1936 1221 tamen

1068 1224 1251 1255 noviisimos
1269 1224 1364 1254 etiam
1383 1224 1561 1265 Scriptores
1587 1226 1668 1257 hunc
1685 1236 1824 1260 errorem
1840 1237 1937 1261 erras-

1069 1264 1101 1296 se
1120 1266 1191 1305 plus
1212 1263 1306 1296 semel
1327 1264 1544 1296 animadverti.

1111 1306 1209 1338 Hunc
1229 1306 1332 1337 lacum
1349 1305 1532 1337 Sabatinuin
1541 1307 1592 1339 vel
1612 1307 1797 1341 Sabatenem
1819 1310 1938 1343 Procu-
1985 1315 1987 1317 ’

1069 1347 1117 1379 lus
1133 1356 1231 1389 porro
1248 1353 1344 1378 vocat
1354 1347 1543 1388 angularium
1553 1359 1571 1378 v
1576 1349 1605 1380 el
1615 1350 1838 1391 anguillarium.
1848 1351 1938 1398 Quo-

1068 1391 1293 1429 modocunque
1308 1388 1409 1429 legas,
1434 1388 1515 1421 nihil
1530 1389 1648 1428 refert,
1659 1392 1760 1431 inquit
1778 1391 1938 1426 Antonius

1068 1428 1167 1461 Faber
1191 1428 1315 1475 Ration.
1337 1429 1375 1475 ad
1397 1430 1426 1461 h.
1449 1429 1469 1461 l.
1492 1430 1523 1462 ἀ
1542 1430 1611 1462 sane
1629 1431 1708 1464 nihil
1731 1431 1828 1464 refert
1851 1434 1938 1480 quod

1068 1471 1106 1501 ad
1122 1469 1326 1511 quaestionein
1341 1479 1439 1510 juris,
1463 1470 1513 1503 sed
1528 1494 1539 1510 ,
1562 1472 1617 1504 nifi
1635 1473 1774 1505 dicamus
1791 1474 1939 1510 inutilem

1068 1511 1129 1543 ess'e
1146 1521 1271 1554 operam
1284 1535 1294 1551 ‚
1318 1521 1410 1552 quam
1430 1512 1589 1545 Antonius
1609 1513 1800 1555 Augustinus
1816 1515 1938 1557 impen-

1068 1553 1115 1584 dit
1132 1552 1311 1599 indagandis
1328 1552 1545 1585 Pandeaarum
1559 1552 1724 1587 nominibus
1735 1557 1886 1597 propriis,
1905 1557 1939 1590 Gt

1068 1603 1161 1636 quam
1176 1594 1229 1626 alii
1247 1593 1473 1627 constituendis
1493 1596 1577 1627 veris
1602 1595 1790 1629 lectionibus
1806 1620 1818 1636 ‚
1841 1592 1940 1632 etiarn

1067 1636 1120 1667 hic
1145 1636 1239 1667 liceat
1258 1635 1403 1668 nonnihil
1427 1636 1608 1677 periclitari.
1653 1637 1845 1680 Augustinus
1870 1640 1940 1681 qui-

1067 1677 1139 1709 dem
1157 1676 1238 1709 nihil
1257 1677 1309 1709 hic
1327 1676 1464 1709 extricat
1481 1700 1492 1717 ,
1516 1677 1732 1711 Florentinam
1752 1678 1942 1722 scripturam

1068 1718 1116 1750 bis
1128 1742 1138 1758 ‚
1161 1717 1290 1751 diversis
1308 1719 1388 1750 locis
1399 1740 1410 1757 ,
1432 1718 1661 1760 repraesentass'e
1679 1729 1868 1762 contentus,
1887 1721 1943 1756 sed

1070 1759 1178 1791 Guido
1201 1759 1386 1792 Pancirolus
1414 1759 1456 1792 L.
1477 1759 1517 1792 II.
1551 1761 1676 1794 Variar.
1705 1762 1790 1795 Lea.
1827 1764 1861 1796 C.
1881 1768 1937 1806 38.

1070 1800 1235 1841 observat‚
1260 1810 1359 1843 prope
1385 1801 1469 1834 hunc
1491 1801 1593 1833 lacum
1618 1803 1783 1835 conditum
1804 1803 1867 1836 ess'e
1880 1813 1939 1846 op-

1069 1843 1178 1884 pidum
1194 1866 1204 1883 ,
1238 1844 1323 1884 quod
1346 1843 1377 1875 δι
1394 1852 1478 1875 nunc
1496 1842 1693 1885 Anguillaria
1711 1852 1847 1878 vocatur
1864 1869 1875 1886 ‚
1906 1846 1940 1878 &

1071 1884 1142 1916 inde
1157 1884 1241 1916 hunc
1258 1883 1360 1926 ipsum
1378 1884 1481 1916 lacum
1495 1883 1559 1916 dici
1576 1884 1823 1928 Anguillarium,
1845 1886 1888 1920 fic
1905 1896 1939 1918 e-

1070 1925 1136 1957 nim
1149 1949 1159 1965 ,
1185 1926 1288 1966 inquit
1303 1949 1313 1965 ,
1348 1925 1514 1968 legendum
1534 1926 1630 1958 credo
1648 1927 1680 1959 in
1703 1928 1732 1959 d.
1754 1927 1776 1959 l.
1795 1931 1846 1966 69.
1871 1937 1939 1961 non

1070 1968 1260 2010 angularium
1272 1991 1281 2006 ,
1293 1974 1330 1998 ut
1347 1966 1493 1999 mendose
1511 1966 1626 2008 legitur
1644 1968 1676 1999 in
1693 1967 1855 2001 Pandeffis
1863 1968 1887 2001 F
1889 1969 1938 2001 10-

1070 2009 1213 2040 rentinis.
1258 2008 1356 2049 Atqui
1380 2016 1452 2040 ante
1477 2007 1676 2040 Pancirolum
1693 2009 1736 2041 fic
1753 2010 1816 2050 J'am
1837 2009 1939 2042 edide-

1070 2058 1140 2081 rant
1160 2049 1341 2081 Haloander
1357 2050 1388 2081 &
1405 2049 1634 2089 Vintiinillius,
1654 2050 1684 2083 &
1701 2050 1740 2082 de
1758 2060 1794 2083 ea
1812 2050 1878 2093 ipsa
1893 2051 1937 2084 le-

1071 2090 1176 2122 c'tione
1191 2091 1253 2131 jam
1265 2091 1469 2122 admonuerat
1478 2090 1644 2122 Accurfius
1658 2091 1695 2123 ad
1716 2092 1744 2123 d.
1767 2092 1787 2124 l.
1797 2095 1848 2130 69.
1871 2091 1939 2124 Au-

1073 2140 1264 2171 GULARIUs‚
1280 2132 1341 2171 ait,
1366 2133 1435 2172 quia
1453 2131 1556 2162 multos
1571 2132 1656 2163 habet
1672 2133 1804 2175 angulos.
1836 2134 1870 2166 Si
1886 2133 1938 2165 ha-

1071 2174 1117 2203 bes
1134 2172 1432 2212 ANGUILLARIUiu,
1456 2174 1524 2214 quia
1540 2173 1648 2204 multas
1663 2174 1748 2205 habet
1776 2174 1939 2218 anguillas.

1071 2213 1168 2260 Addit
1187 2222 1310 2246 autem:
1332 2215 1430 2255 prima
1446 2215 1544 2245 verior
1560 2212 1609 2255 est.
1634 2213 1712 2247 Non
1727 2215 1819 2254 ideo,
1831 2214 1939 2257 siquid

1069 2255 1194 2296 judico,
1219 2256 1351 2297 primam
1367 2254 1607 2296 praefei‘t,quod
1619 2255 1656 2287 ad
1673 2255 1940 2289 consultationem

1069 2296 1146 2336 juris
1162 2296 1328 2338 quicquain
1342 2296 1528 2338 pertinuerit
1568 2303 1674 2328 utrum
1691 2297 1779 2329 lacus
1789 2319 1801 2336 ‚
1819 2297 1858 2328 de
1873 2306 1940 2338 quo

1071 2337 1196 2379 agitur,
1218 2337 1316 2370 fuerit
1332 2338 1505 2380 angularius
1540 2346 1579 2369 eu
1598 2337 1772 2381 angularis,
1797 2337 1887 2379 (nam
1903 2347 1939 2369 u-

1074 2388 1220 2420 trumque
1240 2380 1323 2411 recte
1340 2378 1515 2420 scribitur)
1538 2388 1576 2410 ari
1592 2387 1670 2410 vero
1686 2378 1840 2411 rotundus
1851 2401 1862 2418 ‚
1884 2379 1940 2412 vel

1072 2419 1257 2462 quadi-atus,
1283 2420 1333 2452 scd
1350 2420 1435 2461 quod
1452 2428 1562 2451 revera
1578 2418 1632 2451 ille
1656 2419 1741 2451 lacus
1765 2418 1864 2452 fuerit
1886 2429 1940 2452 an-

1072 2462 1230 2503 galai-ius,
1255 2462 1307 2494 vel
1324 2461 1430 2502 potius
1447 2482 1458 2500 ‚
1480 2467 1516 2491 ut
1534 2458 1599 2500 ipse
1617 2460 1756 2501 conjicio
1774 2483 1786 2500 ,
1810 2460 1840 2492 &
1863 2469 1942 2495 mox

1072 2504 1197 2540 dicam,
1220 2512 1289 2544 pars
1304 2501 1444 2543 quaedam
1470 2501 1537 2540 ejus
1563 2510 1599 2532 an
1624 2500 1728 2533 ularia.
1775 2501 1940 2545 Anguilla-

1072 2546 1148 2577 rium
1166 2544 1291 2584 quidem
1309 2552 1373 2575 non
1391 2541 1469 2574 dicit
1492 2540 1598 2573 Accur
1612 2551 1659 2574 lus
1675 2564 1686 2581 ‚
1717 2541 1769 2574 sed
1792 2543 1942 2586 anguilla-

1072 2596 1139 2618 rum
1151 2607 1162 2623 ‚
1183 2592 1214 2617 at
1231 2594 1279 2616 res
1297 2583 1407 2615 eodem
1425 2582 1506 2615 redit
1517 2605 1527 2621 ,
1551 2592 1623 2615 nam
1637 2582 1678 2615 fic
1691 2583 1773 2615 lacus
1789 2594 1829 2616 an
1851 2585 1941 2617 uilla-

1072 2637 1137 2659 rum
1153 2626 1269 2658 dicitur
1281 2649 1290 2665 ‚
1315 2632 1351 2656 ut
1367 2624 1501 2656 dicimus
1523 2621 1613 2664 lustra
1629 2624 1767 2665 ferarum
1784 2647 1796 2664 ‚
1881 2625 1942 2658 alia

1073 2667 1237 2710 eJusmodi.
1285 2666 1464 2706 Utcumque
1481 2663 1596 2697 scribas
1615 2688 1625 2704 ‚
1649 2675 1667 2702 a
1683 2666 1776 2707 copia
1791 2666 1942 2708 anguilla-

1076 2719 1165 2748 rum,
1189 2718 1258 2749 quae
1276 2706 1390 2739 ibidem
1407 2705 1590 2747 capiuntur,
1615 2715 1730 2738 nomen
1746 2706 1894 2740 sortitum
1909 2716 1941 2738 e-

1079 2757 1126 2782 rat
1143 2749 1292 2791 oppidum
1302 2772 1312 2787 ‚
1324 2749 1354 2780 &
1369 2748 1454 2780 lacus
1465 2746 1583 2788 oppido
1601 2747 1744 2787 vicinus3
1757 2755 1843 2780 certe
1857 2748 1943 2781 hunc

1080 2792 1183 2823 lacum
1201 2791 1347 2821 abundare
1364 2788 1507 2831 anguillis
1525 2788 1694 2820 Pancirolo
1711 2788 1794 2821 Italo
1808 2811 1820 2828 ,
1853 2789 1885 2822 in
1907 2798 1942 2822 re

1079 2831 1156 2864 Itala
1181 2829 1395 2862 testimonium
1417 2829 1536 2861 dicenti
1555 2853 1565 2869 ,
1596 2829 1677 2861 haud
1699 2829 1821 2862 invitus
1837 2830 1942 2864 credo.

1079 2872 1115 2905 In
1133 2871 1257 2904 Boeotia
1272 2871 1366 2902 etiam
1386 2880 1426 2902 eo
1443 2870 1571 2902 nomine
1589 2870 1766 2902 celebratus
1782 2871 1869 2904 lacus
1878 2870 1941 2904 Co·

1079 2913 1164 2955 pais,
1189 2920 1224 2944 ut
1245 2911 1290 2944 est
1309 2911 1390 2952 apud
1414 2910 1593 2943 Pausaniam
1622 2911 1663 2944 L.
1686 2910 1745 2944 IX.
1771 2911 1889 2945 Boeotic.
1909 2919 1942 2955 p.

1078 2964 1117 2986 m.
1141 2963 1211 2991 299·
1235 2954 1268 2984 in
1285 2951 1343 2993 fin.
1366 2953 1396 2985 δε
1414 2952 1495 2994 apud
1515 2952 1620 2985 Aristo
1644 2953 1754 2985 hanem
1772 2952 1806 2985 in
1823 2953 1940 2986 Achar-

1078 2995 1158 3036 nenJL
1179 3003 1218 3024 eo
1237 2994 1329 3034 loco,
1354 3003 1447 3034 quem
1463 2993 1598 3034 jacobus
1638 2993 1785 3026 aimerius
1803 2994 1941 3036 explica-

1078 3036 1128 3067 vit
1152 3035 1321 3067 Exercitat.
1341 3036 1374 3066 in
1395 3036 1493 3080 optim.
1507 3034 1577 3075 fere
1593 3034 1683 3067 Ααὲῗ.
1709 3035 1800 3066 Graec.
1845 3060 1852 3067 .
1869 3045 1908 3076 72
1931 3031 1942 3067 .’

1120 3076 1180 3108 Sed
1202 3076 1288 3107 lacus
1307 3076 1472 3108 Sabatinus
1490 3076 1695 3109 abundaverit
1718 3076 1810 3117 angui
1826 3076 1864 3108 lis
1876 3100 1887 3116 ,

1077 3117 1149 3150 inde
1171 3117 1319 3158 oppidum
1338 3140 1347 3155 ‚
1380 3116 1411 3148 in
1429 3117 1495 3158 ripa
1512 3117 1579 3157 eius
1601 3116 1766 3149 conditum
1784 3139 1794 3156 ‚
1826 3117 1942 3150 dietum

1076 3158 1175 3190 fuerit
1193 3158 1389 3200 Anguillaria
1407 3159 1458 3190 vel
1480 3157 1533 3190 An
1555 3158 1665 3190 uillara
1693 3156 1789 3198 (nam
1807 3166 1941 3199 utroque

1076 3199 1172 3234 modo
1196 3198 1373 3239 scribitur)
1405 3200 1435 3230 t<
1456 3198 1520 3240 ipse
1551 3207 1626 3232 acus
1644 3197 1745 3232 dietus
1765 3195 1864 3232 fuerit
1888 3206 1942 3271 aili-

1859 3247 1910 3280 gui
1927 3253 1939 3263 ·
