2008 3436
182 121 253 156 130

182 188 205 221 si
217 191 285 231 quis
303 188 413 232 piscari
426 189 505 222 velit
519 213 529 229 ‚
553 189 625 222 sreo
644 190 694 222 vel
712 199 751 221 eo
772 188 984 221 transmittere
996 210 1007 226 ,
1030 187 1051 219 fi

183 231 239 263 has
262 231 370 264 illasve
388 241 506 263 merces
525 239 667 272 portare,
691 231 712 263 fi
738 240 800 262 non
822 229 972 268 salutare,
998 229 1050 260 vel

183 281 249 305 non
263 282 322 313 eo,
347 282 410 314 quo
434 273 620 314 imperatum
638 272 704 310 est,
726 272 842 311 mod0‚
867 270 888 302 fi
914 281 978 302 non
998 279 1051 301 ve-

183 314 277 356 ffigal
295 313 417 346 solvere
428 337 437 351 ‚
448 314 477 346 δε
493 324 562 354 quae
577 314 644 354 ejus
659 313 781 355 generis
798 313 868 344 sunt
884 310 1048 350 sexcenta3

183 355 253 387 haec
273 357 357 388 enim
378 356 460 386 recte
477 355 628 396 imperat,
653 355 706 396 qui
728 355 860 396 imperat
877 353 973 392 mari,
997 351 1049 384 seu

184 405 298 429 extero
309 419 320 436 ,
345 395 396 429 seu
415 396 575 437 proximo.

227 438 304 482 Quo
328 439 418 479 jure,
443 445 478 469 ut
503 437 581 468 olim
611 436 773 480 Bysantini
792 434 984 478 Bysantino,
1007 436 1051 466 ita

185 479 356 513 barbaricis
386 478 507 510 saeculis
537 478 651 518 freto,
683 488 747 520 quo
780 486 864 509 mare
891 478 1048 509 Balticum

185 521 289 553 aditur
306 545 316 560 ,
350 520 468 552 tributa
490 519 706 560 imposuerunt
730 518 895 551 Danorum
927 518 1048 559 Reges,

185 572 259 594 cum
275 563 435 602 utrimque
452 561 627 593 Selandiam
646 562 675 593 ὃς
690 561 832 593 Scaniam
848 560 1047 599 poffiderent.

186 603 270 636 Illud
289 612 393 634 autem
411 601 540 634 amifisse
560 602 747 634 videbantur
761 625 771 640 ,
794 602 958 642 postquam
975 601 1048 632 Suc-

186 645 299 676 dorum
319 644 418 684 Reges
435 643 578 675 scaniam
601 643 715 675 habere
738 651 920 683 coeperunt,
946 642 967 674 fi
985 651 1049 673 non

188 687 227 718 iis
247 686 279 717 id
297 685 393 725 pactis
412 693 483 715 cum
501 685 604 716 Suedo
621 684 842 716 conservatum
860 683 956 721 el'set3
979 693 1050 714 nam

186 735 223 758 ut
249 727 327 758 olim
354 732 456 757 totum
483 724 648 757 Danorum
675 733 765 764 erat,
805 726 857 766 qui
892 725 1051 765 utrimque

187 767 398 809 possidebant,
424 767 454 798 ὅ(
479 765 565 797 freto
597 774 716 798 tantum
740 776 803 797 non
832 765 970 807 perfecte
995 766 1049 796 im-

186 809 357 850 perabant,
381 809 426 839 ita
444 807 608 839 dimidium
626 808 734 840 Suedis
753 807 907 838 cessurum
927 806 1051 838 videba-

188 859 258 889 tur,
283 848 446 891 postquam
473 856 577 880 totum
604 850 736 881 alterum
764 849 844 880 latus
867 849 935 889 jure
953 848 1051 879 victo-

187 892 244 923 riae
263 899 465 932 occuparant.
510 890 611 923 Sicuti
630 891 712 922 enim
731 890 806 921 urbe
823 898 935 930 capta,
957 890 1052 920 etiam

189 932 386 964 territorium
405 932 471 972 ejus
488 931 573 963 urbis
588 932 701 963 victori
714 931 819 969 cedit,
842 932 887 962 ita
903 932 932 963 ὅ(
950 940 1052 969 mare,

189 974 274 1015 quod
291 974 359 1014 jure
380 982 489 1011 terrae,
514 973 543 1004 ei
562 974 639 1004 mari
658 972 773 1010 assiae,
797 973 851 1013 qui
870 972 972 1004 vietus
987 971 1033 1002 est
1043 993 1055 1009 ,

187 1015 333 1047 habebat.
377 1015 436 1047 Sed
453 1015 510 1046 hac
529 1015 561 1046 in
584 1024 635 1054 re,
660 1022 695 1045 ut
718 1013 875 1052 diximus,
899 1013 994 1054 paetis
1011 1012 1055 1045 est

188 1056 266 1098 pros
284 1057 397 1087 ectum.
443 1055 600 1088 Caeterum
616 1056 729 1087 mirum
747 1054 791 1086 est
802 1077 812 1093 ,
830 1054 973 1086 restituta
988 1054 1052 1085 for-

190 1106 223 1129 te
278 1096 454 1139 ispanorum
471 1097 637 1138 potentia,
660 1097 681 1128 fi
708 1106 771 1128 non
799 1096 831 1127 hi
859 1096 969 1127 eodem
988 1096 1055 1136 jure

188 1138 380 1170 Gaditanum
395 1138 512 1169 fretum
533 1137 722 1178 subjiciant,
746 1137 850 1178 primo
868 1137 993 1178 quidem
1013 1137 1053 1168 le-

188 1181 222 1212 vi
239 1180 364 1212 tributo
378 1179 397 1221 <
405 1179 627 1211 difficillimum
645 1179 788 1220 alioquin
807 1187 842 1209 ea
859 1188 907 1210 res
928 1178 1054 1209 initium

187 1221 348 1262 haberet)
381 1228 540 1262 praetextu
576 1220 597 1253 fi
632 1230 697 1252 non
729 1219 883 1252 luminum
900 1243 910 1259 ,
947 1219 1055 1250 saltem

188 1262 314 1295 tutandi
332 1272 415 1294 mare
424 1262 695 1293 Mediterraneum
713 1271 729 1292 a
747 1261 872 1302 piratis,
883 1260 937 1301 qui
955 1269 995 1291 ex
1010 1261 1055 1291 vi-

188 1305 261 1336 cina
287 1302 396 1335 Africa
417 1310 613 1341 excurrunt,
646 1302 759 1333 deinde
784 1303 870 1342 gravi
901 1302 932 1333 &
957 1310 1055 1342 usque

187 1345 337 1387 graviori.
383 1344 426 1376 Et
444 1343 513 1375 sane
538 1344 569 1375 in
595 1343 707 1375 ultima
731 1342 883 1385 Hispania
899 1343 930 1374 δε
948 1341 1056 1374 Africa

189 1387 335 1428 (quippe
366 1385 524 1426 utrimque
559 1384 739 1425 possident)
775 1384 974 1416 munimento
1003 1384 1057 1415 ali-

187 1437 253 1468 quo
279 1425 437 1458 exstruc‘to
456 1450 465 1465 ‚
502 1425 672 1467 additoque
693 1425 939 1466 paucissimarum
970 1425 1056 1456 navi-

190 1478 242 1500 um
267 1467 409 1511 praeiidio
430 1467 564 1509 vestig-al
588 1467 667 1500 illud
693 1476 758 1499 non
781 1466 875 1499 nimis
895 1466 1057 1498 difficilem

822 1572 1182 1608 CAPUT

480 109 880 146 CORNELII
930 118 1034 143 VAN
1083 107 1678 145 BYNKERSHOEK

1093 187 1337 228 explicationem
1355 188 1501 228 haberet,
1526 188 1696 220 utilitatem
1719 197 1797 220 vero
1824 189 1948 227 immen-
1996 209 2000 221 ,ι

1094 227 1165 260 sam.

1134 269 1180 303 Ut
1206 271 1378 308 salutetur,
1404 271 1434 303 &
1464 279 1528 311 quo
1553 270 1649 302 modo
1675 270 1868 304 salutandum
1893 273 1946 315 fit,

1091 312 1175 343 ret‘te
1198 313 1292 344 ctiam
1313 313 1452 343 diximus
1474 313 1646 353 imperare,
1669 312 1722 353 qui
1740 312 1872 354 imperat
1890 324 1949 348 ma.

1091 353 1175 384 ribus
1197 353 1358 394 fretisque.
1404 354 1510 394 Atque
1534 353 1606 385 inde
1638 352 1785 393 constat,
1818 354 1950 390 Ordines

1092 393 1273 426 Hollandiae
1296 405 1377 427 anno
1404 404 1565 427 MmCLxx.
1595 398 1642 426 16.
1668 394 1752 436 Majr
1768 395 1891 436 optimo
1905 397 1951 437 ju-

1091 445 1124 468 re
1146 435 1334 473 decreviss'e,
1359 437 1389 468 in
1413 435 1498 467 freto
1523 436 1639 468 Baltici
1660 437 1753 468 maris
1779 437 1873 478 Regis
1891 438 1950 471 Da-

1091 478 1151 509 niae
1177 486 1279 508 arcem
1309 477 1504 519 Kronenburg
1528 476 1719 509 salutandam
1737 501 1747 517 ,
1781 485 1818 509 ut
1843 478 1952 514 Dauus
2004 499 2006 517 ;

1091 518 1162 551 Rex
1178 517 1345 557 voluisset,
1369 519 1540 551 dummodo
1565 528 1604 551 ne
1627 519 1751 561 Belgis,
1773 529 1866 561 quam
1886 520 1953 554 aliis
2004 539 2005 551 i

1093 559 1245 591 inferatur
1270 559 1406 600 iniquior
1432 560 1596 598 conditio;
1622 570 1685 602 quo
1706 561 1822 602 spectat
1838 561 1954 602 etiam,

1092 601 1177 642 quod
1201 610 1282 632 anno
1312 601 1450 642 sequenti
1468 601 1506 632 ab
1523 600 1684 634 foederatis
1708 603 1814 643 Belgis
1832 612 1954 643 genera-

1093 643 1167 674 liter
1190 642 1351 673 decretum
1377 643 1406 673 ξε
1431 651 1448 672 a
1472 642 1565 674 nobis
1585 643 1718 675 relatum
1747 642 1792 675 est
1819 645 1888 685 Cap.
1914 643 1952 678 ΙΙ.

1093 682 1210 724 Neque
1226 683 1322 723 igitur
1345 682 1539 723 probandum
1553 707 1562 723 ,
1588 685 1672 724 quod
1696 684 1862 717 constituit
1884 685 1953 718 Phi·

1093 723 1245 765 lippusll.
1272 723 1491 765 Hispaniarum
1508 724 1577 756 Rex
1594 726 1624 756 in
1641 725 1670 765 §.
1687 735 1736 768 23-
1759 726 1819 758 Tz't.
1844 725 1867 758 Ι.
1889 726 1916 758 L
1945 751 1953 760 .

1093 767 1281 796 qzazctz‘carmn
1300 788 1310 804 ,
1343 774 1417 806 quas
1440 774 1522 797 anno
1550 775 1714 798 MioLxm.
1746 768 1801 798 ult.
1837 765 1952 801 Octobr.

1094 806 1199 847 Belgis
1223 806 1332 845 dedit,
1356 815 1429 838 cum
1455 806 1592 846 primum
1617 807 1774 848 aplustre,
1807 817 1871 850 quo
1899 808 1954 841 Hi-

1095 847 1267 889 spaniarum
1287 847 1414 889 inlignia
1441 847 1583 888 expressa
1601 847 1694 887 sunt,
1719 848 1860 881 submitti
1879 848 1953 883 salu-

1093 889 1180 921 tandi
1198 898 1287 920 arces
1313 890 1343 920 &
1374 889 1463 920 urbes
1488 898 1690 921 externorum
1714 890 1894 932 Principum
1911 901 1955 924 er-

1097 940 1137 972 go
1161 930 1276 962 vetuit.
1322 929 1435 969 Neque
1459 930 1600 962 similiter
1620 931 1814 972 probandum
1830 955 1840 970 ‚
1896 934 1957 966 uod

1098 971 1195 1004 claffis
1205 970 1228 1002 F
1231 971 1362 1003 rancicae
1373 970 1517 1002 Praefeffi
1533 981 1617 1004 anno
1633 982 1842 1005 MIQCLXVIH.
1859 982 1876 1004 a
1924 984 1955 1007 u-

1100 1022 1137 1045 ce
1162 1012 1348 1044 Florentino
1377 1012 1595 1052 extorserunt,
1621 1021 1656 1044 ut
1679 1024 1734 1045 arx
1762 1014 1958 1049 Liburnenfis

1098 1054 1183 1096 prior
1205 1053 1340 1095 explosis
1369 1054 1534 1085 tormentis
1563 1054 1687 1086 classem
1718 1054 1865 1087 salutaret
1882 1080 1892 1096 ‚
1925 1056 1959 1091 in

1098 1095 1221 1127 caeteris
1258 1094 1359 1126 Italiae
1393 1095 1472 1127 locis
1507 1095 1587 1127 idern
1621 1094 1740 1128 factum
1768 1096 1960 1132 dictitantes.

1098 1136 1259 1168 historiam
1284 1136 1378 1167 habet
1405 1136 1567 1175 Aitzema,
1592 1137 1663 1168 Lib.
1690 1136 1842 1169 XLVIII.
1864 1145 1896 1179 p.
1919 1150 1959 1174 m.

1097 1186 1168 1218 754.
1215 1175 1291 1208 Non
1318 1185 1447 1217 oportet
1471 1177 1505 1208 in
1526 1178 1628 1216 mari,
1651 1178 1779 1210 alterius
1807 1178 1964 1222 Principis

1097 1217 1275 1250 continenti
1298 1218 1465 1258 proxime,
1490 1217 1574 1259 leges
1600 1219 1698 1258 dare,
1720 1218 1771 1251 sed
1796 1221 1962 1263 accipere,

1098 1268 1196 1301 quum
1213 1258 1257 1290 ibi
1275 1258 1367 1290 fimus
1385 1258 1522 1296 subditi,
1543 1268 1608 1291 non
1624 1258 1711 1292 secus
1726 1269 1762 1291 ac
1776 1260 1808 1291 in
1822 1261 1962 1300 ejusdem

1100 1300 1282 1339 territorio,
1308 1306 1342 1330 ut
1361 1298 1434 1331 satis
1454 1297 1646 1332 ostendimus
1668 1301 1699 1332 C.
1724 1300 1766 1332 II.
1793 1301 1853 1333 Sed
1868 1304 1978 1344 profi„

1098 1342 1259 1373 ciscuntur
1277 1341 1345 1372 haec
1360 1350 1377 1372 a
1395 1339 1538 1381 superbia
1552 1341 1804 1380 dominantium,
1826 1352 1897 1383 quae
1913 1344 1960 1378 so-

1100 1382 1326 1456 ggeiffiiiiam
1354 1382 1459 1413 metiri
1486 1391 1645 1414 armorum
1677 1383 1823 1425 potentia
1849 1385 1904 1425 ἃ,
1927 1395 1962 1419 ut

1184 1443 1192 1455 ‘
1271 1446 1282 1462 3

1143 1465 1226 1507 Jura
1243 1470 1334 1508 negat
1344 1463 1402 1504 sibi
1419 1471 1510 1505 nata,
1534 1466 1611 1498 nihil
1626 1476 1684 1498 non
1703 1472 1824 1510 arrogat
1839 1469 1936 1501 armis.

1283 1571 1333 1608 V.

529 1662 677 1697 Oceanus
701 1661 914 1696 Britannicus
938 1672 980 1696 an
1008 1661 1186 1707 Anglorum
1202 1658 1269 1704 sit,
1286 1658 1439 1706 fueritve
1465 1660 1628 1707 unquam?
1661 1666 1664 1672 '

199 1788 201 1794 ,
291 1760 388 1791 ullum
409 1768 492 1791 mare
517 1759 611 1791 hodie
637 1759 737 1790 teneri
757 1758 901 1790 dominio
924 1758 1056 1799 aiicujus

304 1801 458 1841 Principis
476 1800 564 1842 supra
581 1801 737 1839 diximus,
760 1801 789 1832 δε
809 1810 848 1831 ex
870 1800 985 1841 regulis
1000 1801 1055 1831 do-

191 1845 282 1877 minii
309 1842 521 1883 probavimus.
566 1842 616 1874 Ex
643 1842 752 1873 iisdem
776 1852 840 1874 non
865 1845 926 1872 erit
946 1841 1055 1872 diffiei-

192 1887 222 1919 le
239 1885 378 1924 Anglos‚
404 1883 545 1915 Venetos
563 1884 593 1915 ὃς
618 1882 801 1923 Januenses,
827 1883 879 1924 qui
899 1883 930 1914 in
948 1882 1056 1922 primis

189 1927 289 1959 hodie
304 1924 546 1962 contradicunt,
571 1924 778 1962 submovere,
801 1925 831 1956 δε
855 1933 912 1965 pro
934 1924 1058 1955 liberta-

189 1976 226 2000 te
243 1968 316 2005 vel,
341 1974 376 1998 ut
394 1966 522 2006 propius
538 1966 658 2004 dicam,
681 1975 738 2007 pro
754 1966 977 1997 communione
992 1974 1058 1996 om-

189 2009 280 2041 nium
303 2016 386 2044 nunc
418 2008 548 2038 marium
573 2007 694 2039 causam
718 2007 832 2038 dicere.
883 2006 1060 2047 Anglorum

192 2058 297 2092 partes
313 2047 406 2079 multi
432 2055 580 2088 egerunt,
604 2047 656 2079 sed
671 2048 784 2088 primas
806 2048 938 2088 Joannes
954 2047 1058 2079 Selde-

193 2100 254 2123 nus
271 2098 344 2122 toto
369 2088 458 2120 Libro
481 2087 518 2120 11.
545 2089 646 2120 Maris
673 2088 778 2128 Claufi.
804 2089 834 2121 Is
852 2090 954 2129 Capite
976 2087 1001 2120 1.
1026 2087 1058 2119 se

192 2131 398 2174 probaturum
430 2130 544 2170 recipit
571 2130 747 2162 dominium
770 2130 862 2164 maris
884 2129 1058 2162 Britannici

194 2177 346 2214 perpetua
371 2171 580 2211 occupatione
602 2172 631 2202 in
653 2171 704 2203 sua
729 2181 828 2213 usque
846 2179 987 2212 tempora
1003 2170 1058 2202 ob-

193 2212 340 2252 tinuisse,
366 2212 418 2253 qui
438 2212 610 2244 Britanniae
636 2213 876 2254 imperitarunt,
897 2213 961 2245 five
980 2213 1059 2243 anti-

196 2255 250 2296 qui
272 2254 438 2291 Britanni,
462 2252 524 2284 fi-ve
550 2253 702 2293 Romani,
725 2253 788 2286 five
805 2252 1058 2295 Anglosaxones,

196 2297 260 2330 five
287 2294 389 2333 Dani,
414 2294 590 2326 Normanni
607 2317 617 2332 ,
647 2296 676 2328 ἂ
700 2295 754 2336 qui
776 2304 831 2327 eos
851 2303 1062 2335 exceperunt,

196 2338 310 2378 Reges.
362 2335 438 2368 Hoc
462 2335 482 2367 si
507 2335 689 2376 praestiterit
706 2359 717 2375 ,
748 2335 874 2368 herbam
898 2336 1061 2374 dabimus,

198 2379 327 2410 sednon
352 2377 517 2417 praessitit3
541 2377 674 2418 iingulas
700 2378 766 2418 ejus
788 2378 943 2416 rationes,
968 2377 1062 2408 etiam

194 2430 238 2452 ex
264 2418 378 2450 Arabia
402 2418 533 2460 petitas,
558 2418 704 2451 refellere
726 2428 790 2451 non
819 2419 997 2457 constitui,
1030 2426 1062 2449 at

191 2470 234 2492 -ea
247 2460 400 2492 duntaxat
423 2459 606 2500 suggerere,
629 2469 698 2501 quae
721 2459 940 2492 subvertendis
963 2460 1061 2492 omni-

199 2503 258 2534 bus
281 2501 381 2542 videri
400 2500 525 2541 poss‘unt
541 2501 664 2533 idonea.

243 2542 392 2582 Largitur
419 2542 495 2580 ille,
521 2542 552 2573 &
578 2551 688 2574 verum
714 2542 759 2574 est
779 2565 789 2581 ,
818 2543 1061 2584 occupationem

197 2582 479 2625 poss‘effionemque
503 2583 613 2620 maris,
639 2592 740 2623 neque
764 2584 868 2623 aliud,
893 2584 1062 2624 occupanti

223 2623 429 2664 offidentique
447 2623 612 2663 imperium
637 2623 774 2655 tribuere
788 2623 850 2655 sive
868 2624 1062 2663 dominium,

225 2665 250 2697 is
276 2665 360 2696 enim
384 2663 518 2695 vocibus
543 2664 595 2695 hic
621 2664 739 2696 utimur
761 2664 946 2704 promiscue.
993 2665 1063 2705 Ego

198 2715 280 2738 vero
304 2715 368 2738 non
397 2705 513 2746 largior
529 2727 540 2744 ,
572 2705 626 2736 has
644 2727 654 2742 ‚
677 2714 752 2746 quas
774 2705 887 2737 recitat
907 2729 917 2745 ‚
948 2705 1063 2738 subacti

200 2747 295 2779 maris
309 2746 510 2788 probationes
528 2747 559 2777 in
578 2746 656 2778 hanc
678 2756 744 2778 rem
772 2746 931 2785 sufficere,
955 2747 1064 2788 utiquc

201 2796 238 2820 ut
266 2788 449 2826 credamus,
473 2788 640 2820 Britannos
664 2787 702 2819 ab
727 2797 765 2819 eo
790 2794 952 2827 tempore,
975 2789 1064 2828 cujus

198 2829 302 2861 exstat
320 2829 469 2861 memoria
482 2851 492 2866 ‚
515 2829 553 2859 ad
577 2836 701 2860 aetatcm
730 2838 829 2869 usque
844 2827 980 2860 nostram
992 2838 1062 2874 per-

226 2878 302 2902 etuo
328 2869 422 2902 fuiffe
447 2870 592 2902 dominos
614 2870 763 2907 Oceani,
791 2879 855 2910 quo
883 2869 922 2900 de
951 2878 1064 2910 agitur.

202 2921 217 2944 i
240 2921 281 2943 on
296 2910 641 2952 disputem,quouf·.]ue
656 2911 711 2942 ille
719 2912 864 2943 Oceanus
878 2920 1065 2951 quaquaver-

204 2951 271 2984 sum
290 2953 485 2993 porrigatur,
511 2951 608 2983 facile
635 2952 738 2993 patior
760 2952 927 2984 Seldenum
950 2951 989 2982 de
1006 2961 1067 2982 am-

201 2993 359 3033 plitudine
376 2993 547 3025 Britannici
566 3000 738 3025 certantem
751 3016 759 3031 ,
786 2993 880 3024 modo
903 3001 941 3024 ne
960 2993 1067 3024 vincat

203 3035 235 3065 in
262 3043 301 3065 eo
317 3057 326 3072 ‚
359 3034 443 3074 quod
469 3044 518 3065 res
545 3033 597 3065 cst.
645 3034 738 3066 Putat
764 3043 868 3066 tamen
894 3034 934 3065 de
959 3032 1067 3074 priscis

205 3073 362 3106 Britannis
383 3074 413 3106 se
437 3074 469 3106 id
494 3075 667 3107 confeciss'e
698 3076 767 3115 Cap.
792 3075 833 3106 11.
857 3074 892 3109 &²
914 3074 970 3106 111.
992 3074 1068 3115 quid

205 3122 310 3146 autem
332 3115 400 3146 ibi?
423 3116 519 3147 docet
536 3125 591 3147 eos
610 3116 764 3157 naviguss'e
783 3125 864 3147 mare
883 3114 990 3153 suurn,
1013 3115 1066 3146 do-

203 3162 257 3186 cet
272 3153 409 3195 piscatos
421 3155 531 3195 fuisse,
555 3165 649 3197 atque
670 3157 713 3188 ita
728 3157 913 3189 omnimodo
932 3155 1069 3188 habuisse

199 3196 295 3229 maris
312 3194 419 3237 usum,
440 3195 506 3230 fine
523 3206 587 3238 quo
606 3198 774 3239 occupatio
785 3219 796 3237 ,
830 3206 865 3229 ut
881 3206 980 3238 neque
996 3206 1067 3238 pos-

1098 1757 1186 1789 sesfio
1210 1756 1336 1799 possunt
1362 1757 1508 1799 intelligi.
1554 1758 1596 1790 At
1621 1768 1700 1792 vero
1724 1769 1765 1792 ex
1780 1759 1849 1793 solo
1868 1761 1962 1793 maris

1097 1798 1155 1830 usu
1172 1808 1311 1830 neutram
1328 1799 1411 1830 recte
1428 1799 1537 1840 colligi
1554 1799 1586 1831 in
1603 1801 1851 1842 praecedentibus
1869 1802 1963 1834 abun-

1097 1841 1137 1872 de
1155 1849 1205 1871 me
1230 1840 1340 1872 dixisse
1362 1840 1533 1878 recordor,
1555 1843 1663 1883 ecquis
1688 1844 1771 1875 enim
1797 1853 1861 1875 non
1877 1844 1961 1874 navi-

1097 1889 1150 1923 gat
1174 1883 1203 1913 ὅς
1227 1882 1366 1922 piscatur
1391 1881 1452 1913 fine
1486 1882 1550 1913 ulla
1582 1883 1702 1923 imperii
1733 1883 1964 1917 destinatione?

1100 1923 1173 1961 vel,
1198 1931 1233 1954 ut
1260 1923 1364 1955 verius
1387 1923 1509 1962 dicam,
1531 1931 1648 1964 quotus
1668 1924 1715 1956 est
1731 1926 1882 1966 quisque,
1907 1926 1961 1966 qui

1100 1973 1143 1995 eo
1169 1965 1274 1995 animo
1293 1965 1420 2004 navigat
1446 1965 1475 1995 ὃς
1492 1964 1657 2005 piscatur?
1680 1965 1793 1998 Iterum
1818 1975 1889 1997 cum
1909 1967 1962 1998 ali—

1099 2005 1176 2037 ·cu'ui
1191 2005 1319 2037 Solinus
1343 2006 1406 2042 ait,
1430 2004 1590 2037 Britannos
1609 2006 1743 2038 dentibus
1766 2008 1842 2038 mari
1862 2009 1981 2039 nanti-1

1102 2056 1150 2078 um
1177 2047 1336 2077 belluarum
1358 2044 1538 2087 irifigniviffit
1566 2046 1673 2085 ensium
1701 2048 1815 2089 capulos
1830 2070 1842 2086 ‚
1873 2049 1962 2089 quis,

1100 2086 1157 2121 niss
1175 2087 1309 2129 partium
1332 2086 1434 2118 studio
1448 2087 1615 2128 abreptus,
1638 2097 1679 2119 ex
1696 2098 1735 2120 eo
1754 2090 1847 2121 maris
1865 2089 1961 2131 impe-

1101 2130 1181 2162 rium
1200 2128 1360 2161 Britannis
1383 2127 1551 2160 vindicet?
1571 2129 1699 2161 deducit
1726 2130 1790 2161 hoc
1813 2131 1961 2163 Seldenu·

1102 2170 1205 2212 longis
1232 2168 1464 2210 consequentiis
1481 2192 1490 2208 ,
1515 2168 1584 2207 sed,
1607 2178 1643 2201 ut
1661 2171 1820 2211 conjicere
1836 2170 1899 2210 cst,
1921 2170 1961 2204 fic

1103 2212 1175 2245 satis
1193 2211 1334 2249 levibus3
1359 2211 1498 2252 ceperint
1515 2211 1570 2252 ipsi
1594 2211 1733 2244 Britanni
1753 2212 1807 2244 has
1824 2213 1960 2252 belluas,

1104 2261 1188 2285 trans
1206 2261 1289 2283 mare
1306 2261 1402 2291 usquc
1423 2252 1452 2282 ἃ
1469 2261 1567 2293 usque
1584 2253 1782 2285 cucurrerint
1794 2276 1805 2292 ,
1827 2254 1962 2286 animum

1104 2293 1291 2335 occupantis
1310 2292 1554 2339 possidcntisque
1578 2293 1730 2326 desidere.
1774 2293 1873 2327 Hunc
1899 2295 1908 2326 i
1934 2293 1963 2326 se

1105 2336 1196 2368 elicit
1218 2344 1258 2366 ex
1275 2334 1361 2366 hiice
1385 2334 1459 2373 julii
1479 2334 1611 2367 Caesaris
1630 2336 1664 2366 de
1681 2335 1761 2366 Bello
1783 2336 1865 2367 Gall.
1902 2337 1962 2368 sib.

1106 2377 1163 2409 IV.
1188 2377 1219 2408 C.
1242 2386 1274 2416 5.
1299 2375 1402 2417 Neque
1433 2381 1536 2407 temere
1555 2381 1662 2416 praeter
1680 2382 1852 2407 mercatores
1867 2377 1906 2407 ad
1926 2377 1962 2407 il-

1105 2420 1146 2450 los
1162 2419 1227 2450 adit
1249 2418 1415 2459 quisquan-2,
1440 2426 1529 2459 neque
1555 2418 1594 2448 iis
1616 2415 1683 2458 ipfis
1698 2419 1870 2458 quicquam,
1891 2424 1964 2458 prce-

1105 2466 1149 2491 τεν
1165 2469 1243 2491 oram
1267 2460 1446 2489 maritimam
1473 2463 1557 2499 atque
1581 2467 1631 2489 eas
1647 2459 1799 2499 regiones,
1822 2459 1964 2500 quoeflcm

1105 2507 1206 2532 contra
1242 2500 1393 2536 Galliam,
1415 2504 1513 2529 notum
1537 2497 1585 2539 est.
1631 2498 1782 2530 Seldenus
1805 2507 1868 2530 tam
1898 2508 1964 2531 cer-

1104 2543 1153 2575 nit
1171 2549 1318 2579 acutum‚
1347 2548 1379 2570 ut
1403 2549 1444 2570 cx
1467 2548 1507 2570 eo
1526 2538 1593 2570 solo
1619 2538 1763 2571 constare
1785 2539 1966 2580 existimet,

1105 2583 1271 2616 Britannos
1289 2581 1364 2612 mari
1382 2579 1435 2611 suo
1451 2578 1661 2619 submovisse,
1683 2589 1771 2613 certe
1787 2580 1962 2623 prohibuis-

1107 2623 1138 2656 se
1155 2648 1164 2663 ,
1197 2621 1346 2665 quicquid
1371 2628 1438 2666 enit
1462 2629 1645 2652 exterorum
1673 2629 1787 2662 praeter
1815 2631 1965 2654 mercato·
2007 2649 2008 2655 ,

1102 2675 1176 2704 res,
1199 2664 1383 2699 neminem,
1414 2671 1450 2693 us
1482 2662 1612 2701 invitis,
1637 2663 1786 2703 adpulifl'e
1812 2664 1848 2696 ad
1875 2664 1965 2696 littus

1107 2706 1216 2743 suum,
1241 2705 1316 2750 quin
1341 2703 1392 2733 vel
1412 2712 1486 2742 cos,
1508 2712 1588 2743 quos
1612 2713 1652 2735 ex
1673 2703 1777 2736 Gallia
1796 2705 1827 2737 in
1845 2704 1964 2737 Britan-

1105 2747 1188 2779 niam
1223 2742 1374 2788 trajecissje
1409 2744 1546 2784 prodidit
1577 2745 1747 2787 antiquitas
1764 2768 1774 2785 ,
1805 2746 1868 2777 tale
1892 2743 1974 2786 quid.
2006 2737 2008 2780 ἶ

1106 2796 1169 2820 non
1188 2785 1280 2818 fuiffe
1305 2785 1393 2816 auios
1408 2807 1418 2822 ‚
1450 2785 1505 2817 niti
1530 2786 1694 2832 impetrata
1712 2797 1729 2818 a
1751 2786 1880 2828 Regulis
1898 2786 1964 2820 Bri·
2006 2793 2008 2822 ἰ

1108 2829 1281 2860 tanniarum
1303 2825 1466 2870 mariturus
1484 2835 1585 2859 venia.
1611 2827 1712 2867 Haec,
1737 2828 1862 2869 inquam
1899 2835 1963 2866 om·-

1109 2869 1159 2902 nia
1180 2869 1235 2900 ille
1250 2878 1290 2899 ex
1308 2867 1449 2907 Casini-e,
1475 2877 1567 2909 quem
1583 2876 1686 2900 tamen
1705 2876 1826 2900 certum
1841 2878 1858 2900 e
1903 2875 1964 2901 non

1109 2910 1148 2941 de
1168 2909 1334 2941 interdisto
1350 2909 1441 2941 maris
1461 2909 1515 2941 usu
1539 2919 1648 2952 agere,
1674 2908 1725 2941 sed
1745 2910 1836 2942 unice
1851 2910 1890 2942 de
1903 2916 1965 2941 non

1108 2951 1306 2992 frequentata
1324 2958 1440 2981 temere
1464 2951 1501 2982 ab
1520 2950 1621 2983 Gallis
1637 2951 1808 2983 Britannia.
1852 2951 1904 2983 Sic
1924 2948 1967 2981 ul-

1110 2993 1215 3023 timam
1225 2991 1353 3023 Thulen
1370 2993 1476 3030 paucis
1490 2992 1622 3032 aditam,
1637 2992 1754 3024 nemini
1773 2991 1965 3024 interdictam

1108 3033 1295 3073 accepimus.

1151 3072 1296 3115 Longum
1322 3074 1397 3106 css'et
1415 3097 1425 3114 ,
1457 3084 1558 3116 neque
1591 3074 1667 3106 1111111
1696 3074 1881 3113 decretum,
1903 3074 1965 3146 ἐξι-

1437 3157 1664 3198 Navigaverint
1679 3157 1724 3188 illi
1748 3165 1832 3188 mare
1847 3154 1965 3188 Britan-

1111 3123 1221 3146 omnes
1249 3123 1358 3147 aetates
1382 3116 1495 3157 Populi
1521 3116 1685 3158 Anglicani
1705 3115 1879 3157 singulatim

1110 3156 1192 3187 deno
1212 3165 1389 3188 occurrere.
1620 3157 1624 3162 '

1109 3197 1216 3233 uicum
1241 3197 1279 3229 ad
1304 3198 1375 3230 haec
1401 3207 1497 3239 usque
1522 3205 1666 3240 tempora
1685 3219 1696 3236 ,
1724 3194 1967 3268 naVIgaruntsuig

1867 3244 1900 3276 ip
1968 3253 1969 3257 =
