2008 3436
211 97 250 132 c.
277 106 351 133 vin
378 91 749 132 BYNKERSHOEK
776 91 970 142 QUAEST.
996 91 1133 139 JURIS
1159 92 1292 129 PRIV.
1321 93 1408 131 Lm.
1434 97 1498 134 111.
1526 101 1563 136 e.
1583 103 1612 138 1.

37 184 146 217 multae
175 184 332 225 querelae,
356 192 415 215 nec
443 192 494 215 eas
516 180 579 213 ess'e
606 181 711 226 inanes
733 178 902 213 ostendunt

39 234 87 258 tot
96 225 250 257 variantes
259 226 422 266 utriusque
433 223 539 256 Curiae
556 222 738 260 sentent1ae‚
757 229 835 261 quot
852 222 902 253 hoc

37 266 220 309 &sequenti
246 267 347 307 Capite
378 264 558 297 recensebo.
605 264 701 295 Mens
723 262 844 302 Edisti,
868 271 904 295 ut

37 317 76 340 ex
98 308 287 349 praefationc
308 315 454 349 apparet,
479 304 668 351 potiffimum
690 303 808 351 duplex
835 303 904 351 est«,

37 350 157 388 altera,
181 357 216 381 ut
241 358 428 381 occurratur
454 346 650 384 Pontificus,
674 354 725 386 qui
752 348 901 387 perverso

35 391 213 432 Religionis
232 391 304 422 zelo
322 391 404 422 bona
422 389 474 422 sua
495 389 527 420 in
554 386 711 419 Ecclesias
735 388 765 419 &
788 387 900 420 Eccle-

35 431 173 465 fiastieos
196 431 390 470 effundunt3
414 430 528 468 altera,
551 436 587 461 ut
611 437 798 461 occurratur
819 429 900 461 Pon-

35 473 143 507 tificiis
162 474 342 516 parentibus
350 495 360 511 ,
383 471 435 513 qui
462 470 581 503 liberos
604 470 719 502 habent
742 470 901 512 utriusque

34 515 135 548 8ectae
151 538 161 553 ‚
186 514 365 547 Pontificiae
389 521 502 554 nempe
529 513 559 545 &
586 510 782 544 Calvinianae
797 535 808 551 ,
839 522 900 551 nc,

34 557 110 589 odio
129 555 302 598 Religionis
319 579 328 594 ‚
353 555 402 586 his
431 564 524 596 qnam
545 553 607 585 illis
630 553 801 595 iniquiores
828 552 898 586 sint.

35 598 100 645 Qui
121 607 175 639 per
194 596 366 629 Ecclesiam
383 594 656 629 &Ecclefiasticos
670 595 899 636 intelligantur,

35 649 151 681 magno
178 638 348 670 verborum
381 645 528 679 apparatu
561 636 715 668 Praefatio
741 646 781 669 ex
806 638 900 676 onit,

36 681 67 713 ὅ(
89 680 258 722 aliquoties
288 679 432 720 repetit,
462 687 647 711 enumerans
677 678 749 710 loca
796 688 805 697 r
831 687 899 719 per-

29 721 124 755 sonas
142 721 258 759 sacras,
282 721 394 763 quibus
417 730 456 753 ex
485 719 673 752 testamento
699 729 810 767 capere
836 729 901 752 non

35 763 132 803 licet,
157 763 269 795 additis
292 762 488 802 rationibus,
509 772 549 795 ne
571 762 697 801 ¹¹⁵&szae
724 763 806 794 {acra
830 770 901 802 pro-

34 814 219 844 moveatur,
243 814 283 836 ne
302 804 366 836 olla
392 803 477 836 sacra
493 827 503 843 ‚
528 813 622 844 quam
650 811 790 842 vocant,
816 803 903 835 locu-

34 847 195 888 pletetur,
219 856 259 878 ne
281 845 366 878 bona
392 845 577 886 perveniant
605 844 644 876 ad
670 854 797 876 manum
820 853 902 876 mor-

35 896 120 921 tuam
131 912 140 927 ‚
159 889 248 920 onder
266 888 373 919 andere
386 888 445 918 ciem
456 887 611 928 publicque
628 895 663 917 en
678 885 902 929 genutborifl’er-

35 931 70 960 de
89 927 319 970 administrati&

74 972 158 1004 Mox
183 971 298 1012 incipit
320 971 421 1011 prima
437 969 573 1010 smffio,
597 980 667 1012 quae
685 969 730 1002 est
753 970 792 1002 de
809 968 899 1001 testa-

34 1014 133 1047 menti
154 1011 294 1045 factione
310 1012 423 1053 paffiva
434 1035 444 1049 ‚
460 1011 501 1044 fic
515 1012 599 1044 enim
614 1013 713 1053 vulgo
726 1011 900 1052 appellant3

33 1057 100 1089 five
114 1054 154 1086 de
170 1054 237 1093 his,
263 1054 316 1095 qui
335 1062 447 1094 capere
478 1061 543 1084 non
565 1052 690 1094 possunt
736 1060 902 1094 uocunque

33 1097 151 1135 modo,
172 1103 268 1136 atque
298 1094 329 1126 hi
352 1102 511 1126 vocantur
552 1093 641 1136 qfez'de
661 1060 822 1137 geeffielyke
833 1100 901 1140 per-

23 1139 137 1180 sonen,
161 1136 314 1177 Kloppen,
340 1136 491 1174 Nonnen,
513 1103 550 1177 οῗ
571 1137 676 1168 andere
705 1135 902 1178 Paztsgesmcle

36 1179 197 1223 geordende
208 1177 349 1219 pembnen
360 1200 370 1216 ,
392 1178 441 1209 hoe
456 1179 501 1209 die
518 1178 567 1210 ook
583 1182 725 1220 genaamt
740 1178 826 1208 zoude
842 1186 899 1208 mo-

34 1232 94 1265 gon
121 1220 239 1261 wesm,
263 1219 375 1262 gesez'de
399 1217 559 1262 geestelylze
586 1229 687 1250 armen
707 1242 717 1258 ,
745 1217 902 1260 Gefiigten

33 1264 69 1304 os
86 1261 283 1303 Godsbuysbn.
327 1259 396 1302 Ipsa
411 1261 506 1292 verba
526 1260 678 1299 exhibui,
703 1260 777 1300 quia
805 1259 844 1291 de
865 1259 903 1291 iis

31 1303 253 1345 disputandum
273 1301 346 1334 erit.
391 1301 556 1347 Quicquid
572 1310 676 1333 autem
695 1302 732 1333 iis
746 1301 902 1343 relinqua-

35 1355 105 1383 tur,
129 1345 181 1377 vel
197 1343 359 1385 expresse,
381 1344 435 1376 vel
463 1343 579 1381 tacite,
606 1353 661 1384 per
685 1343 902 1384 interpositam

31 1386 195 1430 personam
212 1408 224 1425 ,
252 1385 338 1416 cedit
363 1384 529 1416 heredibus
553 1385 592 1416 ab
623 1383 782 1416 intestato.
828 1382 902 1415 Post

33 1426 194 1473 geeflelyke
212 1426 355 1469 perflmen
373 1425 546 1467 sequuntur
571 1425 728 1467 Kloppen,
754 1425 837 1458 unde
856 1425 902 1456 di-

34 1479 139 1509 ceres,
164 1478 217 1501 eas
235 1468 383 1509 Virgines
411 1467 473 1499 effe
499 1466 703 1499 recensendas
727 1468 809 1500 inter
833 1476 902 1508 per-

31 1512 123 1546 sonas
136 1533 146 1549 ,
169 1519 240 1551 quae
255 1509 293 1541 ad
309 1508 420 1542 statum
438 1508 588 1541 Ecclefiae
615 1508 679 1541 five
703 1509 740 1541 ad
759 1508 903 1541 ordinem

32 1551 285 1586 Ecclesiasticum
309 1551 470 1592 pertinent
490 1561 497 1581 :
522 1549 572 1582 sed
595 1560 690 1592 quum
708 1551 772 1583 illae
797 1550 902 1591 Virgi-

32 1605 107 1634 nes,
127 1592 393 1635 (sanctimoniales
411 1592 593 1634 appellabo)
612 1592 671 1623 tria
693 1602 788 1632 voca,
812 1592 902 1624 catti-

33 1637 132 1674 tatis,
155 1634 348 1677 paupertatis
374 1635 404 1667 &
427 1634 618 1666 obedientiae
643 1643 709 1666 non
737 1632 904 1675 praestent,

32 1677 163 1715 nescio,
184 1686 222 1709 an
239 1676 277 1709 ad
296 1674 410 1709 statum
429 1674 686 1708 Ecclesiasticum
703 1675 813 1708 referri
831 1685 903 1718 pos-

32 1719 111 1760 fint,
135 1727 235 1759 neque
251 1717 348 1750 etiam
374 1717 431 1749 ulli
449 1717 571 1756 ordini,
596 1724 651 1749 aut
674 1716 832 1749 Praefefto
853 1716 903 1748 ad-

33 1760 158 1803 scriptae
175 1759 266 1799 sunt,
292 1768 351 1791 nec
375 1759 439 1790 alio
466 1759 534 1799 jure
555 1758 705 1791 videntur
729 1758 902 1796 habendae,

34 1811 128 1844 quam
144 1811 216 1842 quae
233 1801 315 1842 apud
343 1800 548 1833 Calvinianos
573 1800 725 1841 pietatem
749 1810 812 1841 prae
830 1800 901 1831 reli-

33 1844 102 1886 quis
131 1843 287 1875 affeetant.
343 1842 423 1874 Sane
449 1852 508 1874 nec
540 1851 580 1873 ex
608 1842 680 1882 Jure
709 1841 900 1881 Pontificio,

33 1895 94 1918 nec
117 1894 159 1917 ex
183 1884 248 1925 ejus
269 1883 496 1925 interpretibus
519 1883 639 1915 discere
665 1883 758 1924 potui
776 1906 785 1919 ,
808 1884 902 1923 virgi-

34 1936 90 1958 nes
105 1926 173 1959 illas
188 1923 696 1966 Sanffimonialesinterpersonas
711 1924 902 1957 Ecclesiasti-

34 1977 87 1999 cas
103 1968 164 2000 effe
182 1966 405 2006 numerandas,
432 1966 461 1998 ὅ(
476 1976 532 1998 cur
550 1976 613 1998 non
629 1965 687 1998 fint
700 1988 711 2004 ,
734 1966 842 1998 multis
858 1976 903 1998 ar-

35 2009 194 2051 gumentis
211 2007 358 2049 probavit
374 2007 538 2040 Ansetmus
558 2008 590 2039 in
617 2007 792 2039 Tribom'cmo
816 2008 900 2051 Belg.

37 2052 69 2083 C.
95 2051 150 2083 IV.
175 2049 203 2091 §.
229 2054 258 2085 8.
281 2050 342 2081 Sed
363 2049 436 2091 quia
455 2050 538 2081 inter
552 2058 603 2080 eas
617 2058 820 2081 numerarunt
842 2050 901 2082 Or-

35 2093 124 2124 dines
143 2091 327 2124 Hollandiae
339 2115 348 2130 ‚
372 2090 485 2123 frustra
501 2100 537 2122 ea
551 2091 591 2121 de
610 2100 644 2121 re
669 2090 714 2122 est
736 2092 840 2123 omnis
857 2092 903 2122 di-

37 2133 234 2175 spumam&
250 2132 291 2164 fic
309 2142 434 2174 quoque
445 2132 600 2173 judicavit
622 2132 791 2172 Supremus
806 2133 899 2165 Sena·

39 2184 90 2207 tus
108 2185 159 2211 29·
181 2174 242 2215 Jul.
272 2183 361 2214 1740.
385 2174 457 2215 (6)
472 2183 569 2216 quum
587 2173 626 2205 de
651 2183 691 2205 eo
712 2181 900 2205 controver-

36 2218 78 2251 fia
100 2215 268 2248 incidisset.
313 2215 462 2247 Moniales
477 2215 585 2256 utique
600 2214 669 2247 sunt
683 2216 822 2256 virgines
842 2215 902 2247 Ec-

38 2256 216 2291 clesiasticae
232 2257 296 2290 five
311 2256 466 2299 religiosae
478 2280 487 2294 ‚
512 2256 541 2287 ἅ
559 2257 661 2297 palam
687 2257 803 2289 Edrao
817 2264 902 2289 com-

38 2300 275 2342 prehenduntur
287 2322 296 2337 ‚
320 2299 447 2340 Beginae
462 2307 526 2329 non
544 2299 781 2338 exprimuntur,
804 2300 835 2331 ὃς
852 2308 904 2331 eas

38 2341 133 2374 mixti
151 2339 213 2372 fori
235 2339 298 2372 effe
322 2339 442 2380 scripsit
470 2339 634 2372 Anselmus
663 2341 693 2371 d.
720 2342 752 2372 C.
786 2340 842 2372 IV.
874 2340 902 2382 §.

41 2387 72 2414 6.
98 2383 172 2424 quin
200 2390 302 2414 tamen
337 2380 491 2413 sententia
518 2380 625 2413 Editti
651 2382 903 2420 contineantur,

37 2423 102 2464 ipse
121 2433 186 2455 non
212 2424 326 2455 dubito
343 2447 352 2462 ‚
377 2432 437 2454 nec
457 2422 618 2464 quisquam
648 2423 826 2462 dubitavit,
850 2423 904 2464 qui

39 2465 174 2506 Kloppen
190 2465 263 2497 albo
280 2463 498 2505 religiosorum
513 2463 604 2495 inseri
622 2463 851 2496 animadvertit.

86 2507 139 2539 Ait
155 2506 319 2544 Edictum,
334 2506 445 2548 geffeide
459 2502 618 2548 geestelyke
634 2516 757 2544 armen,
784 2503 902 2548 Gestig-

41 2555 91 2580 ten
117 2548 151 2589 of
176 2547 367 2589 Godshzcz'sen.
411 2547 562 2579 Praefatio
587 2548 709 2580 dixerat
737 2546 904 2588 Kloosters,

47 2591 234 2629 Converzterz,
257 2599 293 2620 en
311 2591 417 2621 andere
432 2591 586 2631 genoemde
602 2587 763 2632 geeftelyke
786 2587 904 2631 Geflig-

41 2639 91 2665 ten
105 2655 115 2670 ‚
139 2632 216 2663 item
244 2641 345 2661 armen
366 2641 402 2662 en
425 2631 586 2674 Collegien.
630 2631 722 2663 Unde
740 2630 904 2672 quaesitum

41 2673 87 2706 est
109 2673 148 2704 de
175 2672 232 2703 hac
256 2670 370 2712 specie.
415 2673 618 2714 Sempronia,
642 2683 712 2714 qute
738 2672 903 2718 religionis

40 2723 106 2748 erat
121 2712 300 2745 Pontificiae
311 2735 322 2751 ,
342 2713 488 2747 heredem
513 2724 552 2747 ex
575 2714 636 2746 asse
654 2714 761 2748 scribit
787 2714 903 2746 Maevl-

40 2766 115 2795 um,
138 2756 169 2788 &
186 2753 309 2793 Titiae,
325 2752 423 2787 sorori
436 2754 515 2795 suae,
532 2757 617 2797 legat
632 2756 785 2788 minutam
799 2764 904 2796 quam-

42 2799 115 2830 dam
135 2795 306 2835 summam‚
331 2794 580 2830 hebdomadatim
609 2796 801 2830 solvendam.
846 2795 906 2828 Ti-

43 2841 106 2878 tia,
130 2836 199 2879 post
213 2837 336 2868 obitum
350 2837 564 2878 Semproniae,
586 2848 670 2878 rata,
692 2838 850 2873 Maevium
869 2837 905 2870 fi-

43 2877 261 2913 deicommisso
279 2877 342 2909 effe
356 2887 518 2919 gravatum
534 2880 566 2912 in
588 2880 730 2914 fraudem
754 2879 858 2912 Edisti
873 2890 904 2920 4.

41 2921 124 2962 Maj.
150 2924 242 2961 1655.
258 2919 465 2951 Maeviumzin
481 2920 529 2960 jus
545 2930 642 2953 vocat
656 2922 738 2964 apud
756 2922 907 2954 Senatum

43 2965 229 3004 Supremam
242 2983 251 2999 ‚
262 2961 398 3007 primum
410 2960 568 2993 Interdib'to
587 2963 809 3005 Utipoffidetir‚
819 2963 906 2995 dein-

43 3006 84 3037 de
91 3013 132 3036 ex
141 3010 357 3036 conventione
366 3003 499 3043 partium
510 3003 542 3035 in
550 3003 668 3043 judicio
676 3005 830 3046 petitorio
839 3028 848 3043 ,
870 3012 907 3035 ut

44 3046 121 3085 fibi,
144 3053 205 3086 qua
221 3043 339 3076 haeredi
355 3043 393 3075 ab
412 3042 559 3077 intestato
572 3068 583 3086 ,
605 3054 732 3078 omnem
755 3046 908 3087 heredita-

86 3167 126 3204 (6
134 3165 147 3202 )
168 3163 279 3203 Observ.
301 3165 417 3195 Tumult.
440 3164 474 3195 T.
493 3167 573 3197 XIV.
592 3176 620 3197 n.
641 3174 726 3204 3194.

87 3207 146 3244 (Ἴ)
167 3203 277 3242 Observ.
299 3204 419 3236 Domum
439 3204 472 3236 Τ.
492 3206 544 3236 IX.
567 3215 594 3236 n.
616 3208 700 3236 2018.

1737 97 1805 148 375'
1827 162 1830 166 Α

947 189 1012 212 tem
1038 179 1225 226 restitueret.
1270 180 1410 215 Maevius
1430 184 1474 215 ait
1491 207 1501 223 ,
1526 185 1558 218 se
1574 195 1715 227 paratum
1748 188 1812 223 effe

945 223 1065 263 jurare,
1089 222 1169 254 n1hil
1185 222 1240 254 fibi
1258 221 1322 254 effe
1335 223 1536 265 mandatum,
1560 229 1642 268 quod
1658 230 1699 261 im
1725 230 1813 272 {ngat

948 265 979 295 in
1003 265 1032 295 d.
1058 262 1216 303 Ediezum,
1239 265 1315 306 quin
1338 274 1405 298 non
1432 265 1495 297 alio
1517 269 1663 302 mandato
1703 280 1720 302 e
1748 270 1811 303 esse

948 304 1131 337 instrustum
1148 328 1158 344 ‚
1197 315 1291 346 quam
1315 314 1352 338 ut
1378 306 1586 339 hereditatem
1610 310 1811 343 distribueret

946 347 1028 379 inter
1043 355 1193 389 pauperes
1210 347 1399 381 Pontificios
1410 371 1421 386 ‚
1444 348 1496 389 qui
1515 348 1713 383 Rotterdami
1730 352 1810 384 sunt.

947 387 1122 432 Quaesitum
1138 387 1201 428 est,
1223 399 1262 422 an
1277 389 1309 422 id
1331 399 1386 431 per
1404 390 1551 423 Edictum
1565 390 1703 423 liceret?
1726 393 1810 425 Mae-

945 441 1018 462 vrus
1044 430 1167 462 Titiam
1187 431 1285 464 etiam
1307 441 1348 464 ex
1374 441 1414 463 eo
1437 432 1612 473 repellebat
1629 455 1639 469 ,
1672 432 1756 473 quod
1781 434 1812 466 δε

944 472 1009 514 ipsa
1027 471 1105 504 esset
1115 471 1293 504 Pontificiae
1307 473 1503 515 Religionis,
1525 474 1555 506 <Sc
1575 472 1721 505 Edictum
1737 473 1813 506 dun-

944 522 1031 546 taxat
1052 512 1215 545 videretur
1232 513 1379 556 scriptum
1396 515 1428 547 in
1450 515 1581 557 gratiam
1606 523 1736 554 eorum,
1758 515 1813 555 qui

943 555 1116 587 emendatae
1144 564 1233 587 erant
1257 555 1444 598 Religionis.
1488 557 1549 589 Sed
1570 555 1717 589 Edictum
1745 555 1814 588 fim-

943 597 1069 639 plicitcr
1087 605 1185 628 vocat
1198 596 1328 629 heredes
1348 597 1387 629 ab
1405 597 1551 631 intestato
1564 621 1575 638 ,
1597 597 1620 631 fi
1644 598 1715 639 quis
1733 606 1812 629 con-

943 647 990 670 tra
1009 638 1041 670 id
1068 637 1216 670 Edictum
1242 638 1339 671 fuerit
1360 639 1509 679 testatus,
1534 639 1599 672 sola
1617 639 1716 680 igitur
1728 648 1812 680 quae-

944 679 1004 721 stio
1026 687 1114 716 erat,
1137 688 1176 711 an
1194 680 1236 712 fic
1254 680 1364 713 testata
1382 681 1458 714 ess'et
1474 682 1666 725 Sempronia.
1711 679 1814 712 Adfir-

944 721 1049 754 mabat
1064 720 1177 759 Titia,
1200 722 1274 763 quia
1298 731 1340 754 ex
1363 732 1404 754 eo
1424 723 1538 755 Edisto
1558 724 1641 755 bona
1662 721 1723 754 esse
1743 720 1813 763 pos-

944 763 1016 795 sunt
1038 762 1096 795 nisi
1122 761 1178 795 sub
1200 763 1326 804 publiea
1355 764 1386 797 δε
1415 765 1502 797 licita
1527 762 1815 801 administratione,

944 804 975 837 &
988 804 1179 838 nominatim
1190 806 1315 845 caveri,
1333 815 1373 837 ne
1391 807 1604 848 relinquantur
1622 805 1810 848 pauperibus

946 845 1137 878 Pontificiis.
1182 845 1231 877 Ad
1255 846 1324 879 haec
1349 847 1490 880 Maevius
1511 847 1670 890 publicam
1689 847 1718 879 ἀ
1741 846 1812 879 lici·

944 896 1008 919 tam
1024 886 1327 920 administrationem
1354 889 1385 920 in
1413 889 1528 920 Edisto
1546 889 1664 931 opponi
1685 889 1810 925 incanui,

943 938 1037 969 quam
1055 936 1173 960 vocant
1184 952 1194 968 ‚
1217 935 1333 961 mortuae
1344 953 1354 970 ‚
1379 931 1469 970 cujus
1485 930 1571 963 nulla
1587 930 1632 963 est
1647 930 1811 969 alienatio,

946 970 976 1002 se
995 970 1121 1011 publice
1139 970 1372 1011 administrare,
1396 972 1426 1004 &
1450 971 1488 1003 de
1507 972 1680 1005 hereditate
1699 970 1816 1003 statue-

945 1020 979 1043 re
998 1010 1133 1056 possein
1159 1020 1225 1042 rem
1250 1022 1443 1054 pauperum,
1466 1012 1612 1045 Edittum
1637 1023 1701 1046 non
1726 1020 1813 1045 vcta-

946 1061 998 1090 re,
1019 1061 1188 1093 quominus
1208 1052 1332 1094 legetur
1352 1054 1539 1094 pauperibus
1555 1054 1732 1087 Pontificiae
1750 1054 1811 1086 Re·

943 1094 1071 1135 ligionis
1082 1117 1091 1133 ,
1103 1092 1153 1125 sed
1168 1102 1233 1135 quo
1251 1095 1354 1126 minus
1372 1095 1495 1136 legetur
1511 1105 1570 1126 aasz
1586 1093 1745 1138 geestelylce
1764 1106 1812 1127 ar-

944 1145 1029 1174 men,
1042 1136 1073 1168 <St
1089 1135 1133 1166 ita
1148 1135 1321 1175 appellari,
1346 1137 1398 1177 qui
1416 1144 1530 1169 votum
1550 1137 1741 1177 paupertatis
1757 1147 1813 1168 vo-

942 1185 1077 1215 verunt,
1100 1176 1241 1218 reliquos
1266 1187 1436 1218 pauperes,
1459 1179 1510 1220 qui
1536 1178 1625 1210 Laici
1643 1177 1732 1216 sunt,
1754 1187 1812 1219 pu-

943 1218 1028 1250 blice
1050 1217 1092 1249 ali
1123 1217 1327 1251 Amsterdami
1347 1241 1359 1257 ,
1389 1219 1586 1252 Rotterdami
1614 1220 1643 1252 δε
1666 1220 1739 1252 alibi
1765 1220 1812 1252 lo->

945 1268 1056 1291 corum
1091 1259 1125 1291 in
1148 1258 1322 1292 Hollandia
1337 1284 1347 1300 ,
1380 1261 1411 1292 ἃ
1434 1261 1579 1302 publicos
1613 1261 1676 1293 ess'e
1700 1270 1812 1293 eorum

945 1310 1116 1342 pauperum
1135 1309 1308 1334 curatores.
1351 1302 1382 1334 Si
1400 1302 1437 1334 iis
1455 1311 1520 1334 non
1535 1301 1573 1334 fit
1586 1303 1711 1334 licitum
1729 1303 1813 1344 lega-

946 1352 999 1382 re,
1024 1342 1220 1382 prohibitum
1238 1352 1362 1384 quoque
1376 1353 1439 1375 non
1460 1343 1522 1375 effe
1537 1343 1699 1384 personam
1716 1344 1812 1386 elige-

947 1393 1000 1422 re,
1019 1393 1090 1425 quae
1109 1384 1149 1415 de
1175 1384 1349 1417 hereditate
1372 1385 1405 1417 in
1424 1394 1489 1416 rem
1509 1395 1679 1426 pauperum
1698 1384 1813 1417 statue-

947 1434 1015 1465 ret,
1038 1435 1111 1457 nam
1128 1434 1223 1465 penes
1244 1425 1326 1466 ipsos
1345 1436 1494 1467 pauperes
1519 1427 1723 1459 hereditatem
1748 1436 1814 1460 non

946 1467 1019 1500 satis
1037 1474 1110 1498 tuto
1131 1467 1207 1499 loco
1236 1467 1307 1499 effe.
1353 1468 1484 1500 Senatus
1505 1468 1632 1509 paribus
1659 1467 1816 1510 suffragi-{s

947 1508 1114 1540 videbatur
1140 1508 1292 1540 inclinare
1320 1510 1351 1541 in
1381 1509 1568 1542 sententiam
1588 1509 1707 1542 Maevii
1730 1534 1739 1549 ,
1764 1509 1818 1543 sed

947 1549 1093 1581 nonnihil
1108 1549 1246 1581 haerebat
1258 1574 1268 1588 ,
1292 1551 1365 1592 quia
1380 1551 1522 1583 Maevius
1536 1561 1600 1584 non
1618 1560 1714 1583 omne
1729 1561 1814 1585 man·

946 1592 1055 1623 datum
1071 1614 1082 1631 ,
1106 1591 1192 1633 quod
1217 1600 1380 1633 acceperat
1395 1617 1406 1633 ,
1427 1593 1591 1625 videbatur
1615 1593 1814 1634 explicuiss'e„

947 1633 1044 1680 Quod
1067 1640 1103 1664 ut
1131 1632 1253 1664 faceret
1271 1656 1281 1672 ,
1303 1634 1434 1666 Senatus
1457 1634 1706 1666 interlocutione
1731 1635 1814 1675 iussit

947 1684 977 1706 2.
1003 1675 1101 1707 Mart.
1129 1683 1219 1715 1724.
1244 1675 1425 1717 Explicatio
1439 1675 1551 1707 deinde
1568 1685 1660 1717 quam
1683 1678 1816 1710 exactis-

947 1716 1022 1748 sime
1038 1716 1126 1748 omni
1139 1716 1306 1756 mandato,
1334 1717 1364 1749 δε
1380 1717 1489 1749 oblato
1506 1718 1537 1749 in
1555 1717 1624 1749 haec
1647 1718 1754 1750 omnia
1767 1719 1814 1759 iu-

946 1757 1112 1798 rejurando
1132 1780 1144 1797 ,
1173 1756 1246 1791 satis
1268 1757 1432 1791 constabat
1451 1781 1461 1797 ,
1493 1758 1628 1800 potuisse
1654 1760 1814 1793 Maevium

946 1806 1048 1831 totam
1072 1799 1280 1832 hereditatem
1320 1809 1449 1842 erogare
1477 1801 1510 1833 in
1545 1800 1665 1833 causam
1695 1810 1811 1843 paupe-

945 1849 1015 1872 rum
1026 1864 1034 1879 ,
1059 1841 1089 1874 &
1104 1850 1200 1882 porro
1216 1840 1380 1874 constabat
1395 1851 1434 1875 ex
1450 1842 1555 1881 libris,
1579 1843 1610 1875 in
1627 1842 1739 1884 quibus
1761 1845 1816 1875 bo-

946 1892 986 1915 na
1009 1891 1183 1924 pauperum
1203 1882 1422 1916 describuntur
1436 1908 1446 1924 ‚
1478 1894 1546 1917 eam
1579 1884 1787 1918 hereditatem
1801 1908 1815 1924 ,

969 1932 1065 1957 uanta
1080 1931 1165 1964 erat,
1191 1924 1253 1956 effe
1268 1933 1428 1966 erogatam
1446 1926 1478 1957 in
1495 1926 1616 1958 causam
1639 1935 1814 1967 pauperum

978 1966 1119 1998 aicorum
1131 1988 1143 2004 ,
1159 1966 1190 1998 ὅ(
1209 1966 1255 2000 ibi
1271 1966 1333 1998 effe
1349 1967 1478 1999 relatam
1499 1968 1635 2007 primum
1660 1967 1744 1999 inter
1762 1978 1812 1999 ac-

948 2014 1060 2050 cepta,
1084 2007 1198 2039 deinde
1214 2008 1296 2040 inter
1310 2009 1454 2049 expensa.
1492 2009 1590 2052 Quod
1611 2017 1685 2040 eum
1700 2009 1818 2042 Editiov

947 2060 1013 2083 non
1026 2047 1326 2088 obstet,decretum
1339 2050 1386 2082 est
1408 2054 1456 2082 16.
1473 2050 1560 2083 Nov.
1590 2059 1680 2090 1724.
1703 2051 1762 2092 (7)
1792 2052 1815 2084 si

947 2091 1088 2124 Maevius
1096 2090 1214 2130 juraret
1224 2091 1437 2132 jusjurandum
1448 2115 1457 2131 ,
1468 2091 1552 2133 quod
1570 2091 1731 2123 obtulerat
1741 2115 1752 2131 ‚
1770 2102 1816 2124 re-

943 2134 1113 2176 pelleretur
1125 2132 1516 2174 Titia.Re6tejudieatum
1533 2132 1595 2164 esse
1613 2142 1654 2164 ex
1670 2143 1709 2165 eo
1718 2143 1811 2175 appa-

944 2183 1019 2213 ret,
1047 2174 1133 2214 quod
1153 2181 1315 2206 curatores
1344 2183 1515 2216 pauperum
1540 2174 1814 2207 Rotterdammen-

944 2217 1020 2250 sium
1038 2239 1048 2255 ‚
1080 2216 1135 2256 qui
1165 2215 1337 2247 Pontificia
1363 2216 1456 2248 Sacra
1487 2216 1600 2246 colunt
1618 2238 1627 2253 ,
1662 2225 1711 2247 11.
1743 2216 1811 2257 Jun.

950 2268 1041 2299 1729.
1058 2256 1096 2288 ab
1114 2256 1285 2289 Ordinibus
1302 2256 1484 2290 Hollandiae
1500 2256 1699 2288 obtinuerint
1715 2258 1813 2300 privi-

947 2300 1084 2341 legium,
1108 2307 1172 2339 quo
1201 2299 1389 2340 pauperibus
1414 2298 1499 2337 suis,
1529 2299 1602 2339 quia
1627 2307 1692 2330 non
1717 2299 1812 2340 perti-

946 2349 1024 2374 nent
1040 2341 1079 2372 ad
1098 2339 1244 2372 Edictum
1253 2364 1265 2380 ‚
1289 2349 1328 2374 ex
1347 2339 1534 2372 testamento
1549 2348 1661 2380 capere
1679 2339 1811 2379 liceret,

947 2383 1044 2414 modo
1054 2380 1260 2422 Magistratus
1274 2404 1284 2417 ,
1307 2382 1393 2422 quod
1407 2381 1550 2412 relietum
1562 2380 1607 2414 est
1617 2403 1626 2419 ,
1637 2380 1657 2411 s
1654 2390 1690 2411 ua
1705 2381 1810 2412 aucto-

947 2425 1042 2456 ritate
1060 2423 1217 2463 probaret.
1241 2422 1406 2462 Eiusmodi
1425 2422 1559 2462 plurima
1575 2420 1700 2453 exstant
1710 2422 1808 2463 privi-

947 2465 1030 2505 legia
1048 2464 1127 2505 (8),
1152 2471 1225 2495 ante
1237 2464 1268 2495 &
1280 2462 1351 2504 post
1365 2463 1438 2494 data
1452 2462 1522 2494 aliis
1537 2471 1709 2504 pauperum
1725 2463 1807 2495 Pon-

948 2505 1123 2538 tificiorum
1147 2505 1365 2542 curatoribus,
1384 2504 1438 2546 qui
1463 2503 1496 2536 in
1518 2504 1587 2536 aliis
1610 2503 1748 2536 Urbibus
1771 2514 1811 2536 eo

947 2546 1057 2579 officio
1082 2545 1278 2587 funguntur,
1300 2546 1376 2587 quin
1397 2547 1429 2579 ὃς
1465 2545 1611 2578 omnibus
1641 2545 1810 2587 promissa,

948 2588 971 2622 fi
991 2596 1142 2620 annueret
1157 2587 1364 2629 Magistratus
1381 2587 1459 2620 loci.

991 2629 1155 2662 Caeterum
1173 2628 1309 2662 Ordines
1335 2628 1516 2662 Hollandiae
1541 2629 1570 2661 d.
1601 2639 1684 2661 anno
1714 2632 1807 2668 1655.

947 2681 1012 2705 non
1033 2670 1150 2712 absque
1174 2670 1296 2714 ratione
1323 2679 1413 2703 erant
1435 2670 1588 2710 solliciti,
1613 2680 1653 2702 ne
1676 2670 1707 2701 id
1734 2670 1809 2701 Edi-

948 2714 1032 2746 Ctum
1056 2713 1341 2744 circumveniretur
1391 2721 1424 2744 er
1448 2721 1524 2750 eos,
1547 2711 1601 2752 qui
1624 2711 1703 2742 dicis
1719 2709 1813 2742 causa:

947 2754 1165 2788 scribebantur
1184 2754 1334 2792 heredes,
1357 2722 1389 2785 ἕ
1414 2762 1517 2785 tamen
1539 2752 1666 2785 secretis
1684 2751 1808 2784 manda-

951 2797 992 2829 tis
1011 2802 1100 2828 erant
1120 2795 1190 2835 juffi
1203 2795 1256 2827 vel
1279 2797 1400 2836 rogati,
1423 2793 1571 2835 quicquid
1594 2792 1648 2825 fibi
1665 2793 1809 2825 relietum

949 2837 1047 2877 effet,
1071 2836 1237 2869 restituere
1262 2836 1351 2874 aliis,
1374 2835 1427 2876 qui
1458 2844 1513 2876 per
1538 2834 1569 2865 id
1584 2833 1732 2866 Edictum
1760 2844 1809 2866 ca-

948 2889 1025 2922 pere
1047 2888 1113 2911 non
1136 2885 1292 2921 poterant.
1339 2876 1438 2923 Quod
1460 2885 1500 2908 ne
1515 2875 1810 2922 fieren-prolixum

949 2920 1135 2953 versiculum
1159 2920 1187 2951 ei
1205 2918 1319 2951 Edisto
1345 2917 1562 2955 inseruerunt,
1584 2925 1639 2957 qul
1657 2926 1720 2948 mci
1746 2917 1772 2949 it
1789 2927 1808 2949 3

949 2962 1055 2994 verbis
1073 2961 1160 2992 Ende
1180 2971 1289 2999 omme,
1314 2959 1345 2991 &
1367 2959 1538 3000 porrigitur
1560 2956 1629 2989 fere
1653 2957 1693 2989 ad
1737 2967 1809 2991 nem

949 3003 1064 3037 Ediffi.
1109 3003 1268 3034 Accutate
1282 3001 1335 3033 ille
1350 2999 1520 3032 versiculus
1536 2998 1581 3031 est
1597 2998 1750 3040 scriptus,
1771 3008 1809 3032 ut

949 3044 1112 3077 fraudibus
1127 3050 1330 3080 occurratur,
1353 3040 1395 3073 fic
1412 3049 1448 3072 ut
1463 3040 1644 3079 Pontificii,
1669 3041 1722 3082 qui
1731 3050 1811 3082 prae-

1764 3091 1810 3114 te-

995 3165 1054 3204 (8)
1073 3166 1139 3195 Van
1160 3166 1210 3195 der
1235 3163 1378 3201 schelling
1400 3163 1436 3193 ad
1456 3164 1519 3193 Van
1541 3156 1619 3194 Zurk
1632 3163 1694 3193 Cod.
1712 3163 1813 3194 Batav:
1864 3173 1869 3176 ·

958 3205 1030 3236 Edit.
1052 3207 1135 3243 1738.
1155 3205 1238 3247 (erbo
1257 3201 1410 3244 Aalmoeseu
1428 3203 1452 3241 §-
1469 3211 1494 3239 ³·
1523 3204 1562 3234 Α.
1581 3202 1608 3233 ἀ
1628 3205 1657 3233 in
1675 3202 1742 3233 Not.
