2008 3436
195 113 264 152 126
427 113 826 151 CORNELII

899 124 1008 152 VAN

1084 113 1680 155 BYNKERSHOEK

192 193 387 232 occupationis
417 194 497 225 male
525 194 668 226 videatur
682 194 721 226 ad
736 204 771 226 ea
786 194 937 226 duntaxat
953 193 1048 225 refer·
1083 193 1183 235 septus
1192 193 1260 234 fit,
1268 194 1297 234 fi
1314 197 1384 227 aedes
1403 195 1550 237 exstricstae
1566 204 1724 238 maneant,
1743 196 1772 238 fi
1788 201 1900 234 clavem
1914 205 1952 239 aa

192 241 226 263 re
240 255 250 270 ,
272 242 342 272 quae
367 233 419 266 sua
442 244 552 267 natura
574 234 747 276 poffeffioni
774 236 954 267 renituntur
973 259 981 272 ,
1015 243 1049 265 ut
1092 237 1162 266 cedes
1176 237 1316 275 habeam,
1331 235 1360 276 fi
1373 239 1444 269 aiios
1459 248 1575 270 arceant
1590 241 1625 272 ab
1642 240 1692 281 usu
1707 243 1748 272 rei
1765 242 1823 273 &o
1868 243 1948 279 Haec

190 272 262 304 sunt
280 273 356 306 ferae
384 275 513 315 bestiae,
539 277 620 308 male
644 276 785 315 scilicet,
810 276 830 308 si
853 276 921 308 htec
942 276 976 306 ad
996 285 1049 306 ve-

194 323 292 345 terem
310 317 570 358 occupationem,
592 327 655 349 non
679 327 782 349 autem
805 318 841 349 ad
865 319 917 358 Jus
944 316 1050 349 Civile

193 354 294 387 solum
314 359 470 398 pertinere
490 359 660 390 credamus.

236 397 269 429 Si
298 408 362 430 non
388 399 568 437 subsistant,
589 409 659 440 quae
691 399 739 430 hoc
772 400 868 439 Cupite
896 398 1053 440 disputavi

191 437 231 469 de
248 439 370 480 origine
387 441 517 472 dominii
535 450 574 471 ex
589 441 657 480 jure
675 439 804 471 Natura:
821 440 1054 480 Gentiumque,

190 479 286 511 etiam
317 480 475 513 subsistere
503 489 682 522 nequeunt,
707 490 747 512 ex
776 482 814 512 iis
845 491 913 522 quae
937 482 1053 521 collegi

190 519 346 562 effecique
373 530 444 553 toto
474 522 535 554 hoc
560 522 680 554 libello.
726 522 818 554 Ultra
836 522 1052 563 possessionem

191 562 364 594 dominium
385 573 447 595 non
474 564 584 594 durare
608 563 638 594 in
660 562 751 594 rebus
768 563 931 604 occupatis
953 562 1051 594 Natu-

192 612 254 642 rae,
282 612 315 634 ut
326 612 404 644 puto
415 628 423 643 ,
438 604 544 645 regula
560 603 605 635 est
617 604 705 643 ‚jure
723 603 874 635 Gentium
888 604 1050 636 confirma-

190 652 239 682 ta,
267 645 296 675 ἃ
315 654 354 675 cx
375 654 510 686 utroque
531 646 597 685 jure
614 655 631 675 a
647 644 732 685 JCtis
751 646 900 677 Romanis
916 645 1050 687 descrip-

191 692 232 715 ta.
278 686 337 716 Sed
364 685 528 726 postquam
562 686 632 718 haec
662 686 817 717 edideram
852 696 935 718 anno
962 696 1052 729 1703.

190 725 386 758 Christianus
406 726 613 766 Tliomasius,
639 736 783 768 magnum
814 727 895 759 inter
924 726 1052 760 Germa-

190 777 249 798 nos
276 769 305 798 dt
333 777 442 799 omnes
466 769 607 800 eruditos
633 777 768 807 nomen,
794 767 933 800 modeste
957 767 988 800 se
1015 769 1053 801 iis

189 807 339 849 opposuit
355 809 446 840 Notis
467 810 505 840 ad
529 809 665 840 Uli-icum
685 809 837 841 Himeram
862 811 895 841 cie
912 810 978 852 jure
1005 811 1050 842 Ci-

191 850 297 880 vitatis
316 850 386 881 Lib.
412 850 449 881 H.
488 850 561 882 Seu.
588 850 642 882 IV.
671 851 702 881 C.
729 861 757 882 2.
783 861 813 882 n.
837 861 887 893 43.
934 851 1050 883 Austo-

189 891 263 921 ritas
290 892 356 932 ejus
382 891 449 922 Viri
474 901 539 923 non
575 900 734 932 pateretur
755 914 766 930 ,
798 901 832 923 ut
850 917 859 931 ,
891 901 961 933 quae
988 893 1052 933 ipse

189 931 327 972 objecit,
353 933 465 963 iterata
485 941 567 964 nunc
585 933 724 964 editione
748 933 870 965 silentio
894 935 1051 965 transmit-

190 982 309 1012 terem,
334 973 388 1005 nisi
420 973 619 1014 praevenisset
648 973 795 1006 industria
825 975 891 1006 Viri
921 974 1053 1006 Consul-

191 1013 295 1045 tiffimi
314 1014 481 1046 Theodori
508 1013 650 1053 Graver,
675 1015 726 1046 nic
753 1016 837 1048 enim
859 1015 1052 1056 differtatione

192 1058 226 1086 de
245 1056 332 1087 &lori
351 1062 460 1087 natura
484 1056 589 1095 libero,
609 1055 706 1096 pastis
729 1058 844 1098 clamo,
871 1057 944 1088 Sect.
970 1057 994 1089 Ι.
1021 1059 1052 1089 C.

191 1107 222 1138 3.
246 1107 275 1128 n.
299 1106 331 1137 5.
356 1097 479 1138 &seqq
505 1099 583 1128 adeo
612 1096 734 1129 strenue
763 1099 793 1130 dt
816 1097 955 1130 feliciter
982 1108 1053 1130 cau-

191 1138 256 1170 sam
280 1147 379 1170 meam
398 1141 481 1180 egit,
506 1139 536 1170 &
559 1138 596 1169 ad
613 1138 729 1179 singula
745 1138 908 1171 Thomasii
928 1138 1053 1181 respon-

191 1179 258 1217 dit,
282 1187 335 1218 ut,
361 1179 381 1211 si
404 1180 478 1221 quid
501 1180 663 1219 adderem,
690 1181 788 1211 videri
816 1180 924 1221 possim
951 1182 1054 1212 aetum

1094 276 1148 307 ille
1164 277 1193 308 Gt
1211 279 1310 316 retle,
1336 289 1404 311 nam
1425 279 1570 311 omnibus
1596 281 1664 318 his,
1688 291 1766 322 quos
1794 284 1950 327 recenset,

1097 318 1199 348 modis
1225 319 1366 359 soss‘eslio
1380 344 1389 359 ,
1412 331 1452 352 ex
1479 321 1720 362 apprehensione
1741 332 1864 363 coepta,
1885 335 1952 366 poi·-

1097 368 1133 403 ro
1154 361 1357 392 continuatur
1375 384 1385 399 ,
1419 362 1448 394 ὅ(
1473 363 1657 394 continuata
1681 363 1862 404 poss'tffione
1882 377 1954 401 con-

1097 407 1234 432 tinuatur
1251 402 1434 434 dominium.
1481 403 1614 436 Cultura
1630 404 1737 445 utique
1754 405 1784 437 δε
1802 415 1875 438 cura
1891 411 1952 451 agri

1096 440 1308 488 peffessioncm
1335 453 1426 484 quam
1457 446 1592 477 maxime
1622 445 1751 477 indicat.
1794 446 1907 489 Neque
1921 460 1953 482 e-

1095 491 1158 513 nim
1182 483 1337 523 desidero,
1362 486 1413 517 vel
1439 486 1606 519 desideravi
1631 496 1764 527 unquam
1784 510 1795 526 ,
1819 497 1854 520 ut
1879 497 1957 525 tuno

1094 522 1218 568 demum
1238 525 1380 556 videatur
1398 527 1467 567 quis
1493 528 1666 569 poffidere,
1689 527 1710 560 fi
1735 538 1783 561 res
1801 530 1952 574 mobiles,

1094 563 1131 609 ad
1152 564 1243 595 instar
1258 564 1467 606 testudinum,
1488 569 1580 600 dorso
1597 569 1678 601 ferat
1697 568 1772 609 suo,
1794 571 1847 603 vel
1862 573 1954 607 rebus

1094 606 1310 637 immobilibus
1331 608 1459 640 incubet
1482 619 1633 651 corpore,
1657 619 1692 641 ut
1709 612 1833 651 gallinae
1852 612 1954 647 solent

1094 646 1242 678 incubare
1261 649 1339 680 ovis.
1356 649 1475 681 Praetei·
1491 651 1627 682 animuin
1648 651 1864 693 possessionem
1879 654 1953 688 defi'-

1093 686 1191 726 dero,
1214 687 1265 719 sed
1290 690 1553 732 qualemcunque,
1578 702 1648 734 quae
1663 693 1796 734 probet,
1818 705 1868 728 me
1894 705 1954 729 nec

1094 736 1227 768 corpore
1244 729 1361 761 deiiiss'e
1378 731 1536 772 poffidere.

1137 769 1251 802 Cetera
1276 771 1359 803 dixit
1389 772 1581 806 Theodorus
1607 784 1704 807 meus.
1757 776 1800 808 Et
1824 779 1924 819 probo
1941 803 1953 820 ,

1095 811 1177 853 quod
1194 811 1470 853 jurisprudentiam
1487 814 1571 846 illam
1588 817 1776 856 naturalem,
1801 829 1893 859 quam
1909 820 1954 853 in-

1096 861 1143 884 ter
1162 854 1261 885 varias
1278 853 1415 894 Gentes,
1433 856 1523 887 nullo
1541 856 1661 888 foedere
1678 859 1877 900 comunem,
1900 861 1957 894 obs

1095 895 1195 927 tinere
1223 895 1416 936 Pomponius
1437 897 1545 929 docuit
1572 898 1604 930 in
1624 900 1651 930 ci.
1676 900 1694 930 l.
1716 909 1747 939 5.
1772 899 1800 941 δ.
1827 911 1856 933 2.
1873 902 1954 944 ffde

1098 937 1182 978 Copt.
1207 936 1242 971 ὅ)
1261 938 1386 979 postlim.
1410 939 1517 979 revers
1541 939 1571 971 ἅ
1592 939 1745 972 Proculus
1762 942 1792 973 in
1810 943 1830 974 l.
1855 953 1885 984 7.
1903 950 1950 985 pr.
1977 963 1979 970 ι

1095 982 1153 1011 eod.
1179 978 1281 1020 quod,
1307 983 1450 1020 inquam,
1475 981 1559 1012 illam
1570 981 1844 1022 jurisprudentiam
1866 990 1958 1017 natu-³

1098 1022 1193 1051 ralem
1211 1020 1293 1051 inter
1312 1020 1446 1052 diversas
1464 1020 1583 1053 Gentes
1596 1031 1658 1054 non
1677 1024 1834 1064 prolixius
1848 1026 1884 1058 fit
1902 1035 1954 1058 ex-

1097 1060 1245 1102 sequutus
1263 1084 1275 1100 ,
1304 1071 1374 1093 nam
1398 1061 1462 1103 ipse
1487 1062 1675 1094 Thomaiius
1698 1073 1748 1096 eas
1774 1065 1839 1098 LL.
1873 1067 1950 1101 silet.

1096 1103 1156 1134 Sed
1181 1112 1242 1134 non
1273 1102 1341 1134 silet
1368 1103 1498 1141 Titius,
1521 1103 1705 1136 Anteceffor
1722 1105 1802 1139 haud
1825 1108 1869 1140 ita
1896 1109 1956 1149 pri-

1096 1144 1165 1175 dem
1192 1143 1370 1183 Lipsiensis,
1395 1145 1447 1185 qui
1469 1145 1562 1176 etiam
1590 1145 1663 1176 huic
1688 1146 1736 1177 liti
1760 1147 1790 1179 se
1814 1149 1955 1190 obtulit,

1097 1195 1167 1217 nam
1194 1185 1219 1215 is
1245 1184 1452 1225 Diffirtatione
1477 1187 1510 1216 de
1539 1186 1677 1218 Dominio
1702 1189 1735 1218 in
1768 1191 1850 1221 rebus
1876 1200 1958 1223 occu-

191 1230 282 1262 ageie
302 1221 332 1252 dt
350 1221 447 1252 bonas
467 1220 558 1252 horas
576 1221 713 1261 perdere.
760 1220 811 1252 Ne
831 1229 932 1253 tamen
950 1222 1051 1260 litem,
1090 1228 1172 1267 pazis
1189 1225 1268 1256 ultra
1289 1225 1476 1267 poffeffionem
1500 1227 1622 1258 durante
1650 1228 1677 1269 ς,
1702 1238 1754 1270 31,
1777 1230 1813 1266 ὅ)
1833 1241 1883 1273 32,
1909 1233 1955 1264 jn.

192 1272 263 1304 quae
280 1272 347 1293 mea
366 1261 427 1301 est,
453 1263 543 1302 plane
563 1262 646 1294 suam
668 1261 776 1293 fecisse
799 1263 962 1301 videatur,
988 1272 1051 1294 non

192 1302 315 1344 possum
336 1304 596 1344 praetermittere,
619 1304 692 1343 quin
720 1312 781 1334 uno
806 1304 905 1335 verbo
921 1304 1054 1335 animad-

192 1354 331 1383 vertam,
357 1344 579 1382 Tliomasiuin‚
606 1352 727 1375 tantum
743 1354 807 1376 non
825 1346 980 1383 invitum,
1005 1345 1056 1376 de-

193 1386 255 1419 labi
288 1386 325 1418 ad
356 1385 631 1425 Jurisprudentiam
655 1386 845 1425 naturalem,
871 1395 963 1427 quam
992 1386 1057 1427 ipse

194 1427 316 1466 extuli,
342 1425 463 1457 remiss'a
488 1435 600 1468 nempe
617 1425 801 1466 poffeffione
818 1427 938 1458 remitti
957 1427 1056 1459 domi-

193 1469 301 1506 nium,
324 1467 346 1499 si
376 1476 496 1498 merum
521 1468 570 1507 jus
604 1467 758 1500 Gentium
792 1475 949 1509 putemus.
1017 1469 1058 1500 A-

193 1508 319 1552 gnoscit
335 1508 443 1548 utique
452 1517 519 1539 eam
532 1508 810 1550 Jurisprudentiam
826 1510 858 1541 in
877 1509 969 1542 rebus
984 1519 1050 1541 mo-

192 1550 329 1588 bilibus,
352 1548 497 1590 agnoscit
524 1551 553 1582 ὅ(
587 1550 618 1581 in
644 1551 736 1582 rebus
762 1550 998 1589 immobilibus,
1022 1550 1053 1583 in

1097 1266 1214 1307 telligit
1232 1267 1260 1298 [ῖ.
1288 1267 1352 1299 LL.
1378 1268 1417 1298 de
1439 1268 1495 1306 iis,
1519 1268 1571 1308 qui
1596 1269 1686 1299 nullo
1704 1270 1795 1309 plane
1818 1273 1885 1312 jure
1911 1273 1955 1305 la·
1982 1286 1994 1293 =

1098 1309 1295 1339 trocinantur
1324 1309 1353 1340 ἅ
1378 1308 1496 1349 praedas
1513 1316 1630 1349 agunt,
1655 1319 1795 1351 quosque
1817 1313 1889 1345 ideo
1912 1314 1957 1346 la-
1989 1315 1997 1319 ’

1100 1349 1247 1380 ῐνιιησῑιίω
1267 1349 1296 1381 dt
1313 1352 1459 1389 proedones
1480 1350 1680 1390 appellamus.
1727 1352 1867 1385 Omnino
1891 1363 1959 1396 per-

1100 1399 1225 1432 peram,
1248 1399 1325 1421 ecce
1342 1392 1426 1422 enim
1449 1390 1644 1431 Pomponius
1668 1392 1699 1424 in
1722 1393 1750 1424 d.
1775 1394 1797 1425 l.
1818 1405 1851 1435 5.
1874 1394 1902 1437 §.
1927 1405 1958 1429 2.

1100 1432 1249 1472 exponit,
1275 1432 1348 1472 quid
1365 1432 1443 1472 juris
1467 1431 1504 1464 sit
1529 1433 1613 1464 inter
1635 1431 1776 1473 Gentes,
1799 1444 1874 1476 quas
1889 1437 1958 1469 nul-

1101 1473 1166 1504 lum
1187 1472 1292 1504 foedus
1314 1473 1489 1515 conjungit.
1535 1473 1601 1513 Hi,
1626 1473 1729 1514 inquit
1744 1499 1753 1515 ,
1783 1474 1873 1518 hostes
1896 1479 1958 1520 qui·
1979 1511 1984 1517 ,

1100 1515 1163 1545 clem
1179 1524 1236 1545 non
1244 1514 1318 1554 sunt
1329 1537 1340 1553 ,
1365 1517 1438 1556 quod
1454 1520 1550 1546 antem
1565 1524 1602 1546 ex
1626 1514 1717 1557 nostro
1736 1518 1775 1549 ad
1799 1527 1844 1549 eos
1859 1525 1960 1560 perve-

1095 1557 1164 1594 nit,
1185 1555 1298 1586 illorum
1318 1555 1378 1596 fit,
1403 1556 1439 1592 ἐξ
1462 1556 1536 1588 liber
1564 1557 1641 1587 homo
1667 1557 1761 1599 noster
1778 1560 1814 1590 ab
1840 1561 1881 1591 eis
1911 1570 1959 1593 ca-

192 1591 406 1632 occupatione
426 1589 513 1622 forte
539 1589 647 1623 insulae
678 1592 808 1624 incultae
826 1615 838 1631 ‚
867 1591 888 1624 fi
914 1592 985 1639 post⁸
1001 1592 1052 1624 de-
1091 1602 1161 1638 ptus
1175 1596 1281 1637 servus
1296 1596 1336 1637 fit
1360 1597 1396 1633 ἐπ”
1410 1607 1515 1629 eorum.
1546 1597 1590 1629 Et
1609 1607 1648 1629 ne
1665 1607 1777 1640 puteS,
1799 1608 1835 1632 ut
1852 1600 1962 1636 Titius

191 1633 311 1666 seratur
333 1641 468 1673 corpore
486 1655 496 1671 ,
531 1633 627 1664 etiam
657 1642 720 1665 non
751 1633 908 1665 deseratur
936 1643 1052 1666 animo.

194 1675 283 1707 Mox
304 1673 369 1714 ipse
392 1673 511 1714 palam}
535 1674 598 1706 Res
618 1675 794 1714 immobiles,
820 1684 880 1716 quae
894 1674 969 1716 sunt
989 1676 1054 1706 nul-

194 1718 272 1754 lius,
295 1720 436 1756 oocchotae
458 1713 508 1755 effe
533 1715 699 1756 cenfinlur,
718 1715 747 1755 fi
767 1723 861 1757 coeptae
874 1718 948 1758 stant
967 1715 1057 1757 custo-

193 1759 275 1795 diri,
299 1762 351 1787 ant
369 1755 398 1794 fi
414 1758 544 1796 caeperim
555 1757 617 1798 solo
645 1759 689 1788 uti
713 1759 751 1789 ad
781 1759 830 1797 id,
855 1760 894 1789 ati
914 1759 986 1800 quod
1011 1760 1058 1789 de-

187 1797 334 1841 stinatum
355 1795 395 1838 eft
412 1803 521 1829 natura
535 1821 546 1837 ,
571 1799 608 1834 ἐξ
623 1798 687 1839 usias
705 1800 800 1831 durat.
848 1799 890 1831 V.
919 1800 956 1832 G.
976 1798 1004 1838 fi
1023 1810 1057 1830 αι-

195 1840 380 1882 dificaverim
397 1840 428 1869 in
437 1874 439 1877 7
440 1839 517 1880 stilo,
536 1839 565 1879 fi
575 1840 670 1881 solnm
687 1841 765 1872 vallo
782 1840 819 1876 &³
829 1840 908 1882 foffa
921 1842 968 1872 vel
984 1841 1057 1881 lepi-

193 1884 243 1914 bus
271 1880 515 1912 circumdederint.
543 1881 752 1922 Conservatur‚
779 1882 902 1923 inquit,
921 1877 1059 1923 poffeffiO,

195 1933 282 1964 qnam
299 1924 349 1954 diu
368 1924 554 1954 continuatur
570 1922 715 1963 custodia,
739 1923 852 1963 etiamst
866 1933 925 1955 non
943 1926 1054 1955 incum-

194 1967 259 1996 bam
273 1961 426 2005 poffeffioni
440 1986 449 2001 ,
464 1963 518 2004 sed
534 1966 634 1996 abeam
662 1964 704 1996 V.
732 1966 769 1996 G.
789 1963 818 2003 si
842 1974 915 2007 ager
934 1964 1056 2004 consttns

188 2003 251 2046 fit,
273 2005 309 2040 ὅ)
330 2002 450 2045 fruticis
474 2016 492 2036 a
516 2015 558 2037 ine
577 2005 660 2047 Jiztos
672 2006 781 2046 serat,
797 2005 826 2045 fi
840 2017 912 2050 ager
931 2008 1053 2038 circum-

821 2105 1175 2141 CAPUT

1098 1639 1247 1679 putabat,
1271 1638 1381 1679 injuria
1406 1639 1437 1670 id
1458 1639 1545 1678 fieri,
1566 1648 1644 1671 mox
1659 1640 1764 1681 addit,
1789 1642 1883 1675 etiam
1899 1642 1963 1676 Ro·

1099 1688 1207 1710 manos
1226 1688 1264 1710 eo
1284 1681 1351 1719 jure
1370 1679 1523 1712 Gentium
1540 1681 1597 1713 uti.
1645 1681 1798 1724 Idemque,
1821 1683 1885 1724 ait,
1908 1681 1963 1726 est,

1097 1719 1122 1759 ft
1140 1721 1175 1751 oh
1193 1720 1255 1751 illis
1281 1722 1318 1752 ad
1343 1731 1393 1752 nos
1418 1722 1531 1764 aliquid
1546 1725 1714 1762 perveniat.
1760 1723 1859 1766 Igitur
1873 1726 1962 1768 quic-

1101 1761 1176 1802 quid
1193 1762 1277 1792 dicat
1291 1761 1420 1802 Titius,
1443 1764 1593 1804 quicquid
1609 1764 1771 1804 Maevius‚
1792 1775 1833 1799 ex
1850 1766 1966 1808 posses·

1100 1802 1185 1835 sione
1207 1802 1280 1843 Jure
1309 1804 1444 1836 naturali
1471 1805 1500 1836 ἀ
1525 1803 1678 1836 Gentium
1695 1804 1890 1847 suspenditur
1904 1807 1963 1839 do-

1101 1844 1252 1881 minium,
1275 1844 1329 1876 nisi
1362 1845 1448 1885 pacta
1471 1846 1646 1877 dominium
1665 1869 1676 1884 ,
1704 1847 1783 1879 citra
1807 1847 1964 1889 poffesfio-

1102 1894 1191 1923 nem,
1217 1884 1405 1925 defendant,
1430 1895 1465 1918 ut
1490 1885 1633 1919 defendit
1659 1887 1707 1928 jus
1733 1889 1882 1931 qu'usque
1909 1888 1964 1922 Ci-

1098 1927 1208 1957 vitatis
1236 1928 1409 1968 proprium.
1455 1928 1588 1969 Reliqua
1617 1928 1701 1960 Titii
1725 1938 1767 1962 ex
1797 1930 1834 1962 iis
1851 1954 1861 1970 ,
1891 1939 1962 1972 quae

1097 1966 1161 2008 ipse
1193 1967 1279 2006 dixi,
1308 1969 1336 1999 ἃ
1361 1978 1429 2010 quae
1455 1969 1539 2002 dixit
1569 1969 1771 2003 Doctiffiinus
1808 1970 1932 2004 Graver
1950 1992 1966 2012 ,

1097 2008 1182 2040 mole
1198 2017 1290 2042 ruent
1309 2009 1368 2041 sua.

1277 2108 1335 2142 ΙΙ.

353 2194 450 2229 Mare
477 2203 571 2229 terrae
593 2196 771 2241 proximum
798 2208 840 2232 an
867 2194 908 2237 ἐξ
932 2208 992 2242 qua
1017 2198 1142 2232 ratione
1168 2199 1312 2244 occupari
1338 2195 1378 2238 ὅ)
1403 2200 1538 2236 dominio
1568 2204 1670 2238 teneri
1694 2201 1800 2250 poffz't.

287 2301 359 2330 um,
382 2299 418 2322 ut
433 2291 536 2331 inquit
553 2291 627 2330 ille,
647 2294 782 2332 pervium
797 2293 908 2325 cunetis
923 2296 1000 2335 iter,
1025 2295 1061 2330 &²

299 2334 456 2364 communis
470 2332 534 2372 asiis
551 2335 676 2364 onmium
690 2344 786 2365 rernm
796 2335 883 2375 fuit,
905 2346 967 2367 non
986 2335 1030 2367 est
1049 2360 1058 2375 ‚

194 2386 251 2407 cur
267 2377 328 2407 iter
345 2374 382 2405 ad
399 2383 482 2404 mare
502 2375 599 2415 magis
616 2384 707 2414 quam
723 2375 759 2406 ad
778 2383 890 2408 terram
909 2377 1058 2417 praecludi

194 2417 327 2458 placcat.
360 2415 423 2446 Iter
440 2414 476 2445 ad
492 2423 604 2447 terrain
619 2415 683 2448 fuit
697 2417 861 2457 pervium,
885 2427 967 2459 quo,
992 2427 1057 2451 tan-

194 2467 287 2499 quam
311 2457 472 2497 praemium
500 2455 656 2488 industriae
677 2480 687 2496 ,
716 2459 884 2499 occupanti
912 2459 1059 2498 cederet;

195 2499 256 2530 iter
267 2498 304 2529 ad
314 2504 398 2529 mare
413 2498 443 2528 «St
459 2506 498 2527 eo
515 2497 569 2528 fini
588 2498 720 2538 patuisse
736 2499 897 2538 dicemus,
919 2500 982 2532 five
998 2501 1059 2542 pri-

195 2547 288 2570 vatus
299 2562 308 2577 ,
323 2537 387 2569 five
402 2538 536 2578 populus
552 2548 698 2580 occupet.
720 2539 812 2572 Nihil
829 2541 859 2572 in
875 2541 980 2572 medio
989 2542 1060 2574 reli-

196 2580 280 2611 Ctum
303 2578 369 2616 est,
391 2578 476 2618 quod
501 2578 662 2619 separatim
686 2580 789 2612 haberi
811 2590 951 2622 poterat:
976 2591 1062 2614 tanta

195 2629 262 2652 erat
280 2619 453 2661 priscorum
471 2619 652 2651 mortalium
671 2622 802 2653 aviditas
819 2623 849 2654 δε
867 2623 1061 2655 liubendicu-

195 2662 271 2702 pido
283 2685 291 2700 ,
316 2669 350 2692 ut
362 2684 369 2696 ,
395 2669 457 2701 quo
473 2661 550 2691 banc
567 2661 778 2701 exprimeret,
802 2662 912 2694 Coelos
929 2664 1011 2706 ipsos
1019 2663 1056 2695 af

195 2702 323 2735 sedasse
340 2701 501 2733 fabuletur
520 2701 710 2743 antiquitas,
733 2712 796 2735 non
825 2702 870 2735 est
891 2704 1006 2745 igitur,
1029 2712 1064 2736 ut

196 2744 273 2776 mari
291 2743 444 2784 pai-citum
460 2742 608 2774 dicamus.
634 2742 663 2775 Is
678 2751 782 2775 autem
800 2743 878 2776 illud
897 2746 1062 2786 occupasse

195 2784 314 2816 censeri
334 2784 449 2822 debet,
471 2784 523 2823 qui
543 2784 616 2815 navi
636 2793 695 2816 una
708 2784 760 2816 vel
780 2785 922 2826 pluribus
942 2796 981 2817 eo
998 2788 1061 2819 ani-

201 2835 255 2857 mo
271 2827 301 2857 in
312 2835 444 2857 vacuam
461 2825 527 2865 ejus
557 2824 748 2857 osseffionem
759 2826 858 2858 venit.
880 2827 941 2858 Sed
956 2837 1062 2868 quem—

195 2867 362 2898 admodum
380 2866 508 2907 simplici
536 2876 596 2898 ima
612 2866 681 2898 sunt
696 2867 876 2899 cunstarum
886 2877 989 2899 rerum
1007 2869 1062 2900 ini-

199 2909 262 2946 tia,
285 2908 450 2948 occupatis
466 2908 575 2946 terris,
599 2917 663 2940 non
675 2907 759 2940 aliud
774 2918 857 2940 mare
869 2918 1060 2950 occupatum

198 2949 297 2980 videri
325 2947 448 2989 potest,
470 2958 562 2990 quam
589 2949 674 2989 quod
698 2956 793 2981 terras
819 2950 888 2981 illas
904 2949 1059 2982 alluebat:

196 2999 266 3021 oras
291 2990 408 3030 quippe
431 2997 552 3021 tantum
578 2990 721 3031 legebant
748 2999 889 3030 veteres,
911 2999 973 3022 non
1000 2991 1061 3024 ausi

197 3030 329 3062 ulterius
347 3030 492 3071 fragilem
511 3033 712 3063 committere
729 3032 809 3063 truci
828 3033 940 3073 pelago
950 3040 1058 3063 ratem.

198 3069 296 3110 Igitur
317 3072 347 3104 in
360 3081 444 3103 mare
461 3072 623 3104 littoribus
631 3073 809 3113 proximum
826 3083 922 3114 quum
935 3072 1060 3105 descen-

198 3111 307 3156 derent
329 3113 432 3144 animo
458 3113 511 3144 fibi
537 3113 597 3144 hoc
630 3113 762 3145 habendi
787 3115 979 3155 praecipuum
1007 3114 1060 3146 vel

197 3154 400 3192 piscationis,
424 3154 476 3185 vel
495 3154 751 3194 tiansvec‘tionis,
775 3155 827 3186 vel
840 3164 899 3196 qua
916 3156 975 3187 alia
991 3164 1063 3186 cau-

197 3191 246 3232 sa,
269 3192 334 3232 cJ'us
351 3193 524 3226 dominium
539 3194 723 3235 poss'effione
733 3197 914 3238 quaerebant
924 3219 935 3236 ,
954 3196 1062 3237 utique
1078 3199 1080 3202 ’

1103 2303 1142 2326 ex
1160 2293 1265 2326 nostra
1284 2293 1437 2328 sententia
1457 2298 1630 2339 quaesiviss'e
1647 2299 1718 2332 sunt
1736 2298 1942 2332 existimandi.

1120 2377 1125 2382 ,
1143 2335 1298 2382 Sedyero
1313 2336 1487 2370 dominium
1507 2341 1579 2380 quia
1596 2350 1659 2373 non
1669 2340 1863 2383 agnoscimus
1881 2339 1965 2374 Gen-

1103 2385 1182 2408 tium
1204 2386 1272 2417 Jure
1300 2379 1377 2410 eitra
1401 2380 1634 2421 poffeffionem,
1658 2381 1885 2422 dispiciendum
1899 2380 1965 2421 est,

1102 2427 1194 2459 quam
1213 2418 1385 2459 latemaris
1406 2423 1542 2461 proximi
1558 2423 1731 2455 dominium
1754 2422 1896 2453 videatur
1914 2431 1966 2464 pa-

1104 2459 1206 2492 tuiffe.
1260 2458 1406 2493 Dicimus
1425 2463 1569 2504 equidem
1591 2473 1634 2495 ex
1660 2464 1679 2494 l.
1735 2487 1742 2494 .
1766 2462 1794 2504 §.
1822 2471 1848 2494 1.
1864 2461 1908 2536 ff.
1932 2464 1968 2495 de

1103 2502 1214 2542 acquir.
1259 2502 1307 2533 vel
1333 2503 1429 2535 amitt.
1449 2503 1554 2551 poffeff.
1598 2513 1686 2546 parte
1710 2472 1799 2536 {andi
1818 2512 1860 2545 po
1888 2503 1968 2543 essa,

1103 2542 1274 2573 dummodo
1301 2543 1324 2574 is
1348 2543 1385 2575 fit
1413 2544 1594 2584 postidentis
1619 2545 1756 2584 animus,
1788 2544 1968 2578 universum

1104 2583 1246 2624 poffideri
1263 2583 1300 2614 ad
1321 2593 1416 2625 usque
1433 2585 1617 2624 terminum,
1642 2585 1692 2617 sed
1717 2585 1779 2619 fine
1796 2594 1886 2618 certo
1906 2594 1966 2618 ter-

1107 2625 1211 2662 mino,
1229 2632 1324 2665 atque
1341 2625 1382 2656 ita
1397 2626 1525 2657 incertae
1543 2627 1657 2667 partis,
1676 2627 1763 2659 nulla
1779 2626 1825 2658 est
1834 2626 1976 2668 poffeffi·,

1106 2666 1175 2697 onis
1192 2664 1354 2706 acquisitio
1368 2666 1395 2696 d.
1421 2666 1441 2697 l.
1465 2677 1494 2708 3.
1521 2665 1550 2708 §.
1575 2677 1603 2699 2.
1629 2668 1680 2699 hic
1697 2676 1821 2707 autem,
1845 2667 1868 2700 fi
1884 2675 1968 2701 mare

1107 2705 1224 2746 spectes
1244 2708 1353 2744 α’ᾰριςον,
1377 2714 1482 2738 certus
1497 2709 1648 2740 terminus
1668 2709 1719 2741 vel
1730 2709 1854 2750 penitus
1863 2708 1967 2742 nullus

1105 2755 1190 2785 erat,
1209 2747 1261 2777 vel
1277 2754 1363 2777 certe
1379 2747 1516 2788 ignotus.
1562 2748 1649 2793 Quin
1668 2750 1688 2782 si
1704 2749 1966 2791 aliquemconsti·

1105 2796 1194 2818 tuere
1208 2787 1305 2818 velles
1322 2787 1486 2830 poss'esque
1495 2813 1505 2830 ,
1522 2791 1779 2824 considerandum
1794 2790 1871 2823 effet
1881 2813 1892 2829 ,
1907 2799 1970 2824 me·

1104 2828 1128 2859 ri
1146 2827 1226 2868 Juris
1243 2827 1395 2860 Gentium
1416 2839 1479 2861 non
1497 2831 1578 2871 esse,
1603 2833 1688 2873 quod
1705 2833 1750 2864 ait
1767 2833 1796 2864 d.
1820 2831 1849 2873 ὃ.
1877 2841 1906 2865 1.
1927 2839 1976 2870 ee,

1104 2869 1186 2915 enim
1205 2868 1347 2915 posseslio
1363 2879 1424 2902 non
1443 2872 1663 2913 capitur,.nifi
1681 2881 1785 2906 totum
1801 2873 1842 2918 Q.
1864 2872 1908 2906 D.
1929 2873 1966 2907 A.

1103 2911 1136 2942 in
1155 2919 1302 2955 eJ·us‚qui
1321 2911 1471 2951 postidere
1486 2914 1773 2956 vult,potestatem
1792 2915 1965 2957 redigatur,

1104 2957 1138 2982 ut
1160 2950 1296 2997 ducimus
1323 2953 1423 2992 Capite
1447 2956 1607 2996 proxim03
1639 2965 1739 2997 neque
1763 2957 1858 2988 etiam
1880 2963 1966 2987 mero

1104 2989 1258 3023 Gentium
1272 2992 1344 3032 Jure
1359 2994 1450 3026 aliam
1469 3005 1505 3027 ea
1523 3006 1571 3029 res
1589 2997 1836 3038 explicationem
1855 2995 1967 3034 habet,

1104 3041 1168 3063 uno
1184 3042 1307 3073 quoque
1322 3034 1460 3075 alioquin
1480 3037 1658 3070 universum
1677 3046 1886 3079 occupaturo.

1145 3072 1253 3116 Quum
1272 3075 1366 3115 igitur
1381 3085 1421 3107 eo
1443 3076 1516 3117 Jure
1537 3087 1686 3111 terrarum
1705 3077 1834 3111 Domini
1852 3087 1892 3111 ne
1914 3087 1964 3111 ue-

1104 3121 1158 3160 ant
1175 3124 1326 3155 imperare
1344 3118 1440 3155 mari,
1464 3119 1518 3152 nifi
1536 3128 1595 3161 qua
1612 3119 1786 3161 possident,
1811 3120 1840 3152 &
1852 3129 1895 3162 po
1920 3129 1969 3154 es>-

1104 3155 1189 3202 sione
1212 3156 1334 3188 remiffii
1353 3159 1533 3192 remittatur
1550 3169 1675 3202 quoque
1701 3160 1896 3199 dominium,
1918 3170 1966 3195 res

1104 3204 1224 3237 exigit,
1249 3206 1283 3230 ut
1297 3207 1393 3239 porro
1424 3200 1607 3242 videamus,
1630 3210 1792 3244 quousque
1808 3200 1965 3276 a1Populq

1911 3252 1951 3275 ve
