2008 3436
156 92 668 146 OBSERVATIONUM
711 100 876 150 „umis
917 103 1167 155 ROMANi
1206 105 1308 141 ΜΒ.
1334 107 1362 143 1.
1396 107 1751 146 c.xi.xii.x111.

89 193 121 224 {t
146 180 363 235 'exceptio'in
392 189 420 221 d.
445 187 465 219 l.
489 190 534 218 16.
558 186 587 218 δε
610 181 751 217 universa
766 182 953 232 vdisputatio-

89 234 140 265 nis
164 234 272 275 series,
304 240 396 276 quam
419 229 489 262 heic
511 228 658 261 habemus
680 235 721 258 ex
744 232 811 257 arte
840 225 953 257 fribo-

680 325 952 362 CAPU

1790 90 1793 103 Ι

1828 118 1872 156 31

997 184 1101 224 niani,
1150 195 1189 217 ua
1210 185 1284 218 usus
1307 185 1352 217 est
1375 187 1407 220 iii
1429 188 1600 231 dirigendis
1615 189 1802 233 fragmentis
1819 199 1874 222 ve-

997 227 1125 268 terum]
1162 236 1277 259 torum.

1004 325 1040 360 T
1138 326 1268 363 XiI.

422 415 572 464 Suspicio
589 415 706 450 critica
729 414 771 449 ad
792 414 833 448 L.
852 424 885 458 4.
914 424 966 461 pr.
994 414 1032 450 C.
1060 413 1105 449 de
1131 415 1266 451 Haeret.
1291 414 1329 452 δι’
1354 416 1518 454 Manich-

176 519 237 549 uod
261 517 410 559 scriptum
433 514 478 546 est
501 514 530 546 in
556 515 577 546 l.
594 524 626 554 4.
652 519 702 554 pr.
723 512 756 544 C.
779 513 813 543 de
837 511 953 544 Hceret.

90 518 377 619 Qillanichceos
395 557 452 598 seu
481 556 669 588 Manichaeas
699 555 747 586 vel
776 553 954 600 Donat-istas

195 600 378 642 meriiiffimii
387 601 557 640 severitate
572 598 779 639 persequimur
793 618 803 634 ,
826 597 954 635 neleio,

86 658 123 681 an
144 647 223 678 bene
247 645 380 675 habeut:
417 641 468 672 cui
491 641 575 672 enim
598 641 684 672 bono
708 638 884 685 llsIanichaeae
911 636 954 684 se-

86 697 243 731 quuntur,
269 686 321 717 ubi
338 684 500 716 Manichaei
525 680 731 724 praeccdunt?
757 679 876 722 Igitur,
902 679 957 726 nisi

86 731 156 773 quis
170 729 326 761 rationem
342 727 473 764 doceat,
499 734 556 756 cur
571 724 810 768 Manichaeorum
829 730 959 753 nomine

85 773 180 804 etiam
195 770 342 801 mulieres
358 777 421 799 non
432 767 674 804 contineantur,
693 772 727 795 ut
741 764 957 812 Arrianorum,

83 812 409 848 Macedoni-„morum
437 810 668 841 &caeterorum
684 807 715 838 in
739 806 759 836 l.
768 816 799 846 5.
824 805 856 836 C.
881 805 957 836 Eud.

86 857 116 888 C<
142 864 175 887 ut
201 854 298 893 vulgo
322 852 451 884 nomine
481 848 620 881 masculo
648 847 846 880 faemininum
869 856 955 878 coin-

86 895 236 941 prehendi
256 888 378 926 constat
404 894 424 923 l.
450 902 476 924 1.
503 891 584 936 &i‘
603 900 671 926 195.
690 896 741 930 pr.
760 888 800 929 ff.
816 888 908 936 cie-V.
922 888 955 919 S.

86 949 151 971 reon
177 937 295 970 alienus
320 935 412 966 ess'em
436 944 452 964 a
476 931 668 972 suspicione,
694 939 753 971 pro
768 929 954 961 Mamchaeas

85 978 282 1013 stribendum
297 976 358 1007 esse
375 976 583 1007 illamriicheos.
625 970 762 1004 Narrant
777 970 955 1003 Hazretico-

86 1021 192 1062 staphi
204 1043 213 1059 ,
240 1019 269 1050 ἃ
287 1018 340 1049 vel
364 1015 553 1057 Augustinus
575 1014 605 1045 iii
623 1013 721 1044 Libro
737 1015 772 1044 de
787 1012 957 1052 Haerefibus

85 1054 113 1106 ς’.
137 1064 188 1102 46.
223 1058 421 1092 Manichaeos
443 1068 460 1089 a
484 1056 618 1099 quodam
643 1053 732 1086 Persa
753 1053 814 1086 esse
835 1062 925 1086 ortos
943 1078 953 1093 ‚

86 1103 137 1146 qui
155 1102 329 1133 vocabatur
351 1100 487 1137 Manin,
511 1099 541 1130 ὅ(
564 1105 637 1128 ante
656 1096 799 1143 Urbicus.
842 1096 953 1128 Addit-

85 1148 145 1186 (μω
165 1142 371 1184 Augustinus:
406 1142 463 1173 Sed
485 1143 517 1172 z'n
542 1141 662 1172 Graecia
683 1138 837 1179 Discipuli
858 1139 925 1179 ejus
943 1161 953 1176 ,

84 1186 219 1217 vitantes
236 1195 337 1215 numen
354 1184 477 1224 insanioe
493 1206 503 1221 ,
533 1181 616 1223 quasi
637 1180 779 1212 dostiores
802 1180 838 1214 ἃ
858 1190 888 1212 eo
908 1182 952 1220 ip·

72 1230 111 1270 su
132 1228 350 1265 mendaciores,
369 1229 530 1268 geminam
541 1224 581 1256 N
594 1225 704 1262 litera,
721 1222 952 1261 Mannichezim,

83 1270 168 1312 quafi
189 1279 300 1300 manna
320 1269 519 1307 fundentem,
551 1273 607 1306 pro
631 1265 815 1302 Monichiae,
838 1267 869 1296 id
890 1263 952 1305 esi,

83 1312 187 1348 insano
201 1310 442 1351 appellaverunt.
489 1307 672 1342 Orthodoxi
695 1307 792 1353 igitur
809 1307 839 1338 id
855 1316 953 1348 genus

84 1353 253 1387 haereticos
270 1352 426 1385 vocabant
442 1352 632 1385 Manichaeos·
649 1373 661 1390 ,
685 1348 745 1390 ipii
758 1350 806 1388 le,
837 1358 877 1380 ne
899 1350 953 1378 ,ἐπὶ

657 1447 1017 1483 CAPUT

590 1538 642 1575 De
680 1537 820 1585 secundo

192 1685 319 1726 pliciter
332 1683 520 1725 justinianus
534 1682 566 1714 in
589 1681 617 1723 §.
638 1691 685 1713 12.
711 1680 786 1721 1an.
805 1683 844 1712 ad
853 1681 894 1714 L.
906 1680 950 1710 A·

192 1729 266 1769 quil.
291 1727 321 1759 ὅ(
344 1726 498 1767 Ulpianus
519 1725 550 1756 in
588 1726 609 1755 l.
634 1733 685 1763 27.
715 1722 744 1764 §.
761 1733 791 1763 4.
811 1723 852 1765 ff.
875 1723 950 1755 Eud.

80 1770 272 1814 significent,
298 1767 467 1800 secundum
491 1765 675 1807 Capitulum
697 1764 791 1811 Legis
814 1764 952 1810 Aquiliae

81 1806 114 1845 in
142 1810 379 1844 desuetudinem
411 1808 534 1847 abiisse,
566 1807 651 1839 Viris
674 1807 806 1838 eruditis
829 1807 860 1838 id
883 1805 951 1839 sali-

81 1863 154 1886 vam
185 1853 289 1885 movit
307 1876 316 1892 ‚
358 1851 390 1884 in
426 1861 465 1882 eo
495 1848 668 1890 indagando
704 1855 740 1880 ut
769 1848 951 1895 industriam

44 1915 46 1917 >
81 1894 167 1928 fuam
195 1894 382 1927 excitarent.
436 1891 557 1924 Nescio
583 1898 711 1930 tamen,
745 1900 782 1922 an
813 1890 952 1922 adsecuti

81 1936 149 1969 fint.
196 1936 343 1977 Cujacius
356 1935 388 1966 in
414 1934 522 1966 Parae.
539 1933 579 1975 ff.
604 1932 640 1967 ἃ
663 1933 696 1963 C.
718 1934 755 1964 ad
779 1931 817 1964 L.
841 1932 950 1974 Aqiiz'l.

84 1972 219 2010 secundo
251 1977 364 2018 Capite
393 1984 520 2008 cautum
552 1974 711 2006 existimat
742 1974 780 2005 de
809 1974 924 2006 damno
939 1999 950 2014 ,

85 2015 172 2060 'cujus
202 2020 338 2061 primum
370 2018 400 2050 &
433 2018 562 2049 tertium
587 2016 691 2058 Caput
714 2025 778 2048 non
801 2016 950 2048 memine-

84 2068 151 2100 rat,
174 2068 210 2092 ut
232 2061 254 2093 ii
277 2061 347 2102 quis
371 2069 434 2092 non
459 2058 631 2097 occiderit,
656 2068 721 2090 non
746 2057 870 2097 ufferit,
887 2057 950 2089 fre-

84 2103 184 2176 {erig
209 2102 345 2143 ruperit,
371 2101 422 2133 sed
437 2102 497 2133 alia
513 2100 636 2132 ratione
655 2099 802 2131 nocuerit
818 2099 950 2140 injiiria,

100 2151 171 2174 orte
192 2143 215 2175 si
237 2143 408 2174 utilitatem
430 2143 522 2175 nobis
546 2142 668 2173 interce
691 2142 769 2173 erit:
795 2142 884 2182 cujus
905 2142 950 2173 rei

84 2184 265 2226 exemplum
277 2184 385 2215 attulit
401 2194 441 2216 ex
456 2184 561 2216 Plinio
585 2183 623 2215 L.
641 2183 654 2215 I
694 2208 700 2214 .
721 2183 752 2214 C.
769 2192 822 2224 59.
846 2183 885 2214 de
901 2182 948 2224 pi-

82 2225 133 2258 sce
150 2225 284 2265 Anthia,
308 2226 378 2266 qui,
403 2226 477 2257 dum
499 2234 607 2267 greges
631 2224 762 2266 piscium
782 2224 951 2266 capiendos

81 2267 230 2305 adducit,
257 2264 320 2308 ipse
343 2267 454 2307 injuria
475 2266 598 2308 capitui-
621 2266 658 2298 ab
681 2266 828 2308 improbo
853 2265 949 2308 pisca-

83 2306 170 2348 tore,
196 2317 260 2349 quo
276 2308 405 2339 nomine
421 2308 465 2339 ait
484 2307 603 2340 Plinius
618 2307 766 2349 piscatori
782 2307 870 2339 socio
885 2309 946 2339 edi-

82 2357 143 2381 tam
161 2349 213 2389 effe
231 2351 297 2380 dati
312 2349 595 2389 (lamniformulum.
641 2348 762 2380 Laudat
778 2349 857 2380 lianc
872 2358 947 2381 con-

81 2391 228 2432 ieEturam
244 2391 433 2423 Mornacius
456 2391 493 2423 ad
517 2392 537 2422 l.
560 2401 608 2431 27.
632 2390 659 2431 ἕ.
679 2400 708 2431 4.
728 2390 768 2431 ff.
788 2392 826 2422 ad
844 2391 884 2422 L.
903 2391 946 2422 A·

81 2434 158 2476 quil.
183 2433 213 2465 δε
242 2431 307 2474 ipse
340 2433 370 2465 δί
400 2433 453 2465 alii
476 2433 629 2474 gregatim
652 2431 832 2473 sequuntur.
878 2432 949 2474 Ego

80 2477 117 2506 'ea
139 2474 292 2507 sententia
314 2475 363 2505 uti
386 2484 450 2506 non
474 2474 612 2516 possum:
637 2473 669 2505 id
691 2473 775 2505 enim
791 2474 949 2513 damnum,

79 2516 104 2550 fi
132 2516 228 2548 modo
257 2516 403 2547 damnum
433 2516 496 2547 dici
529 2523 642 2558 queat,
669 2514 770 2556 pisces
793 2525 857 2547 non
881 2516 951 2557 capi

81 2567 138 2600 pro
149 2567 209 2589 iter
240 2564 367 2598 captum
399 2557 547 2589 Anthiain
565 2582 574 2597 ‚
606 2556 678 2589 satis
709 2556 823 2598 Capite
853 2559 951 2588 tertio

79 2599 135 2631 vin
159 2599 275 2630 icatum
298 2597 407 2639 fuisse,
438 2599 502 2640 ipsa
525 2599 592 2639 ejus
611 2598 707 2630 vei-ba
726 2599 896 2631 ostendunt
918 2599 951 2631 in

81 2641 102 2672 1.
121 2651 172 2682 27.
191 2641 221 2681 §.
239 2651 270 2681 5.
295 2640 369 2672 an.
393 2640 631 2682 quin&Capite
644 2640 768 2681 primo,
794 2648 831 2671 ut
847 2638 949 2671 obser-

81 2692 155 2714 vare
170 2683 246 2714 licet
260 2692 301 2714 ex
325 2684 345 2714 1.
362 2692 413 2715 21.
437 2683 465 2722 §.
490 2683 546 2712 uli.
571 2682 601 2714 δε
623 2683 708 2713 l.22.
725 2689 776 2722 pr.
799 2681 875 2713 Eod.
920 2680 947 2712 I-

82 2734 135 2755 mo
157 2723 244 2756 forte
267 2725 299 2756 in
321 2734 357 2756 ea
380 2724 482 2765 specie
505 2723 597 2765 ipfius
622 2723 777 2756 duntaxat
799 2723 946 2762 Anthiae,

81 2775 144 2796 non
168 2764 320 2807 piscium,
344 2767 398 2808 qui
423 2765 495 2797 ideo
511 2764 594 2806 capti
610 2774 675 2796 non
693 2764 784 2805 sunt,
807 2765 888 2797 satta
905 2763 949 2796 est

83 2804 265 2845 aestimati03
289 2817 347 2839 nec
371 2806 561 2839 contradicit
583 2815 623 2836 eo
647 2806 721 2838 loco
740 2806 869 2839 Plinius.
895 2806 947 2837 Sa-

83 2857 122 2878 ne
144 2846 288 2880 damnum
311 2849 495 2889 interceptae
520 2847 686 2886 utilitatis,
710 2848 752 2880 ob
768 2848 868 2890 pisces
883 2857 949 2880 non

81 2896 212 2929 captOS,
236 2889 394 2931 Aquiliam
417 2899 481 2922 non
504 2888 673 2921 vindicasse
696 2890 804 2922 auctor
827 2889 873 2922 est
890 2889 947 2921 La-

81 2929 143 2961 beo
168 2929 199 2961 in
224 2930 304 2967 l.29.
327 2933 399 2975 §.3.
415 2932 457 2974 ff.
480 2934 518 2962 ad
542 2931 578 2961 L.
603 2931 709 2971 Aquil.
734 2932 851 2964 retium
875 2931 946 2970 ille,

84 2975 153 3012 q'uae
178 2970 274 3003 incisa
297 2970 384 3013 sunt,
408 2983 473 3005 non
485 2972 638 3015 piscium,
654 2973 781 3013 avium,
797 2972 946 3011 ferarum,

84 3020 153 3052 quae
176 3021 276 3062 captae
300 3023 363 3045 non
386 3014 457 3046 sunt
471 3039 481 3055 ,
512 3013 751 3046 aestimationem
782 3014 850 3047 fieri
874 3014 948 3047 scri-

82 3052 157 3093 bit„
186 3054 232 3085 bt
255 3064 351 3096 porro
375 3063 492 3088 taceam
514 3055 553 3086 de
575 3056 728 3095 ejusmodi
751 3057 882 3096 damno,
909 3057 949 3088 de

84 3094 224 3141 quo-hic
247 3095 525 3137 censetCujacius,
550 3097 645 3129 etiam
668 3107 758 3130 extra
771 3097 890 3140 Legem
905 3098 946 3129 A-

84 3135 233 3177 quibam,
257 3137 480 3178 nihilvuspiam
501 3146 628 3170 cautum
651 3139 770 3179 videri,
797 3140 863 3171 imo
872 3149 947 3171 con-

85 3185 134 3208 tra
155 3179 263 3219 potius
285 3178 317 3209 in
341 3180 362 3210 l.
377 3189 426 3210 21.
451 3180 518 3220 §.3
534 3180 575 3221 ff.
597 3180 761 3212 deAeiion.
781 3180 947 3222 empt.Ne-

85 3227 147 3261 que
169 3219 263 3252 etiam
287 3219 331 3252 ait
344 3220 483 3260 Plinius,
509 3220 693 3262 velAnthiae
716 3222 881 3262 damnum,
897 3221 948 3253 vel

84 1643 246 1746 Qum
264 1652 326 1675 non
343 1646 591 1674 commemorata
605 1639 686 1680 Juris
711 1638 868 1671 sanctione
881 1637 948 1671 fim-

998 514 1042 546 «ιῆς
1061 514 1151 546 μανίαις
1173 515 1321 556 appellati
1346 515 1529 548 viderentur
1544 538 1554 555 ,
1587 513 1808 554 Manm‘cheos3
1827 524 1872 549 at·

998 556 1052 597 qui
1072 556 1132 596 ita,
1159 556 1180 588 fi
1199 567 1262 590 non
1282 557 1430 590 insaniam
1444 582 1454 598 ,
1479 555 1605 590 insaniae
1631 564 1734 590 tamen
1757 567 1887 601 nomen&

998 597 1141 630 vitabant
1167 597 1336 632 stultiflimi
1363 599 1556 632 mortalium.
1603 599 1656 632 Ex
1686 598 1744 631 hac
1768 607 1874 632 autern

1000 639 1120 681 duplici
1141 641 1354 682 appellatione
1371 650 1443 674 nata
1468 640 1569 672 videri
1586 640 1692 683 potest
1708 641 1776 673 haec
1797 639 1872 672 scri·

1000 689 1110 721 ptura:
1137 682 1324 715 Manichaeos
1347 684 1400 722 seu
1423 684 1624 716 Manm'cheos
1638 707 1647 723 ‚
1668 683 1718 716 vel
1740 682 1874 715 Donati-

995 721 1083 764 stas,
1108 724 1167 756 &e
1214 725 1384 767 imperitus
1412 726 1521 758 harum
1553 735 1658 758 rerum
1681 724 1799 763 scriba,
1824 724 1875 756 bis

1001 765 1128 797 eosdem
1152 767 1215 799 dici
1240 776 1344 807 ratus,
1369 765 1465 800 facile
1487 767 1677 801 Manichaeas
1693 767 1877 801 Manichaeis

1002 805 1181 849 supposuit,
1208 819 1280 842 cuin
1304 819 1368 842 non
1391 808 1516 841 differat
1537 809 1707 852 scriptura,
1731 810 1753 843 si
1777 814 1817 847 Ο.
1844 808 1877 839 in

1001 848 1037 879 Α.
1072 858 1198 891 mutes,
1232 861 1302 883 nani
1332 851 1539 884 Mannichaeos
1572 851 1737 889 scribimus
1768 856 1876 891 Mani.

1000 892 1109 936 chfeos,
1132 893 1184 924 vel
1209 893 1417 926 MaNichaeos.
1460 893 1503 926 Et
1520 895 1713 939 confirmat,
1739 909 1809 941 quae
1826 900 1875 932 su-

1000 931 1110 979 spicati
1136 932 1258 974 sumus,
1284 936 1401 968 vocula
1417 936 1492 976 seu,
1513 936 1701 972 Manicbaeos
1712 941 1877 982 seziMcm-

1000 975 1146 1020 ruchaefis,
1167 985 1208 1006 ex
1232 977 1318 1008 varia
1342 977 1466 1010 seilicet
1490 979 1721 1023 appellatione,
1746 993 1819 1016 cum
1843 995 1873 1016 a·

999 1015 1190 1062 lioqtlin,-fi
1213 1017 1252 1048 de
1276 1017 1468 1050 Manichaeis
1491 1019 1628 1054 faemiiiis
1652 1022 1754 1057 sei-mo
1776 1025 1872 1066 ess'et,

999 1058 1217 1103 commodior,
1250 1068 1289 1090 ne
1309 1059 1429 1099 dicam,
1463 1060 1630 1095 necessaria
1650 1065 1726 1098 esset
1742 1067 1873 1108 conjun-

998 1098 1091 1140 gendi
1106 1101 1232 1132 vocula.
1280 1100 1342 1132 His
1358 1101 1456 1140 addo,
1473 1102 1569 1134 etiam
1583 1113 1601 1135 a
1616 1105 1739 1139 Codice
1763 1108 1873 1141 Theo-

997 1139 1124 1172 dofiano
1151 1141 1185 1174 in
1217 1142 1237 1172 l.
1254 1151 1306 1181 40.
1334 1144 1369 1174 cle
1391 1143 1509 1176 Haerer,
1538 1144 1640 1178 abeffe
1667 1148 1747 1181 illud
1768 1150 1875 1183 Mani·

997 1183 1090 1228 cxlqaeas
1107 1205 1117 1220 ,
1147 1192 1183 1214 ut
1215 1184 1317 1216 inulta
1343 1184 1386 1216 ibi
1412 1185 1548 1225 absunt,
1583 1187 1613 1219 ἀ
1637 1198 1772 1231 conti-a,
1804 1203 1874 1234 quae

996 1223 1050 1255 hie
1073 1225 1283 1265 reperiuntur.
1329 1225 1480 1259 ssafilicos
1507 1235 1610 1261 tamen
1627 1229 1803 1273 sequiorem
1829 1233 1872 1266 se-

995 1275 1073 1296 xum
1095 1266 1146 1297 liic
1169 1267 1345 1308 expreffisl'e
1364 1277 1428 1300 non
1443 1279 1571 1311 negem,
1598 1279 1634 1304 ut
1649 1272 1693 1305 ita
1708 1275 1873 1314 mendum,

995 1307 1018 1339 fi
1035 1308 1203 1348 mendum,
1229 1309 1475 1350 antiquiffimuni
1499 1311 1546 1344 sit.

1117 1447 1287 1484 XIII.

869 1538 1015 1586 Capitulo
1054 1539 1158 1586 Legis
1202 1540 1351 1586 Aquiliae.

995 1636 1128 1679 piscium
1151 1648 1216 1671 non
1241 1646 1407 1680 captorum
1431 1639 1526 1673 fuisse
1549 1642 1747 1677 vindicatum
1764 1645 1872 1681 secun-

995 1680 1033 1711 da
1055 1687 1145 1720 parte
1168 1679 1204 1712 L.
1217 1680 1371 1722 Aquiliae,
1398 1681 1449 1715 sed
1472 1682 1660 1724 simpliciter
1682 1688 1785 1720 damni
1800 1690 1874 1729 for-

995 1724 1108 1753 mulam
1127 1722 1224 1763 fuiffe
1247 1724 1378 1763 editam,
1403 1724 1512 1767 quod,
1545 1733 1581 1757 ut
1603 1725 1698 1768 dixi,
1728 1729 1768 1761 de
1789 1730 1876 1772 pisce

995 1762 1085 1805 ipso,
1111 1764 1195 1806 quin
1212 1765 1242 1797 &
1265 1764 1304 1796 de
1327 1776 1383 1807 eo,
1410 1766 1496 1808 quod
1519 1767 1667 1810 interest,
1693 1771 1777 1803 reete
1793 1772 1874 1804 refe-

995 1815 1044 1838 ras
1067 1806 1105 1837 ad
1128 1806 1367 1840 similitudinem
1392 1809 1425 1841 C.
1448 1808 1474 1841 J.
1501 1816 1555 1841 aut
1579 1810 1617 1842 ad
1640 1810 1743 1854 ipsum
1768 1814 1874 1847 CIII.

1038 1847 1137 1888 Sunt,
1162 1849 1216 1890 qui
1241 1849 1281 1880 de
1294 1850 1387 1889 servo
1417 1858 1558 1893 corrupto
1581 1852 1662 1885 illud
1687 1855 1720 1887 C.
1735 1855 1775 1887 II.
1792 1857 1872 1898 egis-

996 1890 1027 1922 se
1049 1889 1106 1922 fibi
1129 1889 1342 1931 persuadent;
1372 1902 1477 1934 quani,r
1490 1893 1677 1927 sententiam
1701 1896 1795 1929 Libro
1811 1897 1878 1938 fin-

992 1932 1099 2006 {atari
1123 1931 1315 1979 exsequutus
1338 1932 1383 1965 est
1406 1934 1542 1970 Gladius,
1560 1935 1746 1978 Chifledus,
1772 1940 1803 1972 ἃ
1821 1941 1874 1973 ha-

1017 1981 1050 2005 et
1067 1973 1157 2014 sane,
1183 1984 1253 2015 quae
1277 1984 1309 2006 in
1334 1975 1414 2008 hanc
1437 1986 1504 2008 rem
1518 1976 1581 2008 dici
1596 1981 1873 2014 mereantur.Lar-

994 2016 1082 2058 gior,
1108 2023 1145 2047 ut
1169 2022 1239 2047 tota
1262 2015 1347 2058 Lege
1370 2017 1518 2059 Aquilia,
1544 2018 1585 2050 fic
1610 2018 1763 2061 Capitulo
1776 2022 1815 2055 Π.
1834 2024 1875 2056 de

994 2058 1109 2089 damno
1132 2056 1227 2089 fuiss'e
1250 2066 1379 2090 cautum
1395 2082 1406 2098 ,
1440 2059 1556 2101 largior
1580 2060 1612 2092 id
1634 2061 1783 2096 damnum
1805 2075 1872 2099 non

994 2098 1112 2131 desiisse
1135 2100 1282 2131 damnum
1306 2099 1384 2140 ess'e,
1410 2100 1462 2132 sed
1486 2102 1550 2133 alio
1574 2102 1722 2146 deinceps
1747 2106 1778 2138 ὅς
1807 2106 1872 2139 lau-

995 2141 1070 2173 tiori
1100 2141 1198 2173 modo
1227 2141 1257 2172 ei
1287 2141 1488 2216 prospectum
1512 2143 1641 2184 videri,
1673 2156 1738 2187 quo
1761 2147 1807 2180 ita
1829 2148 1872 2180 A-

994 2182 1092 2225 quilia
1115 2183 1147 2214 in
1170 2183 1233 2214 hoe
1257 2183 1359 2215 artieu
1374 2193 1394 2215 o
1418 2184 1603 2225 ceffaverit,
1628 2194 1660 2218 at
1683 2197 1762 2221 vero
1785 2189 1871 2221 dam-

993 2234 1069 2256 num
1093 2223 1174 2256 servi
1199 2225 1342 2266 corrupti
1367 2235 1406 2257 eo
1431 2226 1545 2268 Capite
1568 2227 1662 2259 fuisse
1691 2230 1872 2263 coercitum

993 2267 1104 2306 exiis,
1130 2276 1200 2308 quae
1224 2265 1288 2308 ipse
1312 2266 1375 2307 ait,
1401 2278 1466 2300 non
1490 2269 1647 2311 intelligo
1676 2270 1870 2313 Comparan-

993 2316 1070 2347 tur,
1102 2308 1206 2350 inquit
1223 2331 1233 2348 ,
1264 2308 1360 2349 Legis
1389 2309 1526 2351 Aquiliae
1558 2311 1588 2343 ἀ
1619 2310 1700 2344 servi
1725 2315 1871 2356 corrupti

991 2350 1074 2381 attio
1098 2351 1130 2382 in
1155 2351 1176 2381 l.
1197 2360 1230 2391 5.
1255 2350 1284 2391 §.
1310 2360 1340 2382 2.
1360 2351 1403 2393 ff.
1423 2355 1457 2383 de
1488 2352 1578 2384 Serv.
1608 2361 1744 2396 corrupt.
1776 2354 1871 2395 est03

992 2390 1043 2423 sed
1074 2392 1146 2433 quia
1184 2399 1317 2433 utraque
1362 2393 1511 2425 damnum
1571 2395 1764 2437 ersequitur,
1804 2407 1871 2430 non

1014 2433 1065 2464 uia
1088 2433 1156 2465 haec
1186 2433 1260 2473 illi,
1292 2443 1333 2465 ex
1363 2433 1502 2467 secundo
1532 2402 1708 2479 (lapitulo,
1747 2438 1867 2471 sucees-

1005 2483 1054 2506 1t:
1079 2475 1191 2516 utique
1214 2475 1286 2507 inde
1310 2475 1372 2507 hoc
1395 2486 1460 2508 non
1484 2477 1506 2509 li
1532 2487 1595 2510 uet.
1621 2478 1747 2512 Deinde
1770 2480 1792 2513 fi
1806 2479 1866 2512 ser-

993 2516 1026 2547 vi
1052 2517 1195 2561 corrupti
1226 2517 1309 2549 auio
1332 2527 1373 2550 ex
1396 2518 1482 2560 Lege
1537 2520 1635 2561 quilia
1667 2523 1745 2555 olim
1775 2521 1840 2554 fuit
1856 2545 1866 2561 ‚

993 2565 1124 2604 oportet
1137 2558 1244 2590 dui-ius
1255 2558 1316 2590 effe
1327 2559 1562 2602 transscriptam
1580 2562 1612 2593 in
1627 2562 1773 2595 Edietum
1784 2562 1865 2594 Prae-

996 2605 1092 2639 toris,
1125 2603 1197 2632 nam
1222 2598 1391 2633 secundum
1415 2611 1468 2642 ea,
1494 2612 1564 2644 quae
1588 2612 1810 2646 proponuntur
1833 2603 1866 2636 in

994 2642 1022 2672 d.
1046 2642 1065 2672 l.
1082 2652 1113 2682 5.
1136 2640 1163 2682 ἓ.
1182 2652 1211 2673 2.
1237 2651 1301 2674 non
1327 2650 1390 2674 tain
1413 2645 1637 2685 conveniunt,
1662 2655 1754 2686 quam
1776 2643 1866 2676 diffe-

992 2691 1085 2723 runt;
1110 2693 1179 2725 quae
1203 2683 1243 2714 de
1266 2682 1358 2715 servo
1381 2694 1536 2727 corrupto
1559 2687 1603 2718 est
1619 2711 1629 2726 ‚
1654 2684 1801 2717 adversus
1819 2685 1865 2718 fa-

993 2730 1112 2756 tentem
1143 2724 1188 2756 est
1218 2725 1250 2756 in
1281 2725 1413 2767 duplum
1431 2751 1441 2766 ,
1472 2728 1616 2769 quamvis
1644 2727 1772 2768 Aquilia
1794 2727 1863 2760 infi-

991 2766 1128 2798 ciantem
1158 2766 1311 2798 duntaxat
1342 2771 1514 2800 coereeat:
1539 2769 1569 2800 δε
1591 2767 1698 2799 durius
1721 2768 1807 2800 illam
1831 2769 1863 2801 in

992 2807 1139 2839 Edictum
1170 2808 1402 2850 transscriptam
1431 2809 1492 2841 effe
1522 2818 1618 2849 quum
1648 2818 1713 2841 non
1742 2810 1863 2852 liqueat

1014 2858 1143 2891 uoque,
1178 2849 1267 2882 obest
1298 2851 1413 2891 inagis,
1440 2860 1531 2891 quani
1555 2850 1681 2890 prodest
1703 2851 1759 2883 illa
1782 2853 1803 2883 l.
1827 2863 1861 2894 5.

992 2859 1020 2932 ἓ.
1039 2901 1067 2923 2.
1114 2891 1200 2923 Mox
1232 2899 1335 2922 tamen
1365 2901 1406 2921 ex
1437 2900 1476 2921 eo
1509 2889 1696 2932 Cliifletius,
1721 2893 1804 2934 quasi
1828 2904 1862 2926 re

990 2933 1052 2973 Jam
1075 2933 1154 2964 bene
1176 2932 1277 2974 gesta,
1303 2932 1403 2963 varias
1426 2932 1512 2973 leges
1534 2933 1695 2965 mutilatas
1718 2933 1781 2966 effe
1803 2935 1861 2969 fin-

992 2974 1056 3015 git,
1089 2975 1119 3006 &
1150 2973 1232 3015 quali
1263 2982 1304 3004 ex
1328 2972 1452 3013 tripode
1475 2972 1634 3006 restaurat.
1679 2975 1740 3008 Sed
1762 2975 1794 3008 ei'
1815 2977 1862 3010 in-

990 3017 1079 3056 juriae
1111 3024 1277 3046 occurrere
1308 3013 1438 3055 longum
1469 3014 1545 3047 ess'et
1562 3039 1571 3054 ‚
1603 3015 1634 3048 &
1662 3017 1799 3050 alienum
1824 3019 1863 3051 ab

991 3067 1030 3088 eo
1046 3080 1056 3095 ‚
1090 3056 1175 3102 quod
1206 3056 1335 3096 agimus.
1381 3055 1488 3098 Magis
1517 3065 1651 3097 movet,
1676 3060 1762 3100 quod
1784 3070 1863 3093 mox

989 3098 1056 3139 ipse
1083 3104 1127 3128 ait
1142 3120 1152 3136 ,
1185 3097 1216 3128 δε
1239 3105 1349 3127 verum
1372 3096 1438 3137 est,
1470 3098 1626 3130 astionem
1648 3098 1730 3132 sen-i
1753 3110 1861 3134 corru-

990 3139 1057 3181 pti,
1090 3148 1163 3169 euni
1194 3137 1342 3179 praetoria
1370 3137 1432 3179 fit,
1463 3147 1567 3172 tamen
1593 3149 1775 3183 perpetuam
1799 3143 1863 3176 effe

992 3184 1012 3212 l.
1035 3190 1082 3222 13.
1104 3187 1152 3220 pr.
1169 3180 1210 3221 ff.
1225 3181 1266 3226 ‚de
1280 3179 1367 3211 Serv.
1385 3191 1464 3214 corr.
1497 3182 1587 3222 cujus
1613 3184 1658 3214 rei
1690 3184 1750 3216 alia
1777 3185 1860 3216 ratio

991 3223 1118 3254 videtui·
1146 3221 1231 3254 reddi
1261 3231 1326 3261 non
1355 3222 1467 3263 poss'e,
1498 3223 1554 3258 nisi
1585 3224 1671 3264 quod
1692 3225 1730 3259 ad
1753 3235 1860 3258 exem-

1774 3267 1863 3308 plum
