2008 3436
183 115 250 155 146
419 103 825 142 CORNELII
901 114 1008 139 ‘VAN

177 191 198 222 l.
232 200 276 221 Η.
300 189 350 230 ff.
381 188 416 218 cie
447 186 534 229 Offic.
565 185 702 221 Proconf.
735 183 771 219 &³
802 183 876 224 Leg.
909 183 959 214 ubi
984 192 1042 223 pro

176 241 270 271 neque
298 232 353 272 jus
383 231 467 261 hahet
499 228 625 270 quidam
658 226 746 259 Libri
772 225 888 256 liaoent
909 248 918 263 ,
950 235 1042 264 neque

171 275 226 315 jus
241 283 297 304 non
313 274 410 303 hahet.
455 271 515 303 Sed
535 269 754 311 exemplorum
771 266 842 313 satis
859 265 923 304 est,
949 266 1043 297 video

175 315 254 346 alios
280 314 339 346 alia
364 323 405 345 ex
425 312 498 353 Jure
519 311 629 344 nostro
655 308 793 353 attulisse
809 330 819 345 ,
843 316 933 352 quain
952 316 1041 347 apte,

175 355 256 388 nihil
274 356 389 388 attinet
404 355 527 393 dicere,
554 354 583 385 ὃς
606 352 709 383 minus
731 356 846 381 attinet
872 349 972 378 alienu
992 348 1043 378 de-

177 396 321 429 scribere.
840 431 845 436 .

217 438 263 470 Ut
289 445 325 470 ut
349 446 453 471 autem
471 435 637 477 aliquando
657 434 721 465 duo
738 432 888 464 abnutiva
905 453 914 469 ,
940 440 1043 476 quain-

175 479 225 512 vis
247 481 422 519 cumulata,
447 478 564 510 fortius
579 484 713 517 negant,
734 475 763 505 id
779 481 882 518 tamen
903 481 965 516 non
984 471 1045 502 esse

176 531 216 553 ex
241 522 403 553 communi
429 520 512 558 usu,
546 527 639 550 nemo
671 526 735 547 non
765 514 862 545 fat-ue
884 512 1042 553 largietur.

177 563 220 595 Et
246 562 311 594 sola
339 563 406 594 haze
429 561 511 593 ratio
540 569 588 591 me
613 565 721 589 movet
740 580 749 595 ,
775 563 811 587 ut
828 554 981 585 Alberieo
1007 554 1045 585 de

177 603 294 636 Rosate
317 603 499 639 adsentiar,
539 597 730 631 existimanti
763 598 869 628 Comm.
898 596 934 627 ad
964 598 991 626 l).
1015 595 1043 636 §.

176 645 251 677 duas
267 645 450 687 negationes
474 642 526 673 hic
542 651 606 673 non
622 648 744 681 negare.
789 637 904 679 Agitur
923 636 1045 682 scilicet

175 686 214 718 de
236 684 388 732 scriptura
412 683 610 721 testamenti,
642 681 672 712 in
696 681 785 721 cujus
811 680 1044 719 interpretatio-

176 737 215 758 ne
230 751 239 767 ,
271 727 327 758 nifi
345 726 509 758 evidenter
533 722 713 755 constiterit
729 745 739 761 ,
773 720 956 752 testatorem
980 729 1043 750 non

175 775 217 800 ex
234 768 356 809 vulgari
370 765 594 806 communique
611 763 666 795 usu
689 764 856 804 loquutum
871 759 988 806 fuisse,⁴
1007 761 1044 791 ab

176 810 290 842 usitato
307 807 449 840 sermone
466 817 528 839 non
548 806 609 837 effe
624 804 848 842 recedendum,
869 803 899 833 ὃς
917 811 965 832 res
981 800 1045 843 ipsa

175 851 289 889 docet,
316 850 346 881 ἃ
371 849 452 890 Juris
472 847 613 889 express'a
638 846 807 877 auctoritas
829 845 861 877 in
886 845 906 875 l.
929 847 979 879 69.
995 844 1044 885 ff.

176 895 211 924 de
233 892 343 931 Legat.
361 890 416 923 III.

218 933 305 980 Quid
333 933 429 974 igitur
454 930 508 963 fibi
531 931 622 969 vult,
650 927 870 969 Onesiphorus,
895 925 953 966 nisi
975 928 1043 959 dili-

172 983 280 1016 genter
303 977 450 1005 rationem
478 973 657 1012 excusserit,
682 973 755 1002 liber
776 981 812 1002 ne
828 971 912 1012 esto?
938 971 968 1002 ἅ
985 980 1044 1011 qua

175 1024 281 1049 mente
295 1016 422 1047 libertas
439 1014 486 1046 his
502 1013 606 1045 verbis
629 1013 772 1054 adempta
795 1013 903 1054 potius
918 1038 927 1053 ‚
952 1021 1043 1053 quam

174 1059 245 1089 data
272 1057 463 1098 intelligitur
481 1055 498 1087 ἵ)
521 1055 553 1087 Si
572 1053 763 1086 recenserem
782 1076 793 1091 ‚
818 1063 888 1094 quae
911 1052 1020 1086 Glossa
1032 1077 1041 1092 ,

176 1099 309 1141 Dynus,
330 1097 516 1135 Albericns,
541 1096 707 1135 Bartolus,
732 1095 863 1134 Baldus,
882 1096 1042 1133 Benomis,

175 1140 388 1172 Covarruvias
400 1139 437 1170 ad
452 1141 479 1170 l).
493 1138 521 1179 §.
545 1138 701 1176 dixerint,
727 1137 840 1169 librum
859 1135 1045 1174 scriberem,

175 1182 206 1213 ὅς
229 1181 327 1214 bonas
350 1181 444 1213 horas
465 1179 636 1221 perderem.
682 1178 774 1210 Solus
789 1178 925 1211 Andreas
942 1177 1044 1210 Aleia-

174 1230 225 1255 tus
249 1224 286 1255 L.
305 1223 344 1255 V.
362 1223 475 1254 Parasi.
503 1221 532 1252 C.
545 1231 574 1261 4.
585 1221 719 1261 primum
744 1219 850 1258 vidie,
861 1219 1042 1257 formulam,

174 1273 235 1306 qua
257 1264 329 1296 usus
351 1264 396 1296 est
417 1263 537 1295 Lucius
552 1262 663 1293 'I‘itius
678 1285 687 1301 ,
714 1261 896 1293 tantundem
919 1261 1043 1298 valere,

174 1316 210 1338 ac
231 1306 252 1340 fi
267 1306 395 1338 dixisset
413 1328 426 1344 ‚v
441 1304 470 1344 fi
497 1306 660 1344 diligenter
681 1304 826 1333 rationem
851 1301 1011 1342 excuffiris
1033 1323 1042 1338 ,

174 1348 378 1389 Onesimum,
405 1347 479 1378 liber
498 1345 566 1387 esto.
610 1344 654 1377 Et
674 1344 822 1376 hactenus
844 1344 938 1375 etiam
963 1344 1042 1375 bene

173 1390 387 1429 Forcatulus‚
427 1387 571 1431 quamvis
596 1386 796 1424 δαικοηζόιιενοε
813 1409 821 1421 ,
857 1387 886 1416 d.
916 1385 1039 1426 Dialog.

173 1430 296 1469 XCIII.
323 1430 541 1471 Nicyomanth.
566 1427 618 1460 fed
632 1435 741 1459 neuter
757 1427 1040 1469 reC‘teexplicavit,

174 1473 205 1507 ’ὃς
225 1474 295 1507 sane
309 1472 463 1515 explicari
478 1480 543 1503 non
564 1468 668 1511 potest
681 1492 691 1509 ,
716 1467 979 1510 quemadmodum
998 1467 1040 1500 se-

172 1517 311 1549 cundum
335 1524 370 1546 ea
384 1538 395 1553 ,
419 1522 489 1555 quae
513 1518 758 1554 proponuntur,
783 1519 895 1541 verum
919 1509 978 1549 fit,
1004 1510 1040 1540 li-

174 1561 320 1592 bertanem
333 1557 425 1588 adimi
439 1556 538 1595 pocius
552 1577 561 1592 ,
583 1562 672 1594 quam
690 1552 771 1583 dari.
798 1551 958 1592 ‚Alciatus
984 1560 1041 1594 pu-

174 1609 243 1640 tat,
269 1599 359 1632 Lucii
383 1597 468 1628 Titii
494 1595 590 1627 verba
615 1592 778 1637 praebuifse
801 1592 923 1639 eausam
954 1591 1042 1625 dubi-

175 1641 260 1675 tandi
276 1665 286 1680 ‚
311 1638 452 1680 nunquid
476 1637 579 1669 statim
595 1658 605 1675 ,
631 1635 661 1667 &
680 1642 752 1666 ante
774 1641 914 1666 ratlones
931 1643 1041 1666 excus-

175 1684 221 1717 sas
236 1708 245 1723 ‚
269 1682 448 1714 libertatem
473 1676 611 1711 nancisci
636 1675 791 1717 potuiffet
810 1673 1040 1716 Onesiphorus,

175 1736 211 1757 ac
233 1725 256 1757 fi
277 1723 406 1756 modum
423 1743 433 1759 ‚
456 1728 521 1751 non
539 1718 755 1751 conditionem
777 1716 960 1748 inducerent
976 1740 985 1756 ,
1011 1717 1042 1748 &

174 1765 353 1799 Scaevolam
370 1760 520 1794 censuisse
531 1784 541 1800 ,
566 1759 784 1791 conditionem
799 1757 925 1796 facere,
947 1766 1042 1799 atque

174 1809 219 1840 ita
232 1803 442 1848 respondiss‘e,
466 1812 503 1835 ex
529 1802 594 1833 illis
619 1803 721 1832 verbis
744 1806 863 1831 tamum
884 1809 942 1831 non
966 1802 1039 1831 dan-

175 1853 264 1887 dam,
286 1847 424 1888 quoniam
445 1846 483 1876 iis
496 1846 596 1885 pocius
613 1844 797 1874 adimeretur
812 1847 883 1873 ante
904 1839 1041 1881 excuffas

175 1894 308 1923 rationes
319 1897 427 1929 ‚quam
441 1888 584 1922 daretur,
607 1885 793 1926 quamobrem
809 1883 1042 1924 exspeciiandum

167 1932 262 1975 fuiffe
278 1955 288 1970 ‚
310 1938 344 1963 uc
369 1930 475 1961 reddat
500 1929 643 1959 rationes.
687 1925 838 1965 Alciato,
870 1925 915 1956 ita
940 1925 1040 1966 expli-

175 1974 284 2013 canti,
308 1970 499 2013 applaudunt
522 1968 586 2001 alii.
631 1967 690 2000 Sed
715 1976 770 1998 cur
791 1966 935 1998 Scaevola
955 1966 1042 1998 dubi-

177 2014 267 2048 taffet
282 2037 292 2053 ,
324 2011 514 2054 implendam
538 2009 600 2042 effe
624 2008 842 2040 conditionem
859 2030 869 2047 ,
903 2007 1042 2040 libertati

175 2054 389 2097 adscriptam?
399 2053 429 2084 ὃς
444 2062 500 2083 cur
514 2050 699 2088 dubitasset,
719 2049 868 2081 voculam
883 2048 939 2087 nifi
950 2073 959 2087 ,
976 2049 1041 2089 vel,

201 2097 262 2130 uod
286 2094 414 2161 gei-inde
440 2092 485 2124 est
501 2117 512 2132 ,
534 2092 630 2123 verba
649 2115 659 2131 ,
677 2090 706 2130 fi
722 2101 802 2129 non,
825 2090 1043 2122 conditionem

183 2147 280 2176 acere
295 2163 302 2169 .
331 2135 528 2168 dubitatione
551 2135 656 2174 inepta
670 2141 718 2163 res
733 2131 872 2173 ineptior
887 2132 973 2163 nulla
988 2130 1042 2163 est.

178 2181 221 2214 Et
244 2179 298 2219 ubi
322 2178 355 2210 in
377 2173 538 2217 Responso
561 2173 633 2212 est,
670 2173 849 2205 libertatem
876 2171 1041 2214 suspendi,

177 2222 280 2253 donee
297 2219 436 2251 rationes
451 2215 588 2249 excuss'ae
608 2216 638 2246 ὃς
653 2214 783 2246 redditae
802 2212 922 2245 fuerint
936 2214 953 2246 ’.ἒ
976 2214 1042 2246 fim-

177 2262 304 2304 pliciter
321 2261 384 2299 ait,
409 2259 580 2296 libertatem
604 2257 719 2294 adimi,
743 2264 845 2296 neque
867 2254 953 2286 addit
971 2278 981 2295 ,
1006 2254 1043 2287 ad

178 2310 301 2335 certum
325 2309 450 2342 tempus
466 2324 476 2340 ‚
508 2299 562 2331 vel
582 2304 653 2330 ante
675 2298 808 2329 raciones
825 2296 959 2336 excuffas
972 2320 980 2331 ,
1006 2304 1042 2327 ut

178 2344 297 2377 addidit
313 2341 466 2375 Alciatus.
527 2349 598 2371 uare
613 2339 682 2371 haec
696 2348 760 2371 non
777 2337 950 2370 subsistunt.
966 2337 1041 2369 For-

178 2385 301 2418 catulus
317 2384 381 2423 ait,
407 2384 577 2414 libertatem.
592 2382 684 2412 adimi
698 2382 798 2421 potius
811 2403 819 2416 ,
843 2389 932 2420 quam
952 2381 1042 2418 dari,

178 2429 229 2460 hoc
245 2425 287 2467 est
299 2449 308 2464 ,
323 2425 488 2466 nonsolum
500 2425 594 2456 datur
608 2423 733 2454 libertas
745 2444 756 2460 ,
770 2420 885 2461 sistat,
902 2423 977 2463 quod
991 2421 1042 2463 ju-

179 2471 266 2500 betur
285 2490 294 2505 ,
321 2467 369 2504 sed
394 2467 485 2498 etiam
506 2467 654 2496 adimitur
673 2487 682 2501 ‚
702 2462 732 2503 fi
755 2474 812 2494 non
832 2462 902 2503 fiat.
948 2461 1046 2509 Quod

179 2506 375 2551 Responsum
390 2517 431 2538 ex
450 2507 573 2549 tripode
589 2505 748 2547 Apollinis
765 2505 873 2546 potius
887 2528 897 2544 ,
922 2512 1014 2545 quam
1029 2512 1046 2533 a

179 2550 324 2583 Scaevola
339 2547 517 2592 profectum
534 2548 630 2580 dicas.
676 2546 737 2579 Sed
756 2545 831 2587 quid
854 2555 927 2577 cum
952 2544 1046 2576 larvis

181 2591 381 2634 pugnamus?

222 2633 329 2681 Quare
345 2632 406 2665 alia
421 2630 624 2673 expediendae
647 2628 844 2661 difficultatis
866 2628 947 2660 ratio
965 2637 1045 2669 quae-

792 2717 1143 2755 CAPUT

1082 102 1689 140 BYNKERSHOEK

1087 184 1181 213 rendi
1208 183 1278 213 erit.

1088 274 1153 295 viic
1179 275 1294 296 nomen
1321 264 1382 295 esse
1406 265 1488 295 dixit
1512 265 1680 306 Menagius
1706 267 1851 302 Amoenit.
1875 271 1949 311 Jar.‘

1088 307 1180 338 Civz'l.
1205 309 1237 338 C.
1266 305 1394 338 XXXI.
1431 315 1488 336 nec
1512 307 1673 338 intercedo
1694 332 1703 348 ,
1736 310 1947 353 modo-patia.

1089 356 1166 385 tur,
1202 349 1231 379 ὃς
1257 348 1372 379 linei-os
1398 347 1540 378 homines
1564 357 1603 379 eo
1630 348 1697 390 ipso
1714 352 1840 382 nomine
1861 353 1949 387 fuiss'e

1088 387 1167 420 usos.
1215 389 1248 420 Id
1275 389 1372 429 liquet
1397 398 1437 420 ex
1467 389 1562 420 variis
1587 389 1846 431 inscriptionibus
1873 404 1889 425 a

1089 428 1262 461 Gruterum
1281 454 1289 469 ‚
1316 430 1415 470 liquet
1435 430 1465 461 δε
1489 430 1631 469 aliunde3
1659 430 1738 472 saepe
1758 434 1862 465 eadem
1885 397 1949 468 ἐξ

1088 479 1163 501 runt
1186 471 1355 502 liberorum
1379 471 1408 501 ἀ
1435 470 1594 502 servorum
1620 475 1757 505 nomina.
1804 474 1865 506 Pro
1906 480 1949 509 mi

1089 520 1157 543 mus
1180 512 1288 553 potius
1311 512 1348 542 ad
1381 512 1597 544 conditionem
1622 514 1820 556 Oneiiphoro
1842 526 1858 548 a
1881 516 1950 553 sci-'13²

1089 561 1174 594 ptam
1191 577 1200 591 ,
1239 561 1334 593 atque
1360 552 1426 584 haec
1448 553 1491 584 est
1507 577 1516 592 ‚
1550 553 1606 592 nrfi
1626 557 1787 597 diligenter
1809 552 1950 592 rationem

1088 594 1247 633 exczn‘l‘ffrit
1265 619 1272 632 ‚
1306 595 1381 625 liber
1405 605 1440 625 ne
1463 594 1530 635 esto,
1574 596 1604 627 Si
1638 606 1696 644 pro
1720 597 1778 637 nifi
1800 599 1950 640 legeretur

1081 635 1110 675 fi
1125 660 1134 675 ,
1159 636 1245 667 foi-te
1274 636 1482 676 intelligerem
1506 636 1728 678 Responsum,
1761 642 1846 681 quod
1864 639 1949 683 subji-

1088 677 1171 708 citur
1189 701 1198 716 ,
1234 677 1281 708 his
1305 678 1409 708 verbis
1433 678 1608 710 libertatem
1632 681 1740 721 potius
1760 681 1950 724 ademptam,

1087 728 1179 760 quam
1197 719 1300 750 datam
1323 718 1434 750 videri.
1480 718 1618 751 Dixiss'et
1636 731 1748 763 nempe
1763 745 1773 760 ‚
1797 723 1889 755 adimi
1910 724 1951 757 0⁴

1088 760 1254 801 neiipboro
1273 759 1450 791 libertatem
1470 761 1501 791 in
1526 760 1629 792 casum
1651 763 1826 804 expressum
1839 787 1851 802 ,
1874 764 1896 796 fi
1910 765 1952 798 diss

1088 802 1222 842 ligenter
1240 801 1377 832 rationes
1403 801 1576 833 exculiiss'et
1597 826 1605 841 ‚
1632 810 1708 836 tunc
1728 805 1811 836 enim
1833 815 1898 837 non
1917 806 1950 840 li-

1087 842 1142 874 ber
1166 841 1227 873 effe
1252 841 1397 888 jubetur,
1423 842 1472 874 sed
1495 853 1558 875 non
1581 844 1645 875 dari
1662 845 1693 877 in
1712 845 1815 877 casum
1832 847 1951 888 opposi-

1090 892 1166 915 tum.
1212 883 1289 915 Dari
1316 892 1441 925 quoque
1468 884 1594 916 libertas
1618 887 1780 918 contrario
1803 887 1874 920 casu
1891 891 1952 923 noti

1090 925 1278 963 videbatur,
1315 932 1376 956 tam
1403 926 1444 956 ob
1470 925 1562 967 ipsius
1585 927 1779 960 conditionis
1799 928 1951 962 deridicuz

1089 966 1178 1005 lum,
1211 976 1274 1007 quo
1299 966 1424 998 libertas
1451 967 1522 998 data
1546 967 1621 999 ess'et
1646 969 1676 1000 in
1701 969 1864 1011 praemium
1883 971 1952 1004 desit

1088 1008 1146 1039 diae
1163 1030 1173 1046 ‚
1191 1049 1195 1053 Δ
1214 1017 1306 1048 quam
1337 1008 1422 1048 quod
1453 1007 1539 1040 casus
1570 1010 1675 1042 nullus
1705 1010 1743 1043 fit
1773 1011 1952 1054 expressus,

1088 1059 1152 1089 quo
1177 1049 1353 1081 libertatem
1377 1050 1635 1083 nancisceretur:
1673 1061 1774 1093 neque
1796 1053 1880 1084 enim
1908 1053 1951 1086 ‹ii-³

1089 1091 1172 1122 &um
1196 1089 1241 1122 est
1256 1113 1266 1129 ‚
1300 1089 1329 1129 fi
1349 1093 1479 1122 rationes
1500 1102 1556 1123 non
1578 1092 1757 1133 excufferzt,
1777 1094 1853 1125 liber
1874 1093 1950 1135 esto,

1090 1133 1120 1164 &
1140 1140 1242 1177 tamen
1261 1132 1346 1173 Lege
1361 1132 1453 1164 Furia
1469 1140 1596 1166 cautum
1622 1142 1707 1173 erat,
1741 1143 1775 1166 ut
1795 1136 1952 1169 libertate·

1089 1173 1186 1205 serws
1201 1173 1388 1205 testamento
1405 1176 1593 1208 nominatim
1608 1176 1740 1214 dentur,
1752 1176 1957 1211 utauCtoress:

1088 1215 1242 1257 Ulpianus
1268 1215 1387 1256 Fragm.
1414 1215 1475 1247 Tit.
1493 1216 1515 1248 I.
1541 1218 1559 1258 §
1592 1219 1649 1249 ult.
1942 1236 1944 1239 ·

1130 1256 1211 1287 'riaec
1236 1264 1340 1287 autem
1367 1263 1402 1287 ut
1428 1257 1530 1298 aliqua
1554 1259 1827 1291 verisimilitudine
1851 1260 1953 1293 nitan-

1087 1305 1156 1336 tur,
1182 1306 1256 1328 vera
1277 1304 1379 1328 tamen
1401 1297 1463 1329 effe
1486 1308 1550 1331 non
1572 1300 1668 1331 credo
1686 1323 1695 1339 ,
1721 1299 1772 1332 sed
1799 1301 1905 1341 potius
1925 1311 1963 1334 as

1085 1339 1151 1371 liud
1167 1338 1313 1384 mendum
1334 1339 1430 1371 latere
1449 1340 1481 1372 in
1506 1342 1533 1372 h.
1561 1341 1589 1382 §.
1616 1351 1644 1373 2.
1670 1340 1854 1383 transpofita
1868 1343 1958 1374 nem-'

1083 1390 1123 1422 pe
1143 1380 1243 1412 videri
1266 1379 1396 1419 finalia,
1428 1381 1458 1412 &
1484 1390 1542 1423 pro
1574 1384 1743 1414 libertatem
1777 1384 1869 1414 adimi
1899 1390 1950 1424 po-

1084 1424 1147 1453 tius
1168 1446 1176 1459 ‚
1207 1430 1296 1463 quam
1324 1424 1393 1454 dari
1410 1446 1419 1460 ,
1456 1421 1648 1465 legendum,
1687 1425 1855 1456 libertatem
1885 1419 1966 1467 darei

1081 1465 1182 1505 potius
1207 1487 1216 1502 ‚
1248 1473 1336 1505 quam
1364 1465 1456 1496 adimi
1525 1464 1718 1506 Hujusmodi
1753 1473 1782 1498 tr
1863 1462 1966 1505 iones&

1085 1505 1256 1537 verborum
1280 1506 1310 1538 δε
1333 1505 1365 1537 in
1388 1505 1460 1546 Jure
1483 1505 1612 1547 nostro,
1638 1507 1668 1539 &
1692 1507 1774 1548 apud
1834 1516 1870 1540 os
1888 1507 1952 1540 Au-
1960 1523 1967 1554 5

1084 1547 1187 1578 &tores
1204 1546 1274 1579 sunt
1288 1546 1563 1588 frequentiffimae,
1588 1557 1647 1580 nec
1664 1548 1731 1580 fieri
1753 1552 1878 1590 poterat
1896 1548 1963 1582 ali--

1085 1596 1155 1628 ter,
1176 1589 1252 1629 quin
1273 1587 1409 1629 librarii,
1433 1589 1506 1621 dum
1527 1589 1623 1621 verba
1641 1590 1826 1631 exciperent
1836 1599 1877 1622 ex
1895 1587 1962 1626 ore-T

1084 1629 1249 1669 diCtantis,
1273 1628 1354 1670 saepe
1367 1631 1500 1662 alterum
1519 1631 1651 1663 verbum
1674 1631 1764 1663 alteri
1782 1638 1966 1672 antepone=÷v

1084 1677 1165 1703 rent.
1210 1670 1315 1712 Atque
1335 1680 1375 1702 eo
1391 1671 1479 1704 sensu
1496 1671 1701 1714 respondisset
1717 1672 1862 1705 Scaevola
1876 1695 1888 1712 ,
1912 1668 1964 1714 lio<

1084 1720 1136 1744 cet
1149 1711 1246 1744 verba
1262 1711 1439 1758 testamenti
1452 1713 1619 1745 videantur
1634 1714 1696 1746 effe
1711 1712 1877 1757 negantia,
1899 1713 1965 1746 da*-

1084 1755 1111 1785 ri
1128 1761 1232 1785 tamen
1249 1753 1446 1794 miei-tatem,
1472 1755 1594 1787 duobus
1611 1755 1790 1796 abnutivis,
1803 1764 1844 1787 ex
1860 1752 1970 1790 com-3

1084 1795 1171 1828 muni
1197 1793 1347 1827 sermonis
1374 1795 1430 1827 usu
1445 1820 1455 1835 ,
1479 1806 1537 1837 pro
1564 1796 1772 1829 affirmatione
1790 1795 1972 1837 acceptisf?

1084 1837 1196 1868 eodem
1221 1835 1309 1868 sensu
1327 1860 1337 1876 ‚
1371 1847 1406 1869 ac
1426 1837 1448 1869 fi
1462 1837 1613 1879 scriptum
1628 1838 1723 1878 effet,
1742 1837 1773 1878 fi
1787 1831 1969 1879 diligenter?

1083 1881 1230 1910 rationem
1249 1877 1427 1919 excufferit,
1450 1880 1525 1912 liber
1540 1878 1609 1920 esto.
1654 1880 1730 1912 Sive
1748 1879 1833 1912 enim
1851 1879 1950 1918 dicas,

1083 1919 1141 1960 nifi
1162 1925 1257 1951 mater
1283 1931 1346 1952 mea
1367 1922 1516 1957 moritur.
1537 1932 1573 1953 ne
1591 1923 1659 1953 dato
1676 1944 1685 1959 ,
1707 1920 1793 1959 five,
1810 1919 1840 1959 fi
1854 1926 1950 1952 mater

1084 1973 1147 1994 mea
1170 1964 1299 1993 moritur
1317 1984 1327 2000 ,
1357 1964 1426 1994 dato
1445 1986 1454 2002 ‚
1477 1963 1557 1995 nihil
1580 1963 1749 2004 quicquam
1771 1962 1839 1994 haec
1860 1960 1949 1994 diffe-

1084 2012 1158 2036 runt
1175 2026 1187 2042 ‚
1227 2013 1300 2035 cum
1332 2005 1500 2046 utrobique
1531 2002 1586 2036 sub
1614 2003 1800 2036 conditione
1822 2003 1876 2035 vel
1898 2002 1949 2034 da-

1085 2054 1153 2077 tum
1183 2045 1236 2076 vel
1268 2045 1447 2087 ademptum
1481 2045 1542 2077 esse
1565 2046 1704 2089 legatum
1726 2045 1820 2077 etiam
1842 2043 1949 2076 Labeo

1085 2086 1278 2128 responderit
1296 2110 1306 2126 ,
1345 2087 1375 2119 ὃς
1398 2087 1581 2128 probaverit
1604 2085 1772 2127 Javolenus
1795 2086 1826 2117 in
1851 2085 1871 2116 l.
1896 2094 1948 2126 404

1086 2127 1114 2170 §.
1140 2138 1170 2160 2.
1199 2127 1239 2169 ff.
1273 2130 1307 2160 de
1330 2128 1445 2160 Condit.
1468 2128 1504 2163 ὅ)
1524 2127 1681 2168 demonstr.
1726 2126 1762 2159 In
1793 2126 1852 2158 hac
1885 2124 1948 2168 spe-

1086 2169 1135 2200 cie
1165 2169 1290 2210 quidem
1319 2170 1463 2211 adempta
1485 2177 1550 2201 erat
1581 2169 1708 2201 libertas
1727 2192 1736 2208 ‚
1768 2167 1825 2206 m‘fi
1849 2164 1951 2206 Onefi-

1081 2213 1194 2252 phoras
1215 2212 1377 2252 diligenter
1399 2213 1546 2243 racionem
1568 2209 1728 2252 excuffiffet
1742 2233 1751 2249 ,
1775 2209 1826 2242 sed
1841 2218 1882 2241 ex
1900 2207 1949 2240 ad·

1086 2252 1178 2284 verso
1197 2275 1208 2292 ,
1236 2252 1258 2284 fi
1280 2252 1425 2294 paruisset
1449 2253 1653 2290 conditioni,
1678 2252 1749 2283 data
1766 2250 1950 2288 videbatur,

1086 2293 1347 2334 quemadmodum
1387 2295 1417 2326 ὃς
1454 2295 1486 2326 in
1519 2294 1633 2325 ceteris
1664 2293 1773 2334 legatis
1804 2291 1948 2324 obtinet:

1086 2345 1155 2367 nam
1176 2336 1324 2376 legatum,
1349 2346 1415 2367 cum
1428 2336 1487 2375 sub
1509 2336 1673 2367 conditione
1693 2334 1839 2365 adimitur
1855 2354 1866 2370 ,
1885 2340 1951 2372 per*

1085 2379 1154 2408 inde
1176 2377 1217 2419 eft
1235 2401 1246 2416 ,
1277 2388 1311 2409 ac
1332 2378 1362 2417 fi
1379 2378 1437 2417 sich
1469 2379 1622 2409 contraria
1651 2377 1816 2407 conditione
1846 2375 1953 2405 datum

1079 2418 1188 2460 fuzffet
1217 2419 1238 2450 l.
1266 2429 1314 2451 10.
1342 2421 1441 2460 princ.
1467 2420 1509 2460 ff.
1547 2421 1581 2450 de
1602 2417 1706 2449 Aelim.
1730 2415 1779 2448 vel
1802 2415 1951 2455 transfer.

1087 2462 1145 2502 leg.
1169 2461 1254 2502 quod
1272 2461 1353 2501 Juris
1374 2461 1535 2492 decretum
1555 2459 1724 2500 repetitum
1748 2455 1849 2489 exstat
1871 2456 1902 2488 in
1925 2455 1948 2488 1.

1092 2512 1159 2543 107.
1178 2501 1220 2543 ff.
1248 2505 1281 2533 cle
1312 2503 1345 2533 C.
1369 2502 1405 2536 ὅ)
1427 2501 1470 2533 D.
1493 2502 1523 2533 ἃ.
1551 2502 1571 2532 l.
1594 2505 1623 2532 6.
1661 2507 1710 2540 pr.
1737 2499 1780 2541 ff.
1824 2497 1952 2544 Quande

1089 2547 1152 2576 dies
1170 2545 1261 2585 legat.
1283 2553 1342 2575 nec
1368 2542 1414 2574 est
1430 2567 1440 2582 ,
1472 2552 1528 2574 cur
1543 2542 1573 2574 id
1588 2551 1653 2573 non
1672 2541 1856 2582 recipiamus
1872 2539 1902 2570 in
1918 2545 1952 2569 re

1089 2594 1163 2631 curn
1176 2585 1311 2617 maxime
1328 2583 1514 2623 favorabili,
1539 2584 1630 2625 quale
1646 2582 1692 2614 est
1710 2582 1846 2624 legatum
1863 2579 1951 2613 liber-

1091 2634 1174 2659 tatis.

1241 2718 1330 2753 IV.

438 2809 484 2845 Ut
509 2819 590 2845 nunc
613 2807 733 2855 legitur
749 2831 763 2851 ,
787 2805 951 2853 legendam
976 2803 1035 2850 effi
1062 2805 1100 2839 L.
1117 2816 1172 2841 10.
1198 2803 1228 2852 5.
1260 2816 1290 2840 1.
1320 2804 1358 2839 ff.
1389 2804 1432 2839 de
1458 2802 1694 2849 Appellation.

186 2909 206 2983 1
252 2908 392 2978 JIpianus
414 2905 455 2938 L.
478 2904 565 2937 VIII.
590 2904 838 2945 Disputationum
859 2901 891 2933 in
914 2901 943 2932 d.
963 2899 980 2930 l>
1001 2909 1047 2931 10.

290 2950 318 2989 5.
346 2959 374 2982 r.
393 2947 437 2980 ita
455 2946 593 2987 scripsit:
618 2946 736 2988 Siquis
752 2968 762 2984 ,
790 2954 856 2975 cum
878 2952 937 2974 una
960 2941 1049 2972 afflo-

183 2999 218 3020 ne
236 2998 376 3030 ageretur
387 3011 399 3028 ,
420 2999 484 3030 quae
495 2991 600 3030 plures
608 2988 725 3029 species
742 2986 815 3028 inse
831 2987 937 3017 habeat
955 3007 964 3019 2
983 2984 1049 3022 Plu-

183 3033 266 3061 rz'bus
283 3033 408 3070 Jmnmis
426 3029 468 3069 fic
497 3031 711 3062 condemnatus
727 3053 737 3068 ‚
771 3037 899 3070 quarum
925 3025 1048 3065 singulte

184 3074 328 3103 §lotionem
343 3071 497 3113 Principis
514 3071 708 3112 musacium
720 3093 730 3109 ,
753 3079 849 3101 omnes
865 3075 963 3099 autem
984 3076 1048 3097 con-

190 3112 293 3142 ἰιηὲἶω
308 3113 435 3150 faciunt
456 3136 465 3150 ‚
495 3117 609 3154 poterit
631 3115 669 3145 ad
691 3113 866 3151 Principem
886 3109 1046 3152 appellare.

182 3123 364 3187 srzincisciis
392 3153 594 3185 Hotomanus
623 3155 662 3186 L.
687 3154 741 3186 IV.
775 3153 903 3191 Observ.
935 3151 967 3182 C.
995 3154 1042 3183 18-

183 3201 240 3236 pro
271 3195 417 3226 notionem
445 3194 603 3235 Principis>
624 3194 752 3228 rescribi
782 3194 871 3234 jubet
900 3194 1044 3225 notionem

1091 2900 1256 2938 Fra-toris,
1280 2900 1362 2932 idem
1379 2900 1532 2941 J'uss‘urus,
1558 2899 1578 2931 fi
1593 2896 1795 2936 meminisset,
1819 2896 1858 2928 de
1873 2902 1952 2928 voce

1092 2943 1268 2983 Principis,
1293 2952 1362 2982 quse
1385 2951 1460 2973 mox
1482 2940 1636 2981 sequitur,
1662 2940 1690 2970 ἃ
1709 2938 1739 2970 in
1759 2938 1866 2969 eadem
1882 2944 1949 2968 cau·

1093 2983 1123 3015 sa
1144 2983 1198 3015 est.
1246 2983 1279 3014 ld
1305 2992 1420 3013 moneo
1437 3007 1446 3021 ‚
1478 2984 1573 3023 quia,
1612 2980 1633 3012 si
1658 2979 1772 3011 vitium
1794 2978 1850 3011 scri
1876 2984 1950 3024 tua

1091 3024 1153 3064 est,
1179 3024 1226 3055 bis
1243 3031 1408 3065 peccatum
1427 3025 1464 3056 iit
1482 3046 1491 3062 ,
1517 3029 1655 3063 oportet.
1701 3020 1761 3052 Sed
1787 3027 1858 3051 utro
1882 3023 1950 3065 ique

1091 3066 1173 3097 reeta
1188 3065 1342 3104 Principis
1361 3065 1500 3104 mentio,
1525 3063 1672 3095 &minus
1688 3061 1770 3092 resta
1788 3061 1949 3093 Proeturts.

1091 3115 1186 3148 quum
1203 3106 1400 3137 minimarum
1423 3106 1527 3138 litium
1550 3101 1772 3136 controversiae
1798 3102 1891 3134 etiam
1914 3096 1951 3130 ad

1087 3148 1258 3180 Praetorem
1282 3146 1402 3178 fuerint
1431 3147 1541 3178 delata:
1560 3167 1569 3181 ‚
1602 3152 1660 3175 nce
1685 3143 1785 3174 ullum
1810 3147 1950 3186 noverim

1087 3186 1307 3229 Magire-atum
1319 3212 1327 3225 ‚
1352 3187 1403 3228 qui
1420 3188 1453 3219 in
1474 3186 1570 3219 caulis
1587 3183 1750 3216 ordinaria:
1765 3181 1950 3225 jurisdifitioe·

1892 3229 1950 3256 inis

1134 224 1139 228 ῃ
1324 182 1422 227 Quod
1447 190 1481 213 ut
1508 182 1562 214 fiat
1579 207 1588 222 ,
1620 185 1677 215 vix
1701 193 1805 225 operae
1824 185 1890 227 est,
1913 195 1948 222 ut
1989 191 1992 201 '

1088 224 1162 272 quid
1183 232 1254 255 ante
1273 233 1454 255 moneamus
1472 223 1510 254 de
1528 225 1656 256 nomine
1675 226 1859 265 Onesiphori.
1883 231 1948 263 ser-
1984 233 1987 243 '
