2008 3436
439 95 838 134 CORNELII

187 176 267 205 Vera
286 175 316 206 δε
332 176 425 208 unica
440 177 523 208 ratio
540 177 639 210 omisfi
658 178 754 219 patris
764 176 925 209 fuitlicita
936 199 946 214 ,
959 176 1050 208 Pom-

184 216 244 255 pejl
264 225 353 256 sevo,
377 218 549 258 mia-aovi«,
572 228 664 258 nam,
688 219 708 250 fi
726 219 794 250 haec
810 228 874 251 non
893 217 975 256 fuit,
999 227 1049 248 ce-

181 256 319 288 dornsshi
344 259 434 290 aliam
455 282 467 297 ‚
499 259 519 290 s1
537 268 638 299 potes.
684 259 788 292 EtIam
806 259 954 299 Cujacius
972 260 1050 289 hanc

181 297 336 329 rationem
347 299 498 331 indicavit
514 300 553 331 L.
570 301 624 332 VI.
642 301 764 340 Observ.
778 301 810 331 C.
826 310 871 339 17..
897 300 926 331 δε
942 300 1048 331 Solor-

181 348 278 369 zanus
295 340 328 370 cle
350 341 497 371 Parw'cicl.
524 341 563 372 L.
588 341 626 374 II.
660 343 691 373 C.
718 351 747 382 7.
773 342 802 372 ὅ(
824 339 1046 371 Gothofrcdus

181 379 216 409 ad
243 379 261 410 i.
288 390 316 412 2.
343 383 374 413 C.
403 382 456 413 Th„
478 384 511 413 de
534 383 635 415 Liber.
659 383 733 423 causi
758 382 787 413 δε
813 381 991 412 Bachovius
1009 381 1045 411 ad

182 419 350 460 ῑιῑῖζχέηιὸεσ.
380 423 484 454 Parcit.
507 422 547 463 ff.
576 424 608 455 T.
633 425 666 454 de
685 424 760 464 Leg.
784 422 883 461 Pomp.
901 423 934 452 cie
949 423 1045 461 parri-

179 463 236 492 ciii.
256 472 285 493 n.
308 473 338 503 5.
361 464 396 498 &³
415 468 445 495 6.
489 464 601 496 Nolim
620 474 721 495 tamen
737 463 936 500 dillimulare,
960 461 1045 502 quod

177 502 405 536 diffimuiarunt
433 505 478 536 illi
510 515 618 536 omncs
636 527 648 543 ,
677 504 738 535 effe
766 503 940 546 nonnihil,
959 502 1043 542 quod

177 542 252 574 huie
277 545 391 577 rationi
416 545 546 583 obstet,
577 545 723 576 nimirum
751 545 831 575 inter
867 547 1011 583 petronas
1031 565 1042 581 ,

177 593 251 624 quas
271 595 309 617 cz<
326 586 389 626 ipsa
408 585 492 627 Lege
508 586 654 626 Pompeia
672 585 819 616 recitavit
840 584 1040 621 Marcianus,

175 626 283 656 auctor
309 628 337 657 d.
365 628 385 657 l.
425 636 448 657 1.
480 637 543 657 non
569 625 677 657 referri
703 625 827 667 quidem
850 633 987 665 patrem,
1010 632 1041 655 at

174 675 275 706 neque
296 676 447 704 matrem,
471 677 541 707 quse
559 667 675 698 liberos
692 666 830 704 oceidit,
851 666 961 707 deinde
973 666 1040 696 brec

173 707 269 737 verb]
285 729 294 744 ,
324 717 392 748 que
417 708 562 748 proxime
590 707 760 748 sequuntur
779 731 789 745 ,
813 707 867 747 sed
896 706 932 740 δ’
947 712 1040 737 mater

172 757 232 787 ‹Ji-2¹12
245 747 341 786 filiun
355 747 490 787 filistim-se
507 750 643 779 occiderit
659 771 670 787 ,
699 749 761 790 ejas
779 747 871 790 Legit
884 753 970 787 piena
988 748 1039 778 acl-

166 788 290 828 ficiiar,
310 788 370 819 ell'c
391 789 482 830 ipsius
502 790 677 828 Marciani,
701 789 789 828 cujus
805 797 898 820 astate
918 797 976 819 nec
987 797 1038 829 pa-

172 838 251 860 trem
268 829 405 870 potuill'e
431 830 547 861 liberos
577 831 774 869 interficere,
799 830 893 860 etiam
913 839 970 861 nos
985 829 1036 860 de-

167 867 335 902 fendimus.
380 871 440 902 Sed
458 871 629 903 meminisse
647 879 794 912 oportet,
828 870 879 908 id,
896 870 979 911 quod
1000 870 1039 901 de

170 919 270 941 matre
287 912 426 942 additum
443 912 508 950 est,
531 912 592 943 effe
621 913 746 953 quidem
767 912 941 950 Marciani,
966 910 1036 951 sed,

170 959 206 982 ut
228 953 353 983 videtur
375 976 383 990 ,
417 952 652 994 interpretantis
681 953 797 994 Legem
830 953 1010 993 Pompejam
1027 974 1039 991 ‚

169 993 259 1032 cujus
278 994 372 1025 verba
387 993 427 1025 fic
447 994 648 1035 descripserat
663 1018 672 1033 ,
707 993 875 1026 secundum
895 1003 1036 1035 tempus,

170 1043 235 1074 quo
252 1034 314 1065 lata
333 1035 398 1066 est:
427 1044 462 1066 ut
489 1035 530 1067 fic
553 1045 588 1066 ea
609 1040 704 1067 verba
728 1044 791 1067 non
809 1035 984 1075 pertineant
1001 1035 1039 1065 ad

170 1082 297 1118 mtatem
313 1076 488 1116 Marciani,
514 1075 564 1108 sed
581 1077 618 1108 ad
638 1076 826 1108 sanstionem
839 1075 934 1116 Legis
947 1075 1037 1107 Pom-

167 1117 247 1157 pejae
258 1140 267 1155 ,
279 1126 346 1157 quae
366 1125 526 1149 trecentos
543 1117 610 1148 fere
626 1127 723 1150 annos
732 1115 938 1157 praecess‘erat.
950 1116 1038 1162 Quin

168 1157 200 1195 fi,
213 1159 265 1189 vel
286 1158 325 1188 de
342 1156 392 1189 sua
407 1167 501 1190 aetate
513 1158 608 1190 verba
633 1158 754 1190 faceret
773 1181 782 1196 ,
815 1166 854 1188 ne
876 1166 953 1188 tunc
972 1158 1037 1197 qui-

168 1198 240 1229 dem
255 1198 294 1229 de
310 1207 397 1239 patre
415 1199 498 1231 reete
513 1199 658 1238 dixiss'et,
682 1198 766 1240 quod
779 1198 818 1229 de
829 1206 928 1229 matre
943 1198 1038 1236 dixit,

170 1239 265 1281 Legis
291 1240 432 1283 Pompejae
452 1246 540 1281 paena
566 1239 673 1280 adfici,
695 1249 765 1271 nam
785 1239 852 1279 jure
871 1238 1036 1270 Pandeeca-

170 1290 241 1312 rum
260 1289 378 1312 certam
407 1282 524 1322 patris,
558 1281 675 1313 liberos
694 1279 889 1324 occidentis,
913 1288 1037 1319 poenam

167 1331 233 1353 non
255 1320 348 1353 fuisse
363 1345 374 1360 ,
407 1322 457 1354 sed
482 1323 607 1354 demum
639 1332 681 1353 ex
699 1318 936 1352 Constitutione
955 1318 1038 1352 Con-

168 1361 296 1394 stantini
323 1364 355 1396 in
387 1364 406 1395 l.
433 1374 484 1394 un.
523 1364 555 1395 C.
577 1364 610 1394 de
634 1363 696 1394 His
717 1362 766 1402 qui
783 1365 902 1402 parent.
928 1360 976 1391 vei
999 1361 1035 1393 li-

168 1405 227 1435 ber.
249 1405 336 1435 occid.
362 1403 443 1435 infra
461 1403 698 1444 disputabimus.

214 1443 267 1477 Ne
282 1454 321 1476 eo
339 1445 463 1484 quidem
484 1451 646 1486 tempore,
670 1453 733 1486 quo
757 1444 819 1477 lata
834 1443 880 1477 est
896 1444 966 1478 Lex
986 1443 1036 1486 Ju-

165 1486 208 1518 lia
227 1485 266 1517 de
285 1485 445 1517 adulteriis
465 1509 475 1525 ‚
509 1486 649 1527 patribus
671 1486 873 1519 interdictum
890 1486 982 1519 fuiss'e
999 1487 1035 1518 li-

167 1527 278 1564 beros,
302 1536 381 1568 quos
405 1527 545 1567 vellent,
569 1537 680 1560 necare
692 1536 878 1560 aroumento
898 1529 943 1560 est
959 1537 1035 1560 con·

165 1567 296 1599 sultatio
323 1567 404 1608 Juris
429 1568 588 1608 cujusdam
618 1552 764 1607 studiosi,
789 1570 819 1601 ἃ
838 1569 875 1601 ad
896 1579 962 1601 earn
981 1569 1035 1601 Pa-

166 1609 283 1649 piniani
300 1607 456 1650 responsio
466 1632 478 1648 ,
499 1620 568 1652 quae
588 1618 720 1652 utraque
733 1609 834 1642 exstat
846 1611 948 1643 Collat.
959 1610 1032 1642 LL.

169 1649 295 1689 *Mo-saie.
314 1650 349 1685 &²
365 1650 491 1683 Roman.
519 1652 553 1683 T.
576 1652 633 1684 lV.
656 1653 707 1683 loc.
733 1656 763 1686 8.
788 1653 858 1683 Cum
867 1654 970 1693 patri,
987 1652 1032 1683 in-

167 1691 237 1730 quit
263 1691 435 1723 Consultor
455 1716 464 1731 ‚
497 1693 566 1724 Lex
581 1693 683 1735 Regia
704 1694 814 1724 dederit
829 1694 861 1724 in
875 1692 974 1732 filiam
990 1693 1034 1723 vi-

166 1738 201 1763 tae
217 1734 348 1774 necisque
364 1732 534 1774 potestatem
545 1756 557 1771 ,
577 1736 650 1775 quod
666 1736 769 1766 bonum
782 1735 850 1774 fuit
867 1734 949 1777 Lege
959 1744 1031 1765 coin-

157 1773 316 1813 prehendi,
340 1780 373 1805 ut
383 1773 509 1815 potestas
519 1773 607 1814 fieret
621 1777 710 1807 etiam
731 1774 830 1815 filiam
851 1777 998 1806 occidendi
1017 1797 1030 1814 ,

162 1814 269 1846 vellem
284 1816 356 1846 mibi
374 1815 551 1856 rescribere:
583 1826 653 1848 nam
662 1816 741 1858 scire
760 1818 852 1857 cupio.
897 1816 1027 1857 Respon-

163 1856 207 1887 dit
237 1855 479 1898 (Papinianus)
510 1859 647 1898 numquid
675 1868 711 1889 ex
735 1859 878 1889 contrario
908 1855 1029 1899 praeftat

162 1898 243 1927 nohis
264 1903 466 1939 argumentum
492 1899 549 1929 haec
577 1898 701 1941 adjebtio
719 1922 729 1937 ,
761 1905 794 1930 ut
818 1909 875 1930 non
892 1900 1028 1931 videatur

162 1937 231 1968 Lex
248 1948 305 1969 non
323 1939 442 1970 habenti
457 1939 559 1980 clediffie
570 1963 579 1978 ,
604 1946 636 1971 nt
663 1942 800 1971 videatur
816 1941 924 1983 majore
947 1941 1029 1982 (equi-

164 1984 223 2009 tate
247 1979 346 2010 datius
376 1980 539 2011 adulterum
563 1981 691 2021 occidiffe
706 2004 717 2020 ,
749 1991 813 2012 cuin
830 1991 881 2013 nec
894 1981 966 2021 filice
978 1989 1029 2021 pe-

157 2022 284 2060 percerit
297 2022 313 2050 ’ἐ
338 2020 438 2052 Levia
451 2021 592 2061 quaedam
612 2022 722 2053 menda
737 2022 788 2054 hic
807 2023 859 2054 alii
879 2022 962 2054 recle
981 2032 1028 2053 re-

160 2060 344 2092 stituerunt:
369 2071 439 2093 nam
455 2071 513 2102 pro
531 2064 603 2103 qaod
619 2065 738 2102 bonnm,
758 2073 809 2105 quo
828 2065 948 2101 bonum,
969 2073 1028 2104 pro

161 2102 331 2141 rescribere,
361 2102 543 2143 rescriberes,
579 2113 637 2144 pro
663 2104 764 2145 dediffe
787 2110 841 2142 nt,
863 2104 964 2144 dedzffe
973 2104 1028 2145 sed

160 2149 213 2180 ut,
237 2142 401 2184 legendum
417 2143 477 2174 esse
494 2144 524 2175 <Sc
539 2153 728 2176 monuerunt
747 2145 776 2176 dt
799 2145 972 2184 probarunt
984 2145 1026 2176 sa-

162 2184 202 2215 tis
231 2182 451 2226 Gothofredus
475 2184 512 2215 ad
541 2186 568 2215 ci.
604 2185 624 2216 l.
650 2195 680 2217 2.
715 2186 746 2216 C.
780 2186 832 2217 Τι’).
862 2187 895 2217 de
920 2186 1022 2218 Liber.

160 2224 237 2265 cius}
265 2225 294 2256 ἃ
325 2224 467 2257 Pithoeus
490 2248 501 2263 ,
531 2225 561 2257 &
586 2226 802 2266 Schultingius
831 2227 906 2259 Not.
937 2227 974 2259 ad
996 2228 1024 2259 d.

161 2267 215 2296 ios.
241 2266 343 2297 Coiiat.
369 2276 427 2297 nec
444 2267 611 2307 quicquam
632 2267 679 2298 his
691 2267 770 2299 addo
782 2291 791 2306 ,
816 2277 909 2308 quam
928 2266 1029 2309 poste-

159 2308 244 2338 riora
259 2307 515 2347 interrogationis
538 2316 615 2338 nota
636 2308 765 2349 legenda
785 2308 908 2348 videri,
932 2318 966 2340 ut
983 2319 1027 2341 re-

158 2347 319 2382 sponderit
341 2348 551 2389 interrogans,
568 2356 604 2379 ut
621 2348 701 2390 saepe
718 2348 913 2389 solentJCti.
932 2350 1026 2396 Quae-

158 2388 238 2426 stiO,
255 2397 291 2419 ut
308 2397 433 2429 apparet
443 2412 452 2427 ,
478 2388 523 2420 est
538 2389 576 2420 de
590 2389 676 2430 Lege
688 2389 769 2430 Julia
783 2390 821 2422 de
840 2391 1000 2423 adulteriis
1014 2414 1026 2430 ,

159 2429 221 2461 hoc
244 2429 311 2468 est,
348 2430 386 2460 de
409 2439 444 2460 ea
468 2429 571 2471 Lege,
603 2440 672 2471 quae
693 2431 896 2472 Papinianum
910 2433 1024 2464 ducen-

159 2479 232 2508 tos,
256 2471 285 2502 dc
301 2470 385 2511 quod
410 2472 573 2509 excurrit,
606 2481 703 2503 annos
724 2472 927 2513 praeccss'erat.
974 2473 1023 2505 In-

160 2518 300 2552 ter-rogat
323 2510 526 2551 Papinianum
555 2511 746 2552 Consultor,
784 2513 834 2544 cui
850 2513 935 2546 bono
955 2514 1023 2549 Lex

158 2552 239 2592 Julia
258 2552 336 2592 patri
354 2552 474 2583 dederit
498 2552 686 2593 potestatem
714 2554 893 2586 occidendae
917 2555 991 2587 filiae
1012 2578 1024 2594 ,

158 2602 250 2632 quam
271 2591 335 2633 ipse
359 2593 420 2632 jam
448 2592 600 2631 habebat,
631 2595 699 2633 J'ure
716 2594 790 2633 suo,
812 2604 852 2626 ex
874 2595 959 2637 Lege
974 2606 1024 2628 an-

159 2633 290 2671 teriori,
312 2643 424 2674 nempe
439 2633 562 2674 Regia?
584 2634 735 2674 fignificat
764 2636 879 2676 igitur,
905 2645 1024 2678 tempo-

159 2684 193 2706 re
211 2674 304 2715 Legis
325 2674 414 2714 Juliae
438 2673 608 2705 obtinuisse
626 2674 726 2706 adhuc
741 2676 790 2714 jus
805 2676 884 2707 illud
900 2678 976 2708 vitae
993 2679 1023 2710 ὅ(

158 2715 245 2748 necis
256 2738 264 2753 ‚
287 2725 357 2747 nam
372 2714 394 2747 fi
408 2714 591 2756 abrogatum
606 2722 682 2746 tunc
698 2715 824 2754 fuisset,
837 2717 939 2748 valide
952 2717 1023 2751 stul-

159 2764 191 2788 ta
213 2755 289 2787 ell‘et
313 2757 367 2788 illa
396 2754 598 2787 consultatio.
644 2755 759 2797 Neque
785 2757 879 2788 etiam
895 2758 1021 2799 abroga-

158 2805 225 2828 tum
247 2796 336 2829 suiffe
351 2795 517 2838 respondet
531 2796 735 2837 Papinianus,
760 2796 810 2828 sed
828 2797 912 2829 aliud
928 2800 1022 2839 quid,

157 2837 378 2879 depromptum
404 2847 445 2869 ex
468 2836 531 2878 ipsa
562 2837 647 2878 Lege
674 2837 764 2877 Julia.
809 2837 906 2881 Quod
923 2847 957 2870 ut
976 2840 1021 2872 in-

159 2879 356 2919 telligamus,
378 2878 535 2910 sciendum
550 2877 612 2917 est,
638 2877 722 2920 Lege
743 2878 844 2919 Julia,
866 2878 1022 2921 fiproprie

158 2919 344 2958 loquamur,
369 2920 449 2960 patri
469 2929 532 2951 non
547 2919 608 2951 effe
634 2919 737 2951 datam
757 2918 943 2960 potestatem
968 2931 1021 2952 oc-

159 2960 298 2991 cidendae
315 2960 391 2992 filiae
404 2984 413 2999 ,
437 2960 487 2992 sed
508 2960 671 2992 occidendi
700 2960 854 2999 adulteri,
879 2962 974 2993 modo
993 2962 1022 2993 δι

159 2999 254 3031 filiam
273 3001 442 3034 occideret.
487 3000 584 3034 Dixit
602 3001 686 3034 Lex:
710 3002 742 3032 in
754 3002 915 3033 continenti
925 3002 1023 3043 filiam

160 3042 290 3080 occidat,
312 3050 347 3074 ut
362 3044 458 3073 verba
474 3043 540 3082 ejus
554 3041 699 3074 exhibuit
716 3042 869 3083 Ulpianus
884 3043 915 3075 in
935 3044 955 3075 l.
971 3053 1021 3085 23.

160 3079 189 3119 §.
213 3081 264 3124 ult.
284 3082 323 3121 ff.
349 3084 386 3114 ad
410 3083 449 3115 L.
474 3083 544 3124 Jui.
564 3085 597 3115 de
620 3084 711 3115 adult.
741 3091 836 3125 atque
860 3084 938 3116 adeo
958 3094 1022 3117 non

156 3120 295 3159 permisit
312 3122 405 3154 filiam
430 3124 595 3164 occidere,
630 3124 681 3156 sed
698 3123 799 3164 justit,
824 3124 846 3157 fi
865 3134 978 3166 nempe
991 3135 1020 3156 a-

155 3159 313 3194 dulterum
331 3164 474 3199 occidere
489 3165 559 3206 jure
579 3165 676 3200 vellet
707 3165 727 3198 l.
750 3175 802 3209 32.
817 3165 920 3209 pnff.
943 3166 1017 3203 an.

189 107 257 141 353
913 105 936 133 v
951 104 972 132 A
995 103 1022 132 N

1095 94 1702 134 BYNKERSHOEK

1093 175 1218 207 Nullibi
1231 200 1240 214 ,
1265 178 1349 217 quod
1369 175 1461 208 sciam
1473 200 1482 215 ‚
1507 177 1576 209 Lex
1593 177 1674 217 Julia
1690 176 1871 218 simpliciter
1885 185 1952 219 pei-⁴
2005 192 2008 202 ·

1087 216 1174 248 misse
1200 218 1280 258 patri
1302 218 1375 250 filiae
1403 218 1553 250 adulterae
1572 219 1708 257 caedem,
1728 228 1798 249 nam
1816 219 1884 258 Jure
1896 219 1951 252 suo
2001 234 2004 245 ‹

1092 257 1211 289 caedere
1228 267 1352 299 poterat
1365 281 1375 297 ,
1400 268 1440 290 ex
1465 258 1551 300 Lege
1576 259 1673 300 Regia
1686 283 1695 298 ‚
1714 260 1807 290 etiam
1824 269 1886 290 non
1905 261 1952 292 ad-

1092 298 1223 330 ulteram
1236 323 1246 338 ,
1267 299 1317 331 scd
1335 300 1497 341 utriusque
1510 300 1625 331 caedem
1642 300 1815 341 conjungit.
1862 300 1952 333 Unde

1091 338 1275 379 Papinianus
1290 342 1319 373 in
1343 342 1364 372 l.
1390 351 1440 372 20.
1459 341 1500 382 ff.
1526 341 1597 372 Eod.
1624 341 1712 372 Patri
1733 343 1819 372 datur
1836 342 1887 384 jus
1908 352 1955 373 oc-.

1088 381 1203 411 eiciendi·
1217 383 1380 413 aduiteram
1406 392 1469 413 cum
1486 381 1555 422 filia
1566 404 1577 419 ,
1596 392 1680 423 quam
1697 384 1729 413 iit
1741 380 1880 422 potestate
1896 383 1948 414 ha·

1087 422 1141 452 bet.
1188 422 1284 467 Quod
1300 423 1398 464 ipsum
1415 423 1529 464 repetit
1553 424 1584 454 in
1613 424 1633 454 l.
1660 433 1710 454 22.
1743 422 1773 463 ξ.
1796 423 1849 454 alt.
1875 423 1950 456 Eod.

1088 461 1118 492 dt
1141 462 1225 494 addit
1247 465 1401 495 rationem
1430 464 1662 504 conjuntlionis
1679 488 1688 503 ,
1720 464 1805 504 quod
1829 463 1952 497 scilicet

1087 511 1174 543 pater
1200 514 1263 536 non
1287 514 1348 536 tam
1371 505 1469 537 facile
1484 507 1632 536 decernat
1650 505 1680 536 in
1700 505 1816 543 filiam,
1839 504 1888 536 sed
1908 515 1949 538 ex

1085 544 1221 584 pietate,
1250 555 1308 585 pro
1333 555 1368 576 ea
1386 546 1548 578 consilium
1573 546 1699 586 capiat,
1731 547 1814 587 quod
1839 546 1859 578 fi
1884 546 1947 587 fit,

1085 593 1184 624 neque
1198 586 1291 617 etiam
1323 595 1385 618 tam
1410 586 1505 618 facile
1528 587 1558 619 in
1578 587 1754 619 adulterum
1773 588 1947 628 decernet,

1084 624 1135 656 sed
1152 626 1224 657 huic
1242 635 1365 667 parcet,
1388 634 1424 658 ut
1444 627 1491 659 illi
1504 637 1620 668 parcat.
1666 627 1881 674 Quintilianus
1905 629 1947 662 L.

1084 662 1155 697 Vll.
1181 666 1278 708 Instat.
1306 668 1424 699 Orator.
1450 669 1481 700 C.
1506 678 1531 700 1.
1567 669 1730 709 utriusque
1748 679 1873 711 quoque
1889 679 1948 702 cae-

1082 706 1152 737 dem
1178 709 1342 749 conjungit
1360 732 1369 747 ,
1400 718 1471 740 nam
1494 732 1505 748 ,
1537 710 1627 741 velut
1651 719 1691 741 ex
1716 710 1828 742 tabella
1853 710 1948 752 Legis

1083 747 1152 779 haec
1176 749 1289 780 recitat
1310 760 1318 780 z
1346 750 1508 781 adulterum
1532 760 1596 780 curn
1612 751 1744 782 adultera
1760 753 1884 783 occidere
1910 753 1947 784 li-

1082 795 1137 820 cet.
1195 789 1238 821 Et
1262 790 1374 821 Paulus
1401 791 1483 832 apud
1517 791 1620 822 Colias.
1651 791 1723 823 LL.
1761 791 1883 834 Illosaic.
1910 793 1949 828 E?

1083 830 1169 862 Rom.
1194 830 1228 862 T.
1248 831 1302 862 IV.
1324 831 1376 862 loc.
1391 839 1434 864 '2.
1464 839 1609 873 tanquam
1635 842 1675 863 ex
1694 832 1779 873 Lege
1796 833 1876 878 Julia
1897 844 1948 866 re-

1080 870 1164 910 fert,
1189 880 1309 912 patrem
1327 871 1389 904 line
1406 871 1516 905 fraude
1542 872 1718 904 adulterum
1735 874 1899 914 occidere,
1921 878 1948 908 i-
1969 904 1972 908 .

1082 921 1113 944 ta
1127 919 1160 944 ut
1173 914 1271 953 J'iliafn
1287 914 1483 945 incontinenti
1505 915 1617 945 occidat
1634 937 1646 953 ,
1677 914 1706 946 ὅ(
1726 924 1803 946 mox
1816 938 1825 954 ‚
1846 915 1901 956 secl
1916 915 1948 956 Ji

1076 954 1174 994 filiam
1210 964 1267 985 non
1296 955 1480 995 interfecerit
1498 977 1510 994 ‚
1540 955 1595 996 sed
1619 955 1716 997 salam
1753 957 1916 988 adulterum
1931 980 1948 997 ‚

1081 996 1228 1028 homicidii
1243 1006 1306 1026 reas
1326 997 1376 1036 est.
1420 995 1497 1028 Non
1523 997 1584 1036 ait,
1631 997 1689 1027 atri
1711 1006 1775 1029 non
1792 997 1887 1029 licere
1909 998 1949 1031 fi-

1080 1036 1154 1068 liam
1171 1037 1314 1068 occidere
1332 1037 1395 1068 fine
1412 1037 1573 1076 adultero,
1613 1038 1651 1069 ed
1670 1046 1733 1069 non
1754 1038 1848 1070 licere
1863 1039 1950 1072 adul-

1081 1085 1182 1109 terum
1199 1078 1260 1109 fine
1277 1077 1351 1116 filia,
1367 1088 1435 1119 quae
1452 1077 1516 1109 sola
1526 1077 1619 1120 Legis
1630 1078 1745 1110 santrio
1758 1087 1834 1111 ciat.
1858 1080 1951 1123 Quid

1079 1128 1163 1150 nunc
1182 1118 1368 1159 Papinianus
1387 1119 1424 1150 ad
1444 1118 1693 1151 Consultorem?
1712 1120 1788 1151 har-ic
1807 1122 1948 1163 adjectio-

1079 1169 1165 1197 nem,
1186 1169 1224 1191 ne
1240 1167 1327 1200 pater
1355 1159 1530 1191 adulterum
1556 1161 1699 1200 occidat,
1723 1160 1780 1200 nifi
1795 1161 1831 1195 ἃ
1845 1163 1947 1202 ]ἰίἱαηε

1080 1201 1241 1237 occiderit,
1263 1209 1327 1230 non
1342 1200 1404 1231 hoc
1422 1201 1526 1238 velle,
1549 1209 1586 1232 ut
1600 1201 1669 1233 Lex
1687 1202 1831 1234 videatur
1864 1204 1948 1244 atri,

1080 1250 1137 1271 non
1155 1241 1294 1277 habenti,
1316 1239 1431 1271 dedisse
1447 1240 1496 1280 jus
1511 1241 1588 1273 vitae
1613 1252 1648 1272 ac
1664 1243 1749 1274 necis
1771 1244 1804 1275 in
1826 1244 1847 1276 fi
1864 1245 1946 1284 iam,

1071 1281 1127 1322 sed
1146 1287 1179 1312 nt
1195 1281 1333 1312 videatur
1363 1288 1470 1322 pater,
1503 1283 1609 1324 majore
1625 1285 1756 1325 (equitate
1773 1283 1890 1324 datius,
1912 1295 1946 1316 a-

1081 1323 1225 1354 dulterum
1249 1321 1376 1363 occidiffe
1392 1346 1402 1361 ,
1436 1332 1500 1354 cuin
1515 1333 1567 1354 nec
1582 1322 1656 1363 filice
1669 1326 1852 1365 pepercerit,
1877 1334 1945 1358 tan-

1080 1371 1149 1395 tum
1166 1363 1263 1405 igitur
1282 1362 1404 1402 abess'e,
1427 1370 1464 1395 ut
1479 1364 1533 1396 illa
1557 1364 1689 1405 adiectio
1719 1365 1878 1406 antiquum
1895 1367 1948 1407 ius

1079 1404 1189 1446 patriae
1205 1403 1370 1446 potestatis
1391 1405 1581 1446 peremerit,
1611 1413 1647 1437 ut
1669 1407 1797 1446 potius,
1822 1415 1948 1439 contra-

1077 1446 1128 1486 rio
1146 1454 1330 1487 argumento
1346 1469 1356 1484 ‚
1386 1445 1569 1487 probaverit
1591 1456 1628 1478 ac
1646 1446 1798 1479 stabilivei
1806 1448 1844 1480 it.
1887 1448 1947 1480 At-

1081 1496 1141 1529 que
1167 1487 1211 1518 ita
1235 1486 1255 1519 fi
1279 1486 1387 1519 nificat
1417 1486 1629 1528 Papinianus,
1664 1486 1867 1530 Consultori,
1891 1489 1949 1523 cui

1079 1535 1156 1561 nota
1176 1535 1242 1560 erat
1289 1528 1355 1601 e1gis
1371 1528 1463 1569 Juliae
1484 1526 1601 1560 sanctio
1612 1552 1623 1569 ,
1647 1538 1712 1562 non
1731 1537 1838 1561 notam
1852 1529 1949 1562 fuisse

1079 1570 1146 1610 ejus
1176 1568 1270 1611 Legis
1311 1569 1482 1601 ententiam
1498 1593 1508 1610 ,
1536 1579 1638 1611 neque
1668 1570 1752 1602 enim
1767 1570 1846 1603 hanc
1862 1571 1948 1613 patri

1078 1610 1194 1643 dediffe
1208 1610 1395 1652 potestatem
1413 1609 1488 1643 filiae
1504 1611 1684 1644 occidendae
1693 1633 1706 1650 ‚
1730 1619 1766 1643 ut
1785 1612 1839 1644 ille
1855 1619 1947 1654 puta-

1078 1653 1150 1691 bat,
1188 1651 1240 1684 sed
1261 1652 1290 1684 ei
1315 1652 1433 1684 caedem
1460 1651 1643 1693 imperasse,
1665 1652 1846 1685 occidendae
1869 1653 1947 1686 filiae

1079 1693 1289 1725 neceffitatein
1324 1691 1503 1734 imposuisse
1523 1716 1533 1732 ,
1563 1692 1585 1725 fi
1614 1694 1742 1734 impune
1768 1694 1947 1728 adulterum

1079 1734 1220 1768 occisum
1236 1735 1345 1767 vellet.
1389 1734 1495 1766 Etiam
1510 1734 1621 1766 Petrus
1637 1734 1781 1767 Pithoeus
1806 1734 1880 1767 Not.
1905 1735 1947 1768 ad

1071 1776 1099 1809 h.
1110 1777 1162 1808 boe.
1182 1775 1328 1808 nonnihil
1346 1775 1412 1816 ejus
1429 1775 1474 1806 rei
1491 1775 1731 1815 animadvertit,
1753 1776 1784 1808 &
1799 1776 1841 1816 fi,
1857 1776 1947 1817 quod

1071 1817 1245 1856 indicavit,
1269 1827 1310 1849 ex
1330 1815 1470 1858 profeffo
1480 1816 1681 1859 explicasset,
1706 1825 1777 1848 nam
1789 1816 1882 1858 digna
1893 1826 1946 1849 ren

1071 1867 1156 1898 erat,
1182 1867 1242 1899 ego
1262 1857 1431 1899 potuiffem
1448 1867 1484 1889 ea
1504 1867 1599 1899 opera
1613 1856 1817 1899 supersedere.
1845 1856 1946 1890 Nunc

1072 1899 1146 1931 satis
1163 1901 1277 1940 opinor
1303 1898 1445 1931 constare
1461 1922 1471 1939 ‚
1502 1898 1588 1931 Inter
1611 1906 1712 1938 retes,
1736 1904 1857 1931 tantum
1875 1908 1944 1933 non

1073 1950 1204 1979 omnes,
1230 1940 1454 1973 Consultorern
1478 1940 1569 1972 illum
1601 1947 1757 1981 equutos,
1778 1948 1944 1980 perperam

1072 1980 1149 2022 Legi
1172 1981 1263 2022 Juliae
1284 1981 1421 2013 tribuere
1448 1981 1654 2022 potestatem,
1675 1989 1765 2021 quam
1783 1989 1871 2020 pater
1887 1980 1944 2013 ha-

1072 2022 1186 2061 bebat,
1220 2022 1386 2054 occidendi
1411 2022 1506 2054 filiam
1528 2022 1698 2053 adulteram
1716 2045 1726 2060 ‚
1761 2020 1943 2054 didiciss‘ent:

1071 2064 1180 2104 potius
1200 2073 1217 2094 a
1231 2063 1420 2104 Papiniano,
1439 2062 1555 2103 Legem
1567 2062 1653 2094 illam
1664 2062 1744 2103 patri
1761 2071 1826 2094 non
1839 2062 1942 2096 dedis-

1072 2103 1103 2135 se
1111 2126 1123 2142 ,
1132 2105 1203 2145 qnod
1215 2114 1271 2134 non
1280 2105 1421 2142 hahebat,
1434 2111 1466 2134 at
1474 2113 1551 2134 vero
1560 2102 1675 2135 dediss'e
1683 2102 1871 2143 potestatem
1887 2113 1942 2136 oc-

1071 2145 1194 2176 cidendi
1205 2144 1337 2176 adulteri
1349 2154 1406 2175 una
1416 2153 1487 2175 cum
1497 2143 1560 2185 ipsa
1570 2144 1644 2176 filia.
1666 2143 1783 2176 Probat
1798 2144 1895 2186 igitur
1907 2145 1940 2178 δε

1071 2185 1263 2217 consultatio
1274 2209 1284 2224 ,
1298 2187 1327 2217 o'c
1340 2184 1496 2224 responsio
1510 2209 1519 2223 ,
1532 2193 1674 2225 tempore
1682 2184 1874 2226 LegisJuliae
1888 2194 1941 2227 pa-

1073 2226 1172 2258 tribus
1189 2225 1302 2257 sartum
1321 2226 1438 2257 testum
1453 2224 1546 2257 fuiss'e
1562 2226 1610 2266 jus
1627 2225 1792 2258 occidendi
1811 2225 1943 2260 liberos.

1113 2267 1146 2299 Si
1164 2268 1207 2298 ita
1228 2267 1325 2298 fuerit
1344 2273 1437 2298 aetate
1457 2266 1533 2298 Pom
1559 2266 1598 2307 eii
1615 2266 1747 2307 Magni,
1771 2274 1808 2298 ut
1818 2276 1859 2299 ex
1875 2267 1940 2304 Le-

1092 2317 1109 2339 e
1128 2308 1276 2349 Pompeja
1294 2307 1503 2346 ostendimus,
1539 2318 1549 2339 1
1566 2307 1718 2348 Augusti,
1740 2315 1777 2339 ut
1794 2316 1834 2339 ex
1851 2307 1941 2349 Lege

1069 2317 1169 2389 iulia,
1199 2349 1308 2390 utique
1334 2348 1402 2380 Lex
1428 2348 1593 2388 Cornelia,
1618 2357 1687 2389 quae
1705 2356 1836 2388 utraque
1849 2348 1939 2390 prior

1068 2390 1151 2429 fuit,
1176 2398 1297 2431 patres,
1318 2389 1350 2421 in
1366 2389 1482 2421 liberos
1502 2389 1605 2430 capite
1628 2388 1909 2420 animadvertentes
1922 2412 1940 2430 ,

1068 2431 1180 2473 punire
1195 2441 1259 2462 non
1275 2431 1401 2472 potuit,
1426 2439 1485 2461 nec
1504 2429 1568 2471 ipsa
1584 2438 1725 2470 quoque,
1749 2428 1770 2461 fi
1786 2429 1869 2461 recte
1887 2430 1938 2470 ju-

1251 2472 1256 2476 “
1364 2470 1538 2502 Hominem
1561 2470 1707 2501 occidere
1730 2470 1857 2509 vetuit,
1879 2479 1938 2503 ve·

1066 2473 1139 2504 dico
1151 2496 1160 2511 ,
1183 2474 1319 2512 punivit.

1691 2509 1851 2543 Dominus
1867 2520 1936 2544 cer-

1065 2523 1134 2545 rum
1149 2512 1210 2552 est,
1235 2511 1286 2544 sed
1305 2512 1391 2544 salvo
1406 2511 1557 2551 cujusque
1569 2510 1645 2550 J'ure.

1068 2563 1100 2586 te
1120 2553 1244 2586 servum
1262 2553 1405 2585 occidere
1447 2558 1549 2582 oterat
1574 2551 1767 2592 temporibus
1790 2550 1936 2585 Cornelii

1067 2595 1163 2631 Svllae
1185 2618 1196 2633 ,
1225 2604 1260 2625 ac
1287 2594 1341 2625 diu
1366 2601 1407 2634 po
1437 2601 1472 2623 ea
1488 2615 1497 2630 ‚
1529 2599 1564 2623 ut
1580 2591 1684 2623 dicam
1705 2593 1773 2632 Cap.
1792 2598 1877 2633 prox.
1902 2593 1935 2626 δε

1068 2631 1155 2677 ρόῑοτ
1176 2635 1321 2666 occidere
1341 2633 1440 2666 filium
1455 2632 1610 2671 filiamve,
1635 2642 1727 2673 quam
1747 2635 1780 2665 in
1797 2633 1935 2675 potesta-

1069 2685 1100 2708 te
1116 2675 1246 2708 habebat
1264 2698 1274 2714 ,
1306 2682 1341 2706 ut
1368 2683 1459 2706 exem
1484 2673 1522 2705 lis
1543 2673 1573 2705 ὅ(
1587 2673 1827 2707 auetoritatibus
1849 2683 1936 2707 nunc

1066 2717 1143 2749 mihi
1168 2716 1278 2747 videor
1307 2714 1379 2747 satis
1404 2724 1460 2757 pro
1484 2713 1544 2746 affe
1561 2736 1573 2752 ,
1595 2724 1666 2746 nam
1682 2714 1768 2757 quod
1783 2715 1828 2747 ait
1844 2715 1934 2748 Mar-

1067 2758 1174 2790 cianus
1202 2756 1233 2788 in
1254 2756 1274 2787 I.
1304 2765 1330 2788 1.
1360 2755 1389 2802 S.
1411 2766 1439 2788 2.
1463 2755 1503 2796 ff.
1535 2756 1573 2786 ad
1596 2755 1638 2787 L.
1661 2755 1774 2788 Cornel.
1796 2757 1829 2788 de
1841 2754 1934 2795 ficar.

1067 2798 1212 2840 quodque
1223 2797 1320 2837 objici
1338 2797 1453 2836 video,
1479 2795 1584 2837 puniri
1600 2805 1734 2838 nempe,
1759 2797 1812 2838 qui
1829 2797 1933 2830 homi-

1066 2849 1137 2871 nem
1154 2838 1328 2877 occiderit,
1353 2847 1410 2869 non
1428 2838 1530 2868 habita
1551 2836 1744 2877 differentia,
1765 2839 1847 2880 cujus
1866 2847 1931 2870 com

1064 2880 1184 2911 ditionis
1207 2879 1349 2909 hominem
1374 2879 1540 2917 interemit,
1567 2878 1696 2911 fortass'e
1710 2887 1776 2911 non
1791 2879 1834 2911 ait
1848 2887 1888 2911 ex
1905 2879 1931 2912 i-

1064 2920 1117 2962 psa
1134 2919 1218 2961 Lege
1247 2918 1414 2959 Cornelia,
1443 2919 1493 2952 sed
1519 2928 1558 2951 ex
1578 2917 1630 2951 sua
1647 2926 1761 2959 aetate‚
1795 2920 1866 2952 vice
1880 2919 1930 2953 In-

1067 2962 1229 3002 terpretis‚
1252 2967 1327 2992 tunc
1345 2961 1430 2993 enim
1447 2960 1525 2992 nihil
1542 2961 1710 2999 intererat,
1734 2959 1819 2992 filios
1835 2959 1929 3000 suos,

1065 3011 1103 3033 an
1117 3001 1194 3033 alios
1216 3010 1419 3044 quoscunque
1438 3001 1507 3042 quis
1524 3000 1703 3039 occideret,
1729 3000 1866 3040 liberos,
1888 3011 1930 3036 an.

1065 3041 1171 3074 servos
1193 3042 1210 3083 (
1220 3051 1290 3073 nam
1307 3043 1350 3074 ita
1371 3042 1492 3075 Balilici
1510 3042 1756 3082 interpretantur
1773 3041 1930 3075 Marciani

1064 3081 1183 3124 verba)
1207 3083 1297 3124 plane
1313 3091 1347 3114 ut
1363 3093 1420 3116 nec
1439 3084 1521 3115 inter
1537 3081 1669 3114 Graecos
1677 3081 1746 3114 Lex
1761 3081 1927 3124 distingue-

1064 3124 1116 3155 bat
1138 3124 1218 3155 inter
1241 3123 1447 3158 homicidium
1473 3123 1609 3156 hominis
1630 3122 1720 3154 liberi
1740 3123 1793 3155 vel
1816 3121 1893 3156 servi
1912 3147 1927 3164 ,

1063 3173 1098 3198 ut
1118 3163 1162 3198 est
1179 3164 1259 3206 apud
1274 3164 1455 3206 Euripidem
1478 3163 1592 3197 Hecub.
1616 3163 1691 3206 vers.
1709 3172 1781 3202 291.
1805 3162 1854 3250 δὲ
1852 3173 1925 3239 {31}-
