2008 3436
204 115 271 160 158
457 112 852 154 CORNELII

201 195 302 228 ditum
317 195 509 237 jurisdictio,
534 208 569 230 ut
588 199 618 230 C.
645 198 685 230 Π.
709 199 769 238 jam
788 199 931 239 probavi.
966 199 1063 241 Lega-

205 245 256 268 tus
281 247 344 269 non
368 238 411 269 est
429 239 509 270 civis
527 239 632 271 noster
647 263 656 277 ,
679 249 742 271 non
766 240 870 271 incola
891 263 901 277 ‚
925 250 986 272 non
1012 250 1064 271 ve-

204 278 275 316 nit,
309 288 343 310 ut
367 280 404 311 ad
430 290 488 311 nos
510 281 707 312 domicilium
727 304 737 319 ,
771 281 833 312 hoc
858 281 902 313 est
919 306 928 321 ‚
961 291 1064 313 rerum

202 326 239 350 ac
255 319 452 352 fortunarum
469 320 588 353 suarum
610 321 710 353 sedem
730 322 913 362 transferat,
930 324 1063 364 peregri-

204 370 263 392 nus
278 361 339 400 est,
351 363 404 403 qui
421 363 500 402 apud
516 372 574 394 nos
592 370 795 400 moratur‚ut
812 372 883 404 agat
898 373 962 395 rem
977 364 1064 396 Prin-

203 402 284 443 cipis
303 401 358 435 sui.
403 404 606 443 Peregrinos,
632 405 684 444 qui
701 402 786 434 forte
802 405 881 445 apud
895 415 953 436 nos
971 405 1060 444 sunt,

204 446 267 475 'non
287 442 467 484 subjicimus
482 445 689 484 jurisdictioni
708 444 839 483 nostrae,
857 446 911 477 nisi
928 447 1063 477 interve-

204 486 312 516 niente
325 485 441 517 arresto
453 507 464 523 ,
488 495 505 515 a
522 495 586 525 quo
605 485 749 526 personas
769 486 944 526 legatorum
960 487 1062 518 omnis

202 525 448 567 jurisprudentia
459 527 586 566 excepit
596 549 605 564 ,
617 534 650 556 ut
660 525 704 557 est
713 527 792 567 apud
804 527 950 558 Peckium
960 530 993 559 de
1003 528 1063 568 Ju-

202 577 233 598 re
246 567 354 609 fiJiemi
373 569 403 599 C.
428 577 460 607 5.
484 578 514 598 η.
539 578 567 603 9.
591 567 784 599 Berlichium
806 568 933 609 Coaciiffi
959 569 1061 601 Praei.

201 608 290 641 Part.
318 609 339 640 1.
368 610 463 640 Com-i.
496 618 545 648 75.
571 618 600 639 n.
629 612 678 650 26.
704 609 734 639 &
761 620 810 651 27.
855 610 1011 642 Maevium
1029 613 1063 642 de

202 649 319 691 Arrefl.
349 651 379 680 C.
405 654 434 683 8.
458 660 487 680 71.
518 657 586 689 114.
613 649 648 683 &³
665 650 746 691 seqq.
791 650 868 682 Boi-c
892 653 925 682 cle
946 651 1060 692 Arreft.

203 692 238 723 C.
249 702 278 731 4.
303 702 332 722 iz.
364 701 410 731 17.
436 691 464 722 δι
485 695 531 724 18.
559 692 588 722 δέ
605 700 684 731 quos
703 692 749 722 illi
766 692 846 724 alios
863 693 961 735 longo
982 694 1064 724 ordi-

201 743 242 765 ne
258 733 391 764 laudant.
416 732 556 763 Maevius
578 732 702 772 quidem
720 743 748 764 iz.
778 742 847 774 117.
873 733 988 766 arresto
1009 744 1062 766 ex-

201 774 294 816 ponit
311 773 432 813 legatos
444 796 452 811 ,
465 773 516 813 qui
535 774 565 803 in
578 772 641 813 ipsa
658 773 814 814 legatione
825 784 1062 814 contraxerunt,

199 815 256 848 sed
270 815 301 846 id
318 824 358 845 cx
376 823 433 853 eo,
452 813 537 855 quod
552 813 721 846 nesciverit
738 814 925 857 distinguere
940 817 993 856 jus
1003 817 1064 848 Ro-

200 865 327 888 manum
352 865 368 887 a
383 855 456 896 Jure
482 854 643 886 Gentium.
693 856 741 887 Ex
762 857 884 889 ratione
904 858 998 899 igitur
1022 859 1064 891 fic

201 898 388 929 habeamus:
412 897 571 938 legatum,
595 897 626 928 in
644 897 734 929 causa
750 898 860 937 civili,
884 899 926 930 ita
946 904 1062 931 conve-

201 938 369 977 niendum,
394 946 487 979 atque
512 938 533 970 fi
561 938 623 976 ibi,
646 938 699 970 ubi
726 939 847 981 legatus
872 939 937 980 est,
962 950 1063 981 neque

199 980 296 1019 esset,
316 989 415 1020 neque
435 979 639 1011 contraxiffet
651 1002 661 1017 ,
677 981 778 1022 neque
797 986 899 1021 bona,
917 991 1064 1023 tanquam

198 1023 342 1064 legatus,
367 1022 505 1052 haberet.
549 1021 598 1052 Ex
613 1022 754 1061 ratione,
779 1023 921 1063 inquam,
946 1033 1006 1064 qua
1024 1024 1064 1055 le-

195 1072 293 1105 gatus
312 1061 452 1094 subditus
471 1061 532 1093 esse
552 1071 616 1094 non
633 1062 795 1102 censetur,
820 1063 906 1096 secus
922 1072 1014 1106 atque
1032 1074 1062 1095 e-

199 1112 251 1138 rat
277 1105 308 1136 in
334 1103 584 1135 provincialibus
602 1103 663 1135 illis
685 1104 714 1136 &
732 1105 982 1146 Municipalibus
1000 1106 1062 1137 Ro-

201 1154 366 1178 manorum
388 1145 516 1185 legatis,
540 1145 570 1175 in
593 1145 705 1185 quibus
731 1146 784 1177 illa
799 1147 879 1178 ratio
898 1157 962 1178 non
980 1147 1062 1177 vale-

199 1187 386 1226 bat,neque
403 1189 481 1217 adeo
499 1186 557 1216 illo
575 1186 748 1227 legatorum
757 1188 824 1227 jure
842 1188 887 1219 uti
906 1195 1062 1228 poterant.

202 1227 281 1261 Non
307 1228 400 1259 aliam
424 1228 507 1258 enim
536 1228 578 1258 ob
608 1227 729 1258 causam
755 1227 899 1268 potestati
920 1229 1005 1270 ejuS,
1027 1228 1064 1259 ad

202 1279 296 1311 quem
315 1268 392 1300 missi
411 1268 500 1305 sunt,
524 1268 616 1308 legati
634 1268 766 1300 obnoxii
784 1279 847 1300 non
868 1269 955 1308 sunt,
973 1279 1065 1310 quam

201 1311 343 1349 ne,dum
360 1309 468 1341 officio
486 1309 680 1348 funguntur,
693 1310 909 1341 conditionem
929 1317 1064 1348 mntent,

205 1353 236 1384 ὅ(
261 1351 369 1389 alteri,
393 1350 466 1380 dum
493 1350 643 1388 alterius,
670 1350 699 1381 &
723 1350 790 1381 fere
808 1350 992 1390 adversarii,
1017 1351 1064 1382 vi-

206 1403 276 1424 cem
302 1390 544 1432 repraesentant,
571 1390 782 1431 subjiciantur.
826 1392 1002 1423 Fortissima
1019 1391 1064 1423 est

207 1444 243 1465 ea
259 1434 352 1470 ratio,
377 1432 405 1464 ὃς
423 1431 517 1463 facile
532 1433 606 1463 alias
624 1442 755 1471 omnes,
771 1442 846 1474 quas
867 1432 955 1474 supra
973 1442 1067 1464 occu-

205 1476 297 1516 pavi,
323 1475 443 1511 vincit,
468 1474 609 1513 quamvis
626 1474 654 1505 ὅ(
672 1473 739 1513 hae,
765 1484 834 1514 oute
853 1474 1067 1506 suumhabcnt

204 1516 346 1558 pondus,
360 1525 424 1546 non
443 1515 607 1546 videantur
622 1515 707 1547 vinei
726 1516 762 1546 ab
779 1516 861 1555 illis,
875 1525 945 1557 quae
955 1524 1066 1547 contra

204 1557 400 1589 adferuntur.

248 1599 366 1630 Verum
396 1606 450 1637 ut,
474 1597 561 1630 salvo
585 1598 658 1639 Jure
685 1597 857 1637 Gentium,
882 1608 940 1631 nce
957 1607 1066 1631 'omnes

204 1640 345 1681 legatos,
370 1648 428 1671 nee
454 1639 703 1681 quibuscumque
725 1641 962 1672 conditionibus
981 1650 1064 1672 tene-

204 1691 275 1713 mur
291 1682 451 1722 recipere,
474 1682 517 1712 ita
535 1681 612 1713 nihil
628 1690 736 1719 vetat,
761 1682 839 1712 hanc
857 1682 893 1713 iis
913 1683 1013 1723 legem
1023 1682 1067 1713 di-

204 1732 296 1762 cere,
319 1732 359 1754 ne
376 1722 568 1763 recipiantur
581 1747 589 1757 .
615 1723 669 1755 nifi
694 1724 779 1764 prius
796 1721 861 1754 sese
879 1724 1069 1764 subjecerint

204 1763 281 1795 foro
308 1762 425 1795 nostro.
472 1764 504 1796 Si
532 1765 589 1795 hac
607 1765 675 1805 lege
698 1764 860 1803 venerint,
885 1764 1070 1796 consenfiffe

202 1805 351 1836 videntur
369 1806 398 1836 in
417 1814 487 1836 eum
500 1806 607 1846 ‚cujus
625 1807 765 1846 alioquin
785 1805 1070 1845 jurisdifflonisub-

202 1847 272 1887 jecti
295 1856 357 1877 non
375 1845 445 1877 sunt
463 1847 483 1879 l.
507 1857 535 1878 2.
557 1854 604 1887 pr.
624 1847 666 1887 ff.
689 1849 722 1878 cle
737 1847 842 1888 Jiiciic.
866 1847 927 1879 Sed
948 1847 969 1879 fi
990 1847 1069 1878 nihil

205 1889 411 1925 convenerit,
437 1889 585 1928 nullaque
611 1888 640 1920 in
666 1897 733 1919 cam
754 1898 818 1919 rem
842 1889 894 1920 lex
913 1888 970 1926 fit,
994 1888 1069 1929 quid

203 1929 302 1961 tacite
331 1929 414 1959 inter
438 1928 559 1961 Gentes
585 1937 708 1961 exteras
730 1930 831 1961 actum
850 1929 1014 1968 videatur,
1038 1929 1069 1961 id

203 1971 268 2008 est,
289 1970 328 2001 de
342 1979 406 2010 quo
423 1971 602 2011 quaerimus.
638 1970 680 2002 Et
697 1970 852 2009 defendo,
879 1971 978 2002 tacito
993 1980 1068 2002 con-

202 2011 295 2044 sensu
310 2011 340 2041 id
364 2011 466 2043 aetum
492 2012 611 2052 videri,
637 2021 676 2044 ne
699 2013 793 2053 legati
814 2012 846 2044 in
867 2011 957 2044 causa
976 2012 1068 2044 civili

202 2052 286 2094 apud
308 2061 367 2083 nos
397 2053 521 2094 litigare
544 2063 715 2094 cogantur,
741 2054 770 2085 ὅ(
793 2054 916 2085 tandem
949 2052 1069 2085 Gentes

201 2094 284 2126 hanc
302 2092 506 2134 sententiam,
526 2094 556 2125 &
573 2095 729 2133 rationes,
755 2095 868 2135 quibus
884 2095 937 2126 illa
946 2095 1068 2133 nititur,

199 2134 305 2177 palam
328 2133 478 2174 probasse.
526 2135 571 2165 Ut
596 2136 657 2166 hoc
675 2135 826 2175 sciamus,
849 2136 1070 2167 recurrendum

203 2175 250 2207 est
266 2175 303 2206 ad
318 2174 495 2207 testimonia
511 2176 541 2208 ἃ
559 2177 721 2217 exempla,
745 2186 809 2208 non
826 2177 918 2208 unius
935 2176 1068 2215 Gentis,

202 2216 257 2249 sed
280 2216 527 2257 plerarumque3
560 2227 630 2249 nain
655 2218 797 2258 quamvis
825 2218 894 2252 Lex
919 2218 1069 2259 Spartana

201 2257 326 2290 furtum
349 2257 543 2298 permiserit,
568 2259 641 2299 Jure
667 2258 818 2291 Gentium
846 2267 947 2291 tamen
962 2259 1068 2300 prohi-

202 2299 306 2331 bitum
323 2299 484 2338 dicemus,
508 2300 537 2331 &
554 2300 697 2341 quamvis
713 2300 796 2332 sacra
815 2301 1007 2342 legationum
1018 2301 1069 2331 hic

200 2341 273 2372 illic
289 2340 408 2371 violata
424 2340 499 2379 sint,
513 2341 586 2381 Jure
604 2340 756 2372 Gentium
775 2351 876 2374 tamen
896 2351 932 2373 ea
949 2342 1070 2373 violare

204 2381 294 2414 nefas
308 2381 369 2412 esse
383 2381 537 2414 ducimus.
560 2383 593 2414 Si
611 2382 789 2414 testimonia
804 2384 981 2422 audiamus,
1006 2392 1070 2414 non

204 2422 279 2454 satis
296 2423 373 2454 olim
390 2423 420 2454 &
436 2433 519 2455 nunc
536 2425 619 2455 inter
637 2433 672 2454 ea
693 2426 856 2456 convenit.
882 2424 969 2499 {uid
986 2423 1070 2456 Gen-

200 2464 288 2503 tilis,
313 2464 387 2502 quid
407 2463 584 2497 Paschalius
599 2465 868 2504 existimaverint,
908 2466 1070 2506 upradixi‚

206 2506 238 2538 ἃ
255 2505 384 2536 exhibet
398 2506 566 2538 Zouclieus
581 2506 651 2547 Jur.
679 2506 789 2538 Fecial.
815 2507 901 2539 Part.
928 2506 966 2538 ΙΙ.
994 2506 1068 2538 Sea.

205 2557 235 2587 4.
262 2556 291 2577 n.
318 2556 367 2577 20.
394 2547 446 2578 ubi
467 2547 604 2578 &habes
628 2547 735 2579 Grotii
755 2547 962 2585 sententiam,
988 2547 1070 2580 Gen-

206 2586 259 2618 tili
277 2587 307 2618 &
333 2585 494 2618 Paschalio
521 2587 704 2628 oppositam.
752 2588 839 2631 Quid
859 2589 922 2630 ipse
940 2589 1070 2628 sentiat,

203 2637 269 2661 non
283 2627 379 2659 addit.
405 2627 464 2659 Sed
481 2628 564 2658 malo
580 2627 687 2659 Grotii
699 2628 882 2661 sententiam
900 2631 991 2670 ipsius
1002 2640 1070 2661 ver-

203 2670 254 2701 bis
270 2667 397 2700 referre.
444 2667 473 2699 Is
491 2668 593 2709 magni
614 2668 727 2709 Operis
746 2670 815 2701 Lil).
841 2671 881 2702 II.
909 2673 942 2702 C.
970 2677 1015 2706 18.
1040 2671 1068 2711 §.

208 2721 238 2749 9.
265 2711 309 2742 ita¹
332 2709 420 2742 infit:¹
446 2709 528 2740 Bona
552 2719 657 2751 quoque
681 2710 774 2752 legati
797 2712 935 2750 mobilia,
960 2711 996 2746 ὃ)
1011 2721 1070 2752 qziae

202 2752 327 2793 proinde
352 2752 495 2782 habentur
504 2750 628 2792 pristine
652 2750 765 2792 acc-effio
777 2773 787 2789 ,
806 2753 941 2793 pignoris
959 2753 1044 2793 caiisa
1057 2775 1067 2789 ‚

207 2798 262 2824 aut
282 2793 320 2824 acl
332 2792 507 2833 saltationem
531 2793 640 2830 debiti,
664 2795 730 2832 capi
755 2793 918 2833 721)7lpa[]e,
941 2803 993 2823 nec
1015 2800 1068 2834 per

208 2834 398 2875 -Jiidiciorum
416 2834 544 2864 ordinem
558 2855 569 2871 ,
601 2843 672 2872 nee,
707 2834 778 2875 quod
800 2835 917 2874 qziiclcmi
942 2834 1067 2873 volant,

208 2885 299 2906 maizu
315 2876 417 2916 regia,
440 2876 538 2905 verius
552 2872 613 2915 esi:
634 2884 702 2906 nam
718 2875 808 2906 onmis
824 2875 929 2905 coactio
946 2875 1066 2917 alegate

207 2915 294 2955 abeffe
312 2917 412 2954 delier,
438 2921 498 2946 tam
513 2925 572 2957 qiiae
595 2926 640 2947 res
655 2917 681 2947 ei
699 2915 869 2956 neceffiiriar
878 2938 889 2954 ,
912 2925 996 2957 qztaui
1011 2926 1069 2957 qliae

203 2957 356 2998 persenam
376 2958 496 2998 tangit,
520 2967 571 2998 quo
584 2957 676 2998 plena
693 2959 720 2988 ei
730 2955 771 2995 fit
777 2958 932 2997 securitas.
959 2958 992 2987 Si
1001 2959 1069 2998 quial

209 3008 276 3039 ergo
297 2999 387 3029 debiti
410 3000 575 3036 contraxit,
608 2998 664 3036 ἐξ,
686 3004 719 3030 ut
736 2998 796 3038 fit,
821 2998 933 3039 rersoli
955 3007 984 3028 eo
1010 2999 1067 3029 loco

209 3039 306 3069 malias
320 3038 471 3080 poffideat,
496 3039 552 3079 ipse
578 3040 788 3079 cofiipellamlzzr
805 3041 861 3069 erit
877 3040 985 3078 amice,
1009 3039 1045 3073 Εἴ
1057 3062 1066 3077 ,

203 3078 233 3117 fi
248 3081 382 3111 cleireciet
392 3104 401 3119 ‚
426 3081 451 3110 is
466 3082 514 3121 qai
530 3080 626 3118 misit3
649 3082 693 3112 ita
710 3087 740 3112 ui
756 3082 793 3112 aa
806 3078 1062 3120 postrenumusin·-

204 3126 313 3160 pentm·
340 3131 397 3162 ea,
421 3131 481 3163 quw
506 3122 642 3163 (talverjits
664 3124 820 3162 debitores,
843 3127 928 3157 extra
952 3123 1065 3155 territa-

927 124 1033 156 vAN

1107 101 1710 160 BYNKERSHOEK

1107 202 1183 233 rium
1192 201 1311 243 positor,
1336 201 1584 243 tiszzrparisoleirt.
1609 201 1701 236 Prius
1713 205 1833 237 dixerat
1849 206 1886 238 de
1900 201 1956 250 cri-
1998 229 2008 242 ,.

1108 243 1260 283 minibus,
1274 244 1312 275 de
1329 244 1440 285 quibus
1458 253 1517 274 nos
1533 243 1721 284 postremum
1740 247 1885 280 dicemus.
1910 249 1958 282 De
1994 247 2008 287 «l,

1107 284 1222 316 debitis
1235 295 1291 316 nee
1309 284 1446 326 pei-festa
1473 284 1545 316 satis
1561 284 1605 316 est
1621 286 1686 325 ejus
1708 286 1860 320 sententia
1871 310 1882 328 ,
1903 296 1958 323 nec

1107 327 1201 357 etiam
1216 326 1287 358 satis
1302 327 1402 363 clara,
1428 332 1461 356 ut
1476 326 1588 357 deinde
1604 336 1658 366 per
1675 336 1778 367 partes
1795 327 1957 365 ostendam.

1105 368 1186 399 Satis
1202 376 1305 398 autem
1326 366 1476 408 fignificat
1494 376 1533 398 ex
1550 368 1766 408 modo,quem
1781 369 1958 412 praescribit,

1105 408 1127 440 fi
1146 409 1266 449 legatus
1279 408 1420 440 debitum
1439 406 1560 440 solvere
1576 409 1749 449 detrectet,
1776 411 1808 442 se
1824 411 1958 454 legatum
2000 413 2003 421 ²

1105 449 1138 480 in
1165 449 1256 480 causa
1281 449 1371 480 civili
1399 450 1538 481 eximere
1564 449 1638 481 foro
1665 450 1753 489 ejus,
1776 453 1854 492 apud
1869 457 1960 495 quem
2000 461 2004 472 ³

1104 490 1200 530 degit.
1246 489 1342 530 Non,
1366 491 1502 531 opinor,
1524 491 1676 523 refutabis
1697 492 1806 524 testem
1826 493 1960 534 legatum

1106 531 1138 562 in
1164 531 1254 563 causa
1276 532 1305 563 le
1328 540 1471 571 ntorum,
1499 533 1529 564 δε
1548 532 1569 564 fi
1590 533 1643 564 vel
1667 533 1873 573 refutaveris,
1893 543 1956 568 tau-
2002 561 2005 567 ,

1108 579 1174 604 tum
1191 573 1276 604 valet
1293 573 1400 604 Grotii
1419 573 1606 612 auctoritas,
1621 582 1655 605 ut
1673 574 1756 606 hunc
1771 574 1958 616 prae'eun'tem
2002 574 2004 579 '

1106 612 1201 644 facile
1222 614 1273 645 alii
1300 613 1476 654 sequantur.
1521 614 1568 646 De
1586 617 1692 657 legatis
1703 616 1884 656 flammarum
1902 616 1956 650 Pus

1107 653 1241 694 testatum
1252 677 1262 693 ‚
1277 655 1320 686 ait
1329 655 1477 687 Huberus
1487 655 1617 688 Praelea.
1638 657 1675 688 ed
1689 657 1746 689 Tit.
1760 658 1801 699 ff.
1819 660 1852 690 de
1869 659 1901 690 in
1912 658 1960 700 jur

1106 706 1170 728 voe.
1205 696 1279 728 Seci.
1310 698 1343 728 αἰ·
1370 695 1490 736 Arresto
1511 697 1621 738 peiyboz.
1647 708 1678 730 η.
1702 702 1731 730 6.
1764 702 1847 731 varie
1870 699 1960 741 ηψπ

1108 743 1228 778 tempore
1247 737 1435 778 disceptatum
1453 737 1489 772 &³
1507 740 1705 778 observatum,
1723 741 1881 780 prevaluit
1896 742 1962 775 tam]

1107 780 1170 809 dem
1174 779 1326 819 sententia
1340 780 1439 811 Grotii
1449 779 1509 814 &a
1520 779 1580 811 Sed
1589 780 1618 811 δε
1627 789 1699 812 ante
1710 781 1791 821 apud
1800 782 1878 822 alios
1887 791 1964 824 prae-

1107 821 1218 852 valuit.
1263 820 1422 851 Antonius
1447 820 1634 852 Mornacius
1659 822 1697 853 ad
1722 822 1741 853 l.
1768 832 1798 855 2.
1821 823 1849 866 §.
1871 833 1903 867 3.
1944 849 1958 863 ,

1107 863 1140 893 de
1168 861 1273 902 Judic.
1298 861 1437 893 eamdem
1464 860 1647 893 sententiam
1670 863 1713 894 ita
1739 864 1900 905 expreffit:
1917 825 1963 904 ᾖ

1107 903 1215 945 legatis
1230 903 1404 943 majoribus,
1430 903 1587 944 cujusmodi
1592 904 1687 944 siant,
1707 905 1756 946 qui
1777 916 1796 937 a
1816 905 1962 950 Regibug.

1107 944 1241 976 Ducibus
1267 944 1303 979 ὅ)
1324 944 1544 985 Rehuspublicis
1567 946 1745 985 mittuntur,
1770 947 1902 984 defendit
1917 959 1960 987 eos

1108 995 1192 1027 usque
1211 987 1278 1017 adeo
1289 987 1341 1028 jus
1363 986 1521 1024 Gentium,
1546 992 1578 1017 ut
1595 986 1651 1025 sea
1671 987 1704 1018 in
1722 989 1860 1020 civilibus
1877 999 1912 1022 ne
1932 1001 1963 1025 ομ

1108 1028 1177 1064 tiis,
1193 1027 1248 1067 seu
1264 1029 1295 1058 iii
1312 1027 1509 1067 capitalibus,
1526 1028 1674 1069 judicium
1690 1030 1803 1069 inviti,
1826 1031 1874 1062 vel
1902 1031 1959 1074 2175,

1107 1068 1154 1099 vei
1165 1067 1229 1108 sicis
1246 1078 1301 1099 non
1319 1069 1478 1109 accipiant.
1491 1067 1696 1110 idqueipsum
1712 1079 1802 1102 exem
1828 1072 1866 1104 lis

1108 1110 1186 1140 tium
1211 1106 1361 1148 illustrat,
1386 1119 1474 1150 quae,
1498 1109 1518 1141 fi
1550 1111 1750 1143 commodum
1775 1113 1806 1144 ei
1828 1136 1838 1152 ,
1862 1112 1905 1145 ibi
1923 1114 1965 1146 le·-

1107 1160 1170 1191 ges.
1215 1150 1258 1182 Et
1275 1149 1482 1191 Wicquefort
1500 1151 1530 1182 in
1547 1150 1675 1191 libello,
1701 1162 1794 1194 quem
1812 1152 1967 1197 inscripsit.

1107 1192 1264 1224 Memoires
1281 1193 1329 1222 des
1353 1191 1592 1231 Ambaffatlears,
1617 1193 1646 1224 &
1672 1193 1704 1225 in
1724 1195 1830 1234 maiori
1861 1195 1967 1237 Opere

1107 1234 1140 1264 de
1157 1233 1177 1263 i'
1194 1232 1423 1273 Aizzdaffacieur‚
1446 1232 1572 1273 singulis
1590 1232 1657 1264 fere
1671 1235 1789 1276 paginis
1805 1236 1966 1278 inculcat,

1107 1274 1228 1314 legatos
1247 1283 1308 1304 non
1335 1273 1378 1304 uti
1406 1272 1479 1304 foro
1501 1273 1587 1312 ejus,
1607 1275 1689 1314 apud
1711 1285 1803 1316 quem
1828 1277 1967 1319 degunt,

1109 1323 1172 1346 tam
1203 1314 1233 1346 in
1260 1314 1430 1351 civilibus,
1452 1322 1544 1354 quam
1569 1314 1600 1346 in
1624 1316 1847 1349 criminalibus.
1890 1317 1968 1354 Non

1110 1363 1198 1397 aeque
1223 1355 1349 1397 quidem
1371 1355 1447 1386 mihi
1475 1355 1648 1395 probantur
1675 1367 1785 1389 omnes
1811 1360 1965 1401 rationes,

1110 1406 1184 1438 quas
1201 1397 1232 1428 in
1251 1397 1330 1428 hane
1350 1406 1415 1428 rem
1435 1395 1556 1435 adfert,
1579 1406 1671 1436 nam,
1694 1399 1781 1430 verbi
1790 1400 1908 1440 gratia,
1921 1401 1966 1434 ni-

1109 1438 1155 1469 hil
1182 1448 1218 1469 ea
1242 1439 1326 1469 ratio
1350 1438 1457 1476 valet,
1481 1447 1540 1478 qua
1568 1438 1664 1470 toties
1681 1439 1800 1479 utitur,
1822 1449 1893 1473 eum
1913 1441 1966 1489 qui

1111 1478 1281 1517 Ecclesiae,
1302 1479 1452 1518 Militiae,
1480 1480 1654 1511 Academiae
1673 1490 1787 1512 nomen
1803 1481 1907 1522 dedit,
1921 1492 1966 1524 Ju-

1110 1521 1294 1552 risdittione
1310 1521 1466 1551 ordinaria
1491 1521 1607 1559 eximi,
1632 1522 1662 1553 <St
1678 1521 1783 1554 sorum
1803 1524 1966 1565 ¹proprium

1111 1561 1242 1600 sortiri,
1275 1562 1306 1593 id
1327 1562 1409 1593 enim
1436 1570 1476 1593 ex
1506 1563 1673 1604 privilegio
1701 1562 1746 1595 est
1767 1564 1847 1603 apud
1873 1574 1966 1599 unum

1110 1603 1314 1644 eumdemque
1338 1603 1537 1644 Principem,
1559 1605 1609 1635 cui
1634 1603 1864 1645 Ecclcfiastici‚
1887 1606 1967 1644 mili(-

1112 1653 1159 1676 tes
1170 1669 1178 1683 ‚
1190 1643 1312 1676 studiosi
1322 1654 1386 1676 non
1397 1645 1497 1676 minus
1508 1644 1576 1676 sunt
1587 1645 1700 1677 subditi
1713 1668 1723 1685 ,
1739 1655 1830 1687 quam
1846 1646 1970 1689 aliiqui-

1112 1695 1255 1725 cunque,
1279 1685 1330 1717 sed
1348 1695 1426 1717 vero
1450 1687 1501 1717 liic
1521 1687 1640 1727 agimus
1657 1687 1696 1718 de
1715 1697 1776 1726 eo,
1800 1688 1872 1728 qui,
1897 1697 1968 1722 cum

1113 1727 1253 1759 subditus
1279 1736 1342 1759 non
1372 1726 1427 1765 fit,
1451 1727 1562 1759 cuncta
1588 1727 1756 1760 tribunalia
1783 1729 1886 1769 rejicit
1902 1729 1969 1770 ejus

1112 1768 1287 1808 Principis,
1303 1769 1340 1799 ad
1357 1778 1448 1809 quem
1470 1769 1589 1809 legatus
1607 1768 1660 1801 est.
1681 1769 1753 1802 Plus
1772 1771 1971 1811 valet,quod

1112 1810 1156 1841 ait
1178 1809 1304 1849 majoris
1334 1809 1448 1850 Operis
1466 1810 1536 1841 Lib.
1561 1810 1584 1841 Ι.
1611 1810 1684 1842 Sea.
1710 1821 1728 1842 2
1752 1836 1759 1844 .
1779 1816 1811 1851 p.
1833 1821 1871 1843 m.
1897 1815 1970 1854 824.

1111 1860 1170 1892 pro
1189 1851 1394 1892 exemptione
1411 1851 1585 1892 legatorum
1604 1861 1711 1883 omnes
1747 1852 1881 1893 rincipes
1899 1862 1970 1886 cen-

1113 1892 1202 1924 suiffe
1213 1915 1223 1931 ,
1243 1891 1395 1933 sapientes
1412 1900 1499 1923 certe
1517 1893 1547 1924 ἀ
1563 1894 1749 1934 prudentes,
1765 1902 1893 1934 eamque
1906 1893 1972 1930 sen.

1113 1934 1243 1966 tentiam
1260 1934 1352 1964 rebus
1371 1933 1448 1974 saepe
1469 1934 1617 1974 judicatis
1635 1934 1785 1975 probasse.

1154 1975 1215 2007 Sed
1233 1984 1295 2006 non
1315 1975 1420 2006 dicere
1445 1982 1632 2014 contentus,
1658 1984 1692 2007 ut
1709 1976 1856 2010 dixerunt
1876 1977 1972 2019 pluri-

1112 2017 1176 2055 mi,
1202 2017 1382 2052 innumera,
1405 2015 1475 2047 fere
1489 2016 1621 2047 dixerim
1633 2039 1643 2055 ,
1661 2019 1805 2058 exempla
1820 2016 1921 2050 adfert
1939 2021 1971 2054 d.

1105 2058 1189 2089 Seri.
1216 2057 1289 2098 quin
1310 2057 1340 2088 ὃς
1362 2056 1435 2088 Sea.
1456 2061 1507 2091 28.
1532 2058 1562 2088 <Sc
1580 2067 1629 2094 29.
1655 2058 1767 2099 quibus
1786 2059 1869 2091 illam
1887 2058 1971 2096 Gen}

1110 2100 1192 2130 'tium
1218 2096 1450 2129 consensionem
1479 2097 1609 2138 probet,
1634 2099 1770 2131 maxime
1786 2100 1910 2142 quidem
1938 2102 1974 2144 it!

1113 2139 1250 2177 delicus,
1276 2138 1330 2169 ubi
1353 2139 1450 2179 major
1470 2137 1574 2179 potest
1589 2138 1649 2170 effe
1669 2140 1846 2181 dubitatio,
1872 2141 1921 2174 sed
1941 2143 1972 2176 ὰ

1111 2182 1145 2212 in
1162 2180 1383 2212 contractibus
1430 2179 1510 2211 Cum
1538 2189 1642 2211 autem
1671 2181 1742 2213 usus
1759 2182 1795 2214 fit
1814 2178 1971 2224 optimus}

1111 2223 1133 2254 fi
1157 2231 1220 2253 non
1246 2221 1356 2252 unicus
1376 2230 1482 2252 earum
1503 2230 1605 2252 reum
1629 2222 1711 2253 inter
1736 2232 1784 2255 res
1801 2247 1811 2262 ‚
1841 2223 1948 2257 nescio

1112 2273 1168 2294 cur
1187 2262 1334 2294 Huberus
1350 2263 1383 2293 de
1407 2262 1484 2303 Jure
1507 2263 1597 2293 Civit.
1618 2262 1687 2295 Lib.
1727 2263 1765 2296 Il.
1791 2264 1867 2298 Sea.
1882 2276 1914 2307 4.
1937 2246 1969 2306 d

1113 2315 1141 2336 2.
1163 2309 1334 2345 perpetuam
1349 2303 1433 2335 iilam
1452 2304 1645 2344 exemplorum
1665 2311 1812 2337 texturam
1828 2307 1860 2339 in
1879 2306 1970 2345 Wie-

1113 2345 1276 2386 quesertio
1301 2354 1364 2376 non
1390 2346 1587 2376 concoxerit.
1633 2345 1702 2386 Ego
1729 2346 1760 2378 in
1780 2347 1888 2388 primis
1905 2347 1973 2389 ejus

1112 2387 1306 2428 diligentiam
1319 2386 1350 2417 in
1369 2385 1563 2418 recensendis
1582 2395 1643 2419 non
1657 2395 1719 2419 tam
1732 2388 1868 2428 veteris,
1880 2397 1973 2429 quam

1112 2429 1187 2460 novi
1211 2427 1270 2459 aevi
1296 2427 1509 2459 monumentis
1529 2427 1621 2459 laudo
1644 2428 1745 2469 probo
1769 2437 1827 2467 ue,
1848 2438 1907 2460 nec
1928 2437 1972 2460 ta-

1109 2478 1180 2501 men
1199 2478 1216 2500 a
1237 2478 1286 2500 me
1311 2469 1395 2510 exigi
1421 2469 1518 2500 velim
1532 2492 1541 2508 ,
1567 2476 1602 2499 ut
1629 2478 1698 2509 quae
1715 2469 1746 2509 ip
1762 2478 1779 2500 e
1797 2469 1972 2512 recensuit,

1112 2520 1172 2551 ego
1189 2509 1380 2549 describam3
1404 2519 1468 2541 non
1494 2510 1547 2540 hic
1565 2515 1650 2540 meus
1670 2508 1716 2540 cst
1729 2519 1806 2542 mos.
1853 2511 1972 2544 Addam

1110 2552 1240 2593 potius,
1264 2551 1315 2582 ubi
1341 2560 1388 2582 res
1407 2549 1463 2582 usu
1488 2549 1625 2587 venerit,
1650 2550 1787 2590 quaedam
1805 2560 1847 2583 ex
1867 2561 1974 2585 recen·

1114 2592 1250 2624 tior-ibus
1272 2592 1464 2628 Annalibus,
1490 2590 1520 2622 δι
1544 2599 1583 2621 cx
1613 2590 1682 2630 ipsis
1707 2591 1846 2632 legibus,
1868 2592 1997 2634 postea*

1115 2634 1198 2665 latis.
1243 2633 1321 2665 Sane
1346 2631 1409 2673 ipse
1433 2630 1598 2669 Huberus,
1623 2641 1764 2672 quamvis
1782 2634 1812 2665 ὃ(
1829 2635 1858 2665 d.
1885 2634 1916 2671 C.
1941 2644 1970 2667 2.

1115 2674 1147 2705 in
1165 2682 1328 2714 utramque
1342 2680 1460 2713 partein
1476 2670 1612 2711 disputet
1624 2695 1633 2710 ,
1657 2671 1707 2704 sed
1724 2673 1761 2706 iis
1778 2674 1970 2715 rationibus,

1115 2724 1189 2756 quas
1216 2713 1294 2746 scire
1315 2723 1377 2744 non
1409 2713 1543 2744 multum
1572 2713 1715 2753 interest,
1742 2715 1773 2746 in
1800 2725 1840 2747 co
1869 2724 1972 2749 tamen

1113 2755 1282 2792 convenit,
1305 2754 1425 2796 legatos
1450 2753 1523 2793 Jure
1549 2752 1700 2786 Gentium
1720 2756 1888 2798 privilegio
1906 2755 1971 2789 fori

1111 2805 1198 2827 tutos
1213 2795 1284 2826 else.
1329 2795 1372 2826 Et
1399 2793 1488 2831 sane,
1513 2795 1597 2834 quod
1617 2796 1655 2827 ad
1680 2797 1800 2829 causam
1821 2798 1917 2830 civile

1110 2837 1162 2868 ubi
1185 2837 1223 2867 de
1236 2844 1296 2867 aere
1311 2835 1434 2873 alieno,
1459 2835 1498 2866 de
1515 2834 1696 2869 testimonio
1713 2837 1864 2877 dicendo,
1890 2838 1941 2872 alii
1964 2867 1979 2874 ,.

1111 2887 1152 2908 ve
1174 2877 1204 2908 id
1230 2885 1326 2918 genus
1348 2876 1511 2918 litigatur,
1536 2876 1630 2908 ausim
1659 2878 1781 2918 dicere,
1803 2880 1886 2912 inter
1908 2879 1944 2918 E,

1111 2927 1228 2959 ropaeas
1253 2916 1375 2948 Gentes
1407 2918 1523 2949 nullam
1552 2917 1632 2956 csse,
1656 2919 1764 2960 utique
1786 2921 1904 2952 nullam
1942 2926 1945 2927 ’

1110 2958 1206 2995 scire,
1231 2968 1299 2999 quae
1325 2959 1444 2999 legatos
1471 2959 1637 2991 ordinariae
1657 2959 1864 3000 jurisdictioni
1883 2959 1970 3003 subl.-

1109 3000 1164 3031 cit.
1192 2999 1286 3040 quue
1302 2998 1399 3039 ipsum
1415 2999 1477 3031 fori
1496 3000 1696 3042 privilegium
1713 3000 1779 3041 est,
1802 3003 1852 3034 cui
1892 3002 1950 3043 alam
1974 3010 1976 3015 ’

1111 3040 1322 3071 testimonium
1350 3041 1502 3072 dederunt
1521 3040 1655 3073 Ordines
1673 3040 1846 3075 Generales
1887 3042 1968 3080 oede?

1108 3081 1165 3112 rati
1184 3081 1283 3123 Belgii
1302 3090 1341 3113 eo
1364 3082 1479 3115 Edicto
1491 3104 1502 3122 ‚
1524 3083 1608 3124 quod
1628 3083 1696 3124 Cap.
1721 3084 1858 3126 sequenti
1873 3092 1970 3126 expo-⁶

1111 3131 1190 3154 nam.
1963 3131 1967 3136 '

1880 3245 1907 3278 c
1931 3221 1977 3277 ru
