2008 3436
220 110 269 143 Li
288 107 381 143 Bul
432 97 797 138 SINGULARIS
849 96 927 132 AD

61 198 113 232 pro
139 191 243 221 duobus
267 187 370 219 iiioclfi's
393 183 512 215 creditis
545 182 666 212 tertium
695 177 819 218 amplius
838 175 930 222 eonse-

61 238 188 267 nicatur:
210 231 294 271 quod
315 227 424 260 incidit
450 225 480 256 in
500 222 607 267 usuras
622 244 632 256 ,
655 229 725 261 quae
745 217 868 264 GraeCis
887 218 931 248 di-

61 268 179 304 cuntur
204 275 322 305 έμωλιαι
341 292 350 305 ,
382 267 482 304 male,
516 274 549 295 ut
577 266 731 298 videtur,
754 259 931 291 intellectas

63 312 182 345 Grotio
201 314 229 345 in
252 306 500 350 F1'‹;‹rz'.¹msspaisis
526 305 563 337 ad
594 305 615 336 l.
636 313 680 334 eos
696 302 746 344 qui
768 304 819 332 26.
846 301 878 332 C.
895 301 929 331 de

63 366 82 386 u
94 355 141 386 iar.
187 355 317 396 Optime
333 353 371 383 de
391 352 437 382 iiis
455 345 677 380 Gothori-edus
693 342 782 389 adaed.
800 342 820 374 l.
844 352 874 393 Ι.Ἴ
897 342 930 373 C.

64 357 119 428 Ίέί).
144 395 198 428 Est
216 395 359 436 equidem
376 400 505 427 verum,
527 390 644 424 »im-um
662 384 930 434 continercqsscn-

61 437 182 469 telimas
201 438 364 469 Amanaeas
381 439 534 475 quatuor;
560 428 608 460 scu
636 427 687 459 ubi
708 426 794 457 nulla
815 425 929 457 Lente-

59 479 142 512 fimae
159 479 297 515 mentio,
321 484 422 515 neque
438 470 564 504 aliunde
580 471 647 502 litec
666 477 751 514 nova
770 474 846 498 tunc
861 475 928 497 mo-

61 521 104 552 do
124 519 300 552 inti-‹idiit‘ta
317 522 485 558 probatur,
509 522 557 544 res
584 511 630 543 cst
647 510 789 556 lubrica,
816 507 928 557 statue-

59 572 94 594 re
118 561 357 593 Constantinum
383 557 450 596 ejus
475 554 631 586 rationein
653 549 800 583 lei-vaste:
825 551 856 581 oc
872 558 929 580 cur

59 604 158 643 magis
173 611 265 640 quam
286 599 394 631 Graeci
412 598 443 629 in
458 593 697 642 suisjwozmqs'?
729 634 735 640 ἡ
779 634 784 639 ¹

102 644 253 676 Dicamus
275 641 399 681 itaque,
433 638 534 671 videi-1
558 637 926 680 delinitionis-incente,

55 694 123 728 quo
141 693 283 724 tempore
300 680 477 715 Centclima
493 679 589 719 major
615 684 799 722 accreverit:
845 674 927 706 Illud

60 735 162 759 tamen
180 724 346 763 accidill'e,
369 725 399 755 {St
418 732 458 753 eo
474 719 655 752 referendos
674 718 927 749 Ccntclimaeno-

59 777 110 799 vae
134 767 313 807 Scriptores
329 787 340 803 ,
372 774 436 796 non
455 762 501 794 est
517 760 733 794 dubitandum.
781 759 927 805 Quapro-

58 817 106 841 ter
136 805 433 848 retteAugustinus
460 805 497 836 ad
520 803 696 840 Ani-anum,
734 800 817 846 recte
833 806 928 843 etiam

58 849 208 890 Cujacius
242 851 302 881 tria
331 855 509 888 temporum
540 843 706 876 intervalla
736 840 900 881 distinguit
916 862 926 878 ,

59 890 144 923 suam
161 891 276 932 cuique
289 890 465 922 adscribens
482 886 699 919 Ccntclimani.
725 884 928 930 Verum'neu-

58 942 107 965 ter
123 933 237 964 idonce
257 931 329 964 satis
348 931 427 963 hanc
447 928 632 960 sententiam
651 932 807 971 munivit,
833 924 862 954 ot
878 936 927 967 κοξ-

58 975 182 1010 τέκρησιι
207 972 391 1006 Centesima:
415 970 534 1009 auuae,
567 970 598 1000 ἅ
625 968 833 998 nihilominus
852 972 926 995 reti-

58 1016 162 1048 nentis
179 1025 294 1048 nomen
314 1012 475 1045 adstruxit.
523 1010 623 1050 Igitur
651 1009 680 1040 ὃ(
702 1017 760 1038 nos
774 1009 827 1036 via„
842 1014 926 1038 λογα-

58 1060 135 1092 ειιιιὲι
160 1056 363 1089 discernimus
387 1064 404 1085 a
429 1051 561 1091 παλαιᾷ,
598 1052 628 1082 ὅ(
659 1050 731 1090 quia
751 1046 927 1079 Centesinia

56 1099 198 1131 Romana
216 1105 309 1138 caput
328 1104 415 1133 erat,
438 1104 455 1125 a
498 1103 538 1124 uo
558 1092 686 1132 reliqua·
712 1088 834 1128 usurae,
860 1096 926 1119 tan-

81 1149 149 1172 uam
167 1139 325 1175 membra,
347 1135 486 1178 depende
511 1141 583 1172 ant,
610 1133 684 1164 hinc
704 1129 925 1172 postea&By-

71 1181 215 1219 annuos,
238 1180 268 1211 &
285 1178 414 1210 Gothos
432 1175 646 1209 existimamus
662 1172 784 1205 usuram
797 1171 925 1217 suorum

57 1231 236 1263 temporum
263 1221 431 1252 maximam
459 1218 648 1255 Centesimum
679 1211 869 1254 nuncupaffe
893 1222 925 1244 in

54 1265 160 1298 allatis
184 1262 274 1304 supra
297 1261 452 1302 exemplis
480 1259 566 1300 (quo
581 1258 676 1289 etiam
692 1254 862 1288 commode
880 1263 926 1285 re-

55 1305 155 1345 feras,
187 1303 274 1346 quod
300 1303 450 1345 scriptum
479 1300 569 1333 estin
587 1297 829 1344 Vifigothoruin
850 1295 923 1328 LL.

57 1347 144 1380 Libr.
162 1346 201 1379 V.
237 1345 297 1377 Tit.
319 1353 346 1379 τ.
380 1345 400 1376 l.
420 1343 472 1383 8.)
500 1350 594 1383 atque
610 1341 655 1372 ita
672 1341 704 1372 in
723 1335 891 1370 trientibus
912 1360 923 1376 ,

55 1388 244 1429 caeterisque
258 1381 324 1419 assis
338 1385 479 1429 partibus
493 1384 579 1416 illius
597 1382 784 1414 Centesiiriae
801 1379 924 1412 habuis-

55 1431 87 1462 se
103 1430 269 1461 rationem.
888 1463 894 1468 .

99 1470 196 1503 Nunc
211 1470 249 1502 de
257 1471 391 1503 veritate
407 1474 539 1507 eorum,
564 1476 633 1509 quae
650 1466 733 1513 dieta
751 1464 821 1497 sunt
830 1477 849 1502 ,ὲ
864 1463 924 1495 dis-

57 1510 244 1555 quirendum
262 1512 414 1554 superest:
428 1513 497 1544 haec
514 1517 618 1543 autem
638 1508 765 1540 Videtur
781 1505 838 1538 usu
853 1514 924 1548 pro-

55 1554 135 1587 bari.
179 1554 262 1587 Nam
295 1564 370 1586 ecce
394 1551 653 1593 Harmenopulus
665 1573 676 1589 ,
700 1551 808 1591 ejusve
826 1547 924 1582 Scho-

56 1595 161 1630 liastcs
195 1596 236 1629 L.
256 1596 310 1629 III.
348 1597 382 1628 T.
401 1606 428 1636 7.
462 1596 489 1638 §.
515 1604 561 1632 19.
587 1592 723 1636 duplicis
740 1590 925 1637 Centefimae

58 1638 232 1679 meminit,
263 1637 380 1670 veteris
411 1639 442 1669 dt
473 1646 596 1675 novae3
624 1636 666 1682 s&
704 1633 774 1676 post
792 1633 926 1682 *descri-

55 1680 202 1725 ptionem
225 1680 343 1712 veteris
378 1679 442 1712 sive
470 1689 553 1710 verae
571 1702 581 1717 ,
621 1676 709 1709 lstaec
729 1677 841 1709 addit:
883 1677 925 1712 v‘q

55 1727 135 1755 mvn:
155 1723 196 1759 μδςυ
219 1724 246 1752 όν
263 1725 312 1751 πῖε
329 1727 456 1753 πλωτοῖς
479 1723 556 1752 ὅντως
572 1721 680 1756 ἐ’νρητοα.
726 1719 855 1752 Novam
871 1727 924 1752 ve-

56 1774 94 1798 ro
116 1762 190 1805 (seu
215 1762 410 1796 novisfimam
430 1786 441 1802 ,
471 1772 507 1795 ut
529 1761 663 1802 Cujacio
680 1762 805 1804 placet,
827 1769 926 1804 quum

54 1805 256 1845 Anianaeam,
279 1805 368 1845 cujus
388 1805 475 1837 nulla
491 1804 606 1836 ibidem
627 1805 766 1844 mentio,
784 1802 927 1846 superet)

57 1843 80 1880 si
95 1847 165 1889 quis
183 1848 282 1888 probe
297 1846 468 1878 excuss'erit
481 1870 490 1886 ,
515 1846 652 1886 reperiet
673 1855 741 1879 eam
758 1845 842 1878 ultra
861 1845 926 1878 sex-

57 1889 160 1929 decim
176 1899 276 1921 annua
296 1889 328 1921 in
350 1888 468 1930 singula
484 1896 617 1920 centena
634 1887 821 1928 exsurgere,
843 1887 926 1920 &ta-

57 1939 130 1963 men
156 1929 365 1963 Centesimum
393 1930 503 1961 vocari
524 1928 620 1962 vides.
668 1930 766 1976 Quod
794 1929 816 1962 fi
831 1929 929 1971 igitur

58 1969 166 2011 usura,
191 1982 262 2013 quae
276 1971 408 2014 priscam
428 1970 636 2004 Centefimam
653 1972 724 2014 plus
743 1980 852 2012 quarta
863 1979 929 2011 par-

60 2021 92 2046 te
108 2013 293 2055 exsuperat,
323 2014 390 2054 ejus
416 2021 518 2046 tamen
547 2015 682 2046 retincat
700 2023 836 2052 nomen,
861 2014 929 2053 jure

59 2064 179 2096 quanto
196 2055 320 2087 meliori
338 2065 393 2093 ea,
424 2064 495 2094 quae
518 2054 638 2087 semisse
652 2063 775 2087 tantum
795 2064 858 2086 uno
874 2063 929 2086 ex-

60 2096 170 2129 currit.
197 2095 314 2129 Rursus
331 2107 400 2138 quae
417 2096 594 2128 Centesima
607 2107 670 2129 non
690 2095 736 2128 est
751 2096 930 2129 Centessma

61 2145 167 2175 tamen
181 2138 298 2173 dicitur
323 2139 455 2170 Sidonio
489 2138 585 2180 Epist.
611 2138 739 2171 XXIV.
779 2138 848 2170 Lib.
872 2137 927 2170 IV.

61 2187 134 2211 nam
151 2187 218 2210 eam
234 2179 314 2211 dicit
331 2179 538 2212 Centesimam
549 2203 560 2219 ‚
587 2191 646 2222 qziae
662 2186 716 2220 per
734 2178 851 2221 bilustre
863 2185 929 2220 pro-

62 2220 150 2252 duc‘ta
171 2227 278 2260 tempus
298 2224 409 2252 moduni
426 2221 518 2262 sbi-tis
541 2224 579 2253 ad
595 2222 713 2262 duplam
728 2224 825 2253 auxit.
850 2221 931 2253 Vult

62 2261 161 2303 igitur
176 2261 327 2294 octennis
344 2261 551 2295 Centefiinacr.
566 2263 686 2295 usuram
700 2262 777 2295 sorti
793 2263 908 2304 aequari
918 2286 929 2302 ‚

62 2312 159 2344 quum
169 2312 272 2335 tamen
283 2303 382 2334 desint
389 2303 490 2335 adbuc
499 2314 633 2346 quatuor
647 2304 775 2336 menses.
793 2304 932 2336 Notavit

62 2345 96 2378 id
110 2345 263 2391 josephus
276 2345 414 2386 Scaliger
431 2346 464 2376 de
475 2356 504 2377 re
520 2348 698 2380 Nznnmczria
710 2352 741 2387 p.
755 2356 804 2388 23.
818 2346 933 2378 similes

62 2386 244 2418 lDCUtIOssCS
256 2401 323 2416 κατα
344 2400 370 2415 το
385 2396 472 2415 κανων
486 2390 558 2419 κατὰ
574 2395 628 2419 aut
639 2389 706 2416 aaran*
717 2389 744 2418 τὶ
761 2392 828 2420 ν’,τῖω
838 2388 870 2419 jn
887 2397 933 2419 re-

63 2428 121 2460 bus
133 2451 143 2467 ,
153 2437 222 2469 quse
232 2437 366 2459 numero
376 2452 385 2466 ‚
398 2429 536 2469 pondere
547 2430 577 2461 ἃ
589 2428 730 2460 mensura
740 2428 899 2467 constant,
910 2428 933 2460 i-

62 2469 133 2508 dem
149 2469 270 2502 abunde
280 2470 396 2501 exaliis
406 2470 590 2503 observavit
602 2476 636 2511 p.
647 2480 696 2502 21.
709 2480 759 2502 22.
773 2479 823 2512 23.
836 2469 931 2510 &²24

633 2560 990 2598 CAPUT

975 76 1017 131 1..
1070 95 1282 138 LEcTA,
1335 95 1430 132 cip.
1461 96 1542 132 vii.
1574 97 1673 132 viii.
1798 106 1833 129 ιε

1019 175 1176 220 Quinimo
1193 184 1233 206 eo
1259 184 1357 216 usque
1377 176 1545 212 animm-1<
1566 176 1752 209 Centcfimae
1778 173 1840 215 ipsc

974 217 1087 248 Aniani
1107 227 1180 249 aevo
1197 216 1323 247 videtui·
1342 217 1526 256 invaluisse,
1551 226 1583 249 ut
1602 218 1639 250 sit
1654 216 1845 250 verosimile,

974 267 1041 290 cam
1069 261 1095 287 ch
1117 260 1209 290 πλέες]
1233 267 1291 299 pro
1319 257 1426 297 usui-a,
1457 269 1521 291 non
1539 259 1691 291 duntaxat
1710 257 1845 309 gravissi-

975 309 1046 339 ma,
1070 300 1121 332 sed
1138 301 1168 332 ὅς
1186 299 1336 340 simplici,
1362 299 1454 332 fuilsc
1473 307 1647 340 acceptam.
1693 300 1802 333 'lestis
1814 311 1830 329 c

975 342 1022 374 sto
1044 341 1108 383 ipse
1126 341 1285 379 Amanus,
1308 342 1382 373 dum
1411 342 1447 373 ad
1474 342 1560 373 Pauli
1581 341 1712 373 Sentent.
1740 342 1780 373 L.
1803 340 1826 371 ll

977 384 1011 415 T.
1035 393 1083 424 14.
1112 383 1142 424 §.
1173 393 1200 414 1.
1230 383 1274 413 itu
1302 391 1556 414 commentatur:
1592 383 1717 414 Pastum
1735 384 1844 413 nicilum

972 427 1099 464 dicitur,
1116 424 1146 464 si
1163 426 1259 456 cautio
1278 426 1414 456 creditori
1432 436 1450 456 a
1467 426 1590 456 debitore
1602 448 1612 461 ‚
1633 427 1666 456 in
1683 435 1739 465 qna
1755 424 1838 455 CEN-

973 476 1121 499 TESIMAS
1136 466 1172 508 st:
1186 466 1350 507 julium-nin
1376 465 1506 507 promisit
1525 491 1534 505 ,
1564 465 1628 505 stne
1647 465 1841 507 stipulacione

967 508 1035 549 sint.
1082 508 1141 540 Pei·
1175 506 1349 546 Cemefiznas
1375 510 1547 550 improprie
1575 508 1627 539 liic
1653 508 1757 539 usuras
1782 505 1844 537 cll'e

972 550 1193 591 intelligendas
1221 560 1315 581 nenio
1341 560 1404 582 non
1432 550 1537 589 videt,
1561 559 1634 582 cum
1653 559 1694 581 cic
1712 549 1812 581 Paulo
1833 570 1843 586 ,

971 601 1064 633 quem
1093 593 1318 633 interpretatur
1339 614 1349 627 ,
1381 601 1447 624 tum
1472 602 1511 623 cx
1535 591 1639 624 verbis
1662 591 1774 623 Aniani
1800 588 1843 621 se-

972 633 1160 674 quentibus,
1184 634 1236 665 ubi
1256 634 1438 674 simpliciter
1458 632 1564 665 usuras
1581 633 1679 672 dicit,
1697 642 1773 675 quas
1783 632 1846 663 hoc

972 675 1048 707 loco
1076 674 1269 707 Centesiirias
1293 677 1426 707 dixerat.
1481 674 1592 707 Latius
1622 675 1723 707 adhuc
1744 684 1779 705 ca
1797 674 1842 705 lo-

972 717 1086 758 quutio
1104 726 1216 758 vagata
1231 717 1291 756 cst,
1317 727 1416 758 neque
1432 717 1515 749 enim
1535 718 1599 749 alio
1618 716 1708 749 sensu
1725 716 1842 747 intelli-

971 759 1105 799 gendum
1125 782 1134 797 ,
1167 760 1252 800 quod
1279 760 1411 790 truditur
1438 760 1469 790 in
1503 760 1534 790 C.
1564 769 1594 799 4.
1631 758 1722 800 Cuaff.
1748 757 1839 790 XIV.

973 799 1081 847 Qcaest.
1101 800 1155 832 IV.
1203 802 1236 831 Si
1261 803 1324 842 quis
1346 826 1353 832 .
1381 826 1387 832 .
1417 826 1423 832 .
1450 825 1457 832 .
1480 800 1707 833 CizN‘rEsIMAs
1739 809 1839 841 exege-

971 853 1032 882 rit,
1057 848 1109 874 ant
1134 852 1171 873 ex
1188 843 1311 883 quolibet
1328 844 1442 884 negotio
1461 849 1542 882 rursm
1561 843 1673 873 lucrum
1688 840 1841 883 quaeficric,

971 891 1024 917 aut
1049 908 1056 915 .
1080 908 1087 915 .
1145 908 1152 915 .
1178 884 1279 926 aliqua
1301 884 1669 925 i‘iicresiiencasusceperit,
1695 886 1728 915 cle
1743 885 1841 925 gradu

961 927 1016 968 flio
1042 924 1167 967 dejectus
1184 949 1193 964 ,
1225 927 1339 956 alienus
1364 926 1506 957 habentur
1529 936 1547 957 a
1563 926 1655 958 Clero.
1702 925 1840 957 Centesi-

972 977 1036 1000 mas
1063 970 1094 999 &t
1117 966 1188 997 heic
1212 966 1392 1007 proniscue
1416 977 1473 1007 pro
1502 967 1602 999 usui-is
1618 967 1720 1008 accipi
1738 968 1842 1008 palam

970 1009 1033 1041 cst:
1065 1017 1135 1040 nam
1165 1010 1374 1047 inci-emenia,
1405 1009 1520 1039 ibidem
1542 1017 1743 1047 memorata,
1776 1007 1842 1040 nori

972 1051 1043 1083 sunt
1074 1049 1228 1091 [implices
1252 1051 1352 1082 usuroe
1375 1050 1532 1091 (alioquin
1559 1050 1752 1083 Centefimas
1770 1059 1842 1092 pro-

971 1093 1038 1134 prie
1058 1092 1155 1124 diCtas
1181 1092 1361 1133 intelligere
1381 1089 1504 1133 poll'es)
1530 1091 1581 1123 scd
1597 1091 1782 1124 munuscula
1798 1092 1844 1123 di-

970 1133 1048 1166 verfi
1065 1133 1208 1175 generis,
1231 1133 1296 1165 sive
1315 1134 1498 1165 abundantia
1519 1133 1573 1165 illa
1586 1157 1596 1173 ,
1627 1133 1717 1174 cujus
1735 1133 1843 1165 memi-

968 1176 1017 1208 nit
1050 1175 1082 1206 C.
1111 1185 1141 1216 3.
1178 1173 1286 1220 Qnast.
1311 1177 1435 1215 praeced.
1461 1173 1581 1206 Donum
1609 1185 1713 1207 munus
1729 1175 1809 1207 illud
1831 1198 1841 1213 ,

969 1217 1055 1259 quod
1074 1216 1167 1249 Alex.
1184 1222 1336 1250 bever-um
1355 1215 1509 1248 sustuliss'e
1526 1215 1625 1249 refert
1644 1216 1843 1258 Lampridius

968 1260 999 1291 in
1016 1260 1079 1301 ejus
1097 1258 1177 1290 Vita
1208 1259 1280 1299 Cap.
1302 1258 1393 1290 XVI.
1448 1257 1547 1301 Quod
1573 1268 1639 1291 non
1661 1259 1788 1299 quidem
1809 1267 1841 1289 e-

968 1309 1017 1332 rat
1034 1299 1142 1341 usura,
1169 1300 1218 1333 sed
1237 1300 1285 1340 id,
1312 1299 1397 1342 quod
1408 1300 1583 1332 creditores
1597 1310 1615 1332 a
1630 1300 1843 1338 debitoribuS,¹

968 1341 1180 1384 sportularum
1209 1343 1338 1375 nomine
1356 1364 1369 1381 ,
1400 1341 1629 1383 stipulabantur
1644 1343 1676 1375 in
1696 1341 1841 1374 fraudem

968 1384 1069 1426 legis,
1091 1382 1280 1416 severiffime
1297 1384 1336 1415 iis
1352 1384 1383 1416 &
1401 1393 1419 1415 a
1434 1382 1609 1424 justiniano
1635 1384 1840 1416 interdictum

968 1426 1002 1458 in
1034 1426 1054 1457 l.
1082 1428 1133 1457 26.
1166 1426 1194 1467 §.
1230 1436 1257 1458 1.
1292 1426 1324 1457 C.
1366 1426 1400 1456 de
1429 1425 1505 1466 usur.
1559 1424 1707 1467 Denique
1733 1426 1764 1458 &
1791 1426 1839 1458 lo-

969 1474 1120 1508 quentem
1137 1467 1298 1499 audiamus
1318 1466 1514 1501 Ambrosium
1534 1467 1567 1499 in
1586 1468 1657 1508 Cap.
1676 1468 1731 1499 ult.
1754 1467 1838 1510 Caufi

968 1509 1061 1542 XIV.
1089 1508 1198 1560 Quaest.
1216 1509 1272 1542 IV.
1299 1534 1306 1541 .
1332 1533 1339 1540 .
1366 1533 1373 1540 .
1401 1510 1455 1541 Cui
1471 1510 1539 1551 jure
1554 1509 1728 1550 inferuntur
1745 1513 1843 1549 arma,

967 1552 1035 1583 huic
1052 1551 1193 1593 legitimae
1212 1552 1386 1583 indicantur
1404 1550 1513 1592 usurae:
1551 1561 1634 1592 quem
1650 1551 1720 1583 bello
1738 1552 1840 1582 vince-

968 1603 1000 1624 re
1015 1603 1075 1624 non
1089 1599 1192 1636 potes,
1213 1594 1247 1625 de
1264 1593 1314 1624 hoc
1332 1593 1390 1624 cito
1403 1598 1485 1633 potes
1503 1590 1714 1625 CENTESIMA
1741 1594 1843 1624 vindi-

969 1644 1036 1666 care
1052 1640 1090 1666 te.
1135 1634 1226 1667 Tota
1239 1633 1395 1667 Ambrosii
1413 1634 1604 1666 declamatio
1622 1637 1655 1667 in
1673 1643 1789 1676 genere
1797 1633 1844 1668 est

969 1683 1084 1708 contra
1105 1676 1250 1716 usuram,
1272 1685 1384 1718 quam,
1407 1676 1461 1708 ubi
1479 1682 1583 1708 tamen
1597 1686 1663 1709 non
1680 1677 1726 1708 est
1741 1676 1845 1708 inten-

971 1718 1019 1750 tio
1036 1719 1154 1759 maior,
1180 1718 1390 1751 Centefimam
1407 1725 1580 1759 nuncupat.
1624 1717 1732 1760 Atque
1747 1717 1792 1749 ita
1801 1717 1845 1750 sa*

970 1760 1012 1792 tis
1034 1758 1189 1802 superque
1217 1760 1386 1802 probatum
1405 1760 1450 1791 est
1458 1781 1470 1798 ‚
1492 1759 1561 1801 ipso
1582 1758 1655 1799 usu,
1680 1768 1773 1801 quem
1790 1768 1844 1800 pe-

968 1811 1024 1834 nes
1053 1802 1218 1835 arbitrium
1244 1802 1310 1842 est,
1342 1802 1373 1834 &
1389 1801 1439 1833 vis
1452 1823 1464 1840 ,
1488 1801 1518 1833 ἃ
1537 1811 1649 1833 norma
1666 1800 1844 1843 loquendi,

969 1843 1216 1885 appellationem
1242 1843 1430 1876 Centefimae
1454 1843 1652 1884 populariter
1678 1843 1708 1875 ἅ
1724 1843 1762 1874 ad
1775 1841 1847 1874 usu-

970 1894 1035 1918 ram
1050 1885 1196 1927 produci.
1250 1886 1382 1932 Quanto
1411 1885 1509 1925 magis
1524 1885 1651 1925 itaque,
1677 1885 1708 1916 δε
1725 1885 1753 1913 «ἐν
1770 1885 1844 1913 δυνά-

971 1929 1006 1964 iud
1033 1932 1080 1960 τῆς
1101 1931 1181 1965 φωνῆς
1207 1927 1245 1960 ad
1271 1927 1393 1959 usuram
1414 1926 1556 1958 omnium
1575 1927 1744 1958 maximam
1761 1926 1844 1967 apud

972 1968 1147 2009 Amanum,
1180 1970 1211 2002 &
1233 1969 1393 2010 reliquos,
1424 1977 1522 2010 quum
1543 1967 1587 1999 ita
1603 1967 1753 2000 vocabuli
1792 1976 1843 1999 ro-

971 2011 1088 2053 prietas
1105 2011 1175 2053 plus
1194 2018 1318 2043 maneat
1333 2009 1413 2043 sarta
1432 2009 1539 2042 testa?
1564 2009 1708 2041 Tantum
1723 2009 1763 2041 de
1808 2018 1844 2040 ο-

973 2062 1136 2085 manorum
1150 2077 1160 2092 ,
1193 2053 1224 2085 &
1248 2052 1319 2094 post
1348 2052 1428 2084 hanc
1447 2050 1694 2093 Bysantinorum
1716 2050 1846 2082 Gotho-

971 2103 1106 2136 rumque
1127 2094 1321 2135 Centefima,
1354 2093 1441 2135 quod
1457 2093 1608 2124 omittere
1625 2102 1728 2135 neque
1747 2101 1797 2124 res
1818 2092 1842 2123 i-

971 2135 1025 2178 psa
1041 2158 1052 2174 ,
1082 2146 1184 2178 neque
1211 2135 1393 2177 praescripta
1420 2134 1514 2177 Legis·
1543 2131 1644 2174 nostrae
1658 2133 1756 2167 verba
1773 2143 1843 2175 per-

973 2178 1146 2210 mittebant
1163 2177 1246 2210 satis.
1292 2177 1461 2218 Postquam
1478 2177 1546 2207 haec
1562 2175 1742 2217 scripseram
1762 2184 1846 2207 anno

977 2223 1069 2260 1697.
1103 2219 1152 2252 Cl.
1179 2219 1294 2251 Noodt
1316 2228 1399 2251 anno
1424 2217 1567 2259 sequenti
1593 2218 1693 2250 edidit
1710 2217 1845 2250 Librum

974 2261 1013 2293 de
1029 2261 1145 2293 Foenore
1163 2260 1200 2296 ὃ)
1224 2261 1328 2302 usuris.
1351 2259 1460 2302 ibique
1481 2258 1522 2290 L.
1541 2257 1583 2290 II.
1610 2259 1643 2292 C.
1661 2270 1691 2292 2.
1715 2258 1846 2290 eandem

975 2303 1163 2336 sententiam
1189 2303 1228 2334 de
1252 2302 1421 2334 centesima
1437 2301 1539 2332 veteri
1557 2300 1666 2340 aucta,
1694 2301 1724 2332 &
1740 2308 1846 2331 tamen

976 2344 1164 2377 Centefimae
1194 2353 1312 2376 nomen
1343 2343 1502 2375 retinente
1520 2365 1530 2381 ,
1573 2341 1721 2384 expreffit
1737 2363 1749 2380 ,
1794 2341 1849 2373 iis-.

975 2386 1047 2418 dem
1070 2385 1139 2418 fere
1162 2386 1340 2418 rationibus
1364 2383 1459 2424 usus,
1494 2382 1607 2424 quibus
1630 2382 1697 2425 ipse
1718 2381 1791 2415 usus
1813 2391 1845 2413 e-

976 2437 1052 2461 ram.

1092 2560 1265 2597 VIII.

74 2662 78 2665 ·
117 2651 331 2696 Convenitque
356 2652 442 2685 inter
466 2662 540 2694 nos,
565 2652 615 2686 uti
639 2659 694 2696 pro
720 2650 844 2686 Maevio
870 2661 911 2684 ex
929 2648 1061 2696 sumnia
1080 2647 1308 2695 suprascripta
1344 2645 1519 2695 menstruos
1546 2644 1719 2692 refundere
1745 2645 1799 2680 de-

74 2701 80 2705 '
378 2702 469 2736 heum
493 2701 640 2735 denarios
665 2708 826 2743 trecenos,
854 2711 896 2734 ex
923 2700 1008 2735 omni
1025 2697 1156 2746 summa
1181 2699 1233 2742 ei,
1258 2697 1417 2733 haeredive
1443 2699 1525 2743 ejus.

67 2796 321 2879 Convenitque
336 2799 415 2828 imei-
431 2808 499 2830 nos:
522 2798 615 2830 Binas
639 2797 856 2839 stipulationes
875 2806 928 2828 ex-

68 2875 89 2911 B
171 2846 250 2878 cipit
269 2837 470 2879 ConventiO,
495 2840 624 2871 tertium
646 2840 813 2872 Cautionis
832 2849 928 2871 mem-

91 2891 171 2911 suin.

110 2919 368 2965 Conventionem
398 2921 476 2953 hanc
498 2921 591 2953 fuiffe
614 2923 746 2962 nudam,
776 2923 806 2955 &
823 2923 932 2954 incon-

70 2962 183 2999 tinenti
199 2960 450 3001 stipulationibus
465 2963 599 3003 juncum
619 2965 736 2997 indicat
760 2964 833 2996 satis
852 2963 932 2996 infe-

70 3004 135 3035 rior
152 3002 238 3034 Pauli
255 3001 434 3043 disputatio.
480 3002 531 3034 De
552 3008 585 3040 τῳ*
602 3006 798 3038 incontinenti
818 3005 935 3047 pac‘tio-

70 3045 119 3076 nis
135 3042 301 3085 proposltae
318 3044 459 3076 dicemus
485 3044 516 3075 C.
541 3045 584 3077 X.
630 3046 689 3078 Sed
706 3058 744 3080 an
761 3048 934 3078 convenien-

72 3087 102 3116 (Ιὲ
127 3084 256 3115 verbum
285 3094 341 3125 per
364 3085 395 3116 se
421 3086 537 3117 nudum
566 3086 688 3127 paCtum
704 3096 832 3128 arouat,
857 3088 938 3120 acris

73 3126 117 3158 est
131 3125 308 3157 Doctorum
326 3127 493 3158 contentio
509 3127 592 3165 heic,
623 3129 653 3161 ὰ
675 3130 712 3161 ad
731 3114 826 3161 {alm
844 3129 884 3170 ff,
904 3131 938 3161 de

973 2797 1006 2828 in
1030 2796 1051 2828 Z.
1079 2805 1104 2828 1.
1131 2794 1160 2837 §.
1185 2806 1217 2838 3.
1235 2794 1276 2837 ff.
1305 2795 1338 2826 de
1357 2793 1438 2836 past.
1490 2793 1700 2825 Conventz‘onis
1715 2792 1849 2829 verbum,

975 2838 1100 2879 inquit,
1122 2839 1259 2880 generale
1278 2834 1338 2877 est,
1362 2837 1400 2867 ad
1419 2837 1517 2866 omnia
1540 2835 1708 2875 pertinens,
1733 2834 1766 2863 de
1784 2833 1847 2874 qui-

976 2882 1025 2911 bus
1042 2880 1155 2922 negotii
1171 2878 1362 2910 contrahendi
1374 2899 1386 2915 ,
1420 2875 1656 2918 tranfigendique
1682 2873 1770 2915 causa
1785 2882 1850 2906 con-

967 2922 1125 2964 sentiunt,
1146 2922 1197 2962 qni
1215 2922 1294 2951 inter
1306 2919 1342 2960 se
1359 2924 1466 2960 agunt.
1511 2919 1554 2950 Et
1575 2916 1646 2958 post
1665 2915 1846 2957 grammati-

977 2973 1044 2995 cam
1060 2962 1188 3004 potius,
1219 2970 1311 3002 quam
1337 2959 1502 3000 juridicam
1519 2961 1553 2989 τί
1572 2958 1729 2989 convenire
1745 2956 1849 2988 obser—

977 3005 1140 3036 vationem
1169 3003 1353 3043 explicitam
1375 3023 1386 3038 ,
1416 3001 1461 3031 ita
1487 2999 1616 3041 pergit:
1649 2998 1732 3030 Adeo
1755 3000 1856 3029 autem

979 3045 1182 3077 conventionis
1207 3053 1309 3074 nomen
1336 3041 1473 3084 generale
1492 3039 1550 3082 eft,
1583 3046 1616 3071 αῖ
1636 3039 1788 3082 eleganter
1806 3041 1850 3071 di-

980 3093 1029 3118 cat
1047 3086 1178 3123 Pedius,
1210 3085 1325 3116 nulium
1351 3082 1402 3124 effe
1427 3083 1631 3120 contractum,
1654 3081 1767 3112 nullam
1782 3081 1851 3112 ohli-

981 3129 1152 3172 gationem,
1174 3136 1234 3167 quae
1250 3135 1307 3156 non
1326 3125 1435 3156 habeat
1461 3125 1493 3155 in
1502 3123 1536 3165 se
1555 3124 1774 3154 conventionem
1793 3122 1855 3154 &e

74 3168 117 3199 V.
134 3168 184 3210 vO.
230 3165 307 3199 Non
335 3167 430 3199 facile
455 3167 591 3207 errabit,
615 3171 670 3210 qui
691 3171 883 3212 Ulpianum,
906 3179 942 3202 ca
985 3172 1066 3203 Sane
1086 3167 1262 3209 elegantior
1280 3165 1446 3205 definitio,
1469 3174 1561 3206 quam
1578 3164 1634 3195 illa
1651 3163 1735 3195 Pedii
1757 3163 1854 3195 &Ul-

72 3209 110 3241 01'0
136 3218 170 3241 1⁷0
196 3213 385 3248 *ϋνμϋπκῡς
413 3208 634 3250 disserentem,
666 3211 779 3244 ducem
802 3211 942 3252 sequitur
986 3211 1091 3253 piani,
1123 3211 1180 3241 vix
1203 3209 1269 3246 est,
1299 3215 1336 3239 ut
1363 3207 1428 3239 dari
1457 3213 1570 3248 queat,
1593 3204 1866 3246 quicquidlnterffl

1217 3249 1246 3281 C
1266 3260 1289 3292 3¹
1790 3254 1856 3286 pre-
