2008 3436
193 114 263 140 202
462 105 490 142 C
516 106 548 143 O
574 106 607 142 R
633 107 670 144 N
696 107 725 144 E
750 108 779 143 L
803 109 819 143 1
843 109 859 144 Ι

184 184 359 224 penderit?
384 193 567 227 recuperata
593 188 737 227 minimi,
763 198 802 220 an
827 189 955 221 maximi
981 198 1049 230 pre-

183 225 226 255 tii
252 224 400 258 fuerint?
424 227 478 260 Sin
498 236 602 260 autem
625 228 803 268 existimes,
824 240 934 262 eorum
952 231 1051 262 omni-

190 274 245 297 um
264 265 501 300 :estimationem
519 269 580 300 effe
603 271 681 301 adeo
699 271 869 310 incertam,
895 281 930 303 ut
951 272 989 303 de
1006 271 1053 303 his

184 306 246 338 >diu
271 308 468 350 multumque
492 311 676 351 litigandum
698 310 793 350 esset,
817 322 938 354 repono
955 336 965 351 ,
989 321 1053 344 non

189 348 293 380 minus
318 348 372 381 diu
390 352 584 392 multumque
609 352 725 393 litigari
743 352 849 393 posse,
874 355 904 385 ἃ
921 352 1001 395 saepe
1016 354 1051 384 li-

191 389 323 430 tigatum
351 391 413 423 esse
436 393 474 424 de
491 393 595 432 pretio
616 393 744 424 navium
773 394 803 425 &
826 396 1000 432 mercium,
1023 394 1052 426 &

191 431 267 471 quid
292 440 334 463 ex
358 433 405 465 his
422 433 644 465 detrahendum
662 433 719 472 fit,
741 434 921 477 priusquam
941 445 1051 467 verum

188 473 324 512 pretium
341 473 410 505 iniri
426 475 529 515 possit.

202 517 206 524 “
230 514 291 545 Sed
308 524 384 556 age,
404 515 426 547 fi
443 516 564 556 placeat
581 524 700 557 partem
716 516 805 556 dare,
820 523 940 558 partem
958 517 1046 558 dato,

186 562 252 586 non
279 565 383 588 autem
411 566 468 597 pro
494 556 589 588 modo
619 559 792 597 temporis,
816 568 878 599 quo
897 569 944 591 res
965 561 1047 600 apud

180 594 308 628 hostem
331 595 419 636 fuit,
451 596 502 629 sed
536 607 595 638 pro
624 599 720 630 modo
748 600 875 640 impensi
902 600 1017 632 laboris
1040 625 1050 641 ‚

188 638 449 677 quemadmodum
479 638 509 670 &
535 639 566 670 in
593 638 663 671 aliis
689 640 780 672 rebus
805 650 881 672 recu
906 643 999 673 eratis
1014 643 1051 674 ad

189 687 300 718 operas
318 679 347 710 ἃ
364 679 517 720 impensas
536 679 615 711 solet
635 681 764 713 attendi.
810 683 864 714 Sic
909 693 948 715 ex
966 684 1051 715 Rho-

186 719 238 750 dia
261 720 298 750 iis
317 743 326 758 ‚
353 720 404 760 qui
432 720 629 762 naufragium
656 721 816 755 servarunt
833 747 843 762 ‚
875 725 1052 756 mercedem

188 760 294 798 dedit,
319 761 349 792 &
370 770 427 802 pro
443 762 586 793 mercede
600 772 720 803 partem
737 763 911 806 naufragii,
938 766 986 797 sed
1002 776 1052 797 va-

186 801 263 833 riam
280 810 336 842 pro
353 802 449 834 modo
468 803 597 845 impensi
615 804 747 844 laboris,
765 812 799 836 ut
815 807 861 838 est
874 807 954 847 apud
976 807 1054 839 Har-

190 842 397 883 menopulum
433 852 520 881 Πρρχ.
546 845 586 876 L.
620 844 655 876 lI.
690 845 723 877 T.
751 855 799 877 11.
825 848 852 889 §.
882 853 929 882 18.
955 849 986 880 ἀ
1008 848 1053 880 se-

187 883 326 916 cundum
359 885 428 917 haec
453 886 645 927 interpretor
667 887 714 918 het
740 889 855 930 redelyk
889 891 1022 932 bergloon
1043 912 1055 928 ,

188 925 274 966 quod
300 926 356 965 iis,
383 927 437 968 qui
465 937 514 959 res
536 927 699 969 naufragas
721 927 884 962 servarunt
902 954 913 970 ,
937 931 1052 963 consti-

187 966 252 997 tuit
280 966 384 1000 Maria
410 968 577 1010 Burgunda
602 969 631 1001 in
656 969 684 1010 §.
710 980 759 1010 24.
786 970 850 1003 LL.
878 982 952 1013 quas
971 971 1052 1003 Hol-

190 1007 290 1039 landis
308 1009 337 1040 ὅ(
354 1009 499 1042 Zelanclis
520 1010 606 1042 dedit
628 1020 674 1051 14.
692 1009 781 1043 Nov.
803 1017 892 1053 1476.
919 1012 1050 1046 Naufra-

187 1048 231 1089 gii
251 1058 376 1090 quoque
395 1049 507 1083 servati
527 1059 630 1092 partes
652 1052 762 1084 tribuit
780 1052 945 1093 Edictum,
969 1054 1052 1095 quod

190 1098 240 1129 15.
266 1091 345 1131 Maj.
373 1100 461 1132 1574.
496 1092 636 1134 Philippi
658 1093 697 1125 II.
722 1095 849 1126 nomine
881 1096 1052 1128 Wilelmus

193 1131 350 1173 Orangius
374 1133 490 1173 edidit,
517 1134 547 1166 ὅ(
573 1133 653 1176 saepe
681 1135 829 1177 deinceps
847 1158 859 1175 ,
889 1137 1053 1169 noviffime

186 1180 293 1204 autem
310 1174 480 1214 repetitum
497 1174 543 1207 est
563 1186 592 1208 2.
618 1176 693 1217 Apr.
721 1180 810 1218 1676.
835 1177 916 1219 (12)
933 1177 984 1210 sed
1001 1178 1053 1209 tri-

187 1212 258 1245 buit
275 1213 426 1247 servatori
444 1217 576 1257 maiores
591 1217 686 1249 etiam
699 1226 801 1259 partes
812 1241 822 1257 ,
839 1229 931 1260 quam
947 1219 989 1250 ibi
1003 1228 1057 1250 ex-

191 1254 301 1295 preffae
332 1255 421 1295 sunt,
447 1256 468 1289 fi
495 1267 609 1298 nempe
629 1258 701 1298 plus
726 1268 893 1299 operarum
918 1261 949 1292 ὅ(
976 1259 1056 1292 surn-

189 1304 302 1337 ptuum
319 1297 456 1329 fecerint
474 1299 652 1330 navarchae.
698 1299 746 1330 Ad
763 1300 832 1331 haec
842 1302 938 1332 etiam
957 1300 1056 1341 respe-

189 1337 267 1369 xiffe
287 1338 400 1378 opinor
428 1338 562 1371 Ordines
587 1339 789 1380 Hollandiae,
813 1351 886 1373 cum
918 1352 967 1374 22.
992 1342 1053 1382 Jul.

195 1382 284 1419 1677.
310 1378 391 1420 (13)
410 1378 643 1414 constituerunt
656 1391 707 1413 een
723 1383 840 1426 redelyk
857 1384 1009 1427 hergloon,
1033 1382 1056 1416 fi

925 119 1032 146 VAN

801 1494 1163 1533 CAPUT

1094 110 1700 151 BYNKERSHOEK

1092 191 1162 233 quis
1189 191 1294 233 ligna,
1316 201 1385 233 quae
1410 191 1473 224 fine
1495 192 1622 226 custode
1646 195 1677 227 ὅ(
1695 204 1797 238 prono
1822 198 1946 237 flumine

1091 240 1220 272 natant,
1243 232 1382 265 deferret
1398 234 1436 265 ad
1457 233 1582 276 Corpus
1605 235 1844 280 Lignariorum‚
1867 246 1948 283 quod

1095 272 1290 306 Dordrechti
1319 273 1375 306 est.
1421 273 1498 307 Non
1521 275 1717 318 distinguunt
1744 280 1806 312 illae
1833 282 1950 325 Leges,

1095 316 1243 355 quamdiu
1268 325 1316 347 res
1341 315 1498 357 naufragae
1524 317 1624 350 &illa
1646 319 1730 360 ligna
1746 324 1901 363 natarint,
1921 327 1951 360 δε

1094 356 1128 388 in
1142 356 1294 396 potestate
1310 357 1440 389 marium
1450 379 1461 395 ,
1476 356 1639 391 fluminum
1659 361 1689 392 ὅ(
1702 370 1868 397 ventorum
1883 366 1952 399 fue-

1094 397 1158 428 rint
1169 419 1181 435 ,
1203 406 1239 429 ut
1253 408 1312 430 nec
1328 398 1392 429 ulla
1407 398 1474 438 ejus
1491 397 1699 433 distinctionis
1720 402 1767 435 est
1782 406 1882 447 ratio,
1901 407 1952 441 sed

1094 448 1135 470 ex
1147 437 1289 470 boniviri
1310 439 1440 471 arbitrio
1456 441 1662 473 constituitur
1677 452 1798 477 merces
1813 456 1871 488 pro
1887 459 1953 481 mo-

1989 4 1993 21 i

1988 40 1992 56 0

1976 103 1979 117 χ
1996 93 1997 112 l

1985 202 1987 209 i

1091 480 1133 511 do
1151 489 1255 520 operae
1272 478 1302 512 δ(
1320 479 1486 526 impensae3
1508 491 1609 523 neque
1632 484 1724 516 aliter
1740 494 1819 526 puto
1840 489 1953 522 consti·
1992 481 1994 491 *

1092 521 1241 552 tuendum
1260 520 1321 552 effe
1340 530 1373 552 in
1395 524 1587 563 recuperatis
1610 524 1648 556 ab
1670 525 1758 558 hoste
1777 529 1807 561 ὅ(
1822 531 1955 565 navibus

1091 563 1121 594 &
1147 562 1312 593 mercibus.

1136 603 1215 634 Sane
1237 604 1268 635 in
1292 602 1409 649 Libr0‚
1433 605 1485 644 qui
1504 605 1684 640 inscribitur
1705 610 1875 651 Consulatus
1891 623 1952 646 ma-

1093 645 1157 682 ris,
1182 644 1215 675 C.
1241 649 1311 685 287.
1337 653 1401 683 ita,
1427 653 1462 677 ut
1478 647 1572 679 modo
1595 649 1755 690 dicebam,
1779 662 1827 684 res
1847 654 1955 688 defini-

1094 694 1126 717 ta
1144 684 1207 716 est:
1230 695 1300 716 nam
1325 685 1370 723 is,
1395 686 1447 726 qui
1475 696 1586 720 navem
1608 690 1637 722 &
1651 700 1730 724 onus
1746 693 1783 724 ab
1798 693 1888 727 hoste
1907 705 1955 728 re-

1096 726 1260 767 cuperavit
1271 748 1281 771 ,
1298 725 1424 766 iubetur
1443 737 1554 760 navem
1575 731 1603 762 ὅ(
1622 740 1701 764 onus
1718 733 1880 767 restituere
1894 738 1956 777 pri·
2004 743 2005 746 ’

1096 767 1179 799 stino
1197 768 1347 805 domino,
1370 766 1457 798 salvo
1477 775 1579 801 tamen
1591 770 1767 813 sei-vaticio,
1789 776 1883 816 idque
1898 776 1956 810 ser-
2004 791 2005 795 ¹

1096 809 1270 846 vaticium,
1296 815 1331 839 ut
1350 808 1465 848 justum
1482 809 1519 841 fit
1532 833 1542 850 ‚
1567 811 1772 846 constituitur
1786 825 1845 856 pro
1861 819 1956 852 modo

1097 860 1202 892 operae
1232 850 1262 882 ὅς
1288 848 1455 890 impensae,
1480 851 1511 884 in
1539 857 1807 895 recuperationem
1835 857 1925 892 fastae
1940 884 1954 901 ,

1097 891 1257 932 praeterita
1285 891 1371 922 omni
1402 891 1621 933 distinctione,
1644 897 1794 936 quamdiu
1823 900 1910 932 navis
1923 911 1956 933 o-

1095 942 1217 974 nusque
1238 933 1270 963 in
1287 932 1443 972 potestate
1466 932 1602 966 hostium
1618 934 1749 970 fuerint.
1793 938 1894 972 Reee
1905 951 1955 974 au-

1097 982 1161 1005 tem
1177 974 1220 1005 ibi
1236 973 1380 1011 additur,
1401 983 1467 1005 eam
1486 974 1719 1010 restitutionem
1736 980 1888 1014 duntaxat
1902 983 1959 1016 ob·

1097 1016 1216 1052 tinere,
1239 1013 1259 1046 fi
1281 1015 1370 1046 navis
1385 1015 1523 1047 nondum
1540 1015 1638 1049 fuerit
1653 1019 1784 1053 dedut'ta
1800 1021 1832 1054 in
1850 1022 1957 1057 locum

1096 1064 1222 1094 tutum,
1236 1054 1284 1086 sed
1297 1055 1318 1086 fi
1330 1055 1359 1086 in
1379 1056 1486 1087 locum
1504 1064 1628 1097 tutum,
1651 1059 1794 1094 dominio
1812 1064 1852 1096 fic
1867 1065 1959 1106 plane

1098 1098 1128 1129 ἀ
1147 1098 1239 1138 plene
1255 1098 1284 1128 in
1305 1095 1427 1129 hostem
1446 1098 1616 1138 translato,
1638 1109 1750 1134 navem
1767 1114 1961 1147 mercesque,

1097 1139 1210 1170 deinde
1228 1146 1446 1178 recuperatas,
1469 1148 1509 1171 ex
1529 1140 1589 1172 asse
1604 1146 1817 1184 recuperatori
1838 1147 1959 1181 cedere.

1100 1178 1184 1221 Quae
1201 1179 1340 1219 apprime
1359 1181 1554 1212 conveniunt
1571 1191 1643 1214 cum
1660 1184 1727 1224 his,
1751 1195 1820 1227 quae
1837 1188 1887 1220 hoc
1908 1189 1962 1221 Ca·

1095 1224 1158 1261 pite
1185 1219 1422 1260 disputavimus.
1467 1220 1592 1253 Vellem
1617 1225 1744 1264 omnia,
1765 1237 1834 1268 quae
1854 1229 1886 1260 in
1908 1230 1963 1263 iila

1098 1260 1257 1302 farragine
1274 1260 1393 1302 Legum
1413 1259 1621 1295 Nauticarurn
1635 1267 1853 1306 reperiuntur,
1873 1279 1962 1311 aeque

1097 1303 1197 1375 ¹proba
1210 1301 1305 1374 freftia
1322 1300 1421 1334 effen:
1433 1323 1445 1341 ,
1467 1301 1520 1335 sed
1537 1312 1602 1336 non
1621 1306 1726 1339 omnia
1746 1308 1790 1340 ibi
1810 1308 1882 1343 sunt
1897 1318 1960 1345 tam

1121 1353 1190 1376 onae
1227 1352 1241 1374 r
1264 1352 1284 1384 g
1298 1353 1320 1375 s.

1260 1498 1351 1536 V1.

544 1578 715 1629 ,Quousque
741 1582 935 1618 extendatur
960 1585 1169 1622 immobilium
1190 1585 1351 1634 poffirffio,
1375 1587 1456 1624 hello
1481 1587 1620 1635 quaestta.

192 1673 452 1759 Videndum,
474 1686 545 1710 nam
562 1687 613 1710 res
632 1678 724 1721 digna
743 1678 805 1718 est,
824 1689 989 1722 quousque
1007 1692 1061 1715 ex-

310 1717 455 1749 tendatur
471 1719 681 1752 immobilium
695 1720 837 1761 poffeffio
848 1745 857 1761 ,
876 1722 962 1754 bello
976 1733 1058 1764 quae-

193 1758 270 1797 fita,
294 1759 324 1790 &
352 1768 393 1790 ex
419 1759 605 1800 poss'effione
630 1761 815 1794 dominium.
861 1762 998 1796 Grotius
1024 1768 1058 1797 de

195 1800 273 1842 Jure
296 1798 332 1831 B.
365 1799 401 1835 δὲ)
430 1800 468 1832 P.
495 1801 535 1833 L.
567 1801 623 1834 III.
652 1803 684 1834 C.
708 1806 739 1834 6.
764 1803 793 1843 §.
817 1814 848 1845 4.
873 1805 1058 1847 fimpliciter

193 1841 295 1879 dixit,
319 1850 382 1873 non
403 1842 654 1885 qualemcunque
671 1843 888 1885 poffeffionem
904 1845 1059 1890 sufficere,

188 1883 241 1925 sed
251 1882 391 1922 firmum,
414 1883 500 1924 quod
523 1894 601 1916 mox
625 1886 788 1926 explicat,
803 1886 832 1925 st
850 1897 923 1929 ager
946 1891 1059 1931 mansu-

195 1925 237 1956 ris
264 1925 474 1956 munitionibus
498 1926 543 1956 ita
568 1926 749 1965 includitur,
781 1933 814 1959 ut
835 1929 892 1969 nifi
915 1931 954 1961 iis
972 1937 1060 1972 expu-

197 1965 300 2007 gnatis
312 1965 397 2005 parti
414 1966 502 1998 alteri
513 1967 616 2007 palam
643 1970 741 2000 aditus
756 1979 814 2001 non
824 1968 876 2009 fit.
911 1971 999 2018 Quid
1017 1984 1063 2005 er-

195 2006 266 2048 go?
289 2015 326 2037 an
354 2015 447 2047 capta
470 2007 558 2039 Urbe
586 2009 680 2042 etiarn
698 2019 772 2056 ager
794 2020 905 2053 captus
922 2012 1062 2047 censebi-

196 2046 277 2079 tur?
302 2046 332 2078 ὅ(
359 2049 551 2089 quousque?
574 2050 653 2082 nihil
673 2060 748 2092 quic
773 2061 842 2084 uam
868 2053 906 2085 de
924 2064 963 2085 eo
982 2054 1063 2087 Gro-

199 2088 284 2126 tius3
308 2087 338 2119 δι
364 2096 468 2120 tamen
486 2089 517 2120 in
537 2090 683 2123 locorum
709 2100 751 2132 po
777 2093 943 2127 effionibus
960 2096 990 2128 ἅ
1011 2107 1065 2129 oc-

197 2128 424 2170 cupationibus
453 2129 534 2170 saepe
559 2132 590 2164 id
621 2133 825 2173 quaesrionem
856 2134 949 2169 facit.
1002 2138 1065 2170 Res

196 2169 348 2211 exemplo
366 2169 422 2202 fiet
438 2171 563 2205 clarior.
610 2173 857 2214 Occupaverant
872 2176 986 2210 Franci
1008 2180 1066 2212 Ca-

202 2210 301 2243 salem
329 2211 570 2254 Taurinumque
596 2214 628 2246 in
644 2214 853 2249 Pedemontio
867 2241 877 2258 ,
901 2220 998 2260 pactis
1014 2231 1066 2253 au-

202 2260 267 2284 tem
303 2252 438 2285 induciis
471 2263 665 2288 convenerat
690 2280 701 2295 ,
743 2258 787 2289 uti
817 2260 949 2301 quisque
979 2262 1066 2294 bello

200 2293 395 2336 possidebat,
419 2295 464 2327 ita
485 2296 516 2328 ὅ(
543 2297 739 2330 induciarum
768 2306 912 2341 tempore
938 2303 1067 2343 poffide-

200 2342 262 2368 ret.
308 2334 485 2380 Quaefitum
506 2337 552 2369 est
568 2339 608 2370 de
624 2339 704 2380 agris
720 2340 750 2372 δι
769 2342 875 2383 pagis,
899 2344 953 2383 qui
974 2344 1065 2376 Urbi-

201 2377 259 2409 bus
283 2377 365 2415 illis,
391 2387 466 2418 quas
483 2378 594 2413 Franci
614 2380 786 2419 tenebant,
809 2382 941 2415 obnoxii
960 2394 1065 2418 mune-

202 2427 237 2450 ra
260 2418 290 2451 ἀ
315 2418 495 2452 functiones
520 2421 729 2461 praestabant‚
753 2422 882 2456 Francis
907 2435 946 2457 ue
970 2427 1066 2459 etiam

202 2458 346 2501 tempore
371 2460 447 2493 belli
469 2462 709 2503 praestiterunt?
732 2463 775 2496 Et
799 2463 870 2497 sunt
913 2466 990 2507 Cti,
1012 2468 1067 2510 qui

203 2499 285 2533 hanc
306 2501 429 2534 causam
448 2503 662 2536 definiverunt
681 2513 795 2537 contra
810 2505 970 2547 Francos,
992 2511 1066 2549 quia

202 2540 276 2582 Jure
301 2540 457 2575 Gentium
487 2545 676 2578 dessderatur
693 2546 855 2588 posshffio,
880 2551 1064 2583 naturaliter

204 2582 356 2623 acquisita
368 2605 379 2622 ,
401 2592 503 2624 neque
531 2594 687 2627 occupata
707 2597 776 2627 pars
800 2598 866 2622 non
884 2599 1075 2632 occupatam

203 2624 326 2664 trahit,
350 2625 412 2657 rati
435 2626 556 2666 etiam,
578 2627 708 2660 Francis
736 2637 801 2660 non
828 2631 973 2671 prodesse
995 2642 1074 2673 prae-

206 2665 294 2698 ssitas
320 2665 391 2699 illas
418 2667 595 2700 incolarum
612 2667 810 2708 functiones,
835 2681 932 2711 quum
962 2673 993 2705 ὅ(
1020 2674 1028 2704 i
1054 2673 1075 2706 fi

206 2707 324 2740 incolae
354 2708 448 2740 inviti
480 2709 689 2750 posiideantur
711 2719 728 2742 a
756 2710 892 2743 dominis
911 2711 981 2745 suis.
1045 2722 1075 2746 ta

205 2748 275 2781 fere
294 2748 433 2791 disputat
443 2750 589 2784 Petrinus
602 2751 710 2785 Bellus
718 2751 751 2783 de
769 2751 816 2783 Re
832 2751 971 2785 Militari
986 2755 1074 2788 Part.

208 2790 252 2822 V.
280 2790 313 2822 T.
339 2801 370 2833 3.
392 2801 423 2824 n.
445 2802 475 2833 7.
498 2792 623 2836 &seqq
643 2793 694 2825 cui
713 2791 822 2825 nescio
839 2803 877 2827 an
895 2793 1075 2837 suffragium

209 2830 301 2863 suurn
326 2833 419 2864 addat
444 2834 612 2868 Zoucheus
636 2835 670 2866 de
688 2834 765 2877 Jure
785 2833 896 2867 Fecial.
921 2836 1010 2870 Part.
1032 2838 1074 2871 II.

212 2872 289 2905 Sea.
314 2884 344 2912 9.
369 2873 411 2922 Q.
435 2881 492 2924 48.·.
512 2876 572 2910 Sed
592 2876 665 2909 satis
684 2885 845 2918 perperam
861 2877 987 2918 Bellus,
1010 2889 1075 2911 cer-

211 2921 247 2945 te
263 2914 285 2946 fi
309 2915 348 2947 de
373 2917 511 2950 induens
538 2927 664 2960 agatur,
691 2925 726 2950 ut
746 2917 894 2959 agebatur
914 2919 945 2951 in
963 2928 998 2952 ea
1014 2920 1080 2963 spe-

215 2955 284 2996 cie,
309 2966 404 2998 quum
421 2958 500 2990 illud
519 2959 682 3001 generale,
698 2957 769 2992 UTI
789 2966 1000 3005 Possint-tis,
1018 2963 1079 2994 uti-

211 3005 272 3036 que
298 2998 328 3029 ὅ(
348 2999 430 3038 quasi
448 3000 665 3041 poffeffionem
689 3010 760 3033 com
787 3000 938 3041 leuatur,
958 3003 1075 3036 etiamfi

213 3045 317 3069 veram
339 3049 444 3080 neges.
489 3041 547 3073 Illa
570 3052 676 3076 autem
693 3011 784 3084 quad)
796 3041 940 3083 posseffio
953 3044 1073 3077 consta-

212 3076 267 3108 bat
293 3079 325 3110 in
351 3080 529 3120 praestandis
561 3084 592 3116 &
621 3082 815 3126 accipiendis
837 3085 1018 3123 muneribus
1043 3086 1075 3119 ἀ

248 3196 331 3235 (12)
349 3197 428 3228 Plac.
447 3200 499 3229 111.
518 3207 549 3231 5.
569 3211 595 3232 2.
614 3212 644 3239 4.

1102 1682 1338 1724 functionibus,
1362 1694 1425 1717 non
1448 1686 1503 1718 nisi
1528 1685 1672 1718 Domino
1690 1687 1828 1728 praestari
1845 1689 1963 1733 solitis',

1101 1723 1202 1799 {jedddt
1227 1726 1266 1757 de
1289 1735 1362 1758 vera
1380 1726 1566 1769 poffessione
1583 1728 1740 1768 judicabis
1760 1731 1870 1773 exiis,
1892 1743 1963 1776 quae

1112 1776 1143 1798 lc
1182 1776 1271 1799 leam.

1142 1808 1195 1839 Ex
1225 1809 1349 1841 ratione
1385 1810 1483 1852 igitur
1516 1811 1750 1854 despiciendum
1786 1813 1859 1855 est,
1896 1825 1967 1857 quae

1102 1849 1231 1892 proprie
1263 1850 1299 1882 fit
1323 1851 1535 1884 immobilium
1559 1853 1729 1894 poffeffio,
1756 1855 1844 1888 bello
1873 1861 1968 1890 occuss

1102 1898 1174 1937 pata
1191 1915 1202 1931 ,
1246 1890 1369 1926 constat
1404 1901 1507 1926 autem
1523 1916 1535 1933 ,
1573 1903 1663 1936 parte
1700 1904 1853 1938 occupata
1869 1921 1880 1938 ,
1920 1906 1968 1930 et-

1105 1942 1166 1965 lam
1200 1941 1304 1965 totum
1330 1936 1480 1975 occupari
1518 1936 1549 1967 &
1579 1936 1721 1976 poffideri
1739 1961 1749 1975 ‚
1782 1938 1846 1970 fiis
1862 1939 1899 1971 fit
1915 1948 1968 1971 oc-

1106 1975 1251 2014 cupantis
1276 1975 1396 2007 animus
1413 1998 1424 2012 ‚
1453 1976 1483 2008 <Sc
1508 1977 1552 2008 ita
1574 1985 1700 2017 quoque
1722 1977 1837 2011 Paulus
1862 1978 1968 2012 noster

1107 2014 1217 2046 definit
1245 2015 1276 2048 in
1306 2016 1326 2046 l.
1351 2026 1382 2057 3.
1410 2015 1439 2057 §.
1467 2026 1493 2047 1.
1512 2016 1554 2057 ff.
1577 2018 1610 2048 de
1630 2016 1753 2058 Aequir.
1785 2019 1835 2051 vel
1854 2019 1967 2053 Amin.

1103 2055 1211 2128 pffff.
1241 2065 1345 2097 neque
1369 2057 1400 2089 id
1425 2057 1524 2090 civile
1550 2058 1646 2099 magis
1662 2081 1672 2097 ,
1707 2068 1800 2100 quam
1826 2061 1970 2095 naturale

1109 2106 1126 2127 e
1153 2107 1191 2136 e,
1217 2097 1246 2130 &
1261 2106 1309 2129 res
1328 2096 1411 2139 ipsa,
1438 2098 1468 2130 ἃ
1487 2097 1579 2138 usus,
1604 2100 1743 2140 optimus
1760 2101 1894 2134 docendi
1910 2112 1972 2136 ma·

1107 2137 1227 2179 gister,
1260 2137 1335 2170 satis
1364 2137 1538 2172 ostendunt.
1584 2139 1734 2172 Poffeffio
1771 2142 1911 2176 consistit
1938 2144 1972 2176 in

1108 2188 1284 2221 occupato,
1311 2179 1358 2219 ἀ,
1385 2181 1469 2221 quod
1495 2189 1670 2222 occupatur
1687 2205 1697 2220 ,
1727 2181 1802 2223 Jure
1826 2183 1972 2218 Naturali

1108 2221 1141 2252 in
1175 2220 1366 2261 potestatem
1398 2220 1535 2253 nostram
1569 2222 1752 2263 redigitur3
1781 2233 1973 2267 occupatum

1108 2269 1213 2293 autem
1235 2262 1425 2303 intelligitur
1442 2263 1538 2295 etiam
1558 2262 1610 2302 id,
1632 2264 1717 2304 quod
1737 2265 1895 2306 manibus,
1919 2266 1974 2299 vel

1109 2302 1240 2344 pedibus
1255 2302 1369 2335 nostris
1386 2304 1586 2346 undiquaque
1598 2305 1827 2338 contrectatum
1836 2315 1900 2339 non
1915 2306 1972 2346 est,

1109 2343 1131 2376 fi
1147 2353 1261 2386 nempe
1279 2345 1323 2377 ita
1341 2344 1444 2377 sedeat
1463 2346 1653 2387 occupanti,
1669 2345 1699 2379 δι
1715 2353 1825 2378 natura
1841 2348 1885 2380 rei
1903 2348 1970 2380 exi·

1109 2393 1183 2426 gat,
1207 2386 1291 2418 utin
1307 2386 1387 2428 agris
1406 2386 1436 2420 ὅ(
1452 2385 1572 2419 fundis.
1614 2386 1647 2419 Si
1667 2395 1759 2428 putes
1775 2387 1884 2427 aliter,
1907 2398 1972 2421 non

1109 2425 1207 2459 facile
1231 2427 1372 2466 dixeris,
1396 2427 1471 2468 quid
1490 2436 1680 2473 occupatum
1695 2426 1970 2476 poss‘ess‘umvetfit:

1109 2478 1179 2500 nam
1192 2491 1202 2507 ,
1211 2468 1232 2501 fi
1242 2470 1349 2501 omnia
1357 2468 1545 2501 contrectari
1555 2468 1651 2505 velis,
1659 2475 1761 2508 neque
1778 2466 1976 2510 superficiem

1106 2508 1197 2542 fundi
1213 2509 1418 2542 contreuaffe
1433 2509 1583 2546 sufficiet,
1595 2506 1644 2539 sed
1660 2507 1781 2540 necess'e
1796 2510 1856 2542 erit
1866 2520 1975 2545 omnes

1105 2551 1212 2592 glebas
1223 2561 1286 2584 non
1298 2559 1417 2584 tantum
1426 2547 1715 2587 circumambularc,
1727 2547 1744 2580 s
1739 2549 1776 2581 ed
1785 2550 1815 2583 &
1824 2550 1974 2586 effodere.

1161 2592 1318 2639 Quamvis
1335 2599 1438 2624 autern
1455 2598 1566 2635 verum
1582 2588 1637 2628 fit,
1661 2598 1750 2630 parte
1768 2592 1974 2636 apprehensa,

1117 2633 1212 2666 etiam
1239 2641 1343 2666 totum
1365 2629 1575 2673 apprehendi,
1599 2629 1621 2662 fi
1645 2631 1714 2671 quis
1729 2631 1787 2664 hac
1802 2642 1909 2667 mente
1922 2644 1974 2677 ap-

1118 2674 1320 2715 prehenderit
1338 2696 1347 2713 ,
1380 2673 1413 2705 id
1445 2679 1548 2703 tamen
1580 2679 1644 2703 non
1669 2671 1762 2704 aliter
1787 2673 1945 2708 obtinebit
1962 2698 1974 2716 ‚

1119 2725 1211 2756 quam
1227 2714 1248 2747 fi
1271 2714 1337 2755 ejus
1362 2712 1482 2751 totius,
1505 2711 1544 2743 de
1559 2721 1622 2753 quo
1638 2712 1762 2754 a‹ritur,
1785 2723 1880 2748 nemo
1897 2717 1976 2750 alius

1119 2764 1239 2797 partem
1261 2754 1413 2796 poffidet,
1434 2753 1457 2786 fi
1482 2753 1565 2800 enirn
1594 2753 1624 2786 ἁ
1647 2764 1664 2785 a
1679 2754 1727 2787 ius
1744 2763 1863 2797 partem
1883 2757 1975 2799 poffi-

1118 2797 1191 2831 deat
1219 2795 1356 2837 ejusdem
1379 2795 1478 2827 totius
1496 2817 1506 2833 ‚
1540 2795 1622 2826 idem
1648 2803 1690 2828 ex
1722 2796 1828 2828 eadem
1855 2799 1977 2832 ratione

1119 2846 1224 2871 totum
1250 2837 1426 2879 possideret.
1471 2836 1568 2883 Quod
1584 2836 1689 2869 dicere
1708 2836 1881 2878 nonlicet,
1901 2849 1976 2874 cum

1122 2880 1186 2912 duo
1206 2878 1335 2911 eandem
1361 2887 1426 2910 rem
1449 2876 1481 2909 in
1506 2876 1640 2910 solidum
1655 2878 1806 2919 poffidere
1823 2887 1976 2923 nequeant

1121 2931 1163 2955 ex
1186 2918 1337 2953 veriffima
1360 2918 1449 2951 Pauli
1472 2917 1676 2960 Philosophia
1695 2920 1726 2967 in
1745 2920 1819 2966 d.·l.
1836 2931 1867 2964 3.
1891 2919 1921 2964 §.
1941 2931 1976 2964 5.

1120 2971 1191 2995 nam
1217 2961 1259 2993 fic
1280 2961 1408 2993 alterius
1434 2960 1612 2994 dominatio
1635 2959 1884 2995 dominationem
1901 2963 1976 2996 alte·

1120 3004 1183 3035 rius
1208 3002 1238 3034 in
1265 3001 1371 3032 eadem
1399 3011 1432 3033 re
1454 3002 1646 3034 excluderet.
1691 3001 1723 3033 si
1746 3011 1822 3049 ergo
1848 3004 1878 3036 ἀ
1898 3004 1974 3037 alius

1115 3043 1288 3086 poffideat,
1312 3042 1342 3074 &
1368 3043 1447 3074 alius
1476 3051 1615 3084 partem,
1638 3051 1728 3082 quarn
1757 3044 1848 3076 ahter
1863 3053 1974 3087 corpo-

1113 3084 1221 3119 raliter
1236 3092 1301 3116 non
1315 3083 1454 3123 detinet,
1478 3083 1706 3126 apprehendat,
1726 3083 1807 3117 nihil
1826 3085 1908 3120 ultra
1921 3094 1973 3118 oc-

1913 3135 1963 3159 cu·
1980 3151 1984 3159 .

1146 3205 1226 3245 (13)
1246 3205 1348 3237 Ibidem
1367 3207 1418 3237 111.
1439 3214 1467 3241 4.
1488 3212 1515 3241 s.
1536 3212 1562 3241 7.
