2008 3436
209 130 273 169 :78
503 125 1053 161 CORNELIIVAN

208 213 243 250 ut
267 205 325 242 fic,
351 204 606 241 quemadmodum
627 205 668 236 ibi
689 205 790 246 palam
806 203 978 245 expressum
996 202 1060 242 est,

208 255 289 285 igiter
313 255 471 285 utriusque
498 246 636 277 subditos
664 246 782 283 cesset,
803 245 950 286 quicquid
973 253 1063 275 antea

211 286 320 316 1101ὶέΙο
341 286 424 323 fuit,
449 286 497 318 sed
513 297 573 318 non
591 295 625 318 ut
645 287 773 317 eell'aret
789 285 987 326 persequutio
1002 285 1062 315 cri-

209 327 350 364 1111110111,
374 337 442 367 que:
458 351 468 366 ,
491 329 585 359 etiam
606 337 695 358 extra
717 328 835 359 causam
859 326 955 364 belli,
980 326 1064 366 leges

210 368 346 407 fublieae
368 369 578 400 vindicabant.
624 369 727 410 Quare
747 369 774 398 cl.
808 367 836 408 ᾗ.
860 378 890 408 4.
923 365 1065 408 prodess'e

212 410 321 448 nequit
356 409 602 446 Eccleliasticis,
633 417 816 448 quamquam
845 407 1063 448 Hispaniarum

210 449 304 487 Regis
323 449 468 487 subditis,
486 451 555 490 quia
572 452 601 480 ἐξ
618 457 690 480 ante
708 449 790 480 illam
806 459 914 490 pacem
933 447 1063 489 proseri-

209 489 378 529 bebantur,
405 493 432 523 ὅ(
461 490 728 532 proscribebantur
754 500 816 521 non
841 498 985 530 tanquam
1004 488 1063 519 Re-

212 532 258 571 gis
278 532 493 572 {fflispaniaruin
517 531 628 563 subditi
644 552 653 567 ‚
678 530 727 561 sed
745 539 889 571 tanquam
908 528 1060 562 Ecclesia-

214 573 306 609 11101,
343 573 482 603 omnium
514 572 595 602 enim
621 572 800 611 Principum
830 570 1064 603 Eccleliasticos

212 613 413 651 Pontificio&
438 614 529 644 etiam
555 622 663 643 eorum
689 613 871 652 quibuscum
894 622 955 652 pax
979 619 1067 649 eiat,

211 656 317 684 eaden
339 656 387 685 lex
403 654 536 685 arcebat.
585 653 673 685 Unde
688 654 884 686 manifestum
899 652 962 692 est,
987 661 1070 684 ante-

212 705 302 735 quam
331 695 557 732 lfjeeleiiastici,
584 704 618 725 ut
646 694 739 734 Regis
764 694 982 735 Hispaniarum
1001 692 1069 724 sub-

212 737 292 772 diti,
315 738 408 767 etiam
436 736 486 766 liic
506 737 763 773 admitterentur,
786 745 869 767 nova
884 745 963 776 opus
977 733 1070 766 fuiss'e

211 778 374 818 pactione,
399 786 439 807 ex
463 787 541 817 qua,
567 782 644 822 quos
664 777 747 807 eirea
776 776 851 807 belli
875 775 996 807 eausam
1017 775 1070 806 lex

213 818 477 857 1·epell1.·bat,hie
502 817 602 849 adelle
629 818 758 856 liceret,
785 817 936 857 ejusmodi
965 816 1068 858 paetio

214 869 368 898 nunquam
388 859 568 890 interceffit.
593 859 639 889 An
658 866 691 889 tu
705 867 810 899 putas,
836 859 888 899 qui
904 868 966 890 non
979 866 1071 898 prop—

213 909 260 931 ter
277 900 411 938 beilum,
436 900 485 932 sed
506 908 634 940 propter
650 900 766 931 crimen
783 900 930 939 aliquod,
948 909 986 931 ex
1001 899 1070 930 Ber-

213 942 266 978 gio
284 941 450 972 &ederam
471 941 599 982 relegati
623 941 822 981 deportative
847 940 877 971 in
905 940 1070 972 Ditionem

213 974 307 1023 ite-gis
325 981 453 1022 Hispani
476 992 542 1013 rum
562 981 794 1019 concesserant,
812 982 841 1014 ὅ(
854 982 915 1019 ibi,
933 991 993 1022 qua
1005 980 1072 1012 sub-

212 1024 271 1054 diti
298 1024 347 1054 vel
377 993 510 1062 incosse,
533 1023 721 1064 aliquamdiu
754 1031 882 1064 egerant
900 1047 909 1061 ,
941 1032 998 1060 an,
1025 1022 1068 1053 in·

214 1075 324 1105 quam,
348 1072 380 1095 tu
404 1073 514 1104 putas,
539 1065 593 1103 iis,
619 1064 640 1095 fi
663 1065 799 1094 animum
824 1063 1002 1094 revertendi
1021 1063 1071 1094 ha-

215 1107 342 1144 berent,
367 1115 421 1146 per
442 1107 470 1137 d.
494 1106 521 1147 §.
545 1115 576 1145 4.
601 1106 631 1136 in
648 1104 757 1145 Belgio
774 1104 939 1136 Foederato
958 1104 1018 1135 effe
1035 1104 1070 1136 11-

215 1147 311 1178 001οἳ
335 1156 394 1187 ego
414 1156 476 1178 non
504 1155 593 1187 puto.
625 1146 781 1186 Exemplo
809 1155 855 1177 res
874 1146 929 1177 fiet
946 1145 1071 1176 clarior.

216 1189 334 1220 Omnes
353 1188 476 1227 judaeos
494 1188 588 1228 impia
611 1188 746 1229 pietate,
772 1187 801 1218 ὅ(
824 1187 854 1218 111
877 1185 1070 1218 manifestam

216 1229 341 1270 Imperii
362 1228 404 1259 sui
423 1230 593 1270 perniciem
612 1227 741 1268 Hispani
756 1226 1025 1269 proscripserunt,
1042 1227 1072 1257 ὅς

215 1271 249 1302 in
277 1270 345 1302 aliis
371 1271 464 1300 etiam
490 1270 630 1310 Imperiis
658 1269 879 1300 inclementius
905 1268 1074 1305 habentur,

215 1311 266 1344 sed
289 1311 380 1342 aliter
399 1311 563 1347 Hollandi,
582 1318 735 1341 mercator
748 1309 902 1349 Populus,
923 1307 1072 1346 sentiunt,

215 1353 295 1393 apud
319 1352 374 1383 hos
399 1352 481 1382 enim
505 1351 603 1391 Judaei
620 1374 629 1389 ,
665 1349 751 1382 Gens
774 1350 811 1381 ad
837 1349 1074 1390 Rempublicam

214 1393 414 1426 commerciis
437 1392 694 1433 frequentandam
722 1391 900 1429 utiliffima,
925 1390 1002 1422 adeo
1025 1391 1075 1420 be-

217 1436 310 1475 nigne
337 1434 454 1474 recepti
478 1432 564 1472 sunt,
591 1441 626 1464 ut
647 1441 772 1464 utantur
805 1432 913 1464 iisdem
937 1431 1075 1472 Legibus

219 1478 249 1507 &
267 1475 461 1515 privilegiis,
483 1475 595 1515 qulbus
625 1482 755 1506 utuntur
780 1473 877 1505 ceteri
895 1472 1075 1504 Hollandiae

219 1516 332 1549 subditi
351 1517 381 1547 <St
398 1516 523 1547 incolae.
555 1515 676 1562 Quaero
698 1515 813 1556 igitur,
837 1524 873 1545 an
892 1514 1015 1554 Judaeus
1036 1523 1077 1545 ex

216 1557 408 1596 Hollandia,
433 1557 611 1597 Judaeorum
636 1557 810 1594 nutricula,
832 1554 902 1596 post
926 1556 955 1587 d.
988 1554 1018 1596 §.
1040 1565 1080 1595 4.

218 1600 251 1631 in
276 1598 456 1639 Hispaniam
475 1607 653 1630 commeare
671 1621 680 1635 ,
714 1597 818 1638 ibique
846 1597 944 1628 libere
966 1597 1079 1628 morari

219 1640 339 1684 possit?
376 1641 407 1672 Si
433 1650 482 1671 me
503 1639 626 1677 audias,
650 1648 715 1671 non
740 1638 876 1679 poterit,
907 1647 997 1676 nam,
1020 1647 1080 1678 qua

218 1683 361 1723 Judaeus,
392 1681 446 1712 diu
463 1690 534 1712 ante
553 1683 580 1712 d.
606 1680 634 1722 §.
658 1690 690 1721 4.
713 1678 904 1721 proscriptus
923 1677 989 1718 est,
1021 1688 1079 1711 nec

220 1722 401 1766 proscriptis
417 1722 504 1754 favet
524 1723 577 1754 ille
593 1721 620 1763 §.
646 1732 677 1762 4.

285 1765 439 1810 Quamvis
454 1771 556 1795 autem
573 1764 643 1802 illa,
669 1773 759 1804 quam
784 1763 872 1802 dedi,
896 1763 1080 1804 interpreta-

222 1807 270 1838 tio
292 1811 318 1838 ιι,
346 1804 374 1846 §.
401 1816 429 1845 4.
456 1805 598 1836 videatur
620 1806 791 1844 veriffima,
815 1805 926 1837 dubito
957 1813 1078 1842 tamen,

221 1858 260 1879 an
293 1847 426 1879 Ordines
457 1846 636 1878 Hollandiae
663 1856 698 1877 ea
733 1847 777 1878 uti
805 1846 928 1887 poffint.
974 1845 1081 1892 Quum

222 1890 305 1921 enim
329 1888 454 1929 Judaeos
479 1888 630 1928 quosdam
655 1887 833 1920 Hollandos
849 1888 930 1920 male
945 1886 1079 1929 accepis-

810 1984 1077 2025 CAPU

1101 119 1693 194 BYNKERSHOEK!

1106 202 1173 234 sent
1198 202 1357 243 Hispani,
1389 203 1417 234 &-
1444 202 1542 242 Judaei
1565 212 1600 233 ea
1626 202 1664 233 de
1688 212 1721 233 re
1743 203 1838 235 essent
1867 196 1961 246 questi

1106 244 1185 284 apud
1202 244 1334 275 Ordines
1363 243 1541 275 Hollandiae
1557 266 1566 281 ‚
1591 243 1620 274 111
1645 253 1692 275 12.
1715 244 1773 283 jul.
1804 249 1892 286 1657.
1914 248 1962 278 de·-
2007 266 2008 271 =

1106 293 1272 316 creverunt
1297 284 1409 325 (13),
1433 284 1556 324 Judaeos
1580 285 1671 323 illos,
1696 286 1774 316 male
1798 295 1964 328 acceptos3
2002 295 2008 318 f

1108 325 1265 357 habendos
1290 325 1350 357 ell'e
1375 336 1432 366 pro
1459 324 1589 356 subditis
1623 326 1652 357 &
1679 325 1788 358 incolis
1812 326 1963 361 Foederati

1120 365 1206 406 {elgii
1219 391 1226 401 ,
1251 366 1385 407 ideoque
1407 368 1435 398 ὃς
1453 366 1585 406 gaudere
1606 374 1754 406 oportere
1771 367 1881 398 eodem
1901 369 1965 408 jure

1107 407 1137 438 ἅ
1158 407 1351 449 privilegiis,
1376 417 1446 447 quae
1471 417 1508 438 ex
1532 407 1629 445 Pace,
1655 417 1727 439 eum
1752 407 1898 448 Hispanis
1915 419 1964 450 pa-

1107 446 1155 478 &a
1175 469 1185 485 ‚
1218 456 1271 478 aut
1292 458 1332 479 ex
1356 448 1450 480 Paeto
1478 448 1597 479 marino
1615 471 1623 485 ‚
1659 449 1709 479 vel
1738 458 1775 481 ex
1799 449 1965 489 quibusque

1107 488 1176 519 aliis
1201 488 1473 521 Conventionibus
1491 512 1499 527 ,
1532 499 1603 520 eum
1627 489 1693 519 aliis
1720 489 1875 531 Regibus,
1907 491 1964 523 Rc-

1104 528 1295 569 buspublicis
1311 552 1321 567 ,
1352 530 1568 570 Principibus,
1603 530 1795 569 Ordinibus,
1819 530 1966 566 Urbibus·
2007 540 2008 547 ¹

1107 579 1148 599 ve
1174 569 1285 609 fastis,
1310 571 1401 609 hujus
1430 571 1622 611 Reipublicae
1646 571 1772 604 subditis
1799 572 1829 603 &
1855 571 1964 607 incolis

1111 619 1317 651 competunt,
1342 611 1450 642 addito
1467 611 1588 652 insuper
1605 612 1771 651 mandato,
1794 612 1837 644 sui
1857 614 1887 645 in
1905 613 1963 646 Or-

1111 652 1218 683 dinum
1232 651 1431 683 Generalium
1449 651 1627 693 Collegium
1646 652 1792 694 Delegati
1805 655 1833 685 dt
1847 654 1878 685 in
1897 655 1967 696 hac,

1114 693 1144 724 ὅ(
1163 693 1193 724 111
1210 692 1277 723 aliis
1294 693 1439 725 omnibus
1456 693 1551 725 caulis
1569 703 1711 725 curarent
1724 716 1735 732 ,
1751 694 1848 734 Judaei
1862 695 1977 729 secun-¹

1112 735 1185 766 dum
1210 733 1240 764 id
1268 733 1441 765 Decretum
1474 734 1604 766 omnino
1633 734 1885 768 defenderentur.
1932 737 1979 773 Si:-

1114 775 1221 806 credas
1237 797 1248 813 ‚
1271 775 1346 805 illud
1372 773 1544 806 Decretum
1569 775 1722 807 duntaxat
1746 777 1902 816 pertinere
1928 771 1977 812 ads

1112 817 1214 852 bona,
1238 825 1301 847 non
1316 815 1410 846 etiam
1427 815 1463 845 ad
1481 815 1626 855 personas
1646 817 1824 856 Judaeorum
1836 840 1847 856 ,
1877 815 1974 861 falle-3¹

1112 859 1173 894 ris,
1196 866 1266 888 nam
1285 856 1370 897 quod
1392 857 1429 888 ad
1448 856 1529 887 bona
1555 857 1658 888 nullus
1681 859 1719 888 ab
1740 858 1887 899 Hispanis
1905 867 1974 893 meis

1115 908 1181 930 tus:
1207 907 1281 930 ecce
1297 898 1380 929 enim
1398 897 1427 930 se
1453 898 1561 929 tennio
1577 907 1649 929 ante
1664 899 1692 929 id
1710 898 1900 939 Decretum,
1915 903 1986 940 an-ssf

1113 950 1155 972 no
1167 948 1278 979 nempe
1300 942 1390 978 1650.
1440 938 1623 978 ispaniarum
1642 939 1735 981 Regis
1745 939 1880 981 Legatus
1889 942 1984 1011 apudtg

1113 981 1247 1013 Ordines
1266 979 1434 1011 Gener-ales
1458 980 1520 1019 jam
1545 989 1611 1011 erat
1631 979 1759 1012 testatus
1777 982 1795 1023 (
1811 982 1895 1024 14),
1917 983 1992 1025 μιή-

1113 1023 1206 1059 daeis,
1229 1021 1282 1062 qui
1300 1021 1331 1053 in
1352 1021 1462 1061 Belgio
1482 1020 1648 1052 Foederato
1663 1021 1784 1061 essent,
1806 1023 1836 1055 in
1858 1024 1984 1067 Hispa-fi

1113 1063 1163 1095 nia
1188 1063 1298 1095 liceret
1324 1071 1372 1093 res
1389 1061 1456 1093 suas
1482 1071 1573 1102 agere
1594 1071 1648 1102 per
1673 1062 1814 1096 homines
1832 1065 1919 1105 suos,
1939 1060 1992 1106 &3¹

1114 1113 1220 1136 eorum
1248 1104 1328 1134 bona
1351 1111 1414 1134 non
1438 1103 1527 1134 aliter
1552 1103 1760 1142 haberentur,
1783 1115 1876 1146 quam
1902 1107 1989 1140 renat.

1113 1154 1246 1186 quorum
1269 1143 1462 1176 subditorum
1488 1143 1512 1174 F
1516 1144 1646 1176 oederati
1675 1145 1774 1187 Belgii
1787 1169 1800 1185 ‚
1820 1148 1915 1180 modo
1929 1142 1993 1187 nel·

1115 1186 1169 1227 ipfi
1188 1186 1219 1216 in
1238 1185 1420 1226 Hispaniam
1437 1185 1592 1217 venirent.
1983 1203 1991 1219 .-,

1157 1226 1257 1266 Igitur
1268 1226 1399 1266 amplius
1416 1225 1650 1260 deliberandum
1665 1226 1710 1259 est
1724 1227 1762 1259 de
1777 1227 1895 1268 just-itia
1904 1229 1954 1269 eiu

1115 1266 1247 1299 Deci-eti
1274 1275 1320 1297 12.
1345 1265 1403 1305 Jul.
1432 1269 1519 1310 3657.
1546 1266 1593 1298 sed
1612 1291 1621 1306 ,
1653 1269 1726 1299 dum
1747 1270 1952 1302 deliberamus
1988 1294 1991 1301 .

1117 1307 1286 1339 tenendum
1302 1306 1364 1344 est,
1385 1307 1520 1345 reliquos
1537 1307 1670 1339 Ordines
1684 1307 1838 1341 Foederati
1853 1311 1982 1352 Beigiie,

1115 1358 1275 1389 nunquam
1297 1347 1394 1379 fimile
1412 1348 1487 1387 quid
1511 1347 1703 1386 decrevisse,
1727 1358 1780 1390 per
1801 1359 1856 1382 eos
1878 1351 1982 1392 igitur*

1117 1390 1202 1422 rede
1227 1387 1385 1421 subfistere
1408 1388 1493 1420 illam
1524 1388 1818 1430 interpretationem
1836 1393 1864 1423 d.
1889 1394 1917 1433 §.
1938 1401 1977 1435 43

1119 1432 1171 1469 &‚
1198 1430 1254 1462 hac
1271 1429 1420 1475 admiss'a,
1441 1428 1513 1461 satis
1535 1430 1757 1473 intelligimus,
1779 1432 1903 1465 duriora
1921 1434 1981 1473 ina

1118 1472 1228 1504 Edicta
1264 1479 1376 1504 contra
1410 1471 1648 1504 immoderatam
1684 1472 1982 1511 Ecclesiasticorun}

1120 1512 1359 1545 Pontificiorum
1378 1512 1630 1552 multitudinem,
1650 1513 1682 1546 in
1699 1513 1753 1545 has
1766 1514 1921 1556 Regiones
1934 1516 1977 1550 ire

1121 1562 1282 1593 ruentem,
1304 1554 1402 1595 repeti
1421 1553 1558 1594 ,potuiss‘e
1581 1554 1638 1586 illo
1661 1565 1708 1596 14.
1730 1555 1803 1596 Apr.
1833 1560 1918 1599 1649.
1942 1558 1976 1595 &J

1122 1595 1229 1636 postea
1246 1595 1340 1627 etiam
1358 1595 1481 1635 optimo
1499 1595 1568 1634 jure
1592 1594 1701 1636 saepius
1724 1595 1817 1628 fuisse
1832 1599 1974 1640 repetita}

1122 1636 1333 1670 Noviffimum
1356 1636 1508 1668 Ordinum
1528 1635 1708 1669 Hollandiae
1728 1637 1872 1672 Edictum
1887 1637 1977 1676 ead&

1123 1688 1156 1711 re
1178 1679 1411 1724 promulgatum
1437 1676 1482 1709 est
1499 1687 1549 1710 21.
1575 1678 1661 1719 Sept.
1691 1689 1781 1721 1730.
1804 1680 1894 1723 (15).
1915 1678 1975 1716 Sed

1124 1720 1186 1755 hoc
1204 1720 1232 1752 δι
1249 1720 1308 1753 alia
1321 1718 1458 1760 ejusdem
1472 1720 1645 1760 argumenti
1662 1729 1815 1761 praetereo
1824 1745 1835 1761 ,
1850 1719 1976 1757 conten&

1125 1770 1173 1793 tus
1195 1761 1336 1801 probasse
1359 1784 1368 1798 ‚
1393 1760 1480 1793 nulla
1508 1761 1630 1793 ratione
1655 1763 1682 1793 d.
1709 1761 1736 1803 §.
1759 1773 1790 1803 4.
1811 1764 1976 1806 plerosque

1124 1802 1258 1835 Ordines
1282 1801 1438 1834 Foederati
1456 1802 1553 1843 Belgii
1583 1802 1719 1834 habuisse
1737 1803 1906 1845 sollicitos,
1928 1811 1974 1838 ata

1122 1853 1182 1884 que
1203 1842 1225 1874 fi
1246 1852 1359 1885 nempe
1379 1842 1516 1873 obstaret
1536 1843 1747 1876 interdictioni
1773 1845 1974 1886 Clericorum,

1122 1884 1184 1918 huc
1201 1884 1434 1918 advenientium
1452 1893 1492 1916 ex
1507 1884 1643 1926 Imperio
1658 1884 1842 1928 Hispanico.-

1125 1988 1162 2023 Τ
1260 1975 1406 2023 XXI.

223 2071 360 2127 91100110
386 2074 427 2116 &³
451 2086 577 2123 qaorum
602 2079 737 2112 navibus
760 2076 938 2123 praestanda
955 2075 1001 2121 sic
1026 2068 1208 2112 reverentia
1225 2076 1242 2109 ?
1280 2073 1321 2115 ὃ)
1346 2086 1388 2110 an
1413 2074 1579 2116 damnum,
1605 2075 1684 2121 quod
1705 2075 1740 2110 ob
1763 2074 1975 2111 reverentiam

609 2138 668 2160 non
692 2126 867 2173 praestitam
893 2128 1071 2172 accipitur,
1097 2136 1255 2162 commune
1272 2123 1338 2170 fic,
1364 2132 1398 2158 ut
1425 2123 1598 2170 111]αᾶαὲ

224 2223 295 2304 L
324 2231 336 2254 t
356 2222 432 2254 belli
458 2222 579 2254 occasio
606 2223 761 2262 evitetur,
795 2224 987 2256 trac‘tandum
1005 2233 1082 2263 quo-

335 2273 417 2304 que,
441 2264 564 2304 quando
584 2265 612 2295 ὃ(
629 2274 761 2304 quorum
787 2265 918 2296 navibus
940 2265 1083 2306 praestan-

225 2308 263 2338 da
283 2307 318 2338 [it
346 2305 545 2336 reverentia?
570 2305 631 2336 Res
657 2313 724 2337 tota
749 2306 817 2337 fere
835 2306 950 2347 pendet
969 2316 985 2337 a
1001 2316 1084 2347 quae-

226 2347 329 2379 stione
356 2347 394 2377 de
416 2346 558 2377 dominio
578 2347 670 2378 maris
684 2369 695 2385 ,
718 2356 787 2378 nam
805 2346 826 2379 fi
843 2347 925 2388 quod
949 2356 1032 2379 mare
1048 2347 1083 2379 fit

224 2390 255 2420 in
279 2387 421 2420 dominio
446 2387 476 2418 ἃ
500 2387 636 2427 Imperio
663 2388 793 2428 alicujus
821 2387 995 2429 Principis,
1018 2389 1084 2429 ejus

225 2429 270 2461 cst
295 2429 337 2460 ibi
363 2428 445 2469 leges
468 2428 556 2467 dare,
582 2430 612 2461 ἃ
638 2429 790 2467 aliorum,
814 2429 884 2470 quia
907 2429 949 2460 ibi
969 2428 1083 2461 subditi

227 2470 318 2509 sunt,
344 2470 426 2509 leges
443 2470 596 2509 accipere.
641 2469 746 2515 Quare
763 2470 783 2502 ss
800 2469 920 2509 jusserit
937 2470 1084 2511 Princeps

224 2513 256 2543 in
277 2511 350 2542 mari
370 2511 425 2542 suo
444 2510 574 2542 navibus
590 2511 640 2542 vel
659 2511 780 2543 arcibus
793 2512 852 2544 suis
874 2512 1081 2543 reverentiam

225 2553 395 2588 exhibere,
417 2551 592 2583 exhibenda
609 2553 687 2589 erit,
711 2552 760 2585 sed
775 2553 796 2584 fi
815 2552 913 2584 11111110
930 2553 1004 2591 quid
1020 2553 1082 2592 ius-

226 2593 300 2626 serit
319 2593 348 2623 in
373 2592 446 2622 mari
465 2601 527 2622 non
545 2592 599 2623 suo
611 2614 621 2630 ,
643 2594 769 2633 impune
789 2593 817 2624 ei
836 2603 898 2625 non
915 2594 1082 2634 parebitur.

226 2633 278 2665 De
298 2633 439 2664 dominio
462 2633 553 2663 maris
574 2633 648 2673 quid
675 2634 751 2665 1111111
767 2634 928 2672 videatur,
953 2633 1082 2675 exposui

226 2674 367 2714 singulari
399 2672 606 2712 Dffwtatz'orze
633 2674 666 2703 de
689 2672 827 2704 Dominio
852 2676 942 2705 maris
963 2697 974 2713 ,
1001 2675 1084 2706 edita

226 2725 309 2747 anno
330 2724 418 2755 1703.
437 2723 494 2744 nec
511 2713 611 2744 adhue
629 2721 718 2745 muto
737 2713 921 2746 sententiam
933 2736 944 2752 ,
967 2714 1083 2746 Adver-

224 2757 311 2789 sariis
337 2757 443 2792 001111,
467 2764 546 2794 quos
576 2753 681 2795 postca
707 2755 811 2786 nauus
832 2754 916 2793 sum,
941 2754 1083 2793 respondi

224 2797 357 2838 repetita
373 2797 438 2836 ejus
459 2795 558 2826 libelli
578 2796 716 2826 editione
732 2796 813 2827 inter
834 2795 932 2835 Opera
952 2797 1084 2827 1110111111-

225 2849 317 2877 nora,
343 2847 412 2878 quae
434 2835 574 2877 Lugduni
593 2836 783 2868 Batavorum
801 2837 986 2876 prodierunt
1002 2846 1084 2868 anno

228 2889 319 2920 1730.
365 2877 502 2910 Distinxi
525 2878 556 2908 in
582 2886 621 2908 eo
637 2876 799 2917 Opuseulo
819 2877 901 2908 inter
920 2886 1004 2909 mure
1024 2885 1083 2908 ter-

225 2930 266 2952 ra·
287 2921 464 2960 proximum
484 2918 511 2949 δε
528 2927 610 2950 mare
627 2927 789 2952 0111010111,
811 2927 896 2949 mare
916 2926 1006 2949 terrae
1018 2928 1085 2958 pro-

223 2963 344 2993 ximum
366 2960 518 3002 appellavi
530 2983 538 2997 ,
557 2968 716 3000 quousque
737 2957 871 3000 potestas
889 2967 906 2990 e
921 2959 1084 2990 eontinen-

226 3003 272 3040 ti,
297 3001 462 3034 tormentis
488 2999 573 3033 sorte
595 2999 729 3042 explosis
745 3023 755 3040 ,
785 2999 978 3041 porrigitur,
1001 3009 1085 3031 mare

228 3162 241 3166 V
255 3122 275 3158 ι’(
288 3123 341 3158 13)
362 3122 508 3168 Resolucien
526 3131 579 3152 vem
599 3122 770 3161 Corzfideratz'e
784 3127 827 3152 ten
841 3122 900 3158 tyde
913 3131 965 3153 van
979 3121 1008 3152 de
1023 3121 1080 3151 Wic

224 3162 489 3236 p‘(³1⁷4‘j⁶fu³ti'3iua
510 3196 611 3236 Instar.
632 3198 667 3229 L.
686 3199 776 3228 xxx.
796 3207 823 3236 p.
840 3201 902 3234 178.

1125 2228 1268 2256 exterum
1281 2244 1290 2258 ‚
1315 2221 1346 2252 in
1364 2220 1447 2261 quod
1464 2220 1577 2253 Prince
1600 2231 1613 2253 s
1627 2231 1645 2252 e
1665 2227 1745 2252 terra
1760 2219 1910 2253 dominari
1925 2228 1978 2253 nez

1126 2264 1205 2305 quit.
1250 2263 1342 2295 Mare
1368 2262 1545 2302 proximum
1582 2262 1681 2303 ubJ'eci
1704 2261 1846 2294 dominio
1862 2254 1977 2303 Ptine}

1125 2305 1193 2346 pis,
1217 2304 1267 2345 qui
1297 2304 1326 2334 in
1347 2311 1427 2335 terra
1449 2303 1600 2344 imperat,
1624 2312 1707 2336 mare
1722 2310 1861 2337 exterum
1878 2300 1978 2334 exemi

1126 2345 1213 2377 omni
1236 2344 1397 2382 dominio,
1419 2344 1473 2376 nifi
1498 2344 1629 2376 dominii
1655 2344 1759 2376 animo
1788 2348 1976 2384 occupatum

1125 2385 1351 2428 possessumque
1366 2385 1425 2424 fit,
1440 2395 1528 2422 nam,
1545 2384 1664 2417 remissa
1679 2383 1858 2424 poss'effione
1871 2381 1977 2414 existi-⁴·

1125 2427 1265 2466 mabam,
1291 2426 1408 2458 remitti
1427 2435 1553 2468 quoque
1570 2425 1760 2462 dominium,
1785 2424 1814 2456 &
1831 2422 1900 2469 inde
1913 2421 1976 2455 effi—

1125 2469 1267 2507 ciebam,
1293 2467 1413 2500 nullum
1437 2477 1520 2499 mare
1537 2475 1676 2499 exterum
1702 2473 1784 2496 nunc
1798 2463 1907 2495 0110111
1924 2472 1978 2494 cu-

1124 2510 1264 2550 jusquam
1290 2508 1444 2549 Principis
1466 2507 1624 2545 dominio,
1647 2514 1720 2536 cum
1734 2504 1853 2536 nullum
1868 2513 1885 2535 a
1901 2513 1977 2545 quo-

1147 2560 1215 2582 uam
1241 2548 1601 2590 Principe-poffideatur.
1645 2545 1676 2577 Si
1707 2553 1779 2576 vera
1808 2544 1885 2583 sint,
1907 2553 1979 2586 quae

1126 2561 1169 2623 ibi
1194 2590 1370 2628 disputavi,
1393 2588 1560 2630 praesertim
1590 2584 1686 2631 (5211.
1710 2584 1764 2616 111.
1788 2585 1824 2620 &³
1850 2585 1904 2617 lV.
1928 2585 1976 2632 1113

1126 2633 1257 2665 omnino
1275 2629 1463 2670 consequens
1477 2627 1538 2666 cst,
1563 2627 1614 2668 qui
1632 2633 1762 2667 imperat
1778 2626 1853 2658 mari
1872 2633 1978 2667 prom²

1126 2683 1199 2713 mo,
1223 2672 1307 2704 recte
1318 2679 1412 2702 etiam
1427 2670 1597 2710 imperare,
1621 2675 1656 2698 ut
1676 2668 1705 2698 ἃ
1723 2667 1977 2708 quemadmodum

1125 2715 1169 2746 ibi
1187 2713 1347 2746 salutetur.
1958 2714 1970 2728 '¹

1168 2752 1343 2786 Secundum
1370 2751 1438 2783 haec
1461 2749 1597 2782 Ordines
1619 2748 1801 2780 Hollandiae
1827 2753 1875 2781 16.
1896 2748 1974 2790 Mai.-

1131 2799 1221 2837 16706
1244 2792 1318 2834 (1)
1342 2793 1465 2833 optimo
1487 2790 1554 2830 iure
1574 2790 1801 2828 decreverunt,
1825 2790 1856 2822 in
1884 2788 1977 2822 Freto

1127 2836 1219 2868 maris
1245 2833 1360 2865 Baltici
1382 2832 1476 2873 Regis
1504 2831 1615 2863 Daniae
1645 2830 1758 2863 Arcem
1790 2830 1976 2874 Cranenburg

1129 2876 1190 2908 efl'e
1213 2874 1421 2911 salutandam,
1444 2881 1479 2904 ut
1510 2872 1576 2905 Rex
1605 2871 1715 2903 Daniae
1738 2870 1900 2910 voluisset,
1920 2878 1978 2904 nec
2007 2895 2008 2898 η

1129 2917 1228 2949 minus
1247 2913 1329 2946 recte
1352 2914 1486 2946 Ordines
1504 2912 1673 2944 Generalcs
1689 2923 1720 2954 3.
1743 2910 1862 2952 januar.
1890 2915 1978 2953 1671.·
2006 2924 2008 2943 ι

1128 2957 1187 2999 (2)
1201 2957 1407 2987 decreverunt
1418 2977 1428 2993 ,
1442 2954 1569 2986 navium
1583 2953 1701 2985 suarum
1715 2951 1855 2985 Praefeffi
1871 2953 1902 2985 in
1918 2961 1978 2988 ma-

1127 2999 1153 3032 ri
1175 2996 1320 3039 proximo
1338 3019 1350 3036 ‚
1379 3005 1539 3038 quousque
1570 3002 1726 3026 tormenta
1757 2993 1979 3066 explodztnturg

1891 3041 1977 3070 umen

1159 3114 1239 3156 (15)
1259 3112 1354 3147 Exstat
1378 3109 1521 3155 separatim
1541 3117 1567 3146 δι
1587 3109 1659 3146 inter
1677 3115 1746 3145 Aea
1765 3115 1904 3146 Ordirmmr

1159 3158 1220 3194 (1)
1242 3156 1316 3184 Ptac.
1336 3158 1383 3185 111.
1408 3165 1430 3184 1.
1453 3165 1478 3185 2.
1500 3165 1528 3191 4.
1936 3173 1937 3177 =

1158 3195 1219 3232 (2)
1241 3194 1340 3224 Ibidem
1358 3196 1408 3226 Ill.
1431 3203 1455 3223 1.
1477 3202 1503 3223 2.
1527 3201 1552 3228 5.
