2008 3436
176 156 229 188 10
709 144 820 188 AD
902 146 1408 194 LECTOREM.

176 238 305 281 hendi,
331 236 367 271 ἃ
387 236 478 272 dabo
502 237 661 284 exempla
687 241 738 276 his
759 241 1057 287 Ohfhrvationibus.
1109 245 1166 280 Ab
1187 247 1261 282 aliis
1282 248 1317 283 in
1343 247 1435 283 hanc
1458 255 1590 293 partem
1613 248 1739 295 largius
1764 260 1948 298 peccatum

177 287 247 330 est,
274 285 476 331 compositis
490 287 636 323 Libellis
653 291 808 333 Criticis‚
835 292 911 338 qui,
939 293 1101 340 quicquid
1121 296 1202 330 boni
1221 296 1372 339 habent,
1399 298 1434 332 id
1453 309 1537 332 vero
1558 299 1726 334 variarum
1744 301 1949 339 Leffionum

178 335 238 371 est.
291 335 340 368 Ar
357 336 480 379 audio,
509 338 752 382 imprudentiae
769 341 844 374 haec
863 341 948 376 vitia
966 342 1054 385 effe,
1082 355 1151 378 non
1173 345 1252 379 mali
1271 347 1397 389 animi,
1426 346 1592 382 excidisse
1612 359 1671 390 ea,
1698 360 1767 383 non
1787 350 1952 394 inspeetis

174 384 289 418 Libris
309 385 479 430 antiquis,
500 387 588 433 quin
610 398 675 422 nee
698 386 757 423 fibi
778 393 899 423 eorum
922 392 1059 434 copiam
1083 391 1172 433 esse;
1200 393 1257 428 sed
1277 395 1352 441 quis
1377 394 1487 438 ferat,
1513 396 1546 430 in
1568 397 1649 443 Jure
1671 397 1788 433 nollro
1809 401 1851 434 ad
1874 413 1952 437 rem

176 432 344 468 Criticam
363 435 516 469 animum
538 435 736 481 appellere,
761 438 819 483 qui
834 440 929 473 Artis
948 439 1012 473 sure
1030 440 1184 476 subsidiis
1204 442 1383 479 destitutus
1403 444 1477 479 est?
1504 446 1557 479 vel
1578 446 1612 480 id
1634 445 1695 482 fibi
1717 449 1851 494 negotii
1875 449 1951 485 dari

174 492 244 516 non
275 491 391 528 putat,
422 493 458 518 ut
482 483 648 519 consultis
674 484 815 520 demum
837 487 950 522 Libris
973 488 1064 523 ferat
1089 489 1323 527 sententiam?
1352 503 1388 528 ut
1407 495 1492 529 nihil
1513 496 1696 542 quicquam
1716 496 1863 541 statuat,
1887 497 1951 534 nist

174 530 324 566 Bafilicis
341 543 479 577 quoque
498 534 706 568 sententiam
726 535 879 581 rogatis,
906 536 942 572 dt
962 538 1121 574 adhibito
1139 540 1429 587 Jurisprudentiae
1448 544 1583 579 Graecae
1601 546 1734 592 reliquo
1754 547 1950 594 apparatu?

173 579 252 615 Nisi
270 580 319 616 ita
337 580 528 626 sapimus,
555 582 660 618 solide
681 594 751 620 non
773 585 933 631 sapimus.

186 682 187 685 ’
222 678 312 713 Haec
330 678 469 725 praefari
489 680 638 725 placuit,
664 691 701 717 ut
720 683 823 726 scias,
849 685 999 728 Leeffir,
1026 699 1093 733 quo
1116 689 1232 724 animo
1254 690 1450 726 accesserim
1472 692 1513 727 ad
1531 693 1609 736 has,
1636 705 1719 740 quas
1741 694 1809 730 edo
1835 695 1955 743 Obser-¹

173 730 320 763 vationes
337 727 436 770 Jmis
452 727 602 764 Romani.
643 731 796 777 Exposui
815 734 932 778 snpra,
960 734 1109 770 studium
1122 765 1130 779 ‚
1156 750 1224 783 quo
1241 738 1334 773 feror
1352 753 1434 786 erga
1456 743 1515 788 Jus
1533 743 1730 778 Romanum
1743 770 1754 787 ,
1781 745 1954 791 postulare

177 789 199 812 a
222 787 277 811 me
298 776 403 821 ipsum
426 779 579 814 muneris
602 780 672 815 mei
695 781 888 824 rationem3
914 784 970 818 sed
993 797 1049 820 me
1072 798 1138 819 non
1164 782 1315 822 invituin
1342 791 1448 825 trahit
1468 792 1629 828 ducitve:
1657 793 1786 828 dudum
1809 793 1878 834 est,
1907 806 1954 832 ex

174 837 243 872 quo
253 825 405 861 aninum]
421 838 537 862 meum
558 831 746 874 occupavit
772 831 808 866 ἃ
828 833 1042 879 rapuitJuris
1060 835 1251 880 elegantia,
1268 838 1435 883 gravitas,
1448 840 1606 885 majestas
1619 841 1675 884 3&
1692 852 1824 878 tantum
1843 844 1954 889 abest,

180 886 217 909 ut
242 886 297 908 me
327 875 359 910 in
388 877 504 911 medio
529 877 609 912 foro
637 880 845 925 deseruerit,
875 891 910 916 ut
938 893 1060 917 contra
1085 885 1201 929 potius
1230 896 1312 921 tunc
1344 887 1485 923 demum
1509 889 1595 925 mi'ni
1625 891 1745 925 videar
1771 904 1823 926 res
1852 894 1956 929 serias

180 923 216 958 ὃς
234 923 354 959 solidas
378 936 500 971 agere,
529 939 633 973 quum
654 928 847 976 fragmenta
866 940 1029 967 veterum
1055 933 1219 979 JCtorum
1241 936 1358 978 verso,
1393 947 1477 972 tunc
1501 938 1577 974 otio
1600 938 1694 974 reffte
1723 941 1775 976 uti
1802 936 1847 976 ὅτ’
1864 942 1954 988 frui,

180 984 285 1018 quum
306 972 339 1008 in
357 973 431 1009 haec
448 979 634 1012 amoeniora
650 977 808 1021 diverto,
825 989 908 1016 tunc
927 981 1082 1016 animum
1095 1010 1103 1023 ‚
1122 983 1247 1019 forensi
1264 997 1369 1030 opera
1387 986 1530 1031 fessum,
1544 989 1719 1024 oblec‘tare
1735 988 1771 1023 ἃ
1788 990 1956 1034 reficere,

180 1033 285 1067 quum
296 1022 348 1057 his
369 1024 546 1060 blanditiis
564 1025 737 1063 murmura
754 1028 820 1063 sori
838 1039 1028 1065 commuto.
1057 1031 1236 1069 DePoe'zis
1254 1034 1708 1084 dixit'I‘ulliusfiippeditare
1724 1041 1898 1082 nobis-,ubi
1914 1039 1957 1081 ἃ

180 1072 308 1106 animus
328 1084 368 1108 ex
387 1075 441 1107 hoc
452 1073 734 1122 farensistrepita
754 1078 936 1124 reficiatur,
963 1078 1004 1119 ἐξ
1025 1093 1120 1115 aures
1138 1085 1278 1118 convicio
1298 1083 1424 1130 clcfeffae
1441 1088 1659 1131 acquiescant,
1688 1086 1724 1122 ἃ
1747 1089 1790 1122 de
1808 1087 1859 1123 his
1875 1090 1957 1134 ipsis

178 1120 327 1164 Fabius,
354 1123 440 1157 velut
461 1127 581 1159 attrita
597 1127 777 1170 quotidiano
799 1131 869 1162 αι’ἶιι
886 1127 1015 1174 forensi
1039 1131 1190 1176 ingenia,
1216 1135 1333 1177 optime
1353 1146 1456 1168 rerum
1481 1137 1593 1170 taliam
1617 1138 1776 1171 blanditia
1797 1141 1960 1183 reparari.

177 1168 347 1255 Idemgue
371 1171 456 1208 mihi
477 1173 520 1208 de
541 1173 638 1220 JCtis
662 1175 785 1212 nostris
810 1177 928 1213 dicere
952 1178 1074 1222 liceat3
1102 1189 1199 1216 certe
1218 1180 1242 1216 fi
1268 1182 1311 1217 de
1335 1193 1393 1218 me
1416 1183 1665 1230 adfirmavere,
1694 1186 1833 1230 dixem,
1863 1188 1958 1234 quod

175 1228 234 1254 xes
254 1230 273 1254 e
307 1245 315 1255 .

227 1317 351 1355 Habes
368 1322 502 1357 causam
519 1320 621 1369 hujus
637 1323 774 1371 Operis.
827 1324 884 1362 De
901 1338 1107 1374 argumento
1125 1328 1211 1365 nihil
1230 1328 1304 1366 fere
1321 1328 1390 1374 est,
1418 1330 1509 1378 qued
1526 1330 1662 1376 dicam3
1689 1332 1738 1369 est
1755 1332 1812 1379 id,
1837 1342 1876 1370 ut
1891 1332 1960 1373 esse

180 1367 268 1404 solet
285 1368 603 1417 Observationum,
629 1385 706 1421 qua?
728 1374 768 1410 ad
788 1375 847 1420 Jus
867 1376 1068 1413 Romanurn
1086 1381 1273 1425 pertinent.
1328 1381 1582 1424 interpretatus
1600 1383 1670 1417 sum
1691 1384 1804 1418 varias
1821 1385 1959 1431 Leges,

180 1428 258 1464 quae
280 1417 492 1455 videbantur
515 1421 710 1468 interprete
741 1435 865 1470 egere,
893 1427 1003 1462 varias
1028 1430 1143 1475 Leges
1167 1427 1312 1463 defendi
1335 1431 1376 1464 ab
1400 1430 1534 1477 injuriis
1555 1433 1785 1475 petulantium
1809 1435 1960 1468 Critico-

178 1477 277 1508 rum,
303 1469 416 1504 varias
437 1469 508 1515 ipse
529 1472 736 1516 emendavi,
762 1485 840 1508 cum
858 1474 922 1511 alia
944 1477 1097 1513 remedia
1118 1488 1187 1512 non
1208 1477 1444 1525 suppeterent.
1497 1481 1606 1515 Nunc
1624 1480 1838 1523 difficiliora,
1867 1494 1961 1519 nune

177 1517 368 1552 amoeniora
396 1517 528 1566 selegi,
566 1531 665 1567 grata
691 1522 877 1558 varietate.
935 1525 1056 1561 Solent
1083 1526 1268 1574 aliquando
1300 1529 1513 1574 Interpretes
1544 1528 1762 1576 frequentem
1790 1533 1960 1568 Senatum

177 1565 312 1601 habere
328 1565 370 1601 ad
387 1579 444 1603 eas
459 1568 594 1616 Leges,
622 1582 698 1618 quae
715 1572 776 1607 vix
792 1575 900 1619 egent
917 1573 1132 1622 interprete,
1159 1575 1195 1612 ἃ.
1213 1575 1323 1612 rursus
1340 1577 1448 1613 solent
1466 1578 1557 1614 facili
1569 1606 1580 1622 ‚
1607 1581 1679 1623 imo
1699 1580 1792 1614 nullo
1813 1582 1962 1628 negotio

177 1615 420 1651 transmittere
436 1629 555 1653 cruces
571 1618 608 1654 &
624 1619 749 1666 dignos
763 1621 905 1658 vindice
921 1624 1051 1661 nodos:
1077 1625 1223 1671 plurima
1240 1628 1319 1665 sane
1331 1653 1339 1669 ‚
1366 1628 1407 1661 ab
1426 1627 1499 1663 aliis
1516 1628 1706 1664 transmissa
1718 1658 1726 1669 ,
1753 1631 1961 1675 explicanda

177 1664 237 1700 vel
259 1664 475 1700 emendanda
498 1668 627 1709 censui.
685 1670 725 1705 In
751 1672 1179 1717 emendationibusnihil,
1206 1674 1297 1722 quod
1322 1676 1446 1720 sciam,
1474 1676 1543 1721 est,
1570 1679 1660 1725 quod
1679 1679 1828 1724 antiquis
1848 1681 1962 1715 Libris

179 1723 240 1749 aut
260 1715 363 1749 variis
384 1715 802 1764 Leffionibus‘debetur3
828 1720 851 1756 fi
871 1722 954 1768 quid
978 1723 1051 1768 ejus
1074 1724 1125 1759 rei
1148 1724 1219 1768 est,
1247 1725 1333 1760 mihi
1354 1736 1422 1760 non
1447 1727 1582 1769 tribuo,
1609 1728 1665 1762 sed
1690 1739 1817 1762 moneo
1839 1730 1964 1764 Lecto-

179 1774 275 1798 rem:
305 1763 431 1799 bonam
458 1764 565 1801 fidem
591 1767 728 1814 semper
755 1769 933 1817 agnosces.
983 1773 1029 1808 Et
1057 1774 1155 1819 potui
1181 1773 1316 1810 facilius
1344 1786 1488 1811 monere
1505 1802 1516 1820 ,
1552 1776 1630 1823 quia
1660 1788 1793 1812 certum
1827 1778 1896 1817 est,
1923 1780 1960 1814 in

180 1812 435 1858 vetustissimis,
461 1825 589 1860 praeter
610 1818 779 1853 Codicem
799 1821 877 1856 MS.
898 1820 1125 1859 Editionibus
1145 1823 1386 1870 comparandis
1411 1836 1466 1859 me
1493 1826 1572 1862 satis
1596 1825 1802 1872 diligentem
1827 1826 1864 1863 <Sc
1883 1830 1964 1862 bea-

181 1870 260 1896 tum
285 1861 410 1904 fuiffe;
438 1875 550 1910 neque
579 1866 712 1911 etiam,
738 1867 799 1903 nifi
824 1867 963 1915 fingulis
993 1872 1163 1916 excussis,
1190 1873 1235 1908 de
1263 1873 1568 1910 emendationibus
1593 1875 1687 1910 soleo
1716 1878 1961 1922 pronunciare.

181 1911 302 1946 Flores
323 1910 359 1946 <St
377 1912 609 1957 elegantiores
632 1916 748 1952 literas
773 1928 842 1953 non
870 1919 918 1955 ita
945 1920 1086 1967 aspersi,
1115 1922 1196 1969 quin
1223 1921 1356 1968 semper
1382 1923 1556 1968 potiorem
1581 1924 1761 1961 habuerim
1789 1928 1964 1972 jurispru-

182 1960 313 1995 dentiae
332 1961 488 2005 caus-arn,
517 1964 647 2009 priscos
668 1965 703 1999 in
725 1977 768 2001 eo
793 1967 984 2014 Magistros
1011 1972 1201 2006 aemulatus.
1253 1971 1340 2021 Quae
1366 1972 1494 2008 Critica
1518 1973 1612 2015 sunt,
1639 1977 1737 2019 cavi,
1764 1986 1810 2011 ne
1834 1975 1966 2011 sterilia.

184 2008 312 2045 essent:
332 2009 393 2045 nifi
409 2012 502 2047 enirn
519 2013 586 2048 alia
601 2016 792 2056 accedant,
810 2028 873 2061 per
890 2017 923 2051 se
939 2017 1060 2056 sterilis
1077 2020 1127 2056 est
1143 2020 1254 2055 omnis
1273 2021 1409 2056 Critica.
1465 2022 1634 2058 Antrones
1654 2026 1787 2067 parcius
1804 2025 1965 2067 laudavi,

185 2058 265 2104 quia
292 2070 359 2094 non
382 2071 487 2103 arno,
518 2062 577 2108 qui
603 2065 778 2110 gregatim
802 2065 1014 2112 pascuntur,
1047 2082 1089 2105 ac
1113 2068 1173 2116 ipsi
1199 2070 1281 2104 nihil
1307 2070 1491 2116 quicquam
1519 2073 1617 2107 bonae
1652 2072 1760 2120 frugis
1791 2073 1966 2119 praestant.

183 2107 371 2143 Potuisser‘n
396 2110 545 2154 plurima
571 2112 704 2147 addere
729 2124 772 2148 ex
798 2115 1109 2154 Observationibus
1138 2119 1224 2160 fori,
1253 2118 1331 2161 sed,
1359 2130 1402 2154 ex
1428 2122 1542 2157 veteri
1563 2132 1768 2168 praecepto,
1802 2122 1967 2160 ‘situlum

184 2158 348 2204 :relegens
365 2157 532 2204 abstinui,
559 2170 651 2197 ratus
667 2174 825 2210 quoque,
852 2164 927 2211 ejus
946 2167 1080 2204 consilii
1097 2167 1275 2204 distinetos
1295 2166 1362 2203 effe
1382 2168 1481 2205 fines.

236 2255 306 2290 Cur
321 2247 600 2302 'Obfirvationum
623 2262 785 2298 materies
809 2264 919 2310 magis
944 2265 1132 2309 placuerit,
1157 2277 1257 2312 quam
1280 2266 1439 2313 perpetui
1457 2268 1605 2315 Operis,
1633 2270 1714 2307 inde
1740 2268 1843 2311 scies,
1871 2268 1968 2315 quod

187 2304 255 2341 alia
281 2316 335 2340 me
363 2307 496 2351 semper
525 2310 594 2344 alio
622 2312 840 2347 vocaverint.
896 2313 1090 2360 Occupatis
1117 2316 1317 2351 hominibus
1344 2329 1386 2351 ea
1416 2329 1496 2353 cura
1524 2317 1594 2362 est,
1623 2329 1660 2354 ut
1686 2321 1803 2366 paucis
1831 2319 1969 2366 singula

188 2353 391 2396 absolvant,
421 2355 457 2391 ἃ
478 2358 519 2392 ad
541 2358 608 2393 alia
628 2359 715 2394 novi
732 2361 887 2397 redeant.
941 2362 1043 2411 Quod
1066 2363 1182 2409 ajunt,
1210 2366 1324 2401 arduae
1348 2366 1384 2401 in
1403 2366 1522 2411 primis
1543 2366 1578 2402 δι
1597 2367 1744 2404 difficilis
1760 2379 1875 2413 operae
1897 2367 1968 2405 effe

187 2402 440 2446 Observationes
457 2406 624 2451 scribere,
650 2419 824 2456 nunquam
842 2411 928 2446 mihi
946 2412 1139 2456 persuaderi
1156 2415 1294 2459 potuit3
1321 2426 1425 2450 nemo
1446 2427 1529 2450 unus
1547 2415 1616 2459 est,
1639 2417 1695 2462 qui
1712 2417 1820 2453 literis
1837 2428 1969 2455 nomen

188 2453 306 2495 dedit,
334 2454 413 2499 quin
441 2454 534 2502 legat
560 2455 596 2492 ἃ
622 2457 783 2494 observet
808 2460 978 2506 quotidie.
1033 2463 1118 2498 Nec
1146 2463 1349 2511 quisquam,
1375 2464 1480 2510 paulo
1505 2466 1726 2508 accuratior,
1761 2467 1884 2514 legerit
1905 2467 1969 2513 Jus

187 2501 329 2544 Civile,
355 2504 435 2549 quin
465 2505 557 2549 plura
581 2504 620 2540 sit
646 2507 910 2552 observaturus,
937 2522 1012 2556 quae
1038 2512 1185 2547 aliorum
1213 2512 1379 2560 fugerunt
1406 2511 1630 2549 industriam:
1668 2514 1743 2550 haec
1766 2515 1910 2558 scribit,
1941 2515 1969 2552 fi

189 2551 281 2586 tanti
299 2550 363 2586 sint
375 2579 382 2593 ,
399 2551 435 2587 ἃ
450 2552 472 2587 si
491 2556 665 2601 praecipua
681 2556 749 2592 effe
766 2558 927 2602 sciverit,
954 2559 1038 2604 alia,
1064 2561 1108 2596 de
1124 2561 1248 2607 quibus
1265 2561 1378 2596 adhuc
1396 2572 1465 2596 non
1481 2562 1608 2608 liquet,
1628 2561 1731 2599 facile
1748 2563 1796 2598 est
1814 2564 1970 2601 tranfire.

191 2600 253 2635 Sic
276 2612 321 2635 ex
345 2603 566 2639 tumultuaria
591 2605 755 2641 industria
778 2606 876 2654 spissa
902 2617 1019 2644 tamen
1043 2610 1200 2646 crescunt
1217 2610 1444 2654 Adversaria,
1470 2622 1546 2657 qute
1564 2622 1751 2656 excutere,
1779 2612 1816 2648 δε
1835 2615 1971 2660 optima

192 2660 339 2696 quaeque
363 2650 505 2699 seligere
522 2680 532 2696 ‚
569 2655 630 2689 vix
657 2666 774 2701 operae
798 2655 866 2692 effe
892 2657 1043 2693 videtur.
1095 2660 1149 2694 Ita
1176 2659 1255 2694 sane
1281 2659 1367 2695 mihi
1393 2668 1483 2694 natae
1512 2661 1586 2695 sunt
1613 2662 1659 2696 hae
1687 2661 1972 2707 Observationes,

189 2697 302 2734 habes
320 2698 415 2734 enim
432 2711 507 2745 eas,
536 2712 573 2737 ut
590 2715 634 2738 ex
651 2704 867 2741 Adversariis
884 2706 1061 2753 excerpsi,
1085 2708 1315 2755 interpolatas
1332 2720 1446 2743 tamen
1466 2709 1554 2744 curis
1571 2709 1746 2753 secundis,
1772 2723 1840 2757 quo
1857 2713 1971 2759 magis

193 2745 323 2783 decore
352 2749 525 2795 prodeant
553 2752 589 2787 in
614 2753 815 2800 publicum:
850 2755 1013 2804 pleraque
1044 2765 1160 2793 tamen
1191 2758 1266 2793 sunt
1293 2757 1474 2804 pristinae,
1507 2769 1574 2793 non
1605 2758 1720 2794 crud-fe
1747 2759 1971 2807 diligentiae,

195 2795 326 2841 preffa,
352 2798 445 2844 quod
466 2800 524 2836 ille
548 2811 692 2847 monet,
717 2804 752 2839 in
771 2815 900 2840 annum
923 2816 1073 2848 nonum,
1100 2806 1137 2843 ἃ
1159 2807 1250 2853 quod
1274 2807 1426 2842 excedit.
1481 2806 1653 2842 Ordinem
1674 2807 1749 2844 fere
1768 2820 1839 2844 non
1862 2810 1972 2848 aliurn.

195 2844 332 2881 secutus
352 2846 445 2892 sum,
470 2861 573 2896 quam
592 2862 661 2898 quo
679 2851 820 2900 fingulae
840 2852 1088 2900 Observationes
1109 2857 1145 2892 in
1163 2855 1377 2892 Adversariis
1399 2864 1497 2891 erant
1517 2856 1675 2902 digestae:
1707 2858 1853 2904 perinde
1874 2861 1972 2896 enim.

199 2892 250 2928 est
274 2895 309 2930 in
336 2895 405 2932 hoc
428 2909 539 2945 genus
566 2899 687 2945 Opere
707 2926 718 2945 ‚
755 2914 822 2949 quo
848 2915 992 2951 quaeque
1018 2905 1096 2940 loco
1122 2904 1284 2942 dicantur
1301 2931 1312 2948 ,
1353 2915 1432 2940 cum
1462 2903 1594 2951 singula
1622 2917 1683 2950 per
1715 2908 1748 2942 se
1776 2906 1972 2945 subsistant.

198 2941 381 2987 Capitibus
397 2957 466 2983 non
484 2948 671 2996 praescripfi
687 2951 822 2997 prolixa
838 2951 876 2989 δε
891 2953 1073 2989 ambitiosa
1094 2962 1318 3001 argumenta,
1345 2964 1425 2988 nam
1444 2964 1487 2988 ex
1503 2965 1599 2989 more
1621 2955 1792 2990 Veterum
1815 2955 1844 2992 τὲ
1868 2957 1972 2995 cinni-

195 3005 288 3073 1⁵³f⁰v2
311 2994 473 3043 σκφέςερονε
498 3007 612 3044 neque
630 2999 737 3037 etiam
754 3000 791 3036 id
806 3010 881 3038 erat
896 3014 1005 3048 opus,
1031 3014 1112 3039 cum
1132 3004 1238 3039 Index
1254 3002 1333 3038 satis
1349 3010 1511 3037 accurate
1528 3012 1701 3050 exponat,
1729 3005 1811 3053 quid
1832 3017 1969 3057 quoque

212 3048 277 3074 oco
295 3051 428 3089 agatur.

253 3136 311 3172 Sic
334 3140 492 3185 juffiss‘em
516 3153 552 3182 te
573 3147 693 3185 valere
707 3176 717 3192 ‚
744 3148 872 3185 Leetor
884 3175 897 3195 ‚
923 3149 986 3187 nisi
1009 3149 1237 3198 repetendum
1259 3149 1463 3193 videretur,
1496 3150 1587 3196 quod
1610 3150 1647 3187 ἃ
1667 3152 1741 3188 aliis
1763 3152 1971 3200 Opusculis,‘

207 3193 283 3231 ‘luae
297 3188 436 3232 publico
453 3192 554 3240 dedi,
577 3196 747 3244 proseffus
766 3198 861 3244 sum,
884 3200 972 3237 nihil
986 3211 1043 3237 me
1058 3200 1140 3237 data
1158 3210 1264 3247 opera
1283 3197 1463 3246 scripfiffe,
1488 3201 1580 3246 quod
1599 3210 1680 3238 ante
1697 3213 1754 3239 me
1775 3204 1968 3250 occupavit

1879 3251 1967 3291 alius
