2008 3436
0 364 2 435 L*
0 252 4 349 -.L-..
1 235 4 238 .
0 204 5 222 m
0 104 6 188 ,„⁴.-.»
0 0 8 79 Iba-221

257 115 418 153 LIBRI
465 113 829 152 SINGULARIS
880 114 959 152 AD
1009 116 1050 152 L.
1101 117 1318 163 LECTA,
1371 119 1468 156 Cm‘⁴
1504 121 1548 158 X.
1589 124 1651 160 XI.

63 197 102 228 tu
121 196 264 238 excipis,
286 196 389 228 diem:
415 196 446 228 in
472 194 663 228 anteceffum
689 195 804 236 quippe
822 204 933 241 agere,

63 238 109 270 est
128 237 257 270 effeetus
274 243 306 269 vs*
326 236 393 280 ipso
410 238 488 278 jure.
533 235 684 278 Duplicat
710 245 800 276 reus,
824 246 932 276 ejusve

63 288 216 321 patronus
233 280 263 311 in
287 280 306 310 l.
330 289 361 319 5.
387 278 415 321 §.
436 278 492 320 fin.
513 278 552 321 ff.
575 280 609 310 cle
632 278 687 309 dol.
712 278 781 309 mal.
809 277 845 313 &⁹
861 285 927 311 met.

63 327 175 362 except.
221 320 315 353 Astur
343 322 456 362 quidem
471 321 503 351 in
521 317 661 361 potestate
688 318 794 358 habet,
816 322 928 361 quando

1799 135 1844 173 27

976 196 1042 228 dies
1059 196 1174 230 ccffit?
1197 198 1360 231 rectiffime
1378 199 1483 241 itaque
1507 201 1642 242 Paulus,
1666 203 1790 237 resectis
1809 205 1846 237 il-

975 239 1014 270 lis
1042 238 1223 279 ambagibus
1241 263 1250 279 ,
1290 240 1462 272 efficaciam
1497 245 1665 284 propositae
1689 246 1845 287 pactionis

974 287 1092 311 tantam
1112 280 1174 312 cll'e
1190 280 1289 320 dicit,
1314 282 1344 313 ὅ(
1361 291 1437 313 mox
1454 282 1571 322 docet,
1602 295 1637 316 ac
1654 286 1675 318 11
1696 287 1763 328 ipso
1776 287 1846 327 jure

971 319 1082 352 iness'et
1095 343 1105 360 ,
1126 322 1154 353 id
1173 322 1240 361 est,
1253 331 1289 354 ac
1308 322 1328 355 11
1346 322 1475 355 solemni
1496 323 1698 366 stipulatione
1713 329 1845 369 placuis-

62 368 165 394 utatur
177 363 243 404 jure
251 363 326 404 suo,
344 372 399 393 non
417 367 513 393 autem
534 371 621 399 reus,
642 362 754 403 quando
772 364 927 407 convenia·
972 361 1017 394 set
1045 362 1088 393 ita
1108 373 1115 394 :
1151 363 1213 411 Ex¹
1216 366 1335 405 summa
1351 365 1558 414 suprascripta
1587 366 1744 417 menstruus
1770 371 1842 402 dare

63 409 120 436 cnr.
169 404 288 446 Igitur,
323 412 417 444 quum
437 401 524 448 justa
548 401 662 449 fuisset
673 409 824 449 eitcepno
841 412 930 450 mea,
962 403 1088 446 spondes
1110 405 1244 436 denarios
1268 411 1413 447 trecenos,
1446 406 1482 442 ἐπ’
1505 417 1543 440 ex
1558 418 1637 441 mora
1651 431 1663 448 ,
1685 414 1784 452 ujuras
1798 421 1843 443 eo-

61 444 84 477 fi
109 444 180 485 post
208 454 325 476 moram
353 445 443 485 primi
462 443 572 475 menfis
587 453 638 475 me
654 443 747 476 illico
764 453 931 477 convenis·
973 455 1038 477 rum
1057 445 1256 485 Centefimas‘?

61 484 108 519 scs
119 509 131 526 ,
154 496 210 519 cur
230 495 293 518 non
320 486 349 518 δι
367 483 566 527 posteaquam
585 485 727 518 omnium
746 485 931 527 pensionum

673 596 1028 634 CAPUT

1124 599 1212 634 XI.

59 691 170 740 Igitur
199 692 299 739 finito
332 695 432 738 primo
468 692 600 739 mense,
636 693 748 739 primae
776 691 937 739 pensionis
962 691 1075 738 usuras
1101 704 1243 729 currere:
1271 692 1313 735 &
1330 695 1487 741 similiter
1512 697 1581 747 post
1596 698 1771 747 secundum
1798 700 1842 743 &⁹

109 744 240 777 tertium
266 745 424 785 trabium,
452 743 563 789 ufimzs
596 754 656 777 non
674 741 798 789 secutae
833 740 1026 790 [pecunia]
1061 741 1220 788 pensionis
1254 745 1415 792 creseere:

99 793 215 837 solutae
242 791 353 839 usuras
376 794 445 838 peti
469 792 571 839 pqfflJ,
597 803 689 838 quam
714 789 783 838 ipsa
799 794 875 837 sors
897 794 967 839 peti
990 800 1153 838 potuerat.

150 908 210 930 unc
238 897 356 940 species
382 898 528 938 specitur.
574 898 641 931 Hic
660 898 742 930 enim
757 907 822 944 rem
847 908 925 940 prae-

57 899 146 983 N
171 938 290 972 sentem
306 940 404 980 JCtus
430 941 532 972 cernit
554 939 699 982 pressius,
723 939 867 972 derlvans
882 950 925 986 ex

58 981 307 1025 praecedentibus
322 981 510 1013 consectaria
519 1004 528 1020 ,
554 980 719 1026 usurarum·
732 979 924 1027 supputatio-

58 1025 109 1063 ni,
142 1033 199 1065 pro
227 1032 358 1054 numero
387 1021 553 1061 mentium,
575 1021 688 1063 quibus
712 1031 748 1068 111.
765 1022 925 1055 iolutione

60 1066 209 1097 collatum
226 1062 292 1101 est,
315 1063 507 1103 applicanda.
554 1063 676 1106 Igitur,
696 1072 769 1103 qula
785 1063 854 1104 post
873 1073 924 1095 va-

56 1109 119 1139 rias
138 1106 275 1138 actiones
293 1105 322 1135 dt
339 1104 547 1145 exceptiones
562 1105 732 1136 intentatas
755 1105 784 1136 ὃ(
800 1105 923 1151 01111011-

58 1156 123 1185 tam,
148 1146 270 1178 tandem
291 1145 460 1186 aliquando
481 1145 657 1184 constabit,
681 1155 721 1177 ne
742 1145 846 1193 hilum
862 1146 923 1178 dif-

55 1188 159 1224 ferre,
190 1195 294 1218 utrum
320 1195 464 1218 trecenta
495 1188 548 1219 illa
572 1186 698 1219 refundi
716 1186 847 1228 fimplici
868 1197 923 1219 nu-

56 1231 161 1269 doque
183 1228 273 1269 pasto
294 1251 305 1267 ,
335 1238 373 1259 an
400 1232 572 1260 verborum
594 1228 789 1270 obligatione
807 1238 924 1275 conve-

55 1271 169 1309 niss'et,
192 1279 285 1310 atque
312 1270 355 1301 ita
374 1279 483 1302 eorum
512 1269 610 1301 usura:
627 1269 757 1315 fuissent
773 1270 899 1318 adjectae
911 1293 924 1310 ,

55 1311 250 1352 consequens
275 1310 320 1342 cst
337 1333 348 1350 ,
402 1312 464 1343 uod
487 1312 530 1342 ait
556 1311 670 1343 Paulus
689 1333 699 1349 ,
726 1311 815 1351 finito
826 1317 922 1352 przmo

55 1353 168 1393 mense,
196 1355 297 1394 primae
320 1321 467 1394 penJionis
493 1353 591 1394 zpfizras
617 1363 731 1384 currere
750 1364 760 1384 .·
782 1352 844 1384 hoc
860 1351 924 1392 est,

55 1389 164 1437 elapsis
188 1404 205 1426 a
232 1404 318 1426 mora
345 1394 492 1426 Kalendis
517 1394 644 1435 primis,
669 1394 865 1441 debitorem,
891 1405 924 1426 u-

54 1436 194 1469 surarum
219 1437 347 1467 nomine
364 1458 376 1474 ,
409 1435 584 1467 soluturum
599 1434 660 1467 esse
680 1436 825 1468 denarios
840 1443 920 1476 tres,

53 1478 209 1520 pensionis
225 1478 334 1518 primae
353 1477 404 1509 scu
422 1484 636 1508 trecentorum
645 1476 836 1509 centesimas.
862 1478 923 1509 Ad-

53 1519 190 1550 versarii·
204 1519 266 1559 Jam
293 1527 358 1550 tum
384 1518 553 1559 exigebant
577 1518 728 1565 denarios·
740 1518 918 1551 XXXVII.

54 1562 85 1594 ὅ(
115 1559 272 1592 sestertios
295 1559 390 1599 duos,
422 1561 512 1601 juxta
534 1559 746 1601 stipulationis
775 1559 919 1607 secundae

53 1611 218 1640 tenorem,
240 1608 336 1643 prout
353 1601 490 1634 diximus
512 1601 543 1634 in
567 1601 747 1648 exhibendo
763 1601 919 1649 Quaestio-

51 1645 101 1676 nis
119 1646 214 1675 statu:
258 1652 299 1674 uo
316 1651 419 1675 autem
434 1644 520 1684 jure,
553 1653 655 1686 quave
680 1652 811 1684 anurla,
835 1643 920 1675 Vide-

52 1685 156 1717 bimus
180 1685 212 1717 C.
275 1684 314 1717 ΙΙ.
339 1684 375 1720 &³
395 1684 485 1718 XIII.

93 1727 124 1759 Si
142 1727 246 1768 primo
268 1726 373 1758 mense
389 1727 483 1760 finito
499 1749 510 1766 ,
533 1726 644 1769 primae
661 1734 783 1760 tantum
799 1726 918 1769 penfio-

51 1769 100 1803 nis
125 1768 224 1800 usurae
255 1776 404 1808 currant,
435 1770 529 1801 etiam
548 1779 658 1802 verum
678 1768 743 1809 est,
768 1769 856 1810 quod
867 1769 918 1801 ad-

51 1811 102 1844 dit
120 1809 254 1849 Paulus,
267 1808 408 1849 similiter
419 1808 653 1852 posifiecundum
670 1811 707 1847 δέ)
724 1813 842 1843 tertium
859 1817 919 1842 tra-

52 1852 129 1885 &um
145 1873 157 1890 ,
185 1851 285 1883 naras
309 1861 367 1883 non
384 1852 488 1893 fiilutoe
510 1852 676 1899 (pecuniae)
695 1851 842 1899 penfionir
857 1862 918 1884 cre-

42 1894 134 1937 scere.
180 1854 380 1932 rfaloander‚
406 1893 633 1935 Antiquiorum
650 1896 774 1926 iecutus
785 1893 918 1935 scriptu-

51 1945 139 1974 ram,
161 1934 241 1966 illud
253 1936 385 1975 pecunice
404 1944 468 1967 non
486 1934 646 1977 agnoscit,
659 1945 718 1967 nec
738 1935 918 1981 Hotoman-

51 1982 109 2010 nus
126 1976 250 2008 dubitat
263 1975 413 2017 glossema
427 1975 507 2016 effe,
539 1977 611 2018 quia
630 1976 694 2009 scil.
714 1987 823 2024 parum
841 1986 916 2009 con-

50 2018 142 2050 cinna
167 2017 293 2049 videtur
318 2017 403 2049 istaee
429 2019 545 2059 gemini
571 2017 755 2050 substantiw
774 2019 914 2065 cumula-

51 2061 118 2098 tio,
146 2060 275 2100 pecuniae
299 2057 452 2100 penfionis.
498 2059 558 2092 Sed
585 2060 662 2091 hanc
679 2060 812 2092 evitabis
830 2083 840 2099 ,
873 2059 915 2106 fi',

50 2100 310 2142 quemadmodum
336 2101 381 2132 eit
411 2101 442 2132 in
469 2100 608 2140 Codice,
637 2110 729 2142 quem
747 2100 916 2147 man-uscia:

52 2150 143 2184 ptum
170 2140 269 2172 habeo
287 2165 297 2179 ‚
332 2142 362 2174 &
379 2142 408 2173 111
427 2142 578 2174 Editione
600 2143 824 2175 Blaublommu
842 2152 915 2189 anni

54 2192 146 2224 1523.
171 2181 303 2223 legeris,
320 2185 449 2223 pecuniae
467 2193 534 2215 VEL
547 2183 689 2225 penfionis
700 2208 710 2223 ,
728 2183 816 2216 sensu
834 2193 915 2225 opti-

51 2233 106 2257 mo
124 2246 134 2261 ,
165 2231 201 2254 ut
227 2225 254 2252 «i
279 2222 423 2264 pensionis
446 2223 481 2256 fit
509 2226 654 2262 ἐξγγηωεν
673 2228 827 2266 pecuniae,
850 2234 915 2266 quo

50 2264 212 2296 vocabulo
235 2273 326 2295 antea
353 2264 423 2296 usus
448 2273 514 2297 erat:
540 2266 648 2307 JCtus.
693 2267 913 2313 Nihilominus

52 2306 81 2339 ὅ(
98 2306 182 2337 reete
197 2305 278 2345 apud
298 2305 518 2346 Florentinos,
541 2308 709 2340 cumulatis
726 2309 789 2341 fine
808 2307 914 2354 distm-

51 2347 156 2380 &ione
186 2352 334 2379 Συιωωμοι.
352 2369 363 2385 ,
393 2346 464 2378 sunt
489 2349 606 2381 etenim
631 2350 661 2382 ὅ(
678 2349 752 2382 alibi
768 2349 864 2381 obvra
880 2359 911 2381 e-

50 2387 185 2430 iusmodi
208 2388 408 2420 locutionum
436 2390 605 2431 exempla:
644 2391 744 2423 veluti
774 2391 913 2434 Conjugii

51 2431 157 2470 πυρεῖα
179 2429 211 2461 111
235 2430 255 2460 l.
271 2433 300 2461 6.
327 2430 357 2460 C.
378 2432 411 2461 cie
437 2429 537 2471 incest.
564 2438 646 2472 nupt.
691 2432 755 2465 Iter
775 2434 912 2472 viarum,

50 2471 131 2512 apud
147 2469 329 2502 Lucretium
344 2471 411 2503 Lib.
427 2471 465 2504 II.
474 2473 517 2513 vs}
528 2476 646 2506 626.ae
656 2474 701 2506 ita
717 2473 913 2508 intellectum

49 2511 128 2543 illud
152 2511 327 2543 Innocentii
356 2512 409 2544 111.
445 2513 476 2545 111
510 2514 579 2555 Cap.
612 2525 641 2556 7.
673 2515 716 2547 X.
740 2517 773 2547 de
791 2517 912 2559 pignor.

52 2551 175 2584 Pastum
189 2554 214 2584 le
239 2554 263 2583 is
291 2554 498 2595 commiffijriae,
531 2566 594 2588 non
613 2557 674 2589 erit
693 2566 791 2598 opus,
812 2567 912 2590 arcer-

52 2591 170 2625 scamus
185 2603 203 2624 a
244 2595 484 2635 raginaticorum
506 2598 686 2637 erroribus,
707 2598 786 2631 ficut
808 2598 909 2631 Anto—

51 2634 123 2666 nius
141 2633 235 2666 Faber
252 2635 363 2668 Decad.
383 2637 476 2669 XXI.
504 2638 611 2671 Errore
630 2639 647 2671 s
645 2649 685 2671 uo
704 2639 726 2672 I.
753 2640 799 2671 ita
815 2640 909 2673 &ve-

54 2683 105 2706 tus
123 2673 285 2716 inscriptio
311 2676 371 2709 Tit.
393 2677 513 2711 LXVI.
547 2680 635 2713 Feud.
658 2681 714 2713 IV.
760 2681 808 2713 De
822 2682 908 2722 pasto

52 2716 128 2758 legis
151 2716 338 2756 commifforiae
355 2740 366 2756 ,
396 2719 460 2752 vid.
494 2720 658 2762 CuJ'acium
685 2724 756 2755 ibid.
801 2724 854 2756 Sic
878 2724 908 2756 &

41 2757 134 2799 Jbrtis
153 2756 284 2796 fortunae
307 2759 387 2799 apud
405 2760 586 2795 Minucium
605 2763 745 2797 Felicem
761 2765 793 2797 in
815 2764 907 2797 Otia-

50 2799 100 2829 vio
133 2797 166 2830 C.
190 2801 242 2840 36.
271 2798 404 2840 dignitas
424 2800 468 2833 est
495 2804 525 2836 ὃ(
542 2805 639 2837 elatio
655 2805 735 2845 fati,
757 2815 850 2845 narn,
873 2815 909 2839 ut

49 2840 206 2880 integrum
223 2839 329 2871 locum
343 2841 421 2872 male
436 2845 578 2877 emendat
592 2869 602 2883 ,
625 2846 667 2879 fic
684 2848 714 2880 &
735 2847 860 2889 peffime
878 2849 908 2880 ,ὁ

40 2880 132 2922 stiriis
155 2880 240 2911 delet
269 2880 380 2913 Petrus
404 2882 501 2916 Faber
531 2886 600 2920 Lib.
621 2887 676 2921 III.
714 2888 849 2930 Semestr.
873 2890 906 2922 C.

51 2931 102 2963 23.
121 2927 154 2961 p.
179 2930 250 2962 357.
296 2921 383 2969 Quin
401 2924 430 2955 ὅ(
447 2924 498 2956 hic
521 2927 710 2970 distinguere
726 2931 819 2972 poffis
833 2940 907 2972 pen-

49 2962 167 2995 fionem
190 2972 208 2994 a
231 2971 382 3008 pecuum,
406 2974 441 2996 ut
457 2967 562 3005 penno
580 2969 632 3002 hic
650 2971 729 3004 nihil
745 2972 783 3005 fic
801 2972 907 3011 anua,

48 3012 141 3044 quam
165 3012 309 3043 pecunia:
332 3003 476 3045 prastatio
498 3030 510 3046 ,
539 3008 705 3045 secundum
725 3014 815 3045 vocis
838 3022 906 3056 ety-

49 3053 125 3075 mon
147 3043 228 3084 apud
250 3046 424 3078 Varronem
451 3048 490 3079 de
525 3050 564 3082 L.
589 3052 628 3084 L.
653 3053 725 3087 Lib,
749 3055 806 3088 IV,
827 3057 908 3087 circa

42 3083 155 3166 Jgnem:
175 3085 214 3168 J
237 3088 562 3161 rieceptumbloquendi
586 3096 811 3134 morem,‘vid.
835 3096 856 3129 l.
875 3107 906 3140 3.

73 3149 80 3156 .
101 3135 119 3157 ·I
149 3150 156 3157 .
208 3151 215 3158 .
259 3139 273 3160 e
321 3136 393 3160 amc
416 3155 423 3162 .

90 3135 162 3198 Ngc
185 3167 230 3201 est
245 3193 256 3211 ,
288 3129 374 3213 guod
395 3173 421 3200 τὸ
434 3175 565 3213 pecunias
585 3175 670 3209 dicas
687 3178 749 3211 effe
763 3178 837 3211 fidei
859 3178 907 3213 su-

1450 760 1508 784 nec
1543 758 1619 786 ante
1648 752 1752 798 sortis
1776 764 1841 788 non

968 896 1079 939 spestae
1099 921 1108 937 ,
1143 899 1229 940 quod
1252 899 1377 934 duobus
1402 903 1561 935 uncinulis
1589 903 1626 937 fit
1660 904 1814 939 inclusum
1829 917 1840 939 z

968 949 1038 970 113111
1057 948 1167 972 verum
1187 950 1250 973 non
1268 942 1333 974 est:
1356 944 1442 984 quod
1458 946 1557 986 vulgo
1573 946 1636 978 dici
1652 945 1750 987 solet,
1775 957 1840 981 non

967 980 1095 1020 reperiri
1119 990 1155 1012 ea
1181 982 1212 1014 in
1238 983 1414 1026 archetypo
1441 985 1655 1028 Florentino,
1696 997 1767 1030 quae
1782 990 1839 1022 hu-
1882 1000 1884 1003 ’

966 1021 1104 1061 jusmodi
1123 1023 1208 1054 notis
1233 1023 1274 1065 []
1300 1027 1518 1059 continentur.
1563 1027 1628 1073 Qui
1651 1029 1750 1071 legit,
1769 1040 1841 1072 quae

967 1062 1000 1094 T
1002 1063 1150 1095 aurellius
1168 1064 1331 1098 Pandeffis
1358 1066 1419 1099 suis
1444 1067 1594 1109 praefatus
1613 1069 1676 1110 est,
1701 1073 1840 1104 animad-

966 1111 1092 1143 vertet,
1114 1105 1218 1146 quinis
1235 1116 1307 1138 eum
1327 1117 1474 1141 notarum
1497 1109 1727 1144 charaCIeribus
1745 1112 1839 1145 fuisse

966 1144 1078 1184 usum,
1110 1146 1254 1188 interque
1279 1157 1335 1181 eos
1352 1159 1433 1190 uno,
1466 1150 1518 1183 fim
1545 1151 1598 1183 lici
1615 1153 1766 1185 videlicet
1785 1164 1838 1195 pa-

965 1186 1118 1226 renthefi,
1143 1187 1356 1230 significante,
1380 1201 1444 1223 non
1463 1201 1502 1223 ex
1533 1202 1584 1224 are
1601 1194 1750 1235 quidem,
1767 1205 1838 1237 quae

965 1237 1002 1259 ea
1028 1230 1283 1270 concluduntur,
1314 1232 1346 1264 in
1363 1232 1586 1266 pandectarum
1606 1245 1840 1277 monumento,

965 1277 1102 1302 attamen
1124 1269 1223 1303 sensui
1250 1271 1450 1306 sustentando
1466 1275 1529 1308 effe
1551 1277 1731 1310 necessaria.
1777 1279 1839 1311 Re-

966 1310 1052 1351 liqua
1076 1310 1159 1353 signa
1185 1313 1342 1346 diversum
1367 1315 1531 1349 denotant.
1577 1317 1705 1352 Horum
1731 1328 1840 1354 autem

965 1352 1046 1384 nihil
1065 1359 1104 1389 τῷ
1112 1355 1243 1394 peczmiae
1259 1355 1405 1397 apposuit
1430 1357 1632 1392 Taurellius:
1662 1370 1739 1403 ergo
1758 1362 1840 1395 bene

965 1392 997 1425 se
1013 1393 1120 1426 habet.
1165 1395 1257 1428 Unde
1277 1398 1374 1439 igitur
1391 1399 1421 1431 in
1441 1399 1666 1443 Editionibus,
1693 1412 1762 1445 quae
1782 1404 1840 1436 ho-

965 1435 1016 1466 die
1042 1436 1096 1468 vul
1138 1436 1199 1469 reis
1221 1437 1293 1471 sunt
1310 1461 1322 1478 ,
1351 1440 1424 1472 heic
1441 1441 1614 1483 reperimus
1630 1443 1664 1476 su
1688 1445 1840 1480 radiftam

964 1484 1073 1508 notam
1085 1445 1124 1519 [g]
1138 1478 1189 1510 vel
1201 1479 1296 1512 etiarn
1306 1481 1392 1513 illam
1409 1487 1425 1519 s
1436 1489 1449 1518 κ’
1493 1487 1555 1524 sl,
1567 1484 1597 1517 ὅτ.
1613 1495 1655 1517 1111
1678 1495 1696 1517 e
1712 1496 1839 1528 perver-

963 1516 1031 1550 sum
1046 1518 1085 1550 de
1102 1520 1142 1551 113
1157 1520 1310 1560 judicium
1322 1523 1339 1554 ?
1359 1523 1546 1558 crediderim
1561 1528 1693 1559 omnino
1701 1538 1742 1560 ex
1753 1528 1840 1561 clau-

962 1558 1028 1591 sula
1052 1559 1131 1593 Lud.
1159 1561 1328 1604 Russ'ardi,
1363 1574 1455 1607 quam
1486 1567 1558 1608 post
1581 1568 1839 1611 repraesentatam

961 1599 1119 1634 Taurellii
1146 1601 1370 1642 Praefationem
1397 1607 1430 1639 in
1457 1606 1509 1640 1113
1533 1609 1686 1643 Editione
1703 1611 1840 1654 subjecit

961 1641 994 1674 111
1018 1642 1087 1675 haec
1109 1643 1222 1677 verba:
1254 1646 1382 1689 Acceffit
1409 1649 1455 1681 his
1478 1649 1533 1691 (ne
1549 1653 1619 1693 quid
1639 1658 1666 1684 te
1685 1653 1778 1686 lateat
1796 1654 1838 1687 le-

961 1683 1039 1726 ἑῗον)
1077 1690 1111 1717 ut
1134 1687 1207 1727 quod
1232 1687 1278 1719 his
1299 1691 1376 1721 notis
1398 1694 1439 1728 ll
1481 1699 1521 1729 ll
1544 1694 1689 1735 inclusum
1710 1697 1838 1737 reperiet

960 1725 1012 1757 hoc
1035 1727 1068 1758 in
1084 1732 1140 1759 toto
1165 1728 1233 1759 'uris
1247 1737 1381 1772 corpore,
1404 1732 1481 1765 illud
1501 1734 1593 1776 ipsum
1609 1745 1689 1767 nunc
1703 1739 1837 1777 primum

960 1768 1094 1800 additum
1109 1778 1123 1800 e
1146 1779 1179 1809 e,
1204 1770 1285 1803 ultra
1321 1783 1388 1804 uam
1401 1775 1435 1806 in
1452 1775 1612 1808 Pandeftis
1628 1777 1838 1820 Florentinis,

961 1814 1013 1840 aut
1039 1810 1109 1841 aliis
1134 1809 1272 1844 haetenus
1311 1816 1474 1857 egebatur,
1508 1820 1703 1861 recogncy'cas.
1749 1820 1835 1854 Tur-

961 1849 1124 1897 batyalde
1142 1851 1210 1885 haec
1230 1854 1370 1888 clausula
1384 1879 1396 1896 ‚
1419 1867 1490 1890 nam
1514 1861 1640 1899 omnia,
1662 1871 1732 1902 quae
1748 1862 1837 1895 hisce

963 1898 1049 1924 notis
1071 1898 1111 1930 ll
1158 1898 1198 1932 ll
1222 1895 1255 1928 in
1274 1897 1479 1931 Editionibus
1500 1900 1668 1941 Ruffardi,
1692 1901 1836 1938 (31131311-

960 1933 1026 1973 dae,
1051 1934 1137 1966 Pacii
1148 1957 1160 1975 ,
1181 1936 1211 1968 &
1227 1935 1424 1971 Gothofredi
1442 1941 1602 1984 plerisque
1620 1943 1738 1976 inclusa
1747 1945 1834 1986 sunt,

960 1974 1023 2007 fine
1039 1976 1138 2008 dubio
1157 1977 1280 2011 exstant
1295 1980 1327 2012 in
1340 1979 1442 2013 Libro
1460 1982 1671 2025 Florentino,
1687 1987 1835 2027 quemad-

961 2016 1112 2057 modum,
1134 2016 1157 2050 fi
1173 2019 1242 2060 quis
1259 2021 1426 2062 conferat,
1449 2026 1611 2066 apparebit
1630 2027 1744 2060 statim.
1770 2028 1833 2061 Ita-

962 2066 1023 2098 que
1051 2059 1090 2091 de
1115 2057 1202 2092 facto
1229 2071 1293 2094 non
1311 2063 1435 2096 conflat
1458 2075 1494 2097 ea
1518 2067 1661 2100 Ruffardi
1680 2069 1831 2104 clausula.

961 2099 1021 2130 Sed
1037 2100 1098 2132 hoc
1115 2110 1226 2134 verum
1239 2103 1304 2143 est,
1328 2106 1453 2144 omnia,
1476 2117 1546 2148 quae
1563 2110 1649 2141 notis
1666 2110 1729 2142 illis
1744 2121 1832 2144 com·

958 2141 1110 2181 prehensa
1130 2142 1222 2182 sunt,
1245 2144 1347 2177 abesse
1371 2146 1409 2178 ab
1427 2147 1581 2182 Editione
1590 2150 1831 2192 Haloandrina,

959 2191 994 2213 ut
1015 2191 1128 2223 praeter
1151 2189 1179 2214 τό
1205 2188 1356 2227 pecunioe,
1382 2189 1413 2221 ὅ(
1430 2190 1573 2232 reliqua,
1598 2202 1668 2233 quae
1684 2194 1716 2225 in
1735 2194 1829 2236 Legi-

957 2222 1016 2256 bus
1032 2223 1116 2264 sunt‚
1133 2227 1229 2258 etiam
1249 2237 1290 2260 ex
1315 2231 1695 2273 earuminscriptionibus
1719 2243 1830 2276 patet:

955 2272 1006 2297 eas
1028 2267 1145 2309 quippe
1169 2278 1234 2301 non
1261 2269 1356 2302 habet
1375 2269 1444 2304 fere
1477 2272 1659 2308 Haloander
1684 2286 1702 2308 a
1734 2277 1831 2309 Libro

954 2305 1065 2340 XXV.
1082 2309 1122 2350 ff.
1148 2309 1186 2341 ad
1201 2320 1299 2352 usque
1315 2312 1419 2345 finem.
1466 2314 1554 2347 Hinc
1580 2317 1681 2349 statim
1705 2317 1833 2356 Russar-1

954 2347 1032 2386 dus,
1055 2350 1191 2392 aliique,
1223 2361 1303 2393 quos
1326 2353 1485 2395 diximus,
1511 2357 1582 2397 post
1597 2357 1670 2398 JCti
1686 2368 1802 2392 nomen
1815 2359 1833 2398 ,'

956 2389 1093 2431 Legibus
1110 2391 1349 2434 praescriptum,
1371 2396 1458 2436 quod
1489 2396 1534 2429 est
1555 2399 1586 2431 in
1604 2398 1746 2440 Norica,
1770 2400 1826 2433 Li-

956 2432 1068 2470 hrum,
1087 2443 1126 2465 ex
1171 2443 1212 2466 uo
1228 2436 1329 2476 petita
1345 2436 1414 2468 Lex
1431 2436 1495 2477 est,
1511 2440 1574 2472 hoc
1593 2441 1690 2473 modo
1705 2441 1828 2483 fignant

954 2479 995 2516 ss
1040 2481 1092 2513 ss.
1138 2443 1227 2519 {uid
1245 2476 1266 2508 fi
1283 2477 1380 2519 igitur
1400 2479 1559 2520 d1camus,
1584 2491 1640 2523 per
1659 2483 1828 2516 Panaenus

954 2519 1142 2552 Florentinas
1157 2517 1343 2550 Ruffardum
1367 2520 1559 2555 intellexisse
1575 2523 1816 2564 Haloandrz'nas,

953 2568 1068 2602 utpote
1087 2568 1155 2601 quae
1174 2568 1233 2633 {¹210
1257 2557 1455 2594 Florentinis
1477 2562 1549 2597 sunt
1566 2565 1701 2605 habitae,
1726 2567 1824 2607 prius-

952 2611 1044 2643 quam
1075 2609 1158 2632 311110
1224 2624 1230 2631 .
1258 2599 1302 2633 D.
1324 2601 1409 2635 LIII.
1436 2602 1503 2636 suas
1521 2607 1665 2639 vulvaret
1686 2607 1821 2640 Taurel-

952 2644 1030 2675 lius:
1055 2641 1306 2684 quandoquidem
1324 2643 1356 2676 in
1371 2644 1563 2679 Praefatione
1577 2631 1633 2680 sua
1649 2648 1744 2688 iactet
1754 2648 1810 2682 Ha

951 2684 1080 2717 loander
1099 2706 1110 2722 ,
1138 2681 1168 2714 se
1191 2683 1228 2715 ad
1248 2683 1271 2715 F
1275 2683 1425 2718 lorentini
1443 2687 1532 2720 Libri
1550 2689 1644 2721 fidem
1666 2688 1719 2723 sua
1734 2696 1821 2722 retu-

951 2725 1019 2758 lisse
1035 2748 1046 2764 ‚
1075 2725 1169 2767 idque
1197 2734 1306 2756 verum
1332 2727 1391 2766 fit,
1422 2729 1520 2761 modo
1558 2731 1818 2772 meminerimus,

952 2768 1035 2810 quod
1050 2766 1125 2799 Ant.
1146 2765 1340 2808 Augustinus
1355 2768 1546 2811 aliquotiens
1570 2772 1729 2811 inculcat,
1752 2772 1819 2805 Ha-

952 2808 1116 2841 loandrum
1142 2816 1184 2840 ex
1209 2809 1410 2850 Bolognino,
1442 2811 1656 2854 Bologninum
1674 2822 1716 2844 ex
1732 2813 1820 2846 Poli—
1864 2835 1866 2837 >

952 2850 1060 2890 tiano,
1093 2850 1124 2882 &
1151 2850 1236 2882 hunc
1261 2852 1398 2891 primum
1423 2851 1462 2883 ad
1485 2854 1644 2926 exengplar
1661 2853 1819 2887 Florenti-

951 2901 1028 2924 num
1047 2891 1200 2923 exhibere
1214 2900 1302 2930 eam,
1325 2901 1386 2932 qua
1402 2893 1543 2932 utimur,
1586 2895 1740 2927 ditionem
1748 2895 1820 2928 No-

949 2933 1057 2965 ricam.
1103 2932 1209 2974 Atque
1232 2942 1268 2964 ea
1288 2935 1410 2964 ratione
1430 2932 1549 2966 factum
1569 2935 1634 2974 est,
1656 2944 1692 2968 ut
1708 2937 1820 2979 Sylve-

949 2973 1009 3007 ster
1035 2973 1290 3006 Aldobrandinus
1316 2983 1389 3006 ante
1424 2975 1581 3009 Comment.
1619 2977 1658 3009 ad
1695 2977 1766 3010 Lib.
1789 2977 1816 3011 I.

950 3014 1170 3057 Institutionum
1193 3014 1342 3046 lectorem
1368 3015 1411 3046 ita
1429 3025 1575 3049 moneat:
1600 3018 1740 3051 Invenies
1757 3019 1814 3052 ali-

949 3059 1081 3099 quotiens
1089 3057 1146 3098 sub
1163 3057 1280 3086 nomine
1298 3055 1465 3088 Florentinz'
1488 3057 1577 3091 Libri
1595 3059 1813 3093 Pandenarum

949 3100 1074 3130 citatum
1100 3097 1225 3129 Librum
1248 3096 1410 3137 Noricum,
1444 3100 1517 3139 quod
1535 3101 1561 3131 is
1579 3103 1676 3144 magis
1691 3103 1729 3133 ad
1748 3101 1815 3134 Flo-

949 3141 1061 3171 remim·
1081 3137 1173 3179 fidem
1189 3139 1320 3171 accedat.
1366 3138 1414 3171 Ita
1438 3139 1581 3181 quidem,
1605 3141 1728 3183 fateor,
1752 3145 1814 3175 erit

949 3181 1055 3224 aliqua
1070 3184 1232 3253 καιήχρηιίὃς
1251 3179 1284 3210 111
1298 3181 1445 3222 nomine,
1472 3191 1601 3224 verum,
1614 3192 1650 3217 ut
1667 3184 1817 3223 vidimus,
1841 3200 1845 3203 -

1252 3229 1271 3254 2
1770 3233 1815 3256 et-
