2008 3436
299 102 383 139 AD
419 100 556 138 1..1x.
596 99 645 137 D.
684 97 767 135 DE
804 76 976 137 LE'GE
1016 101 1314 150 RHOD1A,
1353 106 1392 142 c.
1424 107 1527 145 viii.

38 178 178 217 suboluit
201 182 342 216 Antonio
361 181 536 224 Augustino
562 181 593 213 in
612 178 695 213 libro
718 179 752 210 de
772 176 819 209 Le
842 179 905 210 ibus

38 224 75 260 δ’
89 225 177 256 SC11'5
187 230 219 265 p.
241 233 311 266 131.
335 224 365 256 ὅ(
383 224 449 264 Jac.
473 220 678 266 Gothofredo
696 219 733 251 ad
750 219 780 251 h.
837 244 844 267 1
870 220 904 252 C.

37 265 65 298 I.
108 265 257 306 Cujacius
276 275 352 297 vero
373 265 412 297 ad
437 264 522 298 Lihr.
546 260 708 295 XXMV.
741 259 844 307 *Pauli
866 262 905 292 ad

36 306 182 346 edictum,
206 308 239 338 in
264 307 284 338 l.
309 317 338 339 2.
357 306 399 355 ff.
421 308 460 338 ad
484 305 540 351 L..
556 303 660 349 Rhod„
676 303 710 333 de
728 301 804 344 jaer.
838 311 901 335 non

37 348 164 389 quidem
181 357 232 380 eas
252 347 415 390 ssippolitae.
440 347 558 379 fraudis
575 351 696 385 arguit,
719 351 772 382 at,
794 343 901 390 deper-

37 389 112 420 ditis
137 389 369 428 vetusiissimis,
394 388 572 421 novisiimas
589 385 736 427 quasdam
757 383 818 415 effe
835 393 900 423 ait,

35 438 96 462 nec
111 438 146 460 ea
162 438 274 470 praeter
290 431 455 472 quicquam
471 429 622 473 adfirmat.
666 425 737 467 Ego
757 433 837 466 puto
848 435 901 458 ve-

35 479 123 510 rum,
149 480 188 502 ne
210 471 334 513 quidem
360 471 460 512 Leges
486 468 684 502 Rhodiorum
702 467 902 513 novellas—eo

36 510 216 553 fragmento
240 513 422 552 contineri,
457 510 508 543 sed
540 509 652 556 fucum
675 507 770 555 nobis
793 507 903 555 feciss‘o

37 553 219 585 mendacem
244 552 399 585 Graeciam
417 576 426 592 ‚
459 561 522 593 quo
552 559 647 582 etiam
673 557 806 592 ineptias
832 550 902 582 illas

36 603 231 626 veneremur.
261 594 349 626 Itane
372 593 571 626 Rhodiorum
585 593 712 632 οὕνομίω,
735 598 902 638 tantopere

35 635 159 668 laudata
179 635 359 674 veteribus,
381 636 556 673 evilescet‚
579 633 609 666 &
627 641 756 680 repente
772 632 901 679 ejus-10·

35 685 76 708 co
93 677 242 711 ›cmv-uiuo
260 676 509 718 amplectemur?
529 676 608 708 hanc
624 674 903 716 Jurisprudentiam

35 717 168 750 Romani
185 720 452 760 amaverint,prae
468 727 528 761 qua
545 726 638 750 nemo
649 726 713 749 non
724 716 903 762 laudaturus

34 757 79 791 est
96 759 253 796 Platonici
266 761 350 834 ff[uris
364 759 597 806 praestantiam?
621 758 660 790 de
674 758 730 789 hac
748 756 904 804 farragine

35 800 243 833 vaticinatum
284 801 358 834 uiss'e
381 811 477 841 reor,
500 811 553 843 qui
577 797 846 846 glosl‘amscriplit
864 797 902 845 ad

37 842 72 874 C.
97 841 219 874 Rhodiae
234 843 289 875 ult.
312 841 455 918 Dtiflinft.
479 843 518 876 II.
544 851 617 874 curn
636 848 751 882 inquit:
781 849 825 886 tm
845 849 903 870 uzs-

30 881 107 922 fima
124 882 165 925 est
180 885 236 917 illa
253 885 340 925 Lex,
364 886 491 927 oquitur
512 892 616 929 autem
636 883 675 914 dc
691 881 824 927 Rhodia.
856 889 901 930 'e-

36 933 119 957 teres
136 925 271 959 Rhodiae
291 936 308 958 a
327 928 481 960 Strabone
506 924 711 970 perhibentur
735 921 828 968 fuisse
844 934 900 949 om-

34 968 179 1008 ‚dauri-1,
200 977 259 1001 nec
276 969 439 1010 quisquam
456 977 581 1005 earum,
599 964 654 997 nifi
669 961 770 1010 adseri
796 962 902 994 talau-

33 1009 92 1049 de,
116 1010 279 1048 meminit;
302 1010 334 1042 in
353 1011 411 1043 hac
428 1008 628 1042 Collestione
643 1004 722 1037 nihil
741 1005 772 1036 el
796 1027 806 1043 ,
818 1003 902 1044 quod

33 1060 99 1084 non
115 1051 340 1094 reprehendas,
365 1051 418 1084 seu
443 1049 566 1083 dicendi
589 1046 737 1094 modum,
763 1043 816 1076 seu
835 1053 901 1090 rem

33 1095 45 1126 i
71 1092 134 1125 sam
160 1091 285 1134 spectes.
331 1091 412 1139 Quis
435 1094 549 1131 veyrano
568 1089 674 1126 dixit,
698 1087 729 1119 &
757 1085 901 1132 Rhodius

53 1133 123 1166 uit?
144 1132 215 1166 sunt
235 1133 390 1173 ejusmodi
413 1134 521 1175 plura,
545 1130 597 1164 sed
612 1139 629 1162 a
651 1127 810 1174 Graeculis
829 1136 900 1168 pos-

33 1175 203 1209 terioribus
231 1173 381 1215 profetia.
427 1174 553 1208 Deinde
580 1172 602 1204 si
628 1179 773 1213 genuinae
801 1168 901 1210 Leges

31 1216 166 1252 Rhodiae
190 1215 288 1250 essent
315 1215 441 1259 scriptae
464 1217 496 1249 in
527 1214 585 1262 illo
614 1212 815 1254 fragmento,
836 1219 901 1242 non

32 1257 135 1302 posset
153 1259 186 1291 in
201 1267 242 1290 eo
260 1258 420 1300 quippiam
438 1262 587 1302 reperiri,
611 1254 696 1296 quod
707 1262 772 1285 non
786 1260 901 1298 conve-

32 1301 100 1335 niat
115 1308 189 1332 eum
205 1299 268 1331 illis
284 1299 323 1331 de
341 1299 428 1340 JaCtu
448 1297 635 1340 Capitibus,
654 1304 725 1340 qua}
741 1294 902 1326 Romania

33 1340 168 1375 Rhodiis
185 1341 320 1373 mutuati
339 1340 419 1374 sunt.
465 1340 525 1375 Sed
547 1347 625 1384 vero
643 1338 779 1379 plurima
793 1334 901 1376 depre-

34 1382 151 1416 hendas
165 1383 197 1416 in
212 1381 284 1414 sista
298 1382 354 1415 illa
371 1382 492 1425 Legum
508 1380 668 1414 navalium
687 1376 733 1409 sat
757 1385 808 1415 ra,
824 1385 900 1423 *quae

35 1425 197 1458 frontibus
213 1423 348 1457 adversis
371 1431 511 1471 pugnant
534 1431 607 1470 curn
631 1419 715 1466 Lege
764 1418 900 1464 hodia-de

38 1465 150 1510 Jastu,
164 1474 201 1497 ut
218 1465 286 1497 haec
302 1465 393 1498 nobis
411 1465 456 1499 est
470 1465 583 1498 tradita
596 1472 613 1494 a
631 1461 720 1508 JCtis
732 1459 899 1506 Romanis;

35 1508 177 1551 quaedam
193 1516 234 1539 ex
243 1507 292 1539 his
312 1507 364 1539 alii
381 1507 586 1540 observarunt
595 1502 692 1550 ,mihi
704 1501 825 1544 reliqua
835 1510 899 1548 non

60 1551 141 1582 lacet
169 1547 336 1591 persequi,
360 1558 458 1590 quum
481 1556 584 1591 pugna
607 1544 664 1577 illa
686 1542 725 1577 fit
751 1543 897 1590 vulgaris.

35 1559 118 1625 gunt
134 1591 202 1624 haec
219 1597 402 1632 argumento
417 1590 560 1623 fraudem
573 1585 636 1620 esse
648 1585 764 1635 fastam
774 1594 791 1616 a
801 1594 903 1632 minus

37 1641 164 1666 attento
188 1633 353 1675 minusque
374 1630 470 1665 doc‘to
494 1628 666 1674 impostore
685 1636 693 1658 :
725 1636 797 1660 nam
820 1625 903 1669 ipsos

37 1675 182 1709 Rhodios
194 1682 316 1706 veteres
332 1674 491 1716 bonasque
508 1674 592 1716 leges
607 1669 787 1716 abrogasse,
807 1668 837 1701 ὅ(
847 1678 902 1702 no·

37 1727 97 1750 vas
121 1716 278 1756 malasque
303 1716 342 1748 iis
363 1715 554 1758 surrogaffe,
578 1714 610 1746 id
634 1721 712 1745 vero
728 1711 834 1743 dicere
844 1711 901 1758 ἐὺ.-

29 1753 242 1792 ⁸surdiffimum
261 1757 315 1790 est.
360 1756 507 1800 Suspecta
523 1766 619 1799 porro
641 1755 671 1787 ὅς
687 1753 765 1800 fides
778 1751 823 1785 est
841 1752 902 1784 illi-

37 1811 75 1833 us
91 1800 222 1842 Eclogae
237 1799 356 1832 navalis
372 1808 414 1832 ex
431 1797 794 1843 variainterpolatione3
817 1803 901 1841 nunc

39 1843 122 1875 enim
139 1842 257 1883 major,
281 1851 365 1874 nunc
388 1842 512 1882 minor,
537 1850 621 1874 nunc
640 1839 709 1884 his,
732 1836 901 1883 nunc'illis

38 1884 276 1919 emblematibus
292 1882 408 1916 referta
424 1883 524 1916 exstat
536 1905 548 1923 ‚
570 1891 628 1924 pro
643 1888 751 1918 vario,
775 1886 901 1924 opinor,

39 1936 149 1959 eorum
166 1927 312 1967 ingenio,
334 1926 387 1967 qui
402 1925 512 1957 fucum
530 1925 608 1957 fuco
622 1921 785 1955 addebant.
829 1919 902 1971 Atilia

37 1967 259 2010 exaggerandae
273 1966 375 1999 fraudi
390 1977 454 1999 non
472 1967 628 2008 conquiro
636 1987 648 2004 ,
669 1963 809 2009 pellucet
823 1963 899 1997 νοθευ-

41 2025 78 2043 m
99 2009 291 2051 fragmenti,
324 2017 358 2040 ut
373 2009 528 2055 pretiiffum
552 2016 662 2053 tamen·
674 2027 687 2044 ,
715 2004 737 2037 fi
753 2003 814 2037 Dis
836 2003 900 2044 pla-

41 2046 744 2132 “turbantisexsaturatis&
758 2046 831 2134 fase·
840 2086 902 2120 Ro-

41 2143 136 2167 mano
161 2132 380 2165 abhorruerint
403 2132 503 2175 Leges
519 2132 674 2170 Rhodiae,
695 2128 834 2175 nunquid
857 2127 903 2160 est

42 2174 214 2214 credibile,
247 2183 298 2206 eas
324 2174 441 2206 totiens
466 2173 708 2206 confirmaturos
729 2169 822 2219 fuisse
838 2169 902 2202 Ro-

43 2225 152 2250 manos
163 2238 175 2254 ‚
194 2223 289 2256 atque
303 2224 359 2246 eos
375 2214 484 2247 seciffe
501 2216 633 2257 legimus
648 2215 679 2246 in
697 2212 901 2250 Austorzrate,

67 2267 156 2295 uam,
179 2256 243 2297 Juri
269 2255 396 2288 Rhodio
418 2256 517 2297 vulgo
538 2255 750 2301 praemiss‘am,
774 2253 904 2300 exhibet

78 2296 266 2330 othofredus
289 2296 326 2328 ad
351 2297 380 2328 b.
404 2297 426 2328 l.
452 2298 521 2338 Cap.
540 2297 626 2330 VIII.
670 2297 803 2329 Scilicet
823 2294 903 2341 diffi-

42 2341 106 2372 cile
133 2348 198 2371 non
230 2345 296 2370 erat
313 2359 339 2376 ,Α
355 2339 544 2370 commentis
578 2338 715 2380 Legibus
747 2337 902 2376 Rhodiis,

41 2381 139 2414 etiam
166 2378 361 2412 comminisci
387 2378 624 2420 Auctoritatem,
647 2389 739 2422 quam
757 2379 868 2410 addere
885 2387 904 2409 e

42 2432 77 2456 re
93 2421 259 2454 videbatur
277 2428 340 2452 tam
357 2420 456 2462 inepti
473 2419 645 2463 fragminis.
696 2421 738 2453 Et
748 2418 798 2467 ‘est
808 2428 903 2467 ‚certe

44 2464 100 2496 illa
124 2462 295 2495 Auctoritas
314 2471 380 2494 non
404 2471 464 2494 una
490 2463 612 2495 rarione
637 2462 832 2494 auctoritatis
849 2462 903 2494 du-

43 2505 123 2544 biae;
141 2504 258 2536 dudum
285 2502 348 2543 est,
372 2512 413 2535 ex
431 2513 494 2544 quo
512 2504 550 2535 ad
567 2513 634 2536 eam
651 2503 755 2545 scripfi
775 2504 906 2545 culpas,

47 2556 122 2589 quas
146 2545 215 2577 heic
234 2554 297 2579 nou
323 2543 489 2583 describo,
520 2545 645 2577 notabit
668 2545 786 2586 aliquid
808 2554 844 2577 ea
867 2544 906 2577 de

46 2597 80 2620 re
95 2587 187 2627 Caput
199 2587 373 2627 proximum.
419 2586 478 2618 Sed
498 2587 620 2626 valeat,
646 2594 682 2618 ut
700 2587 783 2628 quod
807 2588 906 2634 maiti-

48 2638 99 2661 me
114 2628 217 2666 valet,
241 2628 336 2660 modo
352 2636 391 2659 ne
407 2636 577 2668 ungemur,
602 2627 764 2660 Volusium
776 2628 907 2660 Maecia-

49 2678 126 2702 num
142 2668 214 2699 inde
228 2668 320 2701 nobis
337 2668 452 2701 dedisse
470 2669 497 2700 h.
524 2669 544 2701 l.
563 2669 624 2701 IX.
648 2668 698 2701 sed
726 2669 842 2701 dictum
860 2668 906 2702 est

49 2711 88 2742 de
106 2719 146 2740 eo
163 2707 234 2741 satis
259 2709 327 2750 Cap.
349 2709 373 2741 I.
419 2709 528 2756 Quum
550 2718 654 2742 autem
675 2711 903 2750 concedamus,

50 2751 150 2824 553³?
169 2748 905 2834 {gffsseffiemfflssberssa³2¹31¹31532²2⁶33ssmf²ffl²r5Jsiss‘}

52 2832 136 2874 quod
159 2831 347 2873 explofimus
363 2815 389 2870 ,²
401 2832 580 2872 Rhodium,
602 2834 654 2866 sed
670 2836 777 2876 potius
801 2835 907 2877 genui-

52 2883 129 2906 num
153 2873 232 2905 illud
249 2897 258 2912 ‚
290 2873 374 2914 quod
396 2873 528 2907 Romani
552 2874 723 2917 Graecique
747 2877 786 2908 ab
805 2878 908 2915 ran-polea

53 2918 174 2952 θυμω-,ἥ
188 2914 426 2952 commendant,
447 2915 477 2947 &
491 2916 685 2956 deperditum
698 2917 813 2950 frustra
827 2927 910 2960 quae-

55 2957 169 2988 rimus..
186 2955 254 2987 Imo
278 2964 343 2986 non
363 2955 464 2995 aliud,
487 2956 508 2988 fi
520 2957 595 2998 quid
610 2958 831 2991 confirmatum
847 2959 909 2999 est,

56 2996 235 3028 confirmari
276 2996 382 3035 otuit;
405 3004 437 3028 at
453 2998 559 3037 potuit
573 3007 609 3030 ea
623 3000 759 3040 praefatio
774 3001 912 3033 detratta

53 3036 149 3070 fuisse
162 3036 227 3077 Juri
277 3036 373 3068 hodio
385 3059 395 3076 ‚
419 3038 519 3070 veteri
534 3047 688 3081 veroque,
711 3042 760 3081 &‚
779 3042 831 3074 ubi
850 3043 912 3074 hoc

58 3078 174 3120 periit,
196 3076 319 3118 praescri
344 3086 376 3110 ta
399 3078 466 3117 illi,
489 3079 572 3120 quod
597 3081 688 3115 nobis
712 3082 848 3126 superest
871 3092 912 3115 ex

57 3117 252 3159 sterquilinio
271 3127 313 3160 po
341 3119 451 3151 erioris
467 3121 539 3153 aevi.

101 3159 223 3191 Interea
245 3159 307 3192 hoc
323 3160 422 3192 videri
444 3160 546 3202 posset
563 3162 774 3206 largiendum,
798 3165 912 3198 Roma-

60 3209 136 3274 nos-T
145 3199 432 3274 olinhgeneralitei·
455 3202 490 3238 in
522 3204 628 3238 cauffis
652 3206 816 3240 maritimis
841 3207 915 3250 Jure

131 3250 184 3274 om.
241 3265 249 3276 .

1742 118 1813 159 1¹3.

948 180 1093 221 Rhodio,
1118 181 1169 214 sed
1191 193 1289 223 vero,
1312 183 1406 217 fuiffe
1429 186 1520 227 usos,
1540 189 1706 223 confirmat
1722 191 1813 233 quip⁶

946 232 986 264 pe
1001 222 1032 254 id
1049 225 1237 264 generaliter
1252 225 1307 258 illa
1322 226 1484 268 Praefatio,
1509 231 1677 264 confirmat
1692 233 1744 265 hic
1752 234 1813 265 An·-

947 264 1094 305 toninus‚
1120 266 1151 298 &
1175 265 1378 308 simpliciter,
1409 268 1473 300 hoc
1495 271 1540 303 est
1557 294 1569 310 ,
1600 277 1702 304 „ao-'nu
1725 284 1812 307 rece·

945 314 1035 348 ptum
1058 305 1152 339 fuiss'e
1178 306 1390 347 Graecorum,
1411 319 1492 351 quos
1509 312 1600 350 dixi,
1627 314 1812 350 testimonio

946 348 1071 380 videtur
1098 347 1250 381 constare.
1302 349 1400 394 Quod
1426 351 1448 384 fi
1475 362 1585 386 verum
1610 355 1672 395 est,
1695 367 1716 388 o
1740 367 1812 399 poi·-

947 397 1023 421 tune
1047 389 1213 422 admodum
1234 389 1450 424 submovimus
1467 393 1517 434 jus
1533 396 1610 428 illud
1633 395 1703 428 Rho
1728 399 1812 438 ium,

945 430 1030 472 quod
1054 430 1160 463 nescio
1179 433 1249 472 quis
1275 431 1443 466 Graeculus
1462 434 1599 470 esuriens
1618 437 1731 478 finxit3
1754 440 1813 472 im-

945 481 1078 514 poneret
1094 473 1177 505 enim
1195 474 1286 507 nobis
1305 474 1484 516 hodieque,
1507 477 1558 516 ἀ,
1579 479 1665 520 quod
1688 481 1813 522 turpius

945 513 991 545 est
1009 537 1020 553 ,
1050 514 1237 546 auctoritate
1263 515 1344 556 Juris
1361 539 1371 555 ,
1405 518 1502 550 etiam
1533 521 1614 561 apud
1636 530 1716 560 nos,
1748 520 1814 554 sese

945 554 1132 588 ostenderet.
1182 556 1309 589 Utimur
1331 567 1389 590 nos
1402 558 1478 599 Jure
1493 560 1732 602 Romanorum,
1755 563 1814 596 nili

944 597 1081 638 patrium
1099 596 1224 636 obstet,
1248 598 1295 630 illi
1312 599 1528 641 Rhodiorum,
1551 603 1607 636 nili
1633 604 1814 638 Romanum

945 636 1074 677 obstet;
1105 646 1240 680 utroque
1274 640 1369 681 igitur
1405 642 1496 675 nobis
1528 645 1680 677 utendum
1709 646 1810 686 estet,

945 688 1017 711 cum
1035 679 1193 712 Rhodium
1213 681 1249 712 lit
1265 690 1333 722 pars
1347 682 1429 723 Juris
1447 683 1592 718 Romani.
1625 687 1685 719 Sed
1704 697 1812 729 quam-

945 722 994 752 vis
1010 721 1108 762 vulgo
1126 721 1248 762 placeat
1267 723 1465 758 Antoninum
1491 727 1544 759 hic
1561 737 1624 760 non
1641 727 1811 761 secundum

945 771 981 793 ea
995 784 1007 801 ‚
1037 772 1105 803 quae
1129 765 1406 804 proponebantur,
1427 766 1471 799 ast
1494 768 1526 800 in
1545 770 1631 802 omni
1649 780 1683 802 re
1707 771 1809 802 nauti-

945 812 1000 843 ca,
1022 804 1128 836 valere
1154 805 1287 836 voluill'e
1313 806 1412 848 Leges
1430 808 1591 849 Rhodias,
1614 820 1813 853 quaecunque

946 844 1070 877 tandem
1089 845 1154 878 illae
1170 844 1290 878 fuerint
1301 870 1312 886 ,
1336 848 1366 880 δι
1384 851 1528 890 quamvis
1552 861 1624 884 cum
1643 853 1721 892 hac,
1742 862 1813 886 tuin

944 885 1014 918 aliis
1029 909 1040 925 ,
1061 895 1136 928 quas
1159 886 1225 919 dixi
1243 909 1254 924 .
1276 889 1515 924 auehi-statibus
1536 894 1668 926 omnino
1689 893 1812 936 persua-

945 925 1012 959 sum
1030 927 1087 967 fit,
1109 927 1162 968 Jus
1190 928 1389 962 Rhodiorum
1413 933 1523 965 navale
1547 935 1627 976 apud
1648 935 1811 969 Romanos

944 967 1066 1010 semper
1083 969 1114 1001 &
1135 968 1250 1011 ubique
1269 971 1461 1012 obtinuiffe,
1492 974 1514 1007 si
1535 976 1615 1009 nihil
1635 985 1746 1009 contra
1762 987 1809 1010 es-

944 1008 990 1040 set
1013 1017 1161 1050 cautum,
1189 1021 1271 1052 aegre
1295 1020 1396 1046 tamen
1421 1014 1452 1046 id
1471 1016 1664 1057 admiserim,
1695 1028 1730 1051 ut
1754 1027 1812 1051 ote

943 1050 997 1091 qui
1017 1049 1111 1082 sciam
1121 1074 1131 1091 ,
1143 1061 1266 1084 veteres
1283 1053 1382 1094 JCtos
1398 1064 1438 1087 ne
1455 1057 1581 1097 quidem
1591 1059 1711 1101 Legum
1753 1061 1808 1093 ho-

943 1092 1064 1123 diarum
1083 1101 1219 1134 unquam
1235 1094 1426 1136 meminiffe‚
1449 1097 1506 1131 nisi
1522 1099 1554 1131 in
1579 1099 1648 1132 solo
1665 1102 1698 1132 de
1715 1102 1810 1143 Jaftu

944 1132 1068 1174 Capite.
1111 1134 1222 1167 Sciunt
1246 1135 1309 1167 hoc
1335 1146 1465 1178 omnes,
1494 1149 1553 1172 nec
1576 1147 1681 1174 tamen
1706 1144 1810 1176 minus

943 1175 1072 1214 videas,
1092 1184 1203 1208 omnes
1223 1176 1366 1210 securum
1389 1188 1481 1221 agere
1498 1191 1612 1214 aevum.
1657 1183 1708 1215 An
1725 1184 1812 1216 dice-

942 1224 1032 1255 mus,
1050 1216 1205 1249 Auctores
1224 1219 1347 1252 nostros
1364 1220 1537 1263 ignorasse,
1563 1223 1664 1266 Leges
1672 1225 1812 1258 Rhodias

945 1264 1008 1289 tam
1027 1258 1113 1291 laute
1136 1259 1338 1294 confirmatas
1363 1261 1426 1294 esse
1443 1263 1474 1296 δε
1494 1273 1512 1296 a
1533 1263 1755 1308 Principibus,
1781 1268 1814 1300 ὅ(

943 1308 962 1331 a
977 1299 1095 1332 Senatu
1114 1299 1279 1342 Romano,
1302 1311 1338 1335 ut
1352 1302 1423 1336 haec
1441 1306 1553 1339 retulit
1570 1307 1626 1340 illa
1643 1307 1815 1349 Praefatio?

944 1349 983 1373 an
999 1341 1155 1382 reliquas,
1173 1350 1290 1384 praeter
1304 1344 1386 1377 hanc
1404 1345 1445 1378 de
1459 1346 1565 1388 Jat'tu,
1589 1359 1655 1382 non
1673 1350 1813 1392 potuisse

941 1381 1077 1421 rescire,
1100 1385 1186 1424 quod
1203 1385 1397 1419 Rhodienses
1417 1386 1491 1428 hic,
1512 1397 1549 1421 ut
1568 1389 1602 1424 in
1626 1391 1812 1433 navalibus,

942 1424 1044 1456 multa
1064 1423 1214 1459 haberent
1235 1427 1344 1466 »pomis
1371 1429 1415 1465 »134
1440 1430 1562 1469 ἁπέρῤηὸι
1579 1455 1590 1472 ,
1623 1441 1694 1475 quae
1721 1443 1815 1466 reve-

942 1465 1007 1498 lare
1032 1466 1167 1507 capitale
1192 1476 1288 1509 erat,
1321 1476 1358 1502 ut
1387 1471 1496 1505 auctor
1528 1472 1574 1506 est
1599 1473 1714 1507 Strabo
1737 1475 1812 1508 Lib.

942 1506 1035 1540 XIV.
1053 1508 1193 1550 Cap.9.?
1217 1520 1255 1544 an
1293 1511 1412 1552 utass'e,
1433 1523 1500 1548 rem
1515 1515 1694 1556 nauticam,
1717 1524 1817 1558 quari··

943 1556 975 1581 ta
1024 1557 1117 1583 uanta
1142 1549 1206 1592 est,
1227 1553 1265 1585 ab
1281 1554 1350 1586 olvi
1371 1553 1459 1595 jure,
1507 1557 1570 1589 uod
1587 1557 1672 1590 circa
1696 1557 1816 1599 jactum

944 1599 1002 1623 ver
1016 1592 1112 1638 atur?
1135 1601 1175 1625 an
1192 1592 1342 1636 sprevisse
1359 1596 1489 1639 quicqui
1528 1605 1594 1631 erat
1610 1608 1717 1632 earum
1737 1609 1816 1634 con-

943 1631 1159 1666 firmationum
1176 1657 1189 1675 ,
1220 1636 1251 1669 δε
1281 1637 1316 1669 de
1342 1639 1519 1671 exercitoria
1535 1664 1547 1680 ,
1584 1640 1674 1673 verbi
1703 1639 1816 1681 causa,

942 1682 1072 1716 agentes
1093 1673 1214 1717 semper
1232 1678 1270 1710 ad
1293 1678 1471 1712 Praetorum
1490 1681 1601 1715 Edicta
1616 1706 1627 1722 ,
1651 1692 1816 1725 nunquam

944 1717 982 1748 ad
997 1716 1102 1758 Leges
1119 1716 1259 1764 Rhodias
1280 1721 1489 1762 provocasse?
1512 1724 1591 1756 nihil
1612 1724 1735 1757 horum.

985 1757 1085 1790 Forte
1101 1768 1208 1792 verius
1224 1760 1270 1793 est
1280 1784 1292 1801 ,
1314 1762 1384 1795 illas
1394 1763 1652 1798 confirmationes
1669 1775 1734 1799 non
1744 1767 1813 1808 per-

945 1798 1072 1832 tinuisse
1097 1800 1153 1833 nisi
1180 1801 1218 1834 ad
1248 1802 1345 1835 solius
1374 1804 1479 1837 Rhodi
1509 1808 1658 1844 αῠπημίηω
1675 1831 1685 1847 ‚
1720 1817 1814 1849 quam

944 1841 1091 1874 omnibus
1106 1841 1174 1874 fere
1189 1842 1327 1877 Graeciae
1348 1844 1541 1880 Civitatibus
1557 1848 1718 1881 Romanos
1735 1858 1812 1881 con-

943 1881 1059 1915 ceffiffe
1083 1882 1329 1926 Inscriptionum
1354 1885 1633 1931 Nummorumque
1656 1890 1733 1923 fides
1761 1890 1815 1922 de·

944 1922 1106 1957 monstrat.
1153 1925 1251 1959 Certe
1274 1929 1360 1960 ἰ’ίδις
1380 1932 1510 1964 «ambraus
1529 1931 1654 1962 ὣεπλεσε
1672 1955 1683 1972 ,
1713 1941 1750 1963 uc
1766 1931 1814 1964 est

944 1966 1025 2007 apud
1045 1966 1232 2001 Strabonem
1256 1969 1327 2001 Lib.
1350 1969 1443 2005 XIV.
1470 1972 1503 2004 C.
1524 1977 1555 2007 8.
1585 1975 1618 2004 in
1629 1972 1689 2013 fin.
1721 1973 1752 2005 &
1775 1973 1813 2005 li-

944 2006 1098 2039 bertatetn
1119 2006 1199 2050 saepe
1217 2011 1246 2042 ei
1262 2011 1384 2052 datam,
1411 2011 1493 2053 saepe
1512 2014 1688 2056 ademptam
1704 2013 1816 2047 scribit

943 2047 1080 2081 Tacitus
1112 2049 1184 2082 Lib.
1202 2051 1276 2084 XII.
1301 2053 1420 2086 Annat.
1446 2055 1478 2086 C.
1499 2059 1552 2095 58.
1584 2056 1615 2088 ἃ
1640 2055 1728 2088 Tran
1753 2055 1813 2088 uil-

945 2089 994 2122 lus
1012 2090 1044 2122 in
1072 2091 1193 2123 Claudio
1219 2094 1289 2134 Cap.
1312 2094 1424 2127 XXV.
1457 2105 1559 2137 eoque
1584 2098 1680 2129 etiam
1704 2106 1738 2129 re
1755 2106 1814 2136 er,

944 2140 1014 2173 quae
1048 2131 1088 2163 de
1122 2135 1266 2174 repetitis
1294 2135 1464 2177 aliquoties
1497 2137 1815 2178 confirmationibus,

945 2172 1009 2204 hoc
1030 2171 1092 2214 est,
1112 2173 1134 2206 fi
1152 2176 1225 2218 quid
1244 2177 1452 2217 conjicimus,
1474 2178 1513 2213 de
1534 2179 1678 2212 coneeffa
1697 2180 1816 2213 iterum

946 2214 1123 2256 iterumque
1141 2215 1340 2250 Rhodiorum
1359 2223 1496 2255 nammi-
1515 2221 1663 2263 leguntur
1684 2223 1719 2253 in
1734 2221 1813 2261 illa,

946 2256 1036 2296 cuius
1068 2256 1119 2288 fic
1136 2259 1264 2291 memini
1281 2283 1291 2299 ,
1328 2260 1508 2302 Praefatione
1533 2263 1585 2295 vel
1603 2286 1613 2302 ,
1642 2263 1664 2295 fi
1691 2263 1812 2302 mavis,

947 2297 1134 2330 Auctoritate
1150 2299 1470 2342 LegumRhodiarum.
1514 2302 1628 2344 Nihil,
1653 2303 1738 2346 quod
1756 2303 1812 2335 ob-

947 2339 1024 2378 stet,
1050 2340 1168 2379 video,
1199 2351 1238 2373 ne
1277 2343 1379 2375 uidem
1396 2367 1406 2384 ,
1435 2352 1472 2376 ut
1490 2344 1534 2376 ibi
1559 2345 1719 2385 occurrit,
1766 2354 1812 2377 ar-

946 2380 1046 2412 ticula
1071 2382 1156 2423 hujus
1184 2383 1225 2415 L.
1241 2352 1300 2416 134.
1325 2385 1432 2418 nullus
1457 2385 1527 2418 illic
1546 2385 1726 2419 Eudaemon
1784 2385 1810 2417 i-

945 2422 1166 2462 comedimus,
1187 2425 1266 2457 nulli
1279 2422 1392 2463 δἠμίωοι
1410 2430 1458 2457 σύν
1473 2428 1613 2458 Κυκλάδων
1623 2449 1634 2466 ,
1655 2426 1742 2459 nulla
1757 2426 1812 2458 de·

945 2463 1040 2504 nique
1064 2463 1139 2496 fasti
1163 2465 1298 2506 species:
1321 2466 1504 2509 simpliciter
1520 2468 1701 2501 Antoninus
1726 2468 1812 2500 dixit

946 2510 983 2543 τῷ
998 2505 1139 2545 aaudiat,
1153 2508 1337 2547 supplicanti
1358 2510 1473 2541 cuidam
1487 2533 1498 2549 ,
1528 2511 1595 2544 'ew-i
1620 2508 1663 2549 ββ
1686 2509 1707 2540 5¹³⁷
1723 2510 1812 2544 κὸσμ·

946 2550 1037 2581 κόμας
1054 2547 1115 2579 &c.
1159 2548 1352 2581 Permittunt
1374 2550 1472 2592 igitur
1496 2551 1582 2590 haec,
1605 2560 1641 2584 ut
1664 2550 1704 2583 ad
1722 2550 1812 2584 Rh0-.

946 2587 1085 2620 diensem
1111 2588 1263 2630 quendam
1289 2591 1321 2623 in
1349 2591 1440 2623 causa
1462 2591 1587 2625 Rhodia
1612 2593 1811 2639 Antoninum

947 2630 1087 2661 dicamus
1111 2629 1304 2672 rescripsisse.
1349 2633 1410 2665 Sed
1429 2632 1566 2666 obstabit
1585 2633 1735 2672 fortasse,
1757 2633 1812 2666 ubi

947 2680 988 2703 ex
1005 2671 1134 2703 Volusio
1154 2671 1316 2705 Maeciano
1330 2674 1516 2715 didicimus,
1538 2676 1568 2708 ὅ(
1584 2674 1810 2708 Nicomedien-

947 2713 1010 2745 sem
1028 2712 1139 2752 fuisse,
1187 2714 1216 2745 ui
1241 2714 1285 2746 ibi
1301 2715 1340 2747 ad
1355 2715 1582 2757 Imperatorem
1599 2716 1811 2758 supplicavit,

947 2755 978 2786 ὅτ.
1000 2753 1160 2796 Cycladen
1178 2764 1211 2787 es
1228 2778 1238 2793 ‚
1288 2757 1322 2788 ui
1347 2756 1573 2798 supplicantem
1595 2758 1810 2799 diripuerant3

946 2805 1010 2828 non
1033 2796 1130 2838 igitur
1154 2795 1243 2828 causa
1302 2798 1419 2837 hodia,
1447 2808 1507 2832 nec
1534 2799 1626 2831 locus
1658 2798 1811 2837 idoneus,

948 2846 1040 2878 quem
1061 2837 1098 2868 de
1124 2837 1322 2870 Rhodiorum
1349 2840 1485 2878 ιιῠηναμίᾳ
1511 2840 1610 2872 intelli
1635 2848 1686 2870 ere
1708 2838 1813 2879 poffis,

950 2878 1062 2911 Adhuc
1082 2886 1184 2910 tamen
1203 2878 1340 2912 subsisto.
1384 2879 1474 2924 Quid
1491 2881 1573 2913 enim
1594 2881 1615 2913 si
1657 2880 1815 2912 hodiiE-u-

951 2920 1126 2952 daemonem
1143 2920 1313 2960 depraedati
1330 2920 1415 2954 sint?
1438 2922 1467 2953 ἃ
1489 2921 1617 2963 quidni,
1640 2921 1662 2953 fi
1678 2920 1811 2953 Rhodus

953 2962 1034 2993 inter
1046 2960 1199 3003 Cycladas
1217 2960 1315 2993 fuerit
1333 2961 1431 2994 insula
1448 2963 1604 3003 princeps,
1615 2962 1814 3004 quemadmo-

953 3003 1027 3034 dum
1044 3001 1191 3034 observat
1208 3001 1356 3044 Cujacius
1371 3003 1409 3035 ad
1428 3003 1549 3035 Novell.
1568 3002 1655 3036 XLI.
1682 3004 1712 3036 ὅ(
1727 3002 1815 3035 Dua-

953 3053 1047 3076 renus
1062 3043 1095 3074 in
1117 3044 1272 3075 Comment.
1296 3045 1334 3075 ad
1359 3044 1399 3076 L.
1423 3044 1518 3076 Rhod.
1541 3045 1575 3076 de
1593 3044 1678 3087 jaftu
1703 3044 1772 3086 Cap.
1787 3044 1813 3077 I.

955 3085 986 3117 δι
1004 3084 1163 3116 Antonius
1185 3083 1284 3116 Faber
1308 3085 1340 3117 in
1357 3085 1481 3117 Rarion.
1501 3086 1539 3117 ad
1553 3086 1580 3117 h.
1601 3086 1622 3117 l.
1643 3086 1757 3127 idque,
1781 3094 1819 3118 ut

955 3126 1022 3167 ipse
1043 3126 1114 3163 ait,
1137 3134 1174 3156 ex
1193 3125 1323 3167 consensu
1348 3127 1490 3166 omnium,
1522 3127 1552 3158 ἃ
1576 3125 1646 3159 sane
1668 3128 1712 3159 ita
1736 3135 1822 3173 nune

956 3167 1055 3207 vulgo
1075 3166 1199 3207 placere
1216 3167 1419 3199 animadverti
1432 3168 1534 3208 iquod
1546 3177 1618 3200 cum
1635 3168 1692 3210 sit,
1703 3167 1823 3201 Rhodii

955 3217 1020 3241 non
1051 3207 1154 3280 giinus
1185 3215 1260 3241 tunc
1292 3207 1422 3242 fuerunt
1453 3207 1662 3252 Cycladenses
1679 3218 1819 3283 ,Nquqfn
1848 3234 1853 3236 >

1736 3259 1821 3289 axii,
