2008 3436
337 103 691 146 AMICA

40 202 133 236 quam
155 193 184 225 in
202 191 260 224 alia
281 188 404 231 specie,
425 193 489 219 non
507 185 663 218 inutiliter
683 182 824 215 trahatur
843 181 908 214 for-

43 244 76 267 te
103 234 229 276 sequens
251 230 410 272 Papiniani
437 226 668 268 contemplatio
697 225 724 272 l.
744 233 794 255 22.
818 223 850 270 ᾗ.
874 234 905 264 4.

42 277 88 310 D.
114 276 163 308 Aet
180 275 256 307 Lerr.
277 273 344 314 Jul.
364 273 396 303 de
416 270 506 302 adult.
555 269 621 301 Ideo
640 271 745 308 patri,
770 275 827 312 riou
846 275 904 296 aza-

41 321 117 356 rrto,
150 299 296 348 muttssrem
329 312 365 348 ἐξ
380 321 489 344 onmem
505 311 667 342 adulterum
682 305 905 354 periniffltm'eji

40 360 169 392 occidere
184 382 193 397 ‚
228 357 298 399 quod
314 355 480 396 pleramque
505 354 601 393 pietas
629 355 755 396 poterat·
777 358 905 379 nominis

40 399 189 440 con-filiun
206 406 256 439 pro
274 398 372 428 liberis
391 397 480 436 capit.
504 400 635 424 catorum
653 396 755 421 marztz
770 390 851 420 calor
868 389 905 425 [5⁹

42 443 167 483 imperto·
175 440 271 481 facile
287 438 466 469 decernentis
472 435 539 475 fuit
557 433 767 479 refrenandus.
840 451 851 454 -

86 483 114 525 §.
136 481 257 515 XXIV.
282 479 423 511 Tandem
443 476 537 508 venio
559 475 596 506 ad
616 473 820 506 Hadrianum.
849 472 903 514 (ι)

41 534 113 557 nam
133 525 158 556 is
177 521 288 559 restat,
309 529 402 560 atque
421 518 458 550 ab
479 518 545 557 ejus
572 515 799 561 Decretoffiex
816 514 902 546 Mar-

41 567 133 598 ciano
149 564 250 606 polito
268 563 299 594 in
321 561 342 593 1.
356 571 387 600 5.
413 559 454 592 D.
472 560 506 590 de
526 558 609 600 Lege
632 556 771 598 Pompoya
787 556 820 586 cle
831 562 902 602 par-

42 607 181 645 riciiit's,
213 604 266 645 (ι)
293 603 394 634 adbuc
428 600 591 632 subsidium
617 608 653 630 ac
676 597 763 629 forte
794 604 902 643 praeci-

89 657 165 685 um,
195 645 247 678 sibi
275 652 361 685 parat
394 641 584 675 Clarissimus
619 638 900 682 Bynkershoekius.

42 657 147 722 gerba
169 685 326 720 Marciani
350 684 440 717 sunt:
471 683 571 716 Divus
595 682 769 714 Har-inmas
779 680 902 721 fertur,

79 812 103 851 §-
124 813 229 842 XXIV.
250 820 274 841 1.
297 811 358 840 Imo
374 816 472 840 oraeter
484 808 639 839 Adrianum
654 806 756 835 restant
772 806 817 835 alii
827 806 903 834 Prin-

42 853 137 891 cipes,
159 852 261 880 restant
276 851 321 879 aiii
337 841 417 889 JC'ti‚
438 856 510 886 quos
525 848 597 879 tibi,
618 845 662 874 vel
681 846 775 889 potius
797 844 902 889 prfior

43 891 181 928 opposui.
204 890 247 919 sed
263 897 334 925 quos
351 890 486 926 p1·aetcriS‚
508 893 538 915 ut
553 893 616 914 mox
632 884 742 918 audies;
763 883 883 912 fortuito
895 905 903 918 ,

44 938 79 959 an
98 929 242 961 consulto,
263 936 296 957 ex
313 938 342 956 re
356 928 411 965 ipsa
427 927 510 955 velim
525 924 623 967 Lestor
639 923 782 966 decernat.

84 977 108 996 2,
130 968 234 997 Nescio
251 989 258 999 ,
286 975 333 995 cnr
353 966 518 1004 pi·:ecipiium
539 962 605 990 mihi
621 959 768 989 subsidium
784 959 837 988 effe
849 968 902 1004 pu·

45 1011 84 1035 tes
102 1007 129 1034 in
151 1008 167 1034 Ι.
192 1014 216 1041 5.
229 1005 269 1044 ff.
291 1005 320 1032 u'e
337 1006 411 1041 Lege
433 1003 520 1037 Pomp.
541 1000 570 1028 cle
590 999 696 1028 Parric.
716 998 742 1027 ὅ(
759 1008 808 1027 cur
818 1007 902 1028 etiam

43 1044 139 1072 auftor
161 1044 288 1081 Epitlolae
302 1065 310 1077 ,
343 1050 402 1080 qua:
418 1048 484 1068 mox
502 1039 651 1081 sequitur,-
664 1037 698 1065 de
715 1046 747 1066 ea
763 1038 820 1066 fere
846 1037 902 1066 sola

41 1087 149 1110 tantum
170 1084 270 1110 turbet.
309 1082 340 1109 In
366 1086 510 1115 utramque
537 1079 699 1105 sententiam
721 1085 754 1104 ex
781 1086 814 1106 ea
837 1078 853 1104 l.
878 1085 903 1111 ς.

41 1120 172 1156 disputari
195 1120 292 1155 posse,
322 1119 348 1148 dt
372 1118 539 1154 disputatum
566 1115 643 1144 fuiii'e
659 1137 667 1148 ‚
701 1115 762 1144 satis
778 1116 902 1145 indicavi

38 1157 99 1195 Cap,
113 1158 194 1193 unp,
205 1167 238 1186 m,
251 1165 314 1194 351,
330 1155 429 1195 &seq,
441 1157 485 1185 An
502 1155 631 1188 inilii‚an
647 1155 697 1183 tibi
712 1154 799 1192 prosit
813 1155 901 1191 d.l.5.

38 1197 74 1224 ab
90 1196 148 1231 eJ'us
163 1198 267 1231 pendet
294 1196 526 1233 interpretatione
540 1203 546 1222 :
575 1193 647 1221 circa
666 1201 749 1230 quarn
765 1195 838 1223 adeo
854 1193 903 1224 du-

31 1234 98 1262 bius
120 1234 193 1263 haesit
218 1235 340 1274 Jacobus
363 1232 558 1263 Gothofredus
574 1253 581 1265 ‚
609 1239 641 1260 ut
659 1240 694 1276 69
714 1231 796 1267 1000»
818 1242 903 1270 quem

28 1272 121 1301 rretuli
142 1274 176 1300 ad
196 1272 221 1309 ς,
239 1274 323 1304 xxii
354 1283 381 1302 η.
405 1281 432 1300 2.
454 1280 529 1300 nunc
545 1276 731 1307 pronunciet,
746 1279 781 1300 ex
796 1280 828 1300 ea
838 1281 902 1301 con-

36 1309 124 1342 nare.
154 1312 204 1340 sub
227 1312 354 1341 Adriano
376 1311 561 1349 quadamtenus
583 1307 684 1337 stetisse
704 1310 747 1344 jus
770 1309 838 1339 illud
857 1319 902 1348 pa-

36 1350 122 1378 trium
140 1351 205 1379 vitae
221 1350 247 1379 &
262 1352 339 1380 necis
353 1373 361 1385 ,
384 1358 458 1378 nunc
479 1348 584 1382 rursus,
605 1348 631 1376 ei
643 1349 700 1382 jam
717 1355 783 1377 tunc
796 1349 903 1378 adhibi-

36 1393 95 1417 tum
112 1387 190 1418 fuisse
207 1389 336 1426 modum,
357 1389 425 1418 nihil
445 1386 531 1425 por'ro
545 1387 691 1415 extricans.
719 1388 814 1416 Verba
827 1389 902 1418 Mar-

40 1428 114 1455 ciani
135 1437 151 1456 a
176 1428 248 1456 Viro
271 1429 345 1458 Clar.
368 1428 492 1456 exhibita
515 1425 606 1455 vides.
645 1426 684 1454 D.
702 1425 842 1456 Adrianus
857 1436 903 1465 pa-

36 1471 108 1494 trem
133 1467 160 1495 in
182 1467 297 1496 insulam
313 1466 487 1504 deportavit,
518 1473 581 1493 cum
599 1465 627 1493 in
643 1466 797 1495 venatione
817 1466 904 1496 filium

37 1503 115 1533 suum
139 1513 308 1540 necaverat,
338 1507 385 1544 qui
408 1512 559 1533 novercam
589 1503 776 1533 adulterabat.
826 1505 903 1544 Quid

35 1543 75 1572 ita
88 1564 98 1575 ,
118 1543 137 1572 fi
149 1546 212 1579 jure
227 1547 312 1582 patris
328 1544 459 1582 potuisset
475 1543 605 1571 occidere
616 1543 719 1576 filium,
731 1544 815 1572 etiam
834 1545 901 1574 inte-

37 1589 116 1619 grum
132 1585 197 1611 vitae
212 1584 374 1620 scelerisque
393 1582 515 1620 purum?
532 1589 588 1609 non
601 1582 751 1617 respondet
768 1583 901 1613 VirClar.

59 1622 112 1650 atri
137 1622 321 1659 imputatum,
345 1622 423 1659 quod
451 1621 577 1649 adultum
600 1620 754 1655 occiderit,
778 1629 836 1650 non
861 1622 902 1651 in-

36 1629 143 1688 Fantem
161 1683 168 1693 ,
190 1661 314 1690 nondum
331 1660 502 1697 susceptum,
526 1660 667 1695 agnitum,
690 1659 902 1696 aliquejuss‘um,

35 1705 101 1726 nam
119 1708 172 1728 nec
185 1708 218 1728 ea
237 1700 310 1728 ratio
324 1699 380 1733 est,
399 1707 481 1736 quam
497 1698 662 1727 Marcianus
679 1698 774 1731 dedit,
789 1707 858 1733 nec,
873 1705 904 1729 ut

36 1736 115 1772 supra
131 1738 204 1771 dixi,
226 1740 362 1767 rationem
381 1738 464 1766 babet
480 1745 513 1765 ea
532 1739 615 1765 ratio.
655 1737 742 1766 Reae
757 1738 840 1774 igitur
857 1739 904 1768 hic

36 1783 99 1803 eam
124 1778 246 1811 praeteris
265 1799 272 1811 ‚
309 1776 355 1806 sed
377 1776 517 1805 Commeat.
548 1775 582 1804 ad
605 1775 659 1804 Tit.
674 1775 713 1814 ff.
735 1776 765 1804 de
784 1777 841 1806 His
860 1779 904 1814 qui

30 1811 144 1853 [untsm‘
157 1816 200 1843 vel
216 1817 294 1845 alien.
313 1815 371 1853 jur.
394 1814 532 1843 existimas
546 1835 555 1849 ‚
584 1815 712 1851 punitum
731 1814 904 1852 deportatio-

34 1859 72 1881 ne
90 1858 213 1888 patrem.
236 1854 314 1890 quod
332 1853 417 1883 lilium
431 1853 570 1882 occiderit
591 1855 618 1881 in
633 1855 785 1888 venatione,
804 1861 851 1891 per
863 1856 904 1884 in-

24 1889 127 1929 fidias,
148 1892 249 1930 quoeſsta
256 1892 398 1930 solitudine
414 1894 441 1921 in
448 1891 527 1930 filvis
540 1913 550 1927 ,
571 1898 601 1919 ut
608 1890 692 1929 solent
715 1894 834 1922 latrones.
867 1894 903 1922 Et

35 1929 104 1965 quid
117 1929 294 1965 dubitamus,
319 1941 381 1960 cum
397 1933 455 1959 haec
471 1939 559 1967 poenae
573 1932 648 1958 ratio
663 1930 821 1965 adseratur,
838 1932 904 1968 quod

36 1968 143 1996 latronis
155 1971 258 2006 magis,
279 1980 352 2006 quam
366 1971 449 2007 patris
461 1971 524 2007 jure
536 1979 594 1997 eum
608 1969 758 2007 interfecit,
779 1971 835 1998 hoc
852 1971 901 2005 est,

35 2014 102 2035 more
117 2007 223 2036 latronis
239 2011 348 2043 potius,
376 2017 459 2044 quaxn
482 2009 541 2043 jure
562 2008 666 2044 patris.
689 2015 719 2036 ut
732 2008 901 2039 Scholiastes

34 2044 215 2075 Basilicarum
231 2047 334 2076 dudum
358 2048 415 2075 baec
429 2046 469 2075 est
488 2049 684 2083 interpretatus
695 2068 703 2081 ,
725 2046 750 2076 &
767 2049 900 2085 iuterpre-

37 2088 112 2111 tatur
135 2086 186 2113 Vir
209 2085 283 2113 Clar.
304 2086 370 2114 άὶξῖο
391 2087 451 2114 loco.
497 2086 592 2113 Habet
617 2085 681 2114 sane
703 2094 735 2114 ea
758 2086 901 2123 responsio

38 2120 157 2158 speciem
172 2124 315 2159 elegantia:
330 2132 362 2152 ac
378 2125 520 2156 veritatis,
534 2132 586 2152 nec
601 2124 687 2152 miror
701 2132 716 2152 a
731 2124 901 2161 quibusdam

37 2167 176 2196 arreptam
199 2162 252 2190 effe
266 2184 274 2195 ,
301 2170 363 2190 cum
388 2164 415 2190 in
438 2161 536 2191 oculos
553 2163 684 2191 incurrat.
721 2163 776 2191 Sed
795 2172 825 2192 re
841 2163 902 2192 dili-

36 2200 148 2235 gentius
166 2201 313 2237 perpensa}
334 2201 449 2236 praesero
466 2201 605 2233 Glossam,
626 2209 687 2236 quae
701 2201 747 2229 hic
763 2202 801 2230 ait
816 2222 825 2235 ‚
855 2210 903 2239 pa-

38 2243 110 2265 trem
126 2237 283 2274 deportari,
303 2241 364 2276 quia
378 2238 512 2275 accusare,
538 2249 588 2268 non
604 2241 716 2267 occidere
734 2239 838 2274 detuit,
853 2250 902 2277 op-

37 2283 160 2312 portune
175 2277 292 2305 addnt‘ta
318 2279 336 2305 1.
359 2286 386 2306 2.
410 2277 449 2316 ff.
471 2277 504 2306 ad
524 2277 559 2305 L.
581 2278 679 2306 Cornel.
700 2277 730 2306 de
749 2278 833 2307 Sicar.
855 2279 901 2316 Ju-

35 2322 67 2342 re
85 2317 174 2344 mariti
199 2317 296 2351 utique
318 2324 376 2344 non
397 2317 468 2344 reste
485 2315 606 2350 occidit,
630 2325 679 2352 per
694 2325 742 2349 ea,
763 2325 824 2353 quae
841 2317 901 2346 dixi

37 2352 134 2390 Opusc.
164 2353 193 2382 C.
222 2355 273 2382 iv.
298 2361 324 2391 p.
347 2361 411 2388 1352.
455 2355 521 2391 quin
545 2363 597 2382 nec
619 2355 679 2389 jure
699 2357 802 2392 patris,
823 2355 901 2392 quod

30 2390 92 2428 jam
108 2400 141 2420 ea
156 2399 237 2420 :etate
254 2392 419 2426 decoxerat,
441 2392 466 2422 &
478 2393 542 2428 quia
559 2393 731 2428 decoxerat,
752 2400 837 2430 put0,
855 2404 900 2430 pa-

37 2435 124 2464 trem,
148 2431 195 2467 qui
216 2431 300 2460 filium
318 2432 499 2460 nihilominus
516 2431 790 2464 interfecit,latronis
804 2435 901 2470 magis,

37 2476 112 2504 quam
131 2471 213 2506 patris
225 2470 287 2506 jure
312 2469 389 2499 fuisse
410 2470 487 2498 usum
504 2491 511 2503 ,
538 2469 775 2506 quemadmodum
790 2469 815 2498 &
831 2472 902 2500 Dio-

38 2506 130 2543 nysius
146 2508 339 2537 Got'nofredus
355 2509 382 2537 in
397 2509 479 2537 Notis
501 2509 560 2536 haec
577 2510 662 2536 verba
684 2508 816 2546 explicat.
836 2511 900 2538 Nec

39 2544 94 2573 alia
111 2547 245 2575 sententia
259 2547 369 2576 videtur
385 2547 447 2576 usus
462 2547 546 2584 Janus
565 2556 580 2575 a
597 2546 698 2580 Costa,
720 2548 767 2584 qui
782 2548 818 2576 ad
836 2548 860 2584 ς.
872 2557 899 2577 2.

38 2581 103 2619 last.
124 2584 155 2612 de
174 2585 250 2613 Patr.
269 2584 357 2622 potest.
386 2594 446 2614 eam
471 2586 555 2622 ipsam
578 2587 595 2614 l.
616 2594 641 2620 5.
660 2586 791 2619 adducit,
813 2594 844 2615 ut
856 2587 900 2622 jus

38 2621 102 2649 vitae
125 2622 150 2650 ὅ(
169 2624 245 2651 necis
267 2624 391 2661 patribus
414 2624 575 2661 ademptum
603 2626 713 2660 probet.
752 2625 808 2653 Cur
827 2626 900 2654 hanc

39 2660 256 2695 explicationem
273 2668 326 2690 tuae
339 2662 482 2700 praeferam
492 2685 498 2695 ‚
510 2663 570 2691 duae
585 2664 708 2691 rationes
719 2671 763 2692 me
773 2670 900 2698 movent;

41 2697 148 2732 altera,
177 2699 254 2736 quod
277 2707 334 2728 non
359 2702 597 2734 animadvertam,
622 2701 795 2738 sipatribus,
818 2709 900 2731 aetate

38 2736 156 2764 Adriani
166 2758 172 2768 .
194 2738 346 2773 permiseris
362 2739 513 2768 liberorum
527 2741 632 2772 credes,
647 2742 830 2777 quamobrem
841 2749 899 2770 non

39 2775 123 2803 etiam
140 2775 245 2803 caedere
261 2777 588 2815 permittas,ubicunque
604 2779 709 2807 caedere
726 2780 813 2816 magis
823 2788 899 2808 corn-

39 2813 154 2840 modum
172 2813 259 2841 esset?
279 2823 327 2843 cur
342 2823 398 2844 non
415 2817 441 2845 in
463 2819 615 2846 venatione
630 2839 637 2850 ‚
658 2827 734 2854 aeque
750 2827 782 2846 ac
799 2818 898 2847 domi?

41 2850 75 2878 de
91 2851 177 2888 plano
192 2860 269 2888 aeque
284 2861 316 2885 ac
331 2855 479 2884 conscenso
496 2856 652 2884 tribunali?
679 2865 728 2893 per
741 2856 850 2886 infidias
865 2866 887 2885 ae

38 2897 112 2925 que,
134 2899 166 2917 ac
195 2896 292 2926 aperto
315 2891 429 2921 Marte?
449 2902 511 2923 cum
527 2895 571 2923 lex
587 2895 718 2928 Romuli,
739 2904 792 2924 nec
807 2895 898 2932 poste-

39 2927 99 2955 rior
114 2935 195 2961 aeras,
217 2928 280 2956 dum
298 2928 376 2958 licuit
394 2930 512 2965 caedere,
540 2933 568 2961 in
585 2933 650 2962 loco
667 2933 710 2962 vel
726 2934 813 2962 modo
826 2934 897 2963 nihil

39 2966 191 3002 quicquam
219 2966 400 2996 distinxerim.
439 2969 520 2998 Hanc
541 2972 679 3000 rationem
701 2973 835 3008 prolixius
849 2981 898 3001 ex·

41 3003 173 3039 sequutus
191 3004 246 3034 sum
268 3004 362 3043 Opust.
383 3006 412 3034 C.
432 3007 483 3035 1V.
502 3014 527 3043 p.
550 3016 614 3044 352.
634 3009 713 3038 &ibi
730 3020 842 3047 quoque
858 3011 896 3039 al-

40 3048 128 3070 teram
145 3043 256 3076 addidi,
282 3043 360 3080 quod
385 3053 484 3081 nempe
499 3046 678 3081 Marcianus,
697 3050 830 3085 praemissa
845 3051 898 3078 hac

39 3081 168 3114 ratione,
195 3082 260 3117 quod
275 3083 381 3111 latronis
404 3084 506 3120 magis,
526 3094 601 3121 quam
614 3088 698 3122 patris
705 3087 768 3124 jure
782 3097 840 3117 eum
858 3089 898 3116 in-

39 3117 144 3155 terfecit
160 3139 168 3152 ‚
197 3121 434 3156 interpretationis
459 3121 523 3150 loco
545 3125 671 3153 annectat
686 3146 694 3157 ,
728 3135 789 3154 nam
812 3128 898 3162 patria

37 3154 147 3192 potestas
159 3159 187 3186 in
201 3159 296 3194 pietate
309 3158 381 3188 debet
391 3181 398 3191 ‚
414 3169 464 3188 non
478 3161 610 3189 atrocitate
622 3161 757 3198 confislere.
783 3164 831 3192 Est
844 3165 902 3194 haec

41 3196 114 3224 ratio
129 3197 264 3232 rationIs,
284 3205 345 3234 quae
360 3197 510 3236 fignificat,
527 3206 633 3235 patrem
644 3222 653 3236 ,
671 3201 737 3230 dum
752 3201 838 3232 filium
855 3211 902 3231 oc·

813 100 1490 144 RESPONSIO.

951 191 1015 213 cum
1041 183 1074 212 in
1098 184 1257 213 venati-'one
1273 183 1375 222 filium
1389 185 1478 226 finan
1500 188 1618 228 quidam
1635 192 1795 220 necaverat
1811 205 1822 226 ,

949 224 999 264 qui
1028 232 1185 254 novercam
1208 224 1394 257 adulterabat
1413 250 1422 265 ‚
1454 228 1486 257 in
1505 229 1629 268 infidam
1646 241 1710 261 eum
1725 231 1824 270 depor-

950 263 1039 305 taffe:
1069 265 1142 306 quod
1171 264 1296 297 latronis
1317 269 1434 309 ningit,
1464 277 1550 309 quam
1565 273 1662 310 patris
1672 273 1740 314 jure
1755 279 1820 302 eunt

948 305 1128 346 interfecit:
1160 315 1229 337 nam
1248 309 1352 346 patria
1376 307 1503 350 potestas
1527 311 1560 341 in
1575 313 1688 352 pietate
1706 314 1787 343 debet
1809 330 1820 349 ⁵

946 357 1004 378 non
1030 348 1185 378 atrocitate
1217 347 1374 389 consistere.
1422 349 1543 390 insigne
1576 351 1638 384 ess'c
1667 353 1819 385 Hadriani

946 387 1123 420 Decretum
1143 412 1152 428 ‚
1186 388 1334 431 insignem
1371 401 1498 432 quoque
1527 393 1635 424 venire
1664 394 1821 425 Marciani

946 429 1203 462 observationem
1222 454 1232 469 ,
1265 432 1412 473 equidem
1440 442 1504 464 non
1524 433 1658 466 inficior.
1684 434 1737 475 (s)
1761 435 1821 467 Sed

946 481 1003 503 cur
1025 471 1211 503 dissimulem
1229 496 1239 511 ,
1275 473 1349 520 quid
1379 482 1516 515 utroque
1537 475 1743 516 indigitetur,
1767 486 1819 516 pa-

946 522 1015 544 rum
1031 512 1228 554 ass'equutum
1245 514 1306 546 cfle
1324 515 1634 556 Bynkershoekium:
1671 517 1703 549 in
1719 526 1821 557 eoque

945 553 1119 586 assensuros
1142 555 1218 585 mibi
1246 555 1319 587 fore
1344 566 1454 590 omnes
1471 557 1585 599 quibus
1608 559 1712 590 otium
1730 560 1792 590 erit
1811 577 1822 596 ‚

945 594 1111 627 consulere
1134 594 1189 627 sub
1215 596 1333 629 'fitulo
1363 597 1568 640 Digestorum
1587 623 1596 639 ‚
1632 599 1680 632 De
1704 601 1748 631 hir
1771 603 1821 642 qai

937 636 1011 677 siant
1033 636 1086 677 fiii
1113 637 1161 668 <cel
1188 638 1280 669 alent
1298 641 1397 681 juris,
1419 650 1500 672 ame
1513 640 1680 673 observata
1700 642 1822 682 pridem

946 678 983 709 ad
1000 678 1196 710 intellectum
1215 689 1287 711 cum
1311 683 1338 713 cl.
1364 681 1384 713 l.
1409 691 1440 722 5.
1465 682 1520 724 (4)
1546 691 1612 715 tum
1629 691 1820 715 caeterorum

1761 725 1819 757 Ca-

946 803 1033 837 cidit,
1054 802 1120 832 ideo
1138 805 1276 833 latronem
1300 806 1434 841 induisse,
1464 814 1571 846 patrem
1589 809 1710 843 exuisse,
1733 810 1794 846 quia
1810 831 1817 843 ,

947 850 978 870 ut
995 850 1063 871 tunc
1078 842 1188 872 ferebat
1205 851 1287 878 aetna,
1308 848 1397 882 patria
1417 848 1537 881 potestas
1560 849 1758 877 absolvebatur
1776 849 1816 877 so-

946 881 973 909 la
985 882 1082 918 pietate
1097 902 1104 916 ,
1133 891 1191 910 non
1216 884 1318 915 etiam,
1350 891 1379 913 ut
1396 881 1480 919 olim,
1503 889 1655 921 atrocitate,
1677 887 1695 916 fi
1712 888 1817 916 scilicet
1848 905 1850 909 ν

946 921 986 948 ita
1006 920 1149 949 videretur
1166 923 1309 957 patribus,
1328 923 1389 956 jure
1410 924 1459 952 suo
1475 926 1628 954 utentibus.

985 966 1010 993 3.
1032 958 1103 997 Quis
1121 959 1244 988 nost-rum
1263 961 1360 989 rectius
1382 963 1465 991 suerit
1489 964 1688 1001 interpretatus
1711 965 1736 993 d.
1758 966 1776 993 I.
1793 971 1819 1000 ς.

946 996 1067 1026 aliorum
1083 997 1143 1026 esto
1157 998 1304 1033 judicium.
1343 1001 1410 1029 Hoc
1427 1001 1490 1030 satis
1514 1003 1607 1031 mirari
1624 1012 1681 1032 non
1699 1003 1817 1040 possum.

946 1041 974 1064 te
1004 1036 1151 1064 Lestorem
1179 1037 1339 1074 simpliciter
1368 1041 1511 1068 remittere
1539 1042 1574 1069 ad
1601 1042 1820 1071 Commentarium

946 1080 1037 1108 tinam,
1059 1074 1085 1103 &
1108 1076 1176 1103 nibil
1193 1085 1331 1113 reponere
1349 1078 1397 1111 iis,
1419 1087 1481 1114 quae
1495 1079 1520 1107 in
1545 1079 1674 1118 opusculo
1689 1083 1819 1110 obmovi.

945 1114 1033 1148 Igitur
1052 1114 1153 1141 iterum
1171 1114 1223 1150 legi
1240 1114 1318 1143 illum
1335 1115 1573 1151 Commentarium,
1603 1119 1760 1153 sciscitans,
1783 1128 1819 1148 an

946 1151 986 1179 ibi
1001 1151 1130 1180 nonnihil
1150 1162 1247 1181 eorum
1268 1155 1468 1191 occupaveriS,
1492 1155 1538 1184 sed
1551 1156 1585 1185 de
1602 1157 1722 1185 secunda
1735 1160 1821 1188 ratio-

946 1198 982 1218 ne
1007 1191 1094 1219 altum
1118 1191 1158 1219 ibi
1187 1191 1347 1227 silentium;
1376 1193 1412 1221 ad
1436 1195 1553 1231 prunam
1576 1195 1651 1224 forte
1673 1197 1819 1232 pertinet,

946 1228 1025 1266 quod
1049 1230 1088 1258 ibi
1113 1229 1200 1264 exstat
1223 1232 1250 1259 in
1276 1232 1336 1259 haec
1350 1233 1454 1260 verba:
1473 1233 1552 1273 Quod
1569 1244 1619 1262 non
1638 1233 1822 1272 Magistratus

942 1273 1046 1304 patrem
1066 1269 1249 1297 condemnavit
1270 1271 1298 1298 ol)
1320 1271 1384 1300 hauc
1399 1269 1459 1308 filii
1478 1273 1571 1301 caedem
1588 1295 1595 1308 ‚
1609 1272 1659 1312 fid
1675 1273 1821 1311 Princeps,-

946 1314 1033 1343 nempe
1048 1316 1098 1336 non
1112 1313 1213 1344 poterat
1225 1307 1409 1346 Magistratus
1428 1318 1543 1347 pamm,
1565 1313 1610 1348 qui
1617 1311 1708 1349 filiurn
1724 1313 1822 1342 occide-

946 1351 1004 1379 rat,
1033 1345 1200 1375 condemnare
1223 1354 1269 1375 aut
1291 1349 1348 1384 lege
1375 1347 1511 1385 Cornelia,
1540 1352 1656 1388 autlege
1671 1351 1795 1388 Pompeja
1811 1361 1822 1381 .-

946 1385 1039 1421 quibus
1053 1386 1080 1413 ol)
1102 1385 1194 1414 codem
1203 1383 1262 1422 filii
1271 1408 1277 1419 ,
1299 1389 1449 1423 quatumvis
1463 1395 1573 1418 atrocem
1584 1412 1591 1423 ,
1611 1399 1661 1418 non
1673 1392 1821 1425 tenebatur,

937 1430 987 1462 juo
1002 1422 1061 1460 usus
1070 1423 1142 1460 jure.
1183 1425 1320 1460 Agnoscis
1336 1427 1438 1462 igitur,
1459 1428 1544 1456 etiarn
1560 1434 1628 1458 tunc
1643 1435 1752 1466 patrem
1770 1437 1824 1467 po-

947 1462 1025 1491 tuisse
1049 1462 1136 1491 filium
1162 1463 1295 1492 occidere
1310 1484 1319 1500 ,
1349 1464 1375 1493 ὅ(
1397 1467 1425 1494 in
1446 1468 1599 1500 venatione,
1620 1465 1646 1495 ἀ
1664 1468 1712 1496 ubi
1732 1469 1824 1505 magis

946 1501 1129 1529 commodum
1144 1501 1225 1535 esset,
1254 1502 1300 1531 sed
1319 1503 1358 1532 ais
1376 1503 1552 1543 Principem,
1586 1506 1763 1536 immanitate
1782 1507 1824 1534 fa-

946 1540 1051 1569 cinoris
1066 1547 1196 1575 motum,
1217 1542 1292 1578 patri
1313 1542 1460 1572 homicidii
1481 1552 1593 1581 poenam
1611 1545 1673 1580 J'ute
1690 1544 1823 1582 singulari

945 1578 1094 1615 irrogasse,
1123 1579 1210 1615 idque
1234 1579 1379 1609 decretum
1395 1604 1402 1615 ,
1430 1584 1497 1620 quia
1521 1583 1669 1621 personale
1686 1583 1739 1618 est,
1762 1592 1822 1614 non

947 1617 1000 1646 effe
1016 1617 1183 1647 trahendum
1207 1618 1243 1647 ad
1256 1620 1431 1655 exemplum,
1452 1622 1478 1650 ὅ(
1493 1623 1567 1650 hanc
1592 1623 1822 1652 observationem

946 1662 1028 1693 putas
1042 1656 1096 1685 effe
1109 1666 1159 1685 non
1181 1658 1300 1695 vulgatae
1322 1659 1485 1690 eruditionis.
1526 1661 1570 1690 An
1590 1669 1690 1699 praeter
1705 1667 1784 1691 tuum
1800 1663 1822 1691 i-

945 1694 1034 1732 psius,
1065 1694 1091 1724 &
1111 1695 1281 1732 Anonymi,
1310 1697 1389 1732 qu'us
1413 1698 1448 1727 ad
1465 1706 1492 1728 te
1509 1699 1595 1728 literae
1611 1709 1679 1729 mox
1702 1700 1822 1738 sequun—

946 1740 1008 1768 tur,
1037 1733 1157 1762 aliorum
1177 1734 1303 1771 plausum
1330 1743 1470 1766 mereatur
1492 1738 1551 1766 haec
1566 1740 1743 1773 observatio,
1766 1749 1820 1776 ego

948 1780 1007 1801 non
1023 1772 1108 1802 ausim
1129 1773 1286 1802 adfirmare.
1332 1775 1469 1804 Rotunde
1488 1777 1647 1813 loquamur.
1689 1779 1772 1808 Pater
1793 1778 1820 1807 &-

945 1811 1006 1846 jure
1021 1811 1088 1847 suo,
1114 1810 1141 1841 dt
1169 1812 1206 1841 ob
1232 1813 1342 1841 causam
1365 1813 1557 1850 justissimam,
1590 1817 1677 1846 filium
1694 1817 1818 1850 occidit,

947 1849 973 1878 δι
988 1856 1080 1878 tamen
1097 1850 1238 1879 Adrianus
1254 1860 1359 1888 poenae,
1381 1861 1442 1889 quae
1458 1855 1541 1890 Legis
1562 1856 1702 1885 Corneiiae
1723 1856 1758 1884 de
1778 1856 1820 1884 Si-

946 1889 1028 1917 cariis
1045 1888 1189 1918 ordinaria
1205 1889 1274 1924 fuit,
1296 1896 1403 1927 patrem
1422 1892 1548 1928 subjecit.
1600 1895 1678 1933 Quid
1695 1901 1725 1923 tu
1743 1895 1820 1923 Prin·

947 1928 1034 1964 ceps?
1063 1934 1160 1956 caetera
1182 1927 1286 1963 jtistus,
1314 1930 1360 1957 bic
1382 1931 1578 1965 injustiffimus.
1620 1933 1699 1971 Quid
1716 1940 1744 1961 te
1761 1942 1820 1961 mo·

947 1967 1004 2000 vit,
1025 1972 1056 1994 ut
1068 1967 1229 2000 hominem,
1249 1967 1310 2002 iure
1327 1968 1375 1996 suo
1395 1976 1539 2004 utentem,
1561 1977 1617 2000 tam
1634 1972 1821 2001 inclementer

946 2005 1088 2034 haberes?
1110 2011 1138 2033 at
1152 2006 1180 2033 in
1195 2007 1346 2041 venatione,
1369 2006 1412 2042 ἀ,
1433 2009 1510 2045 quod
1532 2009 1597 2037 inde
1615 2009 1753 2044 efficitur,
1771 2015 1818 2047 per

945 2042 1052 2081 infidias
1079 2044 1165 2072 filium
1186 2044 1322 2080 aggressus
1345 2045 1393 2074 est.
1435 2048 1532 2076 Audio
1553 2069 1559 2081 ‚
1589 2048 1634 2076 sed
1656 2049 1724 2084 quid
1745 2048 1763 2076 fi
1780 2050 1819 2077 ita

945 2081 1092 2116 maluerit,
1113 2090 1195 2117 quain
1213 2085 1240 2111 in
1258 2083 1352 2111 medio
1369 2083 1450 2119 foro,
1466 2086 1510 2114 vel
1527 2093 1592 2114 ante
1608 2087 1729 2115 tribunal
1746 2088 1818 2116 Prae-

945 2121 1036 2149 toris?
1057 2121 1081 2149 δι
1098 2122 1165 2157 quid
1184 2120 1203 2149 si
1217 2122 1256 2149 ita
1272 2122 1418 2155 maluerit,
1440 2133 1524 2161 quam
1542 2125 1619 2154 domi
1634 2134 1697 2154 cum
1714 2126 1774 2155 filio
1792 2126 1819 2154 δε

945 2168 1033 2196 uxore
1048 2159 1181 2188 adulteris
1197 2181 1204 2193 ,
1234 2160 1321 2188 dubio
1343 2162 1441 2190 Marte
1455 2183 1464 2197 ‚
1485 2164 1635 2200 pugnare?
1654 2173 1738 2200 quam
1758 2174 1818 2202 poe-

944 2207 1010 2227 nam
1026 2200 1128 2227 meruit
1144 2199 1342 2235 opportunitas
1359 2200 1414 2230 loci
1429 2200 1454 2229 &
1475 2203 1632 2240 temporis?
1653 2203 1774 2237 nullam,
1797 2203 1817 2231 si

945 2245 990 2266 me
1008 2238 1149 2265 austorem
1168 2237 1299 2273 sequaris.
1336 2239 1433 2268 Potuit
1447 2247 1542 2276 pater,
1565 2241 1584 2269 si
1599 2243 1637 2270 ita
1656 2242 1816 2276 videretur,

946 2276 1110 2311 ambagibus
1136 2277 1200 2308 uti,
1230 2275 1370 2305 advocare
1389 2280 1585 2316 propinquos,
1605 2280 1631 2309 ἀ
1651 2289 1713 2308 cum
1730 2281 1772 2308 his
1788 2281 1817 2308 in

945 2314 1088 2342 consilium
1106 2315 1160 2348 ire,
1182 2313 1207 2342 &
1229 2317 1323 2351 potuit
1340 2319 1454 2345 remotis
1471 2319 1597 2352 arbitris,
1618 2319 1749 2347 etiamne
1758 2318 1816 2355 pla-

944 2361 983 2381 no
997 2353 1026 2381 in
1043 2353 1129 2381 filium
1146 2352 1381 2384 animadvertere.
1421 2357 1579 2392 Utriusque
1595 2358 1698 2390 moris,
1716 2365 1752 2385 ex
1770 2366 1818 2385 ve·

944 2392 1023 2420 tustis
1038 2390 1194 2420 Annalibus
1211 2412 1220 2426 ,
1247 2393 1377 2429 exempla
1401 2392 1467 2423 dedi
1496 2394 1590 2433 Opusc.
1613 2395 1642 2424 C.
1663 2396 1714 2424 111.
1751 2396 1816 2424 Nos

944 2431 1030 2467 igitur
1046 2430 1084 2458 ita
1100 2430 1268 2464 habeamus,
1298 2431 1336 2459 ob
1360 2431 1463 2461 caedem
1486 2433 1534 2461 filii
1550 2455 1558 2467 ,
1582 2440 1649 2462 tunc
1666 2434 1813 2469 illicitam,

944 2470 1125 2505 deportatum
1146 2467 1224 2497 fuiffe
1240 2475 1365 2506 patrem,
1387 2469 1413 2498 dt
1430 2471 1604 2506 Adrianum,
1637 2472 1686 2500 nisi
1703 2479 1815 2501 eontra·

943 2509 1015 2536 rium
1031 2509 1184 2544 probetur,
1205 2508 1332 2537 Decreto
1346 2508 1396 2537 suo
1412 2511 1588 2546 complexum
1606 2511 1659 2539 effe
1674 2512 1814 2549 Jurispru·

943 2546 1067 2574 dentiam
1085 2545 1124 2574 sui
1140 2547 1273 2583 temporis
1287 2566 1297 2582 ,
1317 2546 1401 2584 plane
1421 2555 1453 2587 ut
1469 2550 1503 2578 de
1516 2550 1643 2586 Trajano
1661 2552 1758 2579 monui
1778 2549 1814 2578 ad

960 2606 966 2613 .
987 2585 1081 2614 xxii.
1103 2594 1130 2612 n.
1153 2592 1179 2619 3.

942 2585 958 2621 ς
978 2632 1006 2658 4.
1026 2622 1208 2652 Subsistamus
1230 2622 1276 2651 hic
1297 2624 1439 2662 paulisper
1456 2647 1463 2660 ,
1491 2624 1517 2654 δι
1532 2627 1724 2655 recenseamus
1744 2625 1813 2654 alias

944 2661 1093 2690 nonnullas
1109 2662 1303 2698 auctoritates,
1325 2663 1425 2699 quibus
1442 2666 1470 2692 in
1493 2673 1551 2693 rem
1569 2674 1660 2694 meam
1676 2665 1738 2693 usus
1753 2664 1811 2693 sum

943 2699 1039 2738 Opust.
1063 2700 1092 2729 C.
1115 2702 1167 2729 IV.
1190 2699 1217 2729 &
1238 2700 1274 2728 de
1296 2704 1420 2739 quibus,
1452 2703 1509 2731 hoc
1525 2704 1654 2737 Libello,
1677 2703 1764 2730 altum
1780 2701 1812 2730 si-

943 2739 1000 2774 les,
1020 2740 1168 2777 opinatus,
1185 2746 1216 2767 ut
1230 2739 1277 2767 hic
1292 2742 1572 2778 apparet,quicquid
1591 2743 1650 2776 ejus
1666 2749 1815 2776 argumen-

943 2779 961 2806 ti
988 2777 1042 2813 est,
1077 2784 1105 2808 te
1127 2777 1273 2806 absolvisse
1296 2779 1482 2809 Commentario
1503 2780 1538 2808 ad
1574 2779 1627 2808 Tic.
1643 2778 1684 2817 ff.
1705 2779 1736 2806 de
1756 2779 1813 2806 His

940 2818 984 2854 qui
993 2815 1111 2855 suntsui
1126 2819 1167 2845 vel
1184 2818 1262 2845 alien.
1273 2817 1330 2853 jur.
1370 2819 1412 2846 Ut
1434 2819 1478 2853 jus
1492 2819 1556 2846 vitas
1572 2815 1689 2846 &necis
1707 2817 1755 2845 sub
1774 2817 1812 2845 A·

941 2855 1076 2884 lexandro
1098 2856 1206 2885 Severo
1223 2855 1303 2884 fuisse
1324 2857 1490 2892 abrogatum
1514 2855 1690 2884 ostenderem
1705 2875 1714 2889 ,
1743 2863 1811 2891 prte-

941 2895 1027 2923 eunte
1042 2895 1150 2932 Jacobo
1172 2893 1370 2926 Gomon-edo,
1392 2894 1506 2922 adhibui
1536 2895 1554 2921 l.
1577 2902 1603 2928 3.
1624 2894 1653 2922 C.
1675 2893 1705 2921 de
1730 2893 1807 2923 Patr.

937 2931 1026 2969 potest.
1058 2941 1118 2970 qua:
1139 2933 1210 2969 patri
1234 2932 1372 2968 permittit
1397 2932 1480 2960 solam
1503 2932 1552 2960 filii
1572 2931 1782 2968 castigationem
1799 2950 1808 2965 ,

939 2980 1076 3008 eumque,
1109 2970 1127 2998 fi
1153 2971 1255 2998 acriori
1279 2969 1406 2998 remedio
1425 2979 1496 3006 opus
1515 2970 1563 3005 sit,
1587 2971 1692 2999 Praefidi
1710 2969 1808 2999 offerri

937 3010 1018 3044 jubet
1037 3031 1045 3042 ,
1075 3008 1184 3036 dieturo
1206 3015 1272 3037 tunc
1292 3008 1458 3037 sententiam
1477 3030 1484 3043 ‚
1513 3017 1546 3037 ex
1569 3010 1654 3045 patris
1679 3009 1806 3038 consilio.

939 3048 1046 3076 Fateris
1073 3048 1101 3075 in
1128 3047 1315 3075 Commentario
1329 3067 1337 3079 ,
1365 3047 1443 3075 scita
1463 3055 1520 3075 rem
1546 3047 1665 3080 habere,
1687 3048 1733 3076 sed
1748 3048 1805 3080 ais.

941 3087 969 3114 id
991 3088 1035 3120 jus
1057 3093 1164 3113 novum
1186 3084 1256 3117 esse,
1282 3094 1332 3112 non
1346 3093 1378 3112 ex
1397 3087 1517 3122 generati
1540 3084 1744 3122 Constitutione,
1757 3083 1809 3123 sed

940 3133 973 3152 ex
990 3123 1123 3162 Rescripta
1136 3122 1171 3150 ad
1187 3123 1302 3151 libellum
1318 3122 1499 3157 Artemidori,
1522 3125 1561 3152 ita
1576 3131 1685 3158 tamen,
1709 3130 1804 3153 utnon

946 3171 1029 3198 neges
1042 3184 1049 3196 ‚
1077 3162 1161 3191 etiam
1185 3161 1339 3197 Ulpianum
1362 3161 1388 3189 ἃ
1409 3163 1524 3190 Paulum
1538 3172 1571 3195 ea
1586 3164 1808 3201 Jurisprudentiav

945 3200 1023 3231 fuisse
1039 3200 1118 3234 usos,
1132 3200 1284 3266 gqgedita
1306 3200 1438 3230 transiisse
1457 3202 1483 3230 in
1499 3202 1546 3239 Jus
1562 3210 1720 3232 commune.
1760 3203 1809 3267 gf
1846 3208 1851 3210 ·

1257 3246 1272 3266 2
1801 3255 1810 3260 -
