2008 3436
447 111 847 149 CORNELII
897 118 1002 145 VAN

734 227 1008 265 CAPU

1050 103 1698 144 BYNKERSHOEK.

1060 226 1095 260 T
1193 225 1361 260 XIII.

691 316 745 353 Ad
768 316 789 350 l.
818 325 874 358 15.
900 313 931 361 §.
958 325 992 358 5.
1018 312 1056 348 ff.
1085 312 1207 347 Locat.
1235 310 1397 347 condufi't.

248 418 274 450 it
298 416 340 449 ibi
366 415 518 458 Ulpianus
531 412 546 446 ἐ
575 413 647 444 Cum
668 413 788 454 quidam
808 413 842 442 de
856 410 1021 451 fruftuum

274 460 443 500 exiguitate
466 462 643 497 quereretur
659 477 669 492 ,
711 464 767 485 non
794 453 846 493 effe
875 453 1020 484 rationem

155 505 222 544 ejus
240 503 400 533 hahendam
413 523 423 536 ,
453 498 594 537 reseripto
615 495 694 527 Divi
715 496 867 526 Antonini
888 496 1018 525 contine·

155 550 220 576 tur.
244 543 317 574 Item
329 543 386 573 alio
401 540 544 579 rescripto
558 540 603 568 ica
616 539 804 568 continetur:
830 545 938 567 novam
956 544 1018 566 rem

155 584 304 624 desideras
315 607 325 620 ,
345 589 379 614 uc
397 576 519 621 propter
532 577 711 618 vetustatem
723 580 882 609 vinearum
897 574 1018 617 remiffio

154 628 211 658 tibi
239 630 337 658 detur.
382 623 499 664 Aperta
524 619 649 651 videtur
671 619 835 660 utriusque
863 617 1018 659 Rescripti

154 666 324 705 sententia,
351 664 401 697 sed
415 673 479 695 non
499 670 587 702 aeque
601 668 706 701 aperta
719 659 763 691 est
779 660 879 699 ratio,
903 668 960 690 cur
976 659 1021 689 ita

154 708 283 742 rescribi
300 705 477 748 plecuerit3
501 712 564 734 non
590 701 655 732 vidi
675 709 763 732 certe
777 724 786 740 ,
811 701 864 742 qui
884 699 1018 738 dixerit,

155 749 240 792 quod
257 758 304 780 res
319 746 373 778 est.
419 744 527 789 Quum
552 742 593 774 ob
613 741 808 774 sterilitatem
831 742 923 772 detur
941 748 1021 785 mer-

155 791 240 823 cedis
258 787 411 825 remiffio,
435 785 518 817 ratio
535 782 781 815 Conrtitutionis
801 782 966 813 videbatur
990 789 1021 811 m

155 837 304 875 promptu
319 853 329 868 ,
354 836 454 868 neque
477 825 560 857 enim
582 824 743 856 fruetuum
764 823 902 865 parvitas
917 845 928 861 ,
952 830 1021 862 quae

156 872 307 904 colonum
325 869 412 911 queri
429 867 538 908 coegit
551 890 561 905 ,
594 865 739 897 sterilitas
761 864 831 903 est3
854 863 1020 904 multoque

155 913 276 950 mium,
301 910 322 943 fi
340 909 478 952 parvitas
493 907 696 939 multitudine
720 905 819 937 fuerit
840 902 1018 945 compensa-

156 962 208 992 ta,
234 960 270 984 ut
289 949 508 993 compensatur
525 949 617 980 unius
630 948 700 979 anni
720 947 864 979 sterilitas
879 955 952 992 cum
977 944 1018 975 al-

155 995 253 1026 terius
269 993 413 1024 ubertate
435 990 463 1032 §.
488 998 518 1031 4.
546 993 572 1021 h.
595 990 634 1021 L.
679 989 739 1021 Sed
756 989 816 1020 hoc
834 988 894 1026 ita,
919 988 941 1018 11
955 987 1018 1017 exi-

151 1038 303 1078 guitatem
331 1034 382 1066 hic
405 1032 561 1072 intelligas
580 1031 619 1062 de
645 1030 819 1073 frustratim
831 1031 990 1070 parvitate
1007 1037 1019 1063 ,-

154 1077 240 1119 quod
265 1084 367 1108 tamen
391 1073 468 1105 mihi
492 1072 670 1104 verosimile
696 1081 759 1103 non
784 1074 837 1102 eli.
884 1069 1019 1101 D÷xeran

154 1119 215 1159 Jam
230 1117 384 1159 Ulpianus
407 1116 433 1155 §.
459 1123 486 1145 2.
510 1115 538 1147 h.
565 1114 601 1145 L.
632 1113 746 1145 damno
763 1111 872 1143 coloni
889 1110 949 1142 esse
966 1133 975 1148 ,
992 1107 1020 1147 fi

155 1170 216 1201 qua
240 1160 321 1190 vitiu
342 1168 379 1189 ex
404 1167 435 1187 re
458 1155 520 1195 ipsa
541 1158 707 1192 oriantur,
741 1153 771 1184 ἅ
795 1152 932 1198 parvitas
952 1151 1017 1182 fru-

154 1202 262 1233 &uum
277 1210 317 1231 ex
336 1199 446 1231 arbore
460 1197 511 1229 vel
526 1196 626 1228 fundo
644 1195 697 1227 est.
722 1194 774 1226 Nc
798 1203 836 1224 ue
849 1201 944 1224 etiam
952 1192 1016 1237 fru-

154 1243 262 1275 {tuum
302 1241 468 1273 arvitatem
485 1238 568 1270 reCae
583 1237 699 1269 dixeris
720 1235 788 1266 steri
804 1235 912 1266 itatem
927 1258 936 1273 ,
962 1232 1017 1279 nisi

154 1284 186 1315 &
208 1282 409 1315 fertilitatem
430 1279 515 1311 dicas
538 1278 635 1310 solam
656 1277 817 1309 fruetuum
832 1274 1018 1316 magnitudi-

155 1334 245 1363 nem,
260 1323 350 1355 nullo
368 1322 445 1354 licet
458 1330 588 1352 numero
599 1344 608 1359 ,
624 1318 710 1350 forte
726 1318 747 1349 fi
762 1327 858 1349 unum
874 1317 1020 1348 alterum-

153 1375 196 1397 ve
212 1374 342 1406 pomum
356 1363 493 1395 creverit
502 1386 511 1401 ,
522 1369 575 1393 aut
584 1360 709 1401 insignis
718 1358 830 1391 formae
840 1357 938 1389 arista.
949 1357 1020 1390 Me-

153 1406 272 1438 diocris
292 1405 416 1437 ubertas
439 1402 582 1434 censetur
605 1403 657 1433 vel
683 1409 814 1433 numero
834 1398 994 1431 fruetuum
1010 1420 1020 1436 ,

155 1448 208 1479 vel
225 1457 275 1479 ma
297 1446 438 1478 nitudine
454 1468 464 1483 ,
487 1444 539 1476 vel
556 1442 739 1475 alterutrius
761 1440 887 1473 excessu
903 1464 913 1480 ,
936 1438 1021 1471 defe-

155 1489 242 1521 {tum
258 1456 386 1520 asterius
401 1485 589 1527 supplente:
614 1484 752 1531 parvitas
776 1489 936 1524 reparatur
959 1489 1021 1527 rna-

156 1530 216 1572 jori
238 1536 370 1560 numero
384 1551 394 1567 ,
420 1528 450 1559 &
465 1525 568 1558 rursus
584 1535 688 1558 mmor
705 1534 851 1556 numerus
867 1528 1021 1565 magnitu-

153 1571 236 1603 dine.
283 1569 381 1616 Quod
403 1567 424 1601 fi
446 1568 523 1608 fiat,
549 1578 613 1600 non
636 1574 715 1609 puto
730 1573 917 1607 quemquam
931 1563 1024 1610 *colo-

155 1620 271 1645 norum
296 1611 374 1642 adeo
396 1608 546 1642 rusticum
561 1633 570 1649 ,
595 1616 631 1640 ut
655 1606 707 1649 spe
728 1606 913 1638 remiffionis
929 1613 1025 1646 lmpc-

154 1653 273 1685 trandae
299 1652 524 1693 Imperatorem
543 1651 630 1683 adeat
645 1672 655 1689 ,
687 1648 765 1688 vel,
790 1647 812 1680 fi
835 1647 946 1694 adierit
969 1654 1024 1676 un-

156 1703 269 1737 quam,
296 1693 465 1735 Ulpianum
480 1693 547 1724 haec
562 1691 762 1734 proditurum
777 1698 946 1721 memoriae.
972 1685 1025 1717 Ne

156 1735 283 1777 quidem
298 1759 308 1774 ,
334 1735 355 1767 fi
379 1735 516 1776 parvitas
535 1742 667 1767 numero
689 1740 753 1763 non
779 1728 998 1776 compensetur
1011 1750 1021 1766 ,

158 1777 202 1808 ob
218 1786 271 1817 ea,
296 1786 364 1818 quae
377 1777 501 1808 dixerat
517 1775 670 1817 Ulpianus
683 1773 716 1805 in
735 1773 765 1804 d.
787 1772 817 1813 §.
842 1781 870 1803 2.
891 1771 970 1803 &m
991 1770 1021 1802 b.

157 1819 189 1860 §.
211 1829 242 1858 5.
266 1817 381 1850 frustra
396 1825 562 1859 repeteret.
957 1853 961 1856 ,

202 1860 303 1901 Igitur
321 1868 376 1900 per
398 1862 615 1901 exiguitatem,
636 1858 675 1890 de
690 1867 750 1900 qua
765 1856 890 1899 questus
904 1854 949 1887 est
968 1864 1021 1888 co-

159 1902 254 1934 lonus
269 1900 300 1932 in
322 1904 350 1931 h.
376 1901 402 1941 ᾗ,
424 1912 455 1941 5.
484 1911 547 1933 non
572 1900 717 1941 intelligo
740 1899 899 1931 f1·u6tuum
919 1898 1023 1938 parvi-

159 1949 275 1981 tatem,
296 1942 349 1973 vel
372 1944 520 1982 inopiam,
545 1941 596 1973 sed
617 1942 788 1977 vilitatem,
810 1949 963 1982 perquam
973 1948 1026 1970 co-

157 1984 237 2017 lono
259 1993 324 2015 non
347 1983 439 2015 licuit
462 1983 603 2025 pretium
619 2007 629 2021 ,
653 1983 739 2023 quod
763 1982 940 2023 speraverat
954 2004 965 2020 ,
988 1989 1029 2011 ex

157 2024 314 2058 frustibus
329 2025 410 2056 natis
423 2025 580 2066 redigere,
604 2024 756 2064 ideoque,
775 2022 959 2054 remiffionis
973 2020 1027 2052 ob-

159 2066 296 2097 tinendae
313 2075 405 2107 ergo,
430 2066 628 2097 Antoninum
644 2065 730 2096 adiit.
755 2063 830 2097 Non
846 2063 967 2110 placuit
985 2070 1027 2093 ta-

159 2117 233 2140 men
247 2107 294 2138 illi
311 2116 378 2138 eam
395 2106 518 2138 causam
535 2107 675 2147 recipere
692 2117 701 2146 ;
727 2116 869 2147 quamvrs
885 2104 969 2135 enim
985 2103 1026 2134 ob

161 2149 320 2180 vilitatem
337 2147 514 2187 fruCtuum,
540 2156 628 2189 aeque
642 2157 678 2178 ac
692 2147 733 2179 ob
751 2146 1027 2184 sterilitatem,co-

161 2189 229 2222 loni
249 2212 258 2228 ,
283 2187 336 2230 spe
351 2188 403 2220 sua
419 2189 561 2221 destituti
578 2212 587 2227 ,
613 2197 728 2229 queant
742 2187 876 2220 deficere
891 2210 902 2226 ,
927 2195 1030 2217 tamen

162 2230 234 2272 ipsis
248 2231 311 2261 no'n
327 2229 534 2269 succurritur,
560 2229 615 2261 nisi
632 2239 671 2261 ex
690 2229 778 2262 causa
796 2254 806 2268 ,
831 2237 899 2269 quae
918 2235 1032 2269 praetcr

163 2271 365 2312 opinionem,
392 2272 440 2310 δε,
466 2279 502 2302 ut
515 2271 588 2302 alibi
603 2270 736 2311 dicitur,
762 2275 813 2301 sss
833 2271 881 2308 βίᾳ
904 2269 1029 2301 accidit:

163 2313 264 2354 pretia
287 2320 391 2344 autem
410 2311 569 2344 frustuum
595 2311 697 2343 solent
720 2313 750 2344 in
767 2312 832 2344 dies
848 2310 985 2342 crescere
1002 2311 1031 2343 δε

164 2352 364 2393 decrescere,
391 2354 534 2395 quinimo
557 2354 587 2385 in
611 2354 702 2384 horas
726 2353 864 2390 mutari,
889 2360 924 2383 ut
948 2352 1033 2393 larga

164 2395 287 2427 scilicet
304 2395 374 2426 inde
388 2394 585 2427 enasceretur
599 2394 807 2426 remiflionum
825 2394 917 2434 seges.
964 2393 1032 2435 ipsa

164 2435 311 2468 sterilitas
326 2460 336 2475 ,
362 2446 397 2468 ut
419 2435 585 2467 remissioni
613 2434 734 2467 causam
760 2435 912 2477 praeberet
930 2459 940 2474 ,
963 2436 1032 2475 jure

165 2477 311 2518 fingulari
337 2478 503 2516 obtinuit,
528 2485 653 2508 utemur
673 2476 769 2518 igitur
786 2476 1032 2517 Jurisprudentia

167 2519 189 2550 l.
216 2526 264 2558 14.
283 2518 323 2559 ff.
349 2521 383 2550 de
406 2519 475 2550 LI..

209 2560 421 2601 Exiguicateni
448 2560 489 2592 sic
514 2561 704 2601 interpretor
725 2560 904 2597 vilitatem,
925 2559 1007 2591 Γοξὶε
1023 2583 1032 2599 ,

168 2602 201 2634 ni
218 2600 315 2633 fallor
330 2625 339 2641 ,
366 2602 395 2633 &
414 2600 549 2640 Latine3
572 2601 628 2633 nisi
648 2602 731 2632 enim
754 2603 798 2633 ita
812 2611 937 2643 quoque
953 2601 1033 2632 acci-

171 2643 255 2684 pias,
280 2640 400 2674 sensum
416 2652 478 2674 non
502 2642 617 2674 habent
639 2642 734 2674 verba
752 2643 905 2683 Spartiani
931 2642 962 2673 in
985 2643 1035 2673 Se-

171 2693 243 2715 vero
266 2683 291 2715 C
319 2683 413 2716 XIX.
449 2683 521 2714 Tam
543 2686 681 2724 exiguis,
706 2684 824 2724 inquit,
848 2683 980 2725 vestibus
1001 2694 1034 2714 u-

163 2727 221 2766 sus
236 2724 297 2768 est,
320 2731 355 2756 ut
374 2727 429 2756 vix
447 2726 550 2756 tunica
569 2735 635 2767 ejus
656 2725 771 2766 aliquid
785 2732 926 2765 purpurae
951 2726 1035 2757 habe-

172 2773 231 2798 ret.
276 2766 289 2798 1
314 2765 344 2798 se
365 2764 518 2798 Horatius
532 2791 541 2805 ,
566 2775 605 2798 ne
630 2766 669 2797 de
690 2766 861 2798 Latinitate
882 2766 1036 2807 Spar-timii

172 2808 264 2839 simus
298 2808 414 2839 olliciti
433 2831 443 2847 ,
467 2816 506 2838 eo
519 2808 618 2838 verbo
635 2807 667 2838 in
686 2806 764 2838 hanc
782 2806 965 2839 sententiam
979 2808 1034 2839 mi-

173 2849 206 2879 hi
224 2848 296 2880 usus
311 2849 438 2880 videtur
461 2849 499 2879 l..
521 2848 577 2880 III.
601 2848 662 2879 Od.
687 2852 716 2879 6.

256 2890 332 2930 Jam
354 2892 397 2922 bis
419 2889 578 2928 Monaeses,
602 2889 638 2924 ὅ)
661 2889 770 2921 Pacori
790 2899 897 2921 manus

259 2932 331 2963 Non
352 2932 519 2971 auspicatos
539 2933 673 2963 contudit
697 2933 823 2972 impetus

324 2973 470 3014 Nostros,
494 2973 529 3008 &⁵
550 2973 684 3015 adjeciffe
701 2975 832 3013 praed-am

320 3014 487 3056 Torquibus
509 3023 647 3047 EXIGUIS
668 3017 795 3046 renidet.

180 3051 339 3093 Significat
359 3056 443 3088 enim
465 3055 597 3087 Parthos
622 3063 711 3087 antea
732 3056 811 3087 viles
833 3056 862 3087 &
882 3053 1036 3096 pauperti-

180 3099 237 3123 nos
266 3102 392 3136 torques
422 3106 462 3128 cx
490 3098 556 3128 dite
585 3097 686 3137 praeda
715 3098 926 3129 Romanorum
950 3096 1037 3127 locu-

179 3132 319 3209 ἶὸἓῑᾶίέξ.
361 3137 403 3168 Et
431 3137 473 3170 fic
505 3138 649 3179 intelligo
682 3138 759 3171 illud
781 3138 917 3178 eiusdem
951 3137 991 3169 L.
1013 3135 1034 3168 1.

1146 408 1186 441 Te
1204 408 1297 439 maris
1310 408 1347 443 ἃ
1358 413 1446 439 terrae
1457 430 1466 445 ,
1487 414 1665 448 numeroque
1682 406 1815 438 carentis
1829 414 1926 438 arena

1182 450 1350 490 Menserem
1367 451 1519 487 cohibent,
1542 449 1682 490 Archyta
1697 470 1706 484 ‚

1141 490 1287 523 Pulveris
1312 500 1433 522 EXIGUI
1443 496 1532 531 prope
1554 492 1643 522 littus
1659 497 1762 531 parva
1771 487 1928 521 Matinum

1184 533 1329 564 Munera.

1063 574 1201 612 Eximi,
1222 574 1253 605 id
1267 573 1330 613 est,
1355 573 1429 605 vilis
1444 573 1474 605 ἅ
1488 573 1596 613 abjeffi
1614 572 1772 615 pulveris,
1796 581 1867 604 nam
1882 572 1928 604 in-

1062 616 1181 656 gratior
1207 615 1268 646 erit
1292 613 1395 646 sensus
1413 638 1422 653 ,
1454 614 1474 645 fi
1496 615 1659 653 dicamus,
1682 621 1782 654 parva
1804 623 1929 644 munera

1062 659 1154 697 parvi
1167 657 1321 696 pulveris,
1343 664 1445 696 neque
1461 657 1554 687 etiam
1570 655 1751 696 magnitudo
1768 653 1850 685 reete
1859 655 1929 695 pul»
1979 679 1981 682 .

1063 698 1131 728 veri
1150 696 1308 728 tribuitur.
1354 696 1422 737 Ipse
1438 697 1492 728 ille
1510 697 1660 737 Ulpianus
1675 719 1684 735 ,
1709 696 1747 727 de
1763 695 1852 727 cu'us
1867 694 1927 727 ser-

1064 747 1160 769 mone
1183 738 1325 778 agimus,
1357 737 1388 769 in
1411 738 1428 768 l.
1453 747 1502 778 75.
1524 738 1564 779 ff.
1588 741 1621 770 de
1644 737 1740 777 Legat
1763 736 1792 768 ΙΙ
1811 762 1819 768 .
1844 747 1930 768 num-

1065 789 1123 809 mos
1142 788 1311 819 exigwores
1331 778 1414 809 dixit
1430 787 1488 819 pro
1509 780 1652 817 viliores,
1677 780 1707 811 ἃ
1727 788 1767 810 ex
1788 777 1931 820 Papinia-·

1065 829 1108 852 no
1128 822 1268 859 exiguius
1289 828 1348 860 pro
1371 820 1465 850 vilius
1486 820 1517 851 in
1538 822 1548 851 Ι
1586 831 1630 855 14·
1657 822 1684 861 §.
1709 831 1732 853 1.
1750 819 1785 861 ff
1814 825 1848 852 ae
1873 821 1930 851 Le-

1060 868 1127 902 gat.
1150 861 1174 893 I.
1199 869 1233 892 ut
1249 867 1434 902 argumento
1449 858 1493 892 est
1507 861 1642 901 ejusdem
1673 863 1683 892 l
1713 871 1761 902 39.
1788 862 1815 903 ᾗ.
1838 865 1870 893 6.
1887 861 1930 902 ff.

1063 904 1137 935 Eod.
1171 902 1193 935 fi
1220 905 1344 942 exiguos
1372 911 1430 942 pro
1448 905 1558 942 parvis
1585 903 1719 944 accipias
1733 903 1766 933 in
1779 906 1806 933 d.
1831 904 1852 935 l.
1876 913 1930 944 75.

1060 955 1128 984 non
1152 944 1322 975 conveniet
1339 949 1365 973 a.
1385 945 1395 973 l
1430 953 1473 981 14.
1499 945 1526 983 §.
1556 953 1565 974 1
1598 953 1657 975 nec
1684 946 1708 974 ci.
1736 944 1758 976 l.
1774 953 1825 984 39.
1849 944 1878 985 §.
1895 948 1929 976 6.

1089 995 1160 1017 uum
1184 994 1246 1016 non
1270 984 1471 1025 magnitudo,
1504 984 1554 1016 sed
1578 986 1706 1017 materia
1723 985 1858 1017 nummis
1879 985 1931 1017 ad-

1063 997 1116 1058 dat
1131 1027 1277 1068 pretium.
1323 1026 1412 1057 Solet
1427 1036 1554 1067 quoque
1570 1030 1681 1057 nummi
1702 1036 1770 1058 vox
1794 1027 1853 1054 κατ’
1873 1028 1934 1063 ἐξο-

1064 1069 1112 1107 χ-ιίν
1136 1068 1231 1099 tribui
1255 1067 1385 1098 minoris
1407 1068 1500 1108 pretii
1526 1068 1686 1107 nummis,
1712 1077 1747 1099 ut
1764 1067 1932 1108 sestertiis,

1064 1109 1191 1151 quibus,
1216 1117 1255 1139 eo
1272 1106 1380 1147 sensu,
1416 1112 1552 1143 imriiensa
1586 1112 1771 1141 numismata
1797 1109 1934 1150 opponit

1062 1152 1195 1183 Serenus
1209 1150 1426 1181 Sammonicus
1446 1152 1480 1182 de
1499 1151 1653 1183 Medicina
1677 1152 1702 1183 C
1725 1157 1796 1193 538.
1826 1151 1934 1182 Etiam

1062 1192 1176 1223 Paulus
1193 1191 1224 1222 in
1245 1192 1255 1222 l
1281 1200 1333 1229 42.
1347 1191 1388 1231 ff.
1413 1192 1447 1223 de
1465 1192 1525 1224 Aa
1553 1199 1639 1230 empt.
1663 1195 1804 1235 exiguum
1818 1193 1935 1223 modum

1055 1231 1142 1272 fii‘uae
1164 1232 1265 1270 dixit,
1298 1232 1328 1263 &
1353 1233 1515 1265 intellexit
1547 1235 1675 1266 modum
1699 1235 1798 1266 vilem
1822 1234 1852 1265 &
1875 1233 1933 1265 mi-

1064 1274 1151 1307 noris
1174 1273 1278 1314 pretii.
1324 1272 1384 1304 Sed
1408 1273 1476 1305 haec
1498 1275 1537 1306 de
1560 1276 1661 1316 prima
1683 1283 1772 1316 parte
1796 1275 1815 1316 §
1848 1285 1878 1315 5.

1106 1315 1255 1355 Sequitur
1273 1323 1343 1354 pars
1360 1312 1508 1355 secunda,
1524 1317 1554 1348 ἃ
1571 1316 1657 1347 aliud
1672 1316 1935 1358 rescriptum32it

1065 1365 1186 1389 autem:
1210 1355 1330 1386 Novam
1350 1365 1411 1386 rem
1428 1356 1594 1396 defideras,
1615 1365 1649 1388 uc
1662 1364 1783 1398 propter
1799 1357 1936 1398 vetusta-

1067 1405 1125 1430 tem
1141 1400 1300 1429 vinearum
1314 1395 1437 1438 remiffio
1457 1401 1513 1430 tibi
1529 1401 1628 1431 detur.
1672 1398 1795 1432 Novam
1812 1410 1873 1431 rem
1887 1399 1934 1431 di-

1066 1440 1136 1480 xit,
1169 1447 1205 1471 ut
1223 1448 1333 1470 novum
1355 1439 1409 1479 jus
1434 1439 1573 1480 dicitur,
1604 1440 1668 1473 five
1690 1441 1776 1483 quod
1791 1441 1936 1483 iniquum

1066 1480 1277 1521 injustumque
1307 1478 1351 1511 est
1368 1504 1379 1520 ,
1411 1480 1474 1512 five
1504 1482 1590 1522 quod
1620 1491 1721 1524 neque
1743 1490 1934 1524 receptum,

1068 1531 1170 1563 neque
1193 1523 1288 1553 etiam
1311 1522 1551 1563 recipiendum3
1575 1524 1665 1563 vide,
1692 1534 1760 1566 quae
1776 1524 1814 1555 de
1829 1524 1935 1565 appel-

1068 1564 1188 1596 latione
1205 1564 1291 1606 juris
1305 1565 1375 1594 novi
1390 1564 1422 1596 in
1445 1564 1524 1597 hanc
1549 1564 1732 1598 sententiam
1748 1565 1873 1607 prolixe
1887 1563 1937 1597 so-

1069 1606 1136 1638 lent
1158 1605 1365 1637 commentari
1389 1604 1425 1636 ad
1445 1605 1508 1638 Tit.
1526 1606 1569 1638 D.
1595 1605 1683 1651 Quod
1704 1611 1829 1649 quisque
1849 1607 1936 1649 juris

1069 1648 1102 1678 in
1125 1648 1254 1679 alterum
1274 1645 1423 1687 statuerit
1439 1671 1448 1686 ,
1477 1654 1513 1680 ut
1537 1648 1596 1690 ipse
1616 1652 1711 1682 eodem
1725 1650 1797 1690 jure
1812 1655 1937 1681 utatur.

1068 1688 1129 1721 Sed
1152 1698 1208 1720 cur
1230 1688 1392 1720 vinearum
1416 1689 1553 1722 vetustas
1575 1691 1611 1722 ad
1634 1691 1843 1723 remiffionem
1869 1700 1936 1722 non

1089 1729 1194 1776 rofit,
1216 1737 1252 1761 ut
1275 1728 1407 1770 sciatur,
1437 1731 1529 1773 digna
1541 1742 1589 1764 res
1603 1731 1657 1764 est.
1704 1732 1938 1779 Quia‚sinquit

1090 1772 1235 1813 senagius
1255 1771 1387 1803 Amaenit
1402 1771 1481 1813 Jur.
1506 1774 1538 1805 C.
1555 1773 1613 1806 IX.
1636 1774 1798 1806 vincarum
1814 1775 1935 1806 diutur-

1064 1813 1136 1846 nior
1159 1812 1204 1845 est
1226 1812 1293 1844 vita
1309 1837 1319 1852 ,
1351 1814 1381 1845 ἃ
1410 1823 1507 1846 annos
1531 1816 1678 1847 tolerant.
1723 1815 1841 1847 Verum
1866 1814 1937 1846 haec

1066 1855 1149 1887 ratio
1172 1864 1236 1887 non
1259 1854 1321 1895 est,
1346 1857 1488 1898 quamvis
1511 1856 1593 1888 enirn
1617 1857 1770 1899 longaevae
1796 1856 1855 1889 sint
1870 1865 1936 1887 rna-

1070 1897 1175 1937 xime,
1206 1906 1311 1928 earum
1335 1904 1439 1929 tamen
1471 1898 1652 1939 provectior
1676 1906 1750 1930 aetas
1775 1897 1856 1930 solet
1879 1906 1935 1928 co-

1072 1939 1156 1971 lonis
1179 1937 1375 1970 sterilitatem
1399 1938 1526 1971 afferre:
1552 1940 1637 1986 quod
1661 1940 1771 1970 eodem
1791 1938 1938 1970 acumine

1073 1988 1139 2011 erat
1163 1979 1355 2020 negandum3
1386 1988 1419 2012 at
1449 1989 1543 2012 nemo
1566 1981 1597 2012 id
1620 1990 1732 2022 negare
1756 1980 1832 2012 ausit
1857 1988 1935 2020 prae-

1073 2020 1212 2053 sentibus
1244 2021 1443 2053 vinitoribus.
1497 2022 1614 2053 Seneca
1637 2030 1701 2053 non
1725 2029 1788 2053 tam
1810 2030 1850 2052 ex
1863 2020 1935 2052 Phi-

1072 2061 1215 2103 losophia
1231 2085 1240 2100 ,
1272 2071 1382 2102 quam,
1416 2071 1451 2093 ut
1483 2061 1546 2103 ipse
1570 2063 1633 2103 ait,
1657 2063 1788 2103 artificio
1807 2063 1865 2103 suo
1891 2062 1937 2093 ita

1070 2103 1178 2135 scribit
1200 2102 1299 2143 Epist.
1316 2103 1419 2135 CXII.
1443 2103 1515 2135 Non
1531 2106 1666 2145 quaelihet
1680 2104 1846 2143 infitionem
1858 2105 1937 2134 vitis

1068 2146 1199 2186 patitur.
1242 2146 1290 2176 ,Si
1322 2153 1430 2176 varus
1459 2155 1504 2176 ET
1531 2154 1636 2177 exesa
1667 2155 1745 2185 EST,
1772 2143 1937 2186 siinfirma

1069 2187 1253 2228 gracilisque
1271 2209 1280 2223 ,
1309 2193 1361 2216 auc
1386 2196 1443 2218 non
1466 2188 1587 2227 recipiet
1598 2189 1780 2228 surculum,
1802 2193 1857 2218 aut
1878 2196 1937 2218 rum

1073 2229 1153 2267 alet,
1184 2238 1236 2259 nec
1258 2228 1419 2268 applicabit
1434 2227 1494 2266 fibi
1510 2252 1519 2265 ,
1545 2238 1598 2259 nec
1622 2231 1654 2260 in
1674 2229 1852 2269 qualitatem
1869 2230 1937 2270 ejus

1073 2276 1274 2311 naturamque
1291 2269 1441 2309 transibit.
1486 2270 1631 2301 Vetustas
1655 2271 1750 2302 etiam
1774 2270 1937 2301 vinearum

1074 2310 1136 2350 est,
1163 2311 1204 2342 ob
1227 2320 1319 2353 quam
1342 2311 1380 2341 dc
1403 2310 1596 2352 Reipublicae
1621 2310 1682 2343 suae
1705 2311 1836 2343 miseriis
1861 2319 1939 2342 con-

1074 2351 1437 2394 querunturFlavienses
1453 2353 1484 2384 in
1513 2353 1664 2393 szegyr.
1691 2356 1727 2384 ad
1748 2350 1937 2391 Constantin.

1075 2397 1156 2435 Aug.
1181 2395 1270 2434 Ipsa,
1288 2393 1451 2434 inquiunt,
1471 2395 1585 2432 vineae,
1601 2397 1835 2435 quasmirantur
1851 2395 1939 2436 igna-

1074 2438 1124 2473 ri,
1145 2438 1191 2468 ita
1211 2443 1413 2467 VETUSTATE
1426 2436 1618 2475 senuerunt,
1648 2442 1683 2466 ut
1703 2437 1853 2467 culturam
1871 2436 1939 2477 jam

1071 2484 1144 2519 pene
1169 2489 1227 2509 non
1241 2478 1400 2518 sentiant:
1433 2479 1548 2508 radices
1561 2478 1639 2507 enim
1655 2479 1785 2516 vitium,
1809 2486 1940 2518 quarum

1069 2522 1136 2562 jam
1151 2520 1294 2560 nescimus
1316 2523 1448 2552 (etatem,
1470 2518 1578 2548 millies
1594 2519 1763 2558 replicando
1780 2517 1938 2559 congestae‚

1076 2563 1105 2594 &
1123 2571 1191 2602 quae
1212 2560 1389 2600 sequuntur.
1415 2558 1514 2600 Igitur
1531 2559 1589 2591 alia
1604 2560 1686 2591 ratio
1701 2560 1865 2602 quaercnda
1875 2558 1938 2600 est,

1076 2613 1132 2634 cur
1148 2602 1298 2633 colonum
1312 2599 1350 2629 de
1369 2599 1528 2631 vinearum
1545 2599 1701 2632 vetustate
1714 2601 1857 2643 questum
1875 2609 1940 2633 non

1076 2643 1231 2675 audiverit
1253 2640 1444 2681 Imperator,
1476 2641 1505 2672 ὅ(
1521 2640 1611 2672 aliam
1631 2651 1757 2683 quoque
1771 2642 1852 2673 dixit
1867 2642 1939 2674 Me-

1077 2684 1185 2725 nagius
1199 2684 1256 2714 illo
1279 2682 1310 2713 C.
1329 2680 1387 2713 IX.
1409 2681 1622 2723 Menagioque
1644 2683 1731 2723 prior
1752 2683 1940 2715 Mor-nacius

1078 2727 1110 2758 in
1133 2725 1257 2763 Observ.
1275 2723 1367 2763 adff.
1386 2724 1412 2754 b.
1437 2723 1456 2753 l.
1481 2732 1527 2762 15.
1552 2725 1580 2763 §.
1596 2724 1677 2763 5..&
1693 2731 1765 2755 ante
1776 2731 1940 2764 utramque

1078 2766 1188 2798 Gloss'a
1212 2766 1250 2797 ad
1269 2767 1297 2797 h.
1319 2765 1358 2795 1„
1384 2763 1520 2795 debuiss'e
1542 2773 1653 2805 nempe
1683 2765 1833 2798 colonum
1856 2774 1941 2798 nova

1078 2808 1283 2850 propaginum
1307 2804 1427 2837 satione
1446 2805 1545 2836 vinea:
1568 2805 1755 2837 vetustatem
1778 2814 1938 2846 reparare,

1080 2849 1164 2896 quod
1182 2848 1203 2880 fi
1219 2847 1415 2894 neglexerit,
1447 2846 1612 2885 damnum,
1638 2847 1722 2888 quod
1740 2846 1812 2878 inde
1828 2846 1938 2886 sentit,

1080 2892 1133 2922 lua
1149 2889 1241 2930 culpa
1255 2887 1372 2920 lcnfiss'c
1386 2887 1494 2919 videri.
1539 2887 1597 2918 Sed
1622 2897 1679 2919 nec
1703 2887 1756 2919 illa
1778 2888 1859 2919 ratio
1882 2888 1939 2919 mi-

1079 2931 1111 2963 hi
1134 2930 1303 2971 probatur,
1329 2929 1401 2970 quia
1423 2928 1570 2959 vinitoris
1600 2938 1663 2960 non
1694 2929 1792 2970 magis
1815 2927 1860 2960 est
1881 2937 1939 2960 no-

1080 2981 1135 3003 vas
1164 2971 1245 3002 vites
1276 2969 1391 3008 serere,
1424 2978 1516 3010 quam
1540 2970 1690 3011 cujusque
1713 2969 1822 3002 coloni
1845 2976 1938 3001 caete-

1080 3021 1182 3044 rarum
1205 3011 1349 3043 arborum
1373 3019 1471 3043 novas
1493 3010 1649 3051 plantare3
1674 3011 1759 3052 quod
1781 3020 1798 3042 a
1820 3009 1938 3041 condu-

1080 3054 1166 3086 tiore
1187 3061 1281 3083 nemo
1303 3051 1442 3093 exegerit
1465 3051 1580 3097 magis,
1606 3061 1695 3092 quam
1712 3050 1886 3092 collapsum>
1899 3059 1938 3082 ἱε-

1079 3093 1219 3126 dificium
1248 3091 1423 3124 restituere:
1455 3093 1625 3132 praelertim
1655 3102 1751 3134 quum
1773 3092 1940 3133 Menagius

1080 3134 1133 3167 fibi
1158 3132 1353 3175 proposuerit
1375 3135 1478 3173 vites,
1503 3141 1537 3165 ut
1561 3134 1742 3175 longaevas,
1767 3133 1809 3165 fic
1832 3133 1940 3166 bonas.

1080 3175 1131 3208 Ne
1153 3175 1272 3215 dicam,
1296 3184 1351 3216 per
1371 3174 1554 3217 vetustatem
1571 3178 1729 3208 vinearum
1757 3175 1790 3209 in
1811 3176 1838 3208 Ι).
1858 3175 1887 3216 §.
1906 3184 1936 3213 5.

1865 3223 1939 3256 qua·
