2008 3436
202 95 480 147 QUVAEST.
539 93 692 142 JUR.
753 92 1101 136 PUBLICI‚
1154 93 1624 136 LIB.I.C.XIV.XV.

32 177 104 211 duci
129 176 224 219 posse.
271 175 362 208 Nihil
382 176 478 217 igitur
493 174 620 206 habebit
635 171 849 219 querelarum,
868 173 890 206 fi

30 219 96 252 sola
115 219 208 255 navis
230 218 426 254 dimittatur,
451 215 506 248 nisi
530 217 614 248 inter
636 223 708 246 eum
736 216 765 246 &
791 216 889 246 vitto-

29 270 94 294 rem
115 259 321 297 convenerit,
347 266 381 289 ut
400 257 464 299 ipse
483 266 603 289 merces
625 254 891 303 hostilesdcfcrat

31 302 67 334 ad
87 301 191 333 locum
214 299 424 338 destinatum,
454 299 600 331 translata
616 297 657 330 fic
679 307 709 329 in
738 297 890 330 Victorem

31 341 119 375 causa
143 341 314 373 locationis
345 340 574 372 conductionis.
621 338 799 371 Secundum
822 339 890 371 haec

31 384 124 416 etiam
149 383 219 423 Cap.
240 383 362 423 praececi.
385 380 541 422 disputavi
560 381 590 412 in
610 379 711 422 specie
726 379 890 428 opposita,

30 425 52 459 fi
71 432 183 465 nempe
211 423 299 455 navis
320 422 463 461 hostilis,
487 422 517 453 ἃ
534 430 655 453 merces
678 420 798 454 fuermt
816 431 890 454 ami-

32 475 50 499 c
79 491 88 499 .

51 475 147 540 aeNon
170 516 332 540 excurram
349 513 432 537 nunc
448 504 479 536 in
499 503 617 546 singula
636 503 738 545 fasta,
752 515 823 547 quae
845 507 890 539 in-

28 549 188 582 ciderunt:
207 558 276 580 nam
294 547 315 579 fi
332 546 464 587 probes,
481 556 550 588 quae
573 556 634 588 ego
652 548 772 587 probo,
789 549 819 580 ὃς
828 549 890 589 jam

29 589 219 632 exsequutus
238 588 323 626 sum,
346 586 410 628 ipse
427 587 598 628 judicabis,
622 587 760 629 justum,
785 600 821 622 an
844 591 888 622 in-

30 631 142 674 justum
162 628 214 667 fit',
239 630 324 671 quod
341 629 477 670 reperies
492 630 573 670 apud
595 629 700 661 Alber.
727 630 890 663 Gentilem

30 672 157 713 Hipan.
181 671 328 703 Aclvocat.
355 671 394 702 L.
422 670 446 702 Ι.
482 671 514 702 C.
537 676 588 706 28·
618 673 648 703 ὅ(
674 671 737 713 ipse
764 682 891 714 quoque

29 674 178 756 jucsicabis
202 713 241 744 de
259 712 405 744 omnibus
428 712 492 751 his,
521 722 590 754 quae
613 712 706 744 habet
724 714 891 751 Zouchcus

30 756 63 788 de
79 755 156 798 Jure
177 754 291 787 feriali
308 754 395 786 Part.
414 753 455 785 Il.
481 754 555 786 Secr.
577 759 606 789 8.
634 754 673 802 ρ’
699 758 729 787 6.
754 757 784 788 dc
813 766 890 796 prae-

29 795 136 829 sertim
157 796 195 828 de
220 805 257 827 ea
278 794 478 837 quaestione,
508 805 578 837 quae
605 796 659 828 sub
686 797 776 829 initia
803 798 893 838 liujus

31 837 228 879 Reipublicae
264 838 383 879 Angios
421 837 450 868 ὅ(
476 837 631 871 Zelandos
663 839 758 870 tantis
782 839 893 870 animis

30 880 197 913 commisit.
242 878 310 921 Ipse
334 878 500 911 Zoucheus
530 888 624 913 naves
648 881 762 913 amicas
785 880 889 913 dimit-

645 979 1005 1017 CAPUT

1729 107 1799 141 219

933 174 994 211 tit,
1018 182 1065 205 res
1084 173 1214 208 hostiles
1241 175 1402 216 publicat,
1426 175 1477 208 sed
1498 177 1593 210 solvit
1618 181 1712 212 etiam
1736 188 1799 211 ma-

934 214 1030 257 gistro
1047 215 1196 255 naulum,
1220 217 1250 248 in
1269 216 1316 249 his
1343 217 1488 258 sequutus
1517 219 1701 260 Consulatum
1727 222 1800 253 Ma-

934 259 975 288 ris
994 258 1023 288 ci.
1049 256 1082 288 C.
1102 267 1173 299 273.
1219 257 1359 290 Naulum
1386 268 1489 291 tamen
1512 269 1573 292 non
1604 262 1718 302 solvit,
1745 262 1802 294 nifi

934 308 992 371 fro
1010 297 1152 330 mensura
1177 300 1300 332 itineris
1316 300 1431 341 peracri
1445 323 1456 339 ,
1477 302 1582 341 quod,
1606 303 1626 334 fi
1648 305 1802 336 rationem

943 339 1080 377 iuberet,
1106 347 1141 371 ut
1158 349 1221 373 non
1240 341 1352 381 habet,
1378 342 1598 375 difficillimam
1616 345 1725 385 utique
1749 346 1800 377 lia-

920 379 1023 413 beret
1039 381 1297 422 explicationem.

978 421 1146 463 Postquam
1167 423 1235 455 htec
1254 423 1453 466 scripseram.
1471 426 1501 458 in
1522 436 1630 460 manus
1640 436 1722 460 meas
1735 437 1802 468 per-

935 465 1024 497 venit
1047 464 1167 498 Clariss.
1204 465 1370 499 Heineccii
1403 468 1615 509 Opusczrloram
1642 469 1803 500 Varioram

937 507 1074 549 Sylloge,
1100 507 1129 538 in
1147 516 1207 547 qua
1228 508 1324 540 etiam
1349 510 1448 542 exstat
1469 510 1536 550 ejus
1558 509 1745 544 Dissertatio
1768 513 1802 542 (le

934 550 1058 580 navibus
1074 550 1106 579 oh
1125 548 1275 580 vetzuram
1295 552 1456 582 ventarum
1473 553 1613 583 mercizmz
1633 551 1800 594 commrffis,

934 590 985 622 ubi
998 590 1028 621 C.
1046 589 1084 621 II.
1099 588 1127 630 §.
1146 599 1175 626 9.
1189 591 1296 631 paucis
1311 593 1445 634 exponit
1459 601 1626 633 utramque
1646 593 1802 644 speciem,

933 632 971 663 de
990 640 1048 672 qna
1067 631 1116 662 hoc
1135 632 1163 662 ὅ(
1183 634 1305 672 praeced.
1329 635 1399 674 Cap.
1425 634 1528 666 actum
1549 634 1603 667 cst.
1647 636 1707 668 bed
1734 643 1801 667 tan-

935 681 1000 704 tum
1026 672 1130 711 abest,
1152 681 1205 713 ut,
1236 674 1283 706 his
1304 674 1415 714 lectis,
1446 684 1565 708 mutem
1591 676 1802 715 sententiam,

935 722 970 745 ut
989 723 1056 745 eam
1074 714 1181 755 potius
1199 715 1435 748 confirmaverit
1460 718 1525 748 Viri
1544 720 1647 760 magni
1669 719 1803 750 austori-

936 765 993 787 tas.
1038 755 1104 787 Cur
1120 763 1222 788 tamen
1237 757 1317 789 nihil
1335 758 1502 790 delendum
1517 760 1692 792 censuerim
1704 785 1711 797 ,
1739 761 1746 792 i
1759 760 1804 791 >se

935 797 1077 836 videbis,
1099 797 1120 829 fi
1132 819 1141 834 ,
1166 807 1235 839 quae
1254 807 1386 841 uterque
1401 801 1541 833 nostrum
1558 802 1662 840 dixit,
1677 811 1738 834 con
1757 811 1802 834 cr-

935 848 969 870 re
985 839 1191 872 commodum
1212 838 1258 872 fit.

1104 983 1198 1019 XV.

105 1068 160 1104 An
186 1079 259 1112 res,
285 1069 327 1104 ab
351 1065 490 1115 hostibus
513 1075 636 1114 captae,
663 1069 696 1104 in
723 1079 782 1103 non
810 1067 905 1117 hrstis
930 1070 1095 1117 imperium
1117 1070 1230 1106 delatae
1244 1096 1257 1115 ,
1279 1070 1473 1120 postliminio
1499 1077 1732 1110 revertantur?

98 1172 218 1202 utar-es.
242 1165 448 1206 quaestionem
467 1166 546 1199 hanc
567 1166 742 1199 definivisse
759 1167 894 1209 Pompo-

33 1167 91 1250 P
113 1208 199 1239 nium
224 1207 253 1238 in
272 1208 293 1239 l.
310 1217 340 1248 5.
360 1207 388 1249 ἓ.
413 1218 439 1239 1.
453 1208 494 1249 ff.
508 1211 541 1240 de
563 1207 826 1250 Captiv.&poftl.
848 1220 891 1240 re-

31 1249 103 1292 vers.
128 1258 200 1280 cum
221 1249 283 1287 ait,
308 1250 445 1287 aliquem
465 1259 506 1281 ex
525 1248 655 1288 nostris,
673 1258 763 1282 antea
779 1251 816 1281 ab
836 1250 891 1282 ho-

31 1291 125 1324 stibus
142 1290 496 1331 captum‚postliminio
515 1290 673 1323 reversum
694 1291 849 1333 intelligi,
865 1290 895 1331 fi

33 1339 82 1365 aut
97 1333 135 1363 acl
153 1333 259 1363 amicos
275 1330 381 1372 nostros
394 1333 570 1372 perveniat,
595 1334 746 1364 aut-intra
758 1332 893 1375 proefidia

30 1372 125 1414 nostra
143 1372 192 1414 effe
211 1374 306 1413 coepz't.
331 1373 426 1419 Quod
441 1373 518 1413 Juris
530 1373 621 1406 estin
639 1374 798 1415 personis,
810 1375 892 1406 idem

31 1415 76 1448 est
96 1416 125 1447 ἀ
143 1415 175 1447 in
196 1414 308 1451 rebus,
332 1424 460 1455 quarum
483 1414 710 1457 postliminium
735 1415 790 1448 est.
835 1416 892 1448 Ait

30 1457 222 1497 Pomponius
237 1457 275 1487 acl
293 1458 400 1488 amicos
420 1453 534 1497 nostros.
576 1456 611 1488 Id
634 1456 695 1488 effe
711 1457 830 1490 diceres
854 1459 891 1489 ad

29 1509 87 1531 non
107 1496 196 1538 hostes
214 1495 336 1538 nostros,
360 1506 431 1529 nam
451 1498 502 1538 qui
521 1507 582 1530 non
601 1498 704 1532 hostes
722 1498 809 1538 sunt,
832 1508 891 1541 pro

29 1540 137 1572 amicis
154 1539 340 1570 videbantur
359 1537 501 1571 habendi.
554 1540 614 1572 Sed
638 1541 730 1572 aliter
752 1541 820 1572 haec
837 1551 890 1572 ex-

28 1581 127 1624 plicat
142 1579 274 1612 Grotius
292 1582 325 1611 de
344 1579 421 1621 Jure
440 1580 477 1612 B.
494 1581 530 1616 ὅ)
548 1581 586 1613 Ρ.
605 1582 646 1614 L.
667 1581 723 1614 III.
751 1583 782 1614 C.
806 1593 837 1621 9.
860 1583 889 1624 §.

29 1633 61 1654 2.
84 1633 114 1654 η.
141 1631 166 1653 1.
188 1621 224 1656 ὅ)
249 1631 278 1652 2.
303 1631 405 1660 ratus,
431 1623 460 1653 ἁ
477 1622 582 1661 reae,
616 1623 637 1656 fi
663 1624 738 1664 quid
759 1624 889 1665 judico,

27 1672 85 1705 per
101 1665 207 1694 amicos
222 1662 355 1704 intelligi
371 1673 429 1694 non
440 1662 615 1704 simpliciter
629 1667 815 1706 ,quibuscum
827 1672 890 1707 pax

28 1702 90 1746 est,
106 1705 160 1745 sed
174 1705 223 1745 qui
235 1710 337 1745 partes
352 1706 385 1735 in
407 1705 478 1736 hello
495 1707 606 1737 easdem
615 1707 789 1748 sequuntur.
834 1707 890 1739 At-

29 1755 90 1788 que
108 1747 153 1777 ita
171 1744 266 1777 etiam
282 1744 410 1778 Paulum
430 1747 657 1788 interpretatur
681 1748 712 1780 in
738 1749 758 1780 l.
787 1758 834 1786 19.
861 1748 889 1790 §.

13 1797 59 1830 -3.
77 1787 116 1829 ff.
133 1786 206 1818 Eod.
231 1796 303 1818 eum
330 1788 372 1819 ibi
392 1788 460 1826 ait,
482 1787 678 1830 postliminio
701 1790 823 1834 rediisse
844 1792 891 1822 vi-

28 1830 92 1861 deri
106 1855 113 1861 .,
139 1838 201 1860 non
220 1836 343 1861 tantum
364 1829 416 1870 qui
431 1829 461 1861 in
481 1830 558 1862 fines
573 1830 698 1863 nostros
714 1831 893 1870 intraverit,

20 1870 76 1913 secl
94 1869 130 1905 ἐξ
143 1868 171 1908 fi
191 1871 223 1900 in
243 1870 402 1901 Civitatem
418 1871 532 1912 chiam
559 1874 742 1911 amicamve,
773 1878 825 1904 aut
856 1874 894 1904 ad

30 1912 144 1954 Regem
153 1911 267 1952 chz'um
282 1911 330 1942 vel
346 1913 472 1943 amicam
488 1914 622 1951 venerit,
649 1913 706 1945 hac
723 1914 829 1946 addita
849 1925 894 1946 ra-

30 1954 136 1991 tione,
153 1953 270 1994 qaiaibi
280 1954 408 1993 primum
418 1955 532 1984 nomine
537 1955 653 1995 publico
670 1961 748 1986 tatus
760 1955 809 1996 effe
819 1957 894 1987 inci-

24 1992 102 2036 piat.
114 1994 144 2026 Si
146 1994 259 2036 jacium
266 1995 428 2034 amicamve
439 1995 630 2035 conjunctim
641 1997 831 2037 accipiamus
841 2021 850 2036 ,
860 2005 896 2029 ut

29 2035 110 2077 saepe
127 2035 278 2076 disjuncta
295 2036 534 2078 conjungimus,
545 2035 663 2069 Grotio
677 2037 800 2070 favebit
819 2039 895 2071 Pau-

30 2077 97 2116 lus,
119 2086 190 2108 nam
209 2075 250 2108 fic
271 2077 476 2119 intelligimus
496 2080 640 2118 amicam,
665 2080 718 2120 qui
737 2080 768 2112 &
777 2081 894 2121 chius,

30 2117 64 2149 id
83 2116 147 2157 est,
169 2116 340 2151 foederatus
358 2118 463 2151 noster
479 2118 534 2152 est.
562 2120 594 2152 Si
612 2130 690 2152 vero
704 2122 894 2163 accipiamus

29 2159 226 2199 disiunctim,
248 2158 408 2191 suffecerit
427 2162 553 2193 amicam
579 2161 661 2201 esse,
683 2172 786 2204 quam*
800 2164 825 2197 is
847 2162 893 2195 so-

29 2201 96 2232 cius
113 2209 177 2232 non
195 2199 243 2237 fit3
269 2201 298 2232 &
314 2200 375 2232 hoc
391 2200 549 2239 sufficere,
574 2202 709 2243 disputat
727 2204 893 2238 Albericus

30 2240 170 2273 Gentilis
191 2240 321 2282 Hispan.
353 2241 468 2274 Advoc.
497 2244 539 2275 L.
560 2244 586 2276 Ι.
612 2245 644 2276 C.
670 2255 697 2278 1.
740 2246 819 2278 Sane
845 2256 891 2279 ra-

30 2283 97 2316 tio.
124 2292 214 2322 quam
235 2283 322 2314 addit
337 2282 449 2316 Paulus
461 2307 473 2323 ,
493 2286 561 2327 quia
580 2287 621 2317 ibi
634 2288 763 2327 primum
778 2290 892 2321 nomine

25 2324 142 2367 publico
161 2331 240 2355 tutus
256 2324 307 2365 effe
324 2326 467 2365 incipiat,
494 2336 583 2369 aeque
594 2349 605 2366 ,
619 2327 649 2360 &
663 2329 761 2369 magis
778 2330 891 2370 etiarn,

29 2366 68 2398 ad
85 2365 221 2397 amicum
243 2364 361 2397 socium
378 2366 486 2399 referri
506 2369 608 2409 potest
620 2392 630 2408 ‚
655 2379 747 2410 quam
763 2371 800 2402 ad
816 2371 892 2402 ami-

30 2417 100 2440 cum
115 2406 226 2439 solum.
270 2406 346 2439 Non
370 2417 437 2440 erat
455 2409 569 2450 igitur,
593 2419 650 2441 cur
671 2420 712 2442 ex
735 2410 824 2444 Pauli
841 2411 892 2444 ad-

31 2448 94 2480 dita
106 2449 229 2480 ratione
249 2457 313 2479 rem
332 2456 432 2481 totam
457 2451 629 2483 conficeret
646 2450 793 2484 Gentilis.

70 2489 150 2536 Quae
171 2488 281 2521 Grotii
306 2489 458 2523 sententia
477 2491 541 2530 est,
567 2493 674 2524 eadem
692 2494 722 2525 δι’
740 2501 812 2525 ante
830 2493 894 2526 fuit

31 2530 160 2564 Antonii
175 2529 317 2562 Gammae
331 2531 430 2573 Decisss
452 2533 588 2572 Lufitan.
613 2539 687 2576 384.
710 2544 801 2576 quem
823 2545 894 2576 pro-

29 2581 135 2615 pterea
148 2572 203 2613 fibi
217 2571 415 2605 refutandum
426 2574 551 2616 sumpsit
561 2575 707 2608 Gentilis.
725 2577 896 2609 Zoucheus

31 2614 70 2646 de
90 2614 168 2655 Jure
194 2613 307 2645 Feciali
325 2614 411 2647 Part.
434 2615 473 2648 Il.
501 2616 575 2649 Seet.
595 2622 624 2652 8.
653 2616 691 2649 Ο.
709 2628 739 2649 2.
763 2626 894 2650 eonten-

27 2663 78 2688 tus
97 2655 267 2687 sententias
281 2655 416 2689 diversas
432 2658 572 2690 retulill'e
583 2681 594 2697 ,
617 2649 700 2700 ίρῖῗ,
723 2669 780 2700 pro
807 2669 895 2691 more

24 2696 98 2730 -fere
120 2695 197 2734 suo,
224 2696 318 2736 judex
341 2696 444 2730 sedere
463 2700 590 2738 noluit,
623 2701 768 2742 quamvis
792 2709 894 2733 tamen

25 2738 64 2771 in
81 2737 266 2770 sententiam
286 2736 424 2772 Gentilis
441 2741 517 2772 mihi
544 2741 688 2774 videatur
704 2743 894 2784 proclivior.

25 2778 162 2812 Grotius
188 2787 294 2810 autern
314 2778 363 2817 id,
398 2782 482 2822 quod
505 2782 585 2814 dicit
603 2805 614 2820 ,
645 2783 718 2815 solis
743 2784 896 2824 exemplis

25 2820 191 2859 defendit,
208 2820 288 2852 nihil
306 2821 472 2861 quicquam
482 2825 612 2856 rationis
628 2825 780 2857 adferens.
806 2825 896 2867 Apud

27 2872 94 2901 eos,
119 2862 222 2903 inquit
239 2863 268 2893 d.
288 2871 317 2893 n.
338 2871 366 2892 2.
391 2864 441 2903 qui
456 2866 544 2896 amici
548 2866 641 2906 sunt,
656 2866 711 2908 sed
726 2877 783 2898 non
793 2877 896 2898 earzm‘-

28 2905 96 2935 dem
107 2904 256 2945 partium,
289 2903 359 2934 bello
376 2905 456 2943 capri
467 2903 579 2945 statum
603 2917 661 2938 non
681 2914 819 2947 nuttam,
841 2907 898 2947 m'fi

28 2954 69 2982 ,232
82 2944 210 2986 speciali
230 2943 315 2984 Ραὲἶυ
327 2968 337 2983 ,
361 2945 452 2985 quale
471 2956 549 2978 mox
572 2948 699 2980 adducit
718 2959 756 2982 ex
776 2949 913 2981 foedere.

15 2985 73 3020 .11.
95 2987 175 3018 inter
195 2985 355 3017 Romanos
383 2987 410 3017 dt
434 2985 712 3029 Carthaginenses,
743 2989 794 3022 sed
814 2991 897 3022 reae

32 3025 176 3058 observat
190 3026 356 3059 Zoucheus
377 3028 405 3058 d.
424 3027 477 3059 loc.
501 3038 566 3061 non
583 3029 656 3062 satis
671 3031 813 3063 constare
821 3042 877 3070 ,an
888 3055 898 3070 ‚

31 3067 117 3109 quod
136 3067 185 3098 illi
210 3067 290 3107 pacti
308 3066 380 3099 sunt
392 3092 401 3107 ,
436 3068 472 3100 fit
490 3069 665 3104 habendum
683 3081 741 3113 pro
757 3073 830 3112 Jure
847 3082 899 3114 pu-

31 3108 137 3147 blico,
159 3117 196 3139 an
211 3117 269 3148 pro
289 3109 498 3150 exceptione,
524 3120 584 3151 qua
599 3122 616 3143 a
628 3112 699 3152 Jure
713 3115 843 3154 publico
854 3115 899 3145 di-

937 1174 977 1199 ex
996 1166 1070 1200 solis
1095 1166 1216 1209 Pastis,
1241 1179 1306 1202 non
1324 1170 1466 1204 consulta
1494 1173 1637 1211 ratione,
1669 1172 1708 1204 de
1733 1173 1805 1214 Jure

937 1208 1090 1241 Gentium
1126 1212 1335 1251 pronunciare
1366 1214 1574 1253 periculosum
1602 1214 1650 1246 sit.
1709 1214 1805 1246 Addit

937 1249 1069 1283 Grotius
1087 1251 1118 1285 in
1143 1252 1252 1290 Notis.
1282 1263 1321 1285 ex
1339 1254 1371 1285 T
1376 1255 1480 1287 huano
1497 1255 1639 1288 constare
1652 1279 1662 1293 ‚
1685 1265 1719 1288 ut
1738 1255 1805 1302 ipse

936 1290 1051 1330 sentit,
1075 1292 1194 1325 seniiffe
1211 1303 1336 1336 quoque
1360 1295 1478 1337 Regem
1503 1297 1628 1329 Maroci
1649 1299 1678 1330 ἃ
1694 1297 1804 1336 Feiae,

936 1331 987 1364 sed
1004 1334 1050 1365 his
1065 1334 1228 1376 Magistris
1245 1336 1276 1368 in
1292 1337 1363 1376 ulure
1395 1338 1501 1370 unlico
1516 1348 1609 1370 nemo
1626 1337 1722 1371 facile
1735 1347 1803 1370 ure-

936 1382 995 1406 tur.
1043 1374 1162 1407 Grotio
1181 1376 1342 1409 consentit
1396 1379 1494 1411 lricus
1510 1379 1657 1412 Huberus
1674 1382 1707 1412 cie
1725 1380 1804 1421 Jure

937 1417 1080 1448 Civitatis
1097 1417 1137 1450 L.
1155 1417 1210 1449 ΙΙΙ.
1239 1418 1313 1450 Sea.
1335 1429 1366 1460 4.
1393 1420 1425 1452 C.
1441 1430 1471 1460 5.
1491 1431 1521 1452 η.
1543 1430 1590 1453 11.
1616 1422 1688 1454 dum
1704 1432 1803 1454 rever-

924 1457 994 1500 sam
1015 1458 1167 1500 intelligit
1182 1485 1191 1497 ,
1216 1460 1269 1500 qui
1293 1462 1466 1493 revertitur
1478 1462 1508 1494 in
1526 1462 1665 1505 praefidia
1678 1463 1803 1504 nostra,

934 1499 982 1531 vel
1009 1500 1047 1530 ad
1069 1499 1194 1540 Populos
1209 1503 1344 1541 partiam
1362 1501 1535 1544 nostrarum.
1581 1504 1749 1537 Consentit
1774 1508 1807 1537 δι’.

935 1540 1067 1573 Hertius
1086 1541 1198 1574 Acrnot.
1218 1544 1256 1573 ad
1275 1543 1500 1585 chsenclorfizmz
1522 1547 1556 1577 de
1575 1545 1653 1587 chre
1671 1547 1748 1579 Nar.
1768 1547 1807 1583 ὅ)

938 1583 1029 1614 Gent.
1048 1582 1088 1614 L.
1112 1583 1197 1615 VIII.
1227 1584 1259 1616 C.
1284 1588 1314 1616 6.
1339 1596 1368 1617 n.
1390 1596 1440 1626 25.
1465 1586 1695 1628 postliminium
1722 1589 1802 1621 deri-

934 1633 1030 1663 vans,
1062 1631 1097 1655 ut
1121 1625 1213 1657 multi
1238 1625 1443 1665 derivarunt,
1474 1637 1538 1660 non
1562 1638 1600 1661 ex
1624 1628 1697 1669 Jure
1720 1629 1806 1663 Gen-

935 1665 1033 1703 tium,
1062 1665 1113 1696 sed
1132 1675 1173 1697 ex
1190 1666 1278 1707 jure,
1302 1668 1386 1709 quod
1413 1668 1468 1709 ipsi
1494 1669 1653 1712 Principes
1677 1670 1806 1704 subditis

934 1705 995 1739 suis
1014 1705 1219 1740 indulserunt.
1264 1708 1307 1740 Et
1323 1709 1394 1741 inde
1412 1710 1522 1743 definit
1536 1710 1733 1753 quaestionem,
1746 1724 1805 1745 aon

926 1748 1018 1790 semi
1038 1750 1118 1780 inter
1134 1749 1259 1790 Populos
1277 1750 1488 1792 disceptatanz,
1514 1763 1555 1784 an
1567 1754 1596 1793 fi
1608 1754 1731 1796 persiana
1754 1756 1806 1787 vel

936 1800 981 1821 res
1005 1796 1092 1831 capta
1118 1791 1152 1821 in
1178 1792 1358 1831 Civitatem,
1392 1803 1452 1835 qaae
1475 1802 1645 1826 neutrarum
1669 1794 1710 1836 est
1730 1803 1804 1837 par-

937 1833 1011 1863 tium
1023 1855 1032 1871 ‚
1057 1833 1238 1870 deveniant,
1258 1834 1421 1865 libertatemr
1432 1834 1611 1876 postliminio
1630 1839 1803 1878 consequan-

937 1873 1011 1905 tur?
1031 1875 1126 1915 quod,
1157 1874 1279 1915 inquit,
1316 1876 1394 1907 haud
1413 1877 1496 1908 dabie
1523 1880 1708 1920 negandum,
1736 1890 1802 1920 quo-

938 1916 1021 1946 niam
1036 1915 1102 1954 illi,
1126 1917 1176 1956 qai
1194 1918 1225 1946 z'n
1243 1917 1398 1957 bellosam
1415 1919 1503 1949 medii
1513 1943 1522 1957 ,
1538 1919 1657 1960 fatiam
1670 1925 1724 1960 pro
1735 1922 1804 1963 jare

939 1957 1108 1997 accipiunt,
1134 1958 1256 1998 adeoque
1279 1959 1486 1998 captivitatem
1498 1962 1659 2002 improbare
1676 1971 1734 1993 non
1742 1969 1806 2004 pos-

950 2003 1014 2029 unt.

929 1997 958 2039 s
980 2039 1041 2072 Sed
1058 2038 1205 2081 profecto
1217 2064 1227 2077 ,
1252 2041 1274 2074 fi
1293 2051 1333 2074 ex
1348 2041 1414 2074 sola
1429 2044 1553 2077 ratione
1568 2044 1726 2086 disputare
1740 2046 1805 2087 pla-

938 2089 1029 2120 ceat,
1052 2082 1132 2113 adeo
1150 2082 1226 2115 mihi
1240 2085 1404 2125 nugatoria
1421 2085 1547 2118 videtur
1565 2087 1634 2118 haec
1653 2089 1805 2128 quaestio,

936 2131 973 2154 ut:
989 2123 1102 2155 mirum
1119 2122 1176 2163 fit,
1201 2133 1270 2157 eam
1289 2126 1463 2157 multorum
1479 2127 1602 2170 ingenia
1624 2129 1808 2162 exercuiss‘e.

937 2164 1001 2211 Qui
1020 2165 1190 2196 revertitur
1208 2167 1246 2197 ad
1264 2165 1455 2206 foederatos,
1477 2169 1526 2209 jus
1547 2170 1732 2210 postliminii
1754 2171 1806 2203 ha-

935 2206 1009 2244 bet,
1034 2206 1106 2247 quia
1129 2206 1167 2238 ad
1187 2205 1273 2240 suam
1302 2207 1478 2241 Civitatem
1500 2211 1624 2243 videtur
1645 2211 1806 2251 reversus,

935 2247 1082 2279 foederati
1099 2248 1182 2280 enim
1204 2249 1369 2281 nobiscum
1394 2260 1486 2283 unam
1501 2253 1732 2293 quodammodo
1753 2254 1806 2286 Ci-

935 2289 1069 2320 vitatem
1086 2289 1295 2323 constituunt.
1340 2291 1437 2324 Certe
1459 2293 1488 2325 in
1506 2294 1598 2326 causa
1611 2294 1685 2326 belli
1697 2319 1706 2335 ‚
1721 2295 1806 2336 quod

935 2331 1096 2362 communi
1119 2332 1238 2363 auxilio
1256 2341 1388 2374 gerunt,
1419 2344 1530 2367 eorum
1553 2337 1693 2369 rationes
1719 2337 1804 2377 sepa-

935 2372 1038 2404 randae
1053 2381 1118 2404 non
1137 2371 1219 2405 sunt.
1265 2374 1470 2420 Quapropter
1486 2386 1540 2417 per
1554 2379 1660 2408 amicos
1677 2379 1707 2408 in
1731 2379 1757 2409 d.
1784 2378 1806 2416 l.-

935 2422 965 2453 5.
991 2413 1020 2454 §.
1045 2423 1072 2445 Ι.
1098 2414 1309 2447 intellexerim
1333 2425 1476 2457 quoque,
1500 2418 1550 2457 qui
1575 2427 1646 2449 cum
1668 2419 1806 2450 maxime

936 2456 1026 2486 amici
1041 2454 1132 2493 sunt,
1156 2455 1187 2487 id
1208 2455 1271 2494 est,
1293 2457 1346 2496 qui
1363 2465 1473 2488 mutuo
1492 2457 1614 2489 foedere
1632 2459 1663 2490 in
1683 2459 1806 2492 hostem

936 2503 1032 2538 agunt
1047 2518 1056 2532 ‚
1081 2496 1110 2528 δι
1128 2505 1182 2538 per
1199 2497 1314 2538 Regem
1322 2496 1437 2537 socium
1467 2499 1514 2530 vel
1530 2501 1657 2531 amicam
1679 2501 1710 2532 in
1732 2503 1760 2533 (i.
1784 2501 1805 2533 l.
1830 2513 1837 2521 ‘

941 2547 989 2574 19.
1014 2536 1043 2578 §.
1061 2547 1090 2578 3.
1116 2538 1169 2578 qui
1192 2540 1303 2569 amicus
1318 2540 1348 2570 ἃ
1366 2539 1454 2571 fimul
1472 2540 1572 2580 sbrius
1590 2541 1651 2577 est,
1678 2542 1806 2574 suffece-

937 2585 984 2610 rat
1001 2578 1143 2619 alioquin
1162 2581 1287 2610 amicam
1308 2580 1430 2612 dixiffe.
1462 2582 1554 2623 Apud
1574 2581 1630 2615 hos
1646 2582 1732 2616 solos
1751 2593 1805 2614 ve-

937 2629 1006 2651 rum
1023 2618 1089 2658 est,
1113 2629 1154 2652 ex
1177 2620 1266 2652 causa
1283 2620 1464 2660 societatis,
1489 2624 1538 2663 jus
1556 2624 1740 2665 postliminii
1764 2635 1807 2658 es-

937 2660 990 2699 se,
1013 2661 1064 2694 sed
1082 2661 1163 2701 apud
1179 2671 1253 2701 eos,
1271 2663 1322 2705 qui
1342 2664 1498 2705 utrimque
1515 2664 1698 2706 simpliciter
1714 2667 1808 2697 amici

936 2702 1028 2740 sunt,
1059 2701 1155 2734 status
1179 2712 1283 2735 rerum
1314 2704 1519 2737 hominumve
1544 2707 1720 2738 nostrorum
1741 2717 1807 2739 non

938 2751 1094 2782 mutatur,
1118 2753 1190 2776 cum
1210 2745 1296 2777 nulla
1307 2746 1343 2778 fit
1359 2747 1500 2778 mutandi
1517 2747 1612 2779 causa.
1640 2748 1731 2779 Unde
1748 2749 1806 2779 mi-

938 2795 1009 2824 ror,
1033 2784 1194 2818 Gentilem
1215 2787 1356 2828 aliosque
1380 2788 1587 2825 existimaffe,
1612 2789 1807 2830 postliminio

938 2827 1078 2865 reverti,
1103 2836 1300 2868 quaecunque
1316 2829 1347 2860 in
1364 2838 1428 2861 non
1455 2829 1550 2861 hostis
1571 2829 1738 2871 Imperium
1756 2831 1809 2862 de-

938 2869 1000 2901 lata
1013 2868 1103 2906 sunt,
1129 2869 1177 2906 ἃ,
1202 2869 1287 2910 quod
1303 2870 1330 2900 ei
1353 2869 1545 2911 consequens
1564 2870 1625 2909 est,
1640 2872 1783 2911 captivos
1795 2895 1807 2911 ‚

939 2910 971 2941 in
991 2910 1186 2942 territorium
1197 2910 1289 2942 amici
1311 2911 1552 2950 deductosffieri
1572 2912 1697 2944 liberos.
1710 2911 1808 2958 Quod

939 2951 977 2982 de
1004 2952 1139 2991 captivis
1164 2952 1253 2989 dixi,
1279 2953 1415 2983 rotunde
1440 2952 1577 2984 scribunt
1609 2953 1742 2993 Joanncs
1768 2955 1808 2985 de

941 2992 1074 3024 Immola
1092 2992 1195 3031 Consti.
1220 3003 1272 3033 50.
1299 2993 1329 3024 &
1348 2993 1490 3024 Petrinus
1506 2993 1611 3024 Bellus
1631 2996 1664 3025 cle
1680 2994 1727 3026 Re
1749 2998 1804 3028 mi-

941 3034 1025 3065 litari
1053 3033 1140 3066 Part.
1163 3033 1203 3066 ss.
1232 3034 1264 3065 T.
1292 3038 1342 3067 18.
1367 3038 1472 3064 72.'12.
1496 3034 1606 3074 quibus
1627 3034 1807 3077 suffragium

942 3074 1030 3106 suum
1053 3075 1166 3106 addere
1188 3075 1312 3105 videtur
1332 3074 1502 3106 Zoucheus
1528 3076 1561 3105 (le
1590 3075 1667 3116 erre
1695 3077 1810 3110 Feciali

945 3115 1032 3147 Part.
1055 3115 1095 3147 ΙΙ.
1119 3115 1195 3146 Sea.
1221 3125 1250 3151 9.
1277 3114 1316 3161 Ω,
1335 3119 1364 3147 8.
1410 3115 1473 3147 Res
1504 3117 1611 3157 utique
1635 3119 1666 3150 in
1687 3128 1811 3151 contra-

31 3149 111 3181 versi
132 3149 256 3180 abeunt.
297 3150 333 3182 In
356 3151 450 3182 variis
468 3151 584 3191 Pastis,
609 3153 639 3184 ὃ(
658 3155 901 3194 antiquioribus,
946 3157 1027 3187 rium
1046 3156 1123 3187 adeo
1141 3155 1303 3186 manifesta
1329 3155 1392 3194 est,
1416 3164 1450 3188 ut
1469 3156 1507 3187 de
1523 3159 1659 3191 veritate
1676 3168 1717 3191 ne
1737 3161 1809 3193 Sce-

33 3189 63 3223 &
82 3189 335 3231 recentioribus,
357 3191 388 3224 id
406 3192 485 3224 adeo
506 3192 588 3234 saepe
609 3192 655 3226 est
670 3195 848 3235 incertum,
869 3204 905 3228 ut

947 3197 1028 3238 ptici
1045 3196 1175 3268 {uidem
1192 3196 1271 3228 serio
1296 3195 1527 3231 dubitaverint:
1561 3209 1623 3232 uno
1651 3202 1733 3234 enim
1759 3212 1815 3232 ore

1082 3246 1099 3268 e
1123 3247 1141 3269 2
1739 3253 1814 3274 con-
