2008 3436
190 128 632 174 OBSERVATrONUM
659 125 795 176 Jums
820 122 1035 162 ROMANJ
1085 121 1173 160 Lm.
1203 123 1270 161 vt.

0 225 1 244 l
30 231 91 253 una
107 219 301 261 Judaeorum,
325 213 367 248 fic
382 213 466 246 enim
480 210 685 257 credebatur..
714 207 763 255 Ut
783 211 890 239 autem

29 263 105 294 nibil
126 269 187 292 tam
206 260 249 291 rei
271 257 369 298 turpis
389 254 456 293 est,
479 254 573 300 ctiam
591 261 621 283 in
644 248 770 297 bestiis,
805 247 891 290 quod

29 313 93 335 nou
119 300 298 333 hominibus
315 306 430 330 nomen
453 295 557 334 dedit,
590 292 627 324 ab
645 291 782 324 anchard>
808 289 890 331 apud

32 347 190 376 Romanos
210 340 338 374 Familia
354 338 509 370 Ancharia
525 358 536 375 ,
560 335 590 367 ἃ
605 333 642 366 ab
658 331 734 373 afino
753 355 764 371 ,
783 333 891 378 eadem

28 384 273 422 iio-nificationc,
299 381 413 418 Asellio
431 399 441 418 ,
464 386 498 409 ut
516 376 640 408 Voffius
658 376 686 407 d.
708 375 762 407 loc.
785 374 890 405 obier-

28 413 127 459 vffvit.
160 425 249 457 Addo
269 423 374 460 Cillos,
393 421 429 454 ab
445 419 533 452 asinis
551 426 677 460 quoque
694 413 890 461 nomen-sor-

30 469 134 506 titos3
161 466 232 497 Cillo
253 465 361 506 utique
383 460 558 494 rescribunt
588 458 849 503 Imperator-esan
872 455 893 487 l.

29 520 59 547 9.
83 510 115 541 C.
134 509 168 540 de
192 504 335 544 Dillrucl.
352 506 470 547 pignor.
515 500 577 534 Sed
594 509 629 532 ut
647 499 684 532 ad
708 497 893 544 Martialem

29 545 188 589 revertar,
214 542 278 579 scio
296 545 376 585 esse,
402 545 454 584 qui
474 544 518 575 ita
539 543 605 583 ejus
631 541 827 588 Epigramma
849 548 894 571 in-

29 591 175 633 telligunt
193 613 203 628 ‚
233 596 327 629 atque
352 588 374 620 si
394 584 569 619 recusatum
591 583 668 616 effen
682 581 895 623 jusjurandum

28 632 145 675 Judaei,
169 641 223 674 per
238 630 391 672 templum
415 627 502 660 suum
521 625 654 666 jurantis
671 649 681 664 ,
713 633 767 665 per
790 621 896 655 Deum

30 668 94 708 non
115 682 211 715 aeque,
258 672 443 712 Pei-perani,
468 668 488 700 ii
508 667 582 709 quid
599 666 718 707 judico.
750 664 898 713 Solemne

29 716 170 757 equidem
188 714 250 746 fuit
269 723 322 755 pei·
343 705 696 755 templumjtuarc,Used
706 715 805 747 neque
814 704 897 737 [xen-

32 758 104 790 tiles
120 756 304 798 ignorabant
326 778 335 793 ‚
360 753 424 786 iivc
440 760 493 793 per
508 750 612 782 Deum
629 758 711 790 jures
729 770 740 786 ,
763 747 827 793 five
843 755 898 792 per

31 799 203 840 templum,
231 797 262 828 in
277 806 341 838 quo
360 795 414 826 illc
432 793 568 831 colitur,
594 791 684 823 nullo
703 790 769 835 baec
789 787 896 820 discri-

32 841 115 872 mine
138 838 252 872 haberi.
303 836 352 868 Ne
378 836 478 868 dicam
498 858 508 873 ,
540 833 604 865 illis
630 829 829 878 temporibus·
857 838 897 876 ‘er

32 881 185 922 ternplum
202 877 527 911 Ilieroiolvmitanum
543 875 638 914 jurari
655 882 725 917 non*
740 873 843 917 poturi
858 880 895 917 e,

35 917 147 963 utpute
163 920 247 963 quod
263 921 324 960 jam
341 914 402 950 c'll'e
418 916 544 949 desierat
560 923 641 946 anno
657 913 830 960 Veipanam
850 914 894 943 ie-

35 963 160 1003 cundo,
184 970 255 994 cum
275 959 432 992 Martialis
448 958 535 988 illum
554 954 613 988 XI.
637 954 894 999 Ep1g7·a33i7ncztwn

39 1005 160 1037 Librum
177 1001 332 1043 scripserit
350 1000 404 1031 sub
424 997 564 1038 Traiano
576 1019 587 1034 ,
612 1003 646 1026 ut
662 994 698 1026 ab
719 994 787 1026 alus
811 993 894 1025 recle

38 1044 236 1078 obl'ervatum
247 1041 300 1074 cst.
324 1041 413 1073 Unde
421 1038 568 1070 Valerius
577 1036 708 1069 Flaccus
724 1035 893 1080 Argonczwj.

37 1086 112 1120 L.1.
132 1084 204 1124 verfi
230 1093 275 1126 13.
301 1081 444 1114 meminit
465 1080 573 1121 Solymi
584 1078 734 1118 pulveris,
753 1078 783 1108 ὅ(
805 1076 894 1121 Papi-

36 1128 104 1160 nius
120 1121 236 1160 Statius
268 1124 306 1156 L.
327 1123 366 1156 V.
405 1122 523 1163 Syl-var.
555 1119 700 1160 From-epi.
731 1118 769 1148 ad
800 1119 892 1159 Crisp.

34 1167 106 1210 ται-χῖ
133 1172 200 1210 138.
226 1166 333 1206 Solymi
353 1165 478 1201 cineris,
506 1170 673 1202 utrumque
694 1167 798 1191 autem
816 1168 891 1191 con-

33 1208 92 1249 stat
106 1208 265 1242 Martialis
282 1206 375 1239 fuiss‘e
390 1205 566 1249 aequalenu
658 1244 664 1249 ·
720 1243 726 1248 ι
824 1242 829 1247 .

74 1250 134 1283 Sed
155 1248 199 1282 sat
214 1249 321 1282 datum
338 1247 385 1280 est
405 1243 628 1278 amoenioribus
643 1244 743 1276 literis
760 1242 798 1274 ad
821 1241 892 1274 illu-

31 1290 187 1326 strandum
202 1289 244 1323 D.
262 1289 312 1322 Pii
329 1287 512 1330 rescriptum
530 1311 539 1327 ,
565 1285 649 1325 quod
668 1285 822 1326 Ulpianus
847 1293 892 1315 re-

33 1333 110 1366 tulit
125 1333 157 1364 in
176 1333 204 1364 d.
228 1332 247 1364 l.
273 1342 304 1372 5.
330 1330 358 1372 §.
385 1340 412 1363 1.
437 1332 466 1362 ὅ(
482 1339 522 1361 ex
539 1328 577 1360 iis
591 1325 664 1360 satis
680 1325 822 1372 constat,
846 1335 892 1357 re-

33 1369 82 1413 Cte
100 1374 160 1416 legi
171 1370 311 1414 flandum
321 1395 332 1412 ,
343 1380 377 1404 ut
388 1381 423 1404 ut
430 1371 567 1412 antiqua:
581 1369 703 1415 aliquot
716 1367 891 1407 Editiones,

32 1416 116 1449 inter
138 1424 176 1447 ue
191 1414 244 1447 has
260 1414 390 1446 Roberti
400 1413 547 1455 Stephani
559 1410 729 1443 exhibeant
745 1418 801 1441 non
810 1405 895 1450 stan-

33 1459 110 1490 dum.
156 1465 193 1488 ua
201 1455 336 1489 lectione
346 1463 478 1496 negante
484 1454 579 1485 etiam
590 1450 661 1484 usus
671 1450 893 1492 estAccurfius‚

33 1498 149 1533 addens
163 1505 284 1537 tamen,
309 1497 383 1528 alibi
400 1496 461 1528 effe
483 1494 650 1528 leti-,ionem
669 1493 892 1532 affirmantem,

33 1547 71 1572 ut
80 1539 125 1571 est
136 1538 303 1572 Florentiae
314 1562 323 1577 ‚
335 1538 365 1570 δε
375 1538 406 1570 in
417 1537 572 1580 plerisque
583 1535 699 1575 Libris,
712 1544 785 1581 cum
795 1533 892 1574 MSS,

34 1588 105 1613 tum
118 1580 218 1613 editis.
263 1579 307 1611 Et
322 1578 392 1611 sane
414 1578 469 1611 nifi
487 1579 530 1610 ita
545 1577 684 1609 dicamus
696 1600 706 1616 ,
739 1576 818 1609 illud
833 1585 892 1607 ma-

1331 122 1371 160 C.
1405 123 1450 161 11.
1498 123 1563 162 111.

1742 132 1814 172 179

934 213 981 236 ter
1010 213 1074 235 non
1101 200 1241 244 ejusdem
1269 202 1433 244 religionis
1457 205 1602 238 homines
1631 204 1725 248 plane
1750 204 1814 238 erit

933 245 1063 284 inutile,
1077 246 1106 277 δι
1125 253 1230 276 tamen
1243 243 1326 275 inter
1346 245 1403 276 bos
1422 246 1520 287 magis
1538 247 1700 288 litigatur,
1719 256 1814 289 quarn

934 288 1016 319 inter
1033 296 1108 326 cos,
1133 286 1187 328 qui
1207 285 1314 318 eadem
1342 285 1426 318 sacra
1447 287 1570 319 colunt.
1618 287 1710 321 Unde
1728 287 1816 330 quod

934 328 978 364 D.
998 328 1072 360 Pius
1088 326 1243 369 rescripsit
1261 351 1270 366 ,
1295 337 1362 360 non
1380 328 1418 360 ad
1436 327 1634 361 Christianos
1656 329 1743 362 solos
1765 339 1815 362 re-

934 370 1027 408 fero,
1051 377 1087 401 ut
1103 370 1215 401 retulit
1235 369 1396 401 Antonius
1411 368 1436 402 F
1438 369 1511 401 aber
1536 369 1660 402 Ration.
1685 370 1722 402 ad
1741 371 1769 402 h.
1789 371 1810 404 l.

936 411 987 447 scd
1014 411 1051 443 ad
1073 421 1183 451 omues
1210 411 1342 446 omnino
1358 435 1367 451 ,
1400 411 1453 452 qui
1478 411 1538 443 alia
1569 410 1710 444 formula
1731 412 1814 453 jura-

935 454 1032 493 bant,
1066 463 1157 495 quam
1178 452 1280 493 jurare
1299 451 1442 485 solebant
1460 451 1617 486 Gentiles.
1662 454 1817 486 Attamen.

936 495 1001 538 ipse
1017 495 1073 528 illc
1091 494 1265 536 Ulpianus,
1290 494 1342 536 qui
1362 494 1415 526 hic
1432 501 1536 526 ratum
1552 494 1614 526 css'e
1629 494 1736 527 censet
1751 494 1814 535 jus-

936 537 1100 578 jurandum
1113 561 1122 576 ,
1149 535 1234 577 quod
1251 535 1380 577 propria
1396 535 1619 580 superstitione
1637 535 1816 579 praestitum

937 579 1002 618 cst,
1025 578 1191 620 negotium
1215 577 1308 610 nobis
1325 576 1446 612 faceffit
1464 578 1495 609 in
1516 578 1623 610 eadem
1647 579 1667 610 l.
1683 587 1715 618 5.
1740 586 1814 610 nam

940 621 971 655 in
988 626 1035 662 pr.
1060 620 1104 652 ait
1123 642 1134 658 ,
1176 629 1256 650 omne
1275 620 1389 651 omnino
1411 629 1564 652 LICITUM
1581 620 1816 663 jusjurandum,

936 669 990 704 per
1015 662 1087 704 quod
1105 661 1201 694 voluit
1217 662 1281 702 quis
1294 659 1352 700 fibi
1363 661 1465 703 jurari
1479 684 1491 700 ,
1515 662 1648 693 idoneum
1671 659 1722 703 est.
1769 659 1816 701 Et.

941 706 975 736 in
999 703 1026 745 §.
1052 713 1082 745 3.
1130 703 1187 735 Sed
1196 703 1225 741 Ji
1242 704 1306 744 quis
1323 702 1464 734 illicitum
1480 703 1689 746 jusjurandum
1705 703 1815 734 detule-

941 747 982 777 rit
1003 768 1015 784 ,
1035 744 1155 787 scilicet
1182 745 1347 784 improbam
1366 745 1491 785 puhlicae
1506 745 1681 788 rel-[gionz's2
1710 746 1813 777 videa-

940 797 1002 818 mus
1014 809 1024 825 ,
1045 796 1085 817 an
1099 792 1151 827 pro
1166 795 1196 816 eo
1216 787 1356 818 habeatur
1366 809 1378 826 ‚
1398 791 1485 827 atque
1499 785 1528 825 fi
1539 787 1675 830 juratum
1695 797 1753 818 non
1770 796 1814 817 et-

930 828 979 870 set
990 828 1006 860 Ξ)
1026 828 1098 869 quod
1116 827 1212 870 magis
1227 824 1359 869 existimo
1376 828 1539 860 dicendum.
1585 828 1649 860 Pro
1670 829 1816 870 publicae,

940 869 1025 910 quod
1041 867 1086 900 est
1103 867 1128 900 F
1131 868 1296 908 lorentiae,
1323 869 1353 901 ὃς
1374 868 1448 900 alibi
1460 893 1469 908 ,
1496 870 1627 901 omnino
1646 870 1815 912 legendum

933 911 1072 951 publice,
1102 917 1137 940 ut
1153 909 1329 950 Stephanus
1348 909 1379 942 &
1399 910 1451 942 alii
1470 910 1645 943 ediderunt.
1691 911 1722 944 Si
1748 920 1816 943 non

938 952 1042 982 valeat
1062 951 1277 991 jusjurandum
1294 975 1305 991 ,
1329 951 1414 991 quod
1432 961 1487 993 per
1515 952 1691 994 improbata
1718 951 1815 984 wubli-

938 1001 975 1024 ce
999 992 1082 1024 sacra
1108 992 1282 1032 praestitum
1313 993 1358 1024 est
1378 1016 1388 1031 ‚
1429 993 1540 1034 utique
1572 1004 1631 1026 nec
1662 1004 1702 1026 va
1716 993 1783 1026 ebit
1801 1016 1816 1034 ,

938 1034 1023 1074 quod
1047 1033 1176 1074 propria
1201 1031 1424 1074 superstitione
1447 1034 1585 1074 iuratum
1611 1036 1696 1076 erit,
1739 1044 1816 1067 cum

937 1075 1024 1117 Lege
1047 1074 1175 1115 publica
1198 1072 1434 1115 superstitiones
1470 1075 1626 1107 damnatae
1651 1077 1722 1110 sint.
1766 1075 1816 1117 Ue

937 1116 1005 1148 haec
1038 1123 1233 1156 componant
1269 1115 1462 1157 Interpretes
1481 1140 1491 1155 ‚
1533 1116 1640 1149 Graeci
1668 1118 1699 1150 δε
1725 1117 1814 1150 Lati-

937 1157 988 1197 ni,
1013 1157 1101 1189 varia
1118 1157 1292 1189 commenti
1308 1156 1399 1197 sunt,
1426 1156 1477 1189 sed
1495 1157 1609 1190 dubito
1628 1183 1638 1198 ,
1663 1169 1702 1192 an
1724 1159 1815 1200 quic-

936 1208 1028 1240 quam
1055 1197 1262 1240 profecerint.
1308 1198 1379 1240 Ego
1400 1208 1456 1240 per
1485 1200 1658 1243 religionem
1680 1223 1692 1240 ,
1715 1200 1819 1242 publi*

936 1251 966 1273 ce
994 1241 1212 1282 improbatam,
1242 1249 1310 1272 eam
1336 1241 1571 1281 intellexerim,
1605 1241 1695 1282 cujus
1724 1240 1817 1274 causa

936 1282 1018 1324 apud
1034 1282 1196 1315 Romanos
1215 1291 1280 1314 non
1298 1282 1390 1314 licuit
1408 1287 1498 1315 co'i're
1508 1308 1519 1324 ,
1544 1283 1734 1325 prohibente
1752 1283 1816 1315 Le-

936 1334 975 1366 ge
994 1324 1047 1356 vel
1067 1322 1165 1356 SCto.
1213 1323 1404 1356 Pauciffimae
1433 1323 1565 1359 fuerunt
1583 1325 1738 1366 ejusmodi
1767 1334 1815 1357 re-

936 1366 1072 1408 ligiones
1101 1365 1183 1408 apud
1209 1364 1372 1400 Romanos
1389 1389 1400 1405 ,
1434 1373 1471 1397 ut
1497 1365 1619 1399 ostendi
1645 1365 1815 1410 Opusculo

935 1409 968 1439 de
984 1407 1143 1449 Religione
1157 1409 1319 1449 peregrina
1337 1406 1460 1448 Differt.
1484 1419 1514 1441 2.
1540 1407 1593 1440 sed
1613 1415 1718 1441 tamen
1742 1407 1814 1440 fue-

935 1457 1019 1483 runt.
1066 1449 1309 1481 Bacchanalium
1338 1448 1430 1480 causa
1464 1459 1530 1482 non
1561 1449 1656 1482 licuit
1692 1454 1782 1482 co’sre
1800 1472 1814 1491 ,

935 1491 1004 1531 haec
1019 1491 1104 1523 enim
1124 1489 1249 1522 sustulit
1266 1489 1389 1526 SCtum
1404 1491 1605 1524 Marcianum
1626 1515 1637 1531 ‚
1671 1500 1736 1524 non
1755 1491 1815 1534 igi-

937 1540 988 1565 tur
1007 1531 1128 1563 valebit
1143 1532 1376 1572 jusjurandum,
1395 1533 1481 1573 quod
1498 1543 1554 1575 per
1569 1533 1662 1565 Sacra
1679 1531 1816 1572 Baccha-

934 1574 1055 1606 nalium
1071 1573 1213 1609 delatum
1228 1574 1259 1607 δι
1276 1572 1453 1616 praestitum
1471 1574 1544 1608 erit.
1589 1574 1696 1617 Atque
1716 1574 1763 1615 ita
1779 1574 1820 1611 in

33 1623 146 1654 timum
162 1621 317 1654 remedium
333 1630 370 1652 ex
389 1622 578 1653 ediendarwm
596 1618 695 1650 litium
711 1641 723 1658 ,
744 1626 780 1649 ut
797 1616 892 1658 jusju-
936 1615 1062 1648 ceteris.

30 1663 163 1700 randum
179 1660 276 1706 Gaj'us
291 1671 369 1706 appe
383 1662 427 1695 lat
442 1662 476 1696 in
497 1661 518 1693 l.
544 1670 570 1694 1.
599 1660 639 1703 ff.
671 1661 732 1692 hoc.
759 1659 817 1692 Tic.
847 1659 893 1691 in-

634 1745 663 1782 C
709 1745 742 1781 A
789 1745 817 1781 P
865 1744 902 1780 U
950 1742 986 1779 T
1084 1744 1102 1779 1
1118 1745 1134 1779 I
1151 1744 1179 1780 1.

476 1833 530 1871 De
553 1816 809 1881 Anteceffinibus
824 1830 867 1873 &²
892 1830 1047 1878 Studiosis
1070 1831 1170 1877 Juris
1192 1830 1356 1869 nonnulla.

34 1926 204 1998 Eorum,
217 1924 371 1974 qui‘Juris
386 1925 530 1971 peritiam
556 1925 746 1967 profitentur
762 1948 772 1965 ‚
805 1923 893 1956 vai-ia
927 1921 1071 1965 stationes
1086 1921 1266 1970 consignent.
1312 1923 1478 1963 Ejusmodi
1497 1922 1730 1965 pragmaticum
1745 1933 1813 1957 uno

115 1968 184 2002 sunt
198 1977 344 2006 nom-lna,
367 1976 453 1998 varia
472 1968 587 1999 munia.
633 1966 830 2008 Antei-effloret
846 1965 891 1997 di-

36 2011 96 2051 eh,
119 2012 170 2053 qui
185 2010 230 2042 Le
251 2019 283 2042 es
302 2009 436 2048 docent,
461 2008 502 2041 sic
519 2009 603 2041 enim
618 2019 674 2041 eos
688 2008 825 2051 appellat
842 2007 892 2048 Ju-

35 2051 222 2085 stinianusin
230 2021 409 2091 {raefatione
426 2049 642 2082 Pandectarum
661 2052 699 2082 ad
716 2052 890 2082 ANTECEs·

37 2102 138 2126 sones
158 2094 188 2126 &
208 2093 236 2135 §.
258 2104 287 2136 3.
309 2092 440 2124 Prooem.
462 2090 561 2133 Instit.
584 2092 615 2124 ἀ
634 2091 798 2134 saepealibi
808 2091 846 2122 ab
863 2100 892 2122 a·

35 2135 90 2168 liis
104 2135 149 2166 ita
163 2134 235 2166 dicti
247 2158 257 2174 ,
280 2142 316 2166 ut
331 2144 348 2165 a
366 2132 497 2174 Cujacio
513 2134 575 2175 jam
590 2132 839 2166 animadversum
848 2131 894 2164 est

38 2175 80 2208 L.
105 2174 178 2208 XII.
204 2176 323 2217 Observ.
350 2176 383 2207 C.
401 2185 452 2215 40.
476 2176 546 2217 post
562 2184 655 2218 quem
672 2185 767 2207 nemo
783 2175 892 2215 ampli-

35 2227 73 2249 us
99 2226 172 2248 cum
198 2216 323 2249 Alciato
340 2216 385 2248 L.
409 2216 462 2248 III.
495 2216 651 2259 Disponit.
677 2217 708 2249 C.
735 2227 782 2249 12.
808 2216 895 2247 dubi-

35 2258 117 2291 tabit
133 2258 172 2289 de
189 2258 413 2299 fignificatione
433 2258 518 2291 illius
536 2258 623 2291 verbi
641 2259 672 2291 in
687 2269 755 2291 eam
774 2257 895 2290 senten-

35 2300 122 2332 tiam.
167 2299 226 2332 Sed
251 2301 282 2331 &
304 2299 384 2339 alia,
425 2299 455 2331 δε
478 2300 571 2332 latior
593 2300 655 2332 effe
678 2301 806 2332 videtur
830 2299 896 2339 ejus

34 2341 126 2372 vocis
153 2340 309 2382 potestas,
334 2349 369 2372 ut
384 2351 495 2384 nempe
513 2342 543 2374 ὃς
567 2352 622 2375 eos
644 2341 894 2384 complectatur,

35 2383 89 2424 qui
109 2381 296 2425 Pragmatici
319 2383 504 2416 dicebantur
517 2408 527 2423 ,
560 2385 590 2417 &
611 2383 679 2416 fere
698 2382 894 2424 occupaban-

34 2431 87 2456 tur
103 2424 328 2465 componendis
344 2423 575 2464 instrumentis,
620 2436 666 2458 uae
683 2426 721 2457 ad
736 2434 802 2457 rem
816 2423 895 2464 judi-

34 2465 160 2498 ciariam
176 2465 383 2507 pertinebant,
409 2466 501 2499 Unde
518 2467 549 2499 in
568 2435 684 2499 GIloffis
703 2467 802 2509 Juris,
821 2476 896 2507 quas

34 2506 186 2540 Labbaesss
209 2506 307 2538 edidit
330 2510 516 2548 inmunem,
547 2512 732 2549 &uriyeysptieh
777 2507 896 2545 Forte,

34 2552 216 2595 «inuti-ngas,
239 2552 426 2589 ἄυπγῦφεῑςς
454 2550 658 2592 anteceffires‚
681 2551 787 2593 firibae
805 2572 817 2588 ,
839 2549 896 2582 nifi

33 2589 144 2628 malls,
166 2591 326 2631 ulomaiu-ae,
348 2594 515 2631 ἆιπγςρεφὼς
532 2615 543 2630 ,
568 2601 603 2624 ut
629 2592 810 2630 salmasius,
845 2590 897 2624 sed

34 2631 145 2671 maiori
162 2639 271 2672 motu,
294 2632 424 2666 exhibet
448 2635 486 2666 ab
512 2632 646 2676 Vopisci
670 2635 777 2666 Carum
807 2634 839 2665 C.
866 2637 895 2667 8.

35 2672 80 2704 Et
96 2671 205 2704 Gloss'a
221 2672 379 2715 sequenti,
403 2676 533 2713 ἅντικέσωρ
545 2698 555 2714 ,
580 2677 686 2714 dnm&
694 2676 757 2715 φὼς
771 2675 898 2706 διαθήκη

34 2713 54 2756 (
63 2713 149 2746 forte
163 2717 326 2756 α’·τιιιὲισας,
351 2726 421 2749 nam
441 2717 482 2749 fic
499 2717 604 2749 Graeci
627 2716 794 2758 efferunt)
816 2722 898 2748 ante-

34 2755 139 2796 eeffor,
150 2755 252 2797 scriba
268 2756 440 2798 testamenti.
466 2759 707 2792 Testamentum
722 2758 775 2789 hic
790 2767 896 2790 exem-

35 2797 91 2838 plo
110 2796 206 2828 servit
216 2821 226 2836 ,
236 2797 375 2840 alioquin
391 2809 485 2832 omne
501 2810 598 2843 genus
613 2799 817 2832 instrumenta
829 2799 897 2831 for-

35 2837 179 2876 mabant,
205 2839 329 2872 libellos
344 2842 585 2884 concipiebant,
613 2841 795 2874 testationes
821 2851 896 2873 con-

37 2878 196 2920 signabant
206 2904 216 2919 ,
240 2888 276 2912 ut
290 2881 353 2913 hoc
366 2892 475 2915 eorum
491 2893 604 2916 munus
618 2883 806 2916 describitur
823 2883 856 2915 in
875 2883 896 2914 l.

36 2931 67 2958 9.
92 2919 121 2960 §-
146 2931 177 2961 5.
195 2921 235 2962 ff.
257 2923 291 2953 de
311 2923 392 2955 Poen.
416 2925 526 2966 utique
541 2925 564 2957 fi
581 2924 742 2966 sequamur
758 2935 823 2957 non
839 2924 895 2956 irn-

36 2962 231 3003 probabilem
248 2963 384 2996 Salmafii
400 2966 610 3006 conjecturam
621 2988 633 3004 ‚
655 2968 709 3009 qui
728 2966 898 3007 Observaul

37 3003 99 3044 Jus
118 3003 215 3050 Λαίς,
238 3004 275 3040 &²
294 3004 378 3037 Rom.
410 3007 442 3038 C.
459 3007 590 3040 XXIX.
605 3013 638 3048 p.
661 3013 734 3046 819.
755 3008 860 3040 finalia
875 3008 897 3038 l.

36 3054 68 3081 9.
94 3043 121 3092 ᾗ.
145 3054 246 3091 4.·1ta
267 3046 366 3087 legit,
389 3046 551 3089 distinguit
566 3071 577 3087 ,
614 3050 646 3083 ἂ
669 3059 741 3082 cum
762 3051 791 3081 d.
812 3048 843 3091 §.
864 3057 896 3089 5.

36 3095 221 3128 conjungit:
248 3088 325 3119 Solet
343 3094 439 3120 autem
456 3090 501 3121 ita
519 3090 568 3121 vel
585 3089 673 3132 Juris
693 3090 831 3130 Studiosis
853 3092 898 3122 in-

37 3128 143 3158 terdici
160 3148 173 3166 ,
211 3129 260 3160 vel
293 3130 443 3161 advocatis
469 3130 497 3173 §.
521 3141 553 3171 5.
602 3131 815 3165 Tabelzionibm
832 3131 898 3171 five

36 3168 278 3203 PuAcmncrs
294 3171 370 3213 solet
389 3171 426 3206 ὅ)
439 3173 484 3203 ita
499 3173 656 3212 interdici,
677 3184 711 3205 ne
726 3173 899 3216 infir-umen*

38 3215 70 3242 ta
85 3212 199 3245 omnino
207 3211 342 3253 forment
352 3235 364 3253 ‚
384 3222 457 3247 neve
473 3213 584 3247 libellos
601 3216 769 3256 concipiant
787 3216 836 3248 vel
859 3220 899 3247 te-

934 1966 1035 2009 verbo
1055 1964 1163 1997 Graeci
1182 1973 1337 1997 vocarent
1357 1967 1621 2004 συμβολκιόγρφφον.
1656 1966 1762 2007 Atque
1779 1966 1816 1998 hi.

934 2007 1023 2039 forte
1039 2007 1114 2045 dicti
1131 2006 1315 2048 anteceffores
1327 2030 1339 2046 ,
1359 2007 1444 2048 quod
1460 2005 1609 2039 formulis
1621 2031 1631 2047 ,
1656 2016 1697 2039 ex
1716 2007 1813 2048 Juris-

935 2049 1102 2091 prudentia
1117 2048 1228 2089 petitis
1238 2072 1247 2087 ‚
1273 2049 1415 2089 partibus
1430 2048 1580 2090 praeirent
1590 2070 1601 2086 ,
1613 2059 1684 2081 nam
1703 2058 1815 2082 ornnes

936 2091 1070 2122 omnino
1087 2090 1169 2131 juris
1189 2090 1309 2130 peritos
1324 2090 1427 2122 dictos
1443 2089 1505 2122 ess'e
1519 2089 1725 2132 anteceffbres,
1746 2100 1814 2123 non

936 2132 1094 2164 adsentior
1119 2131 1296 2163 adfirmanti
1310 2142 1326 2171 ·,
1351 2133 1382 2164 ἃ
1406 2141 1471 2164 non
1489 2131 1636 2173 probanti
1657 2132 1815 2164 Turnebo

939 2175 979 2206 L.
1002 2173 1090 2205 VIII.
1114 2172 1241 2215 Advers
1276 2173 1308 2204 C.
1334 2183 1382 2210 19.
1428 2172 1574 2215 Cumque
1597 2174 1630 2206 in
1655 2174 1718 2206 illis
1733 2173 1813 2206 For-

939 2215 1081 2248 mulariis
1105 2215 1236 2246 omnino
1255 2215 1424 2247 necessaria
1448 2214 1525 2247 effet
1545 2215 1627 2256 juris
1648 2216 1815 2257 cognitio,

939 2257 1014 2289 I'llssC
1035 2256 1122 2289 fOl’tC
1143 2255 1325 2299 HesyChIUS
1347 2258 1515 2297 ω’ντικένσωρ,
1537 2259 1549 2286 ὃ
1572 2257 1616 2289 τὲς
1635 2261 1710 2291 νόμας
1726 2270 1814 2293 μεμοι-

940 2299 1043 2338 θηκὼς,
1055 2297 1210 2339 anteceffor
1219 2320 1230 2336 ,
1251 2300 1300 2340 qui
1316 2299 1395 2342 leges
1409 2299 1525 2330 didicit.
1552 2297 1650 2343 Quod
1666 2299 1704 2330 ad
1719 2299 1814 2341 Prag-

939 2342 1074 2372 maticos
1092 2339 1199 2371 refero
1210 2362 1218 2378 ,
1239 2349 1341 2381 neque
1357 2339 1443 2372 enim
1460 2340 1627 2383 Hesycnio
1642 2364 1651 2380 ,
1677 2341 1721 2372 ita
1737 2341 1814 2373 defi-

939 2383 1059 2421 nienti,
1084 2381 1179 2413 aufim
1193 2380 1286 2412 fidem
1305 2381 1474 2423 abrogare,
1498 2390 1535 2413 ut
1551 2383 1704 2424 abrogant
1721 2381 1815 2423 Cuju-

940 2424 1009 2455 cius
1030 2423 1103 2455 Not.
1122 2420 1227 2463 poster.
1250 2423 1288 2454 ad
1307 2424 1334 2454 d.
1358 2422 1427 2465 §.3
1452 2424 1586 2457 erotem.
1611 2422 1710 2464 insin.
1734 2424 1814 2456 Bro-

940 2468 997 2537 ἰἐιιε
1014 2465 1051 2497 ad
1068 2465 1202 2496 eundem
1227 2463 1254 2506 ᾗ.
1274 2475 1304 2507 3.
1331 2465 1361 2497 ἃ
1380 2465 1549 2506 Menagius
1573 2466 1717 2498 Amoenit.
1736 2466 1810 2507 Jur.

968 2533 974 2538 .
1002 2516 1051 2547 24.

985 2546 1110 2587 Studiofi
1123 2547 1212 2589 Juris
1224 2547 1295 2580 sunt
1305 2571 1316 2588 ,
1326 2549 1379 2590 qui
1392 2547 1506 2580 Graece
1524 2557 1683 2582 vocantur
1701 2549 1816 2585 νομικοὶ,

939 2599 1023 2621 voce
1039 2590 1187 2631 generali.
1219 2589 1296 2622 Non
1312 2591 1408 2632 igitur
1424 2590 1456 2621 hi
1476 2599 1599 2623 tantum
1618 2590 1744 2623 studiosi
1761 2590 1807 2632 Ju-

938 2632 1001 2671 ris,
1026 2632 1079 2672 qui
1097 2632 1182 2673 leges
1200 2631 1347 2671 discunt,
1373 2639 1408 2663 ut
1430 2632 1473 2663 ita
1490 2633 1688 2674 appellantur
1708 2633 1740 2664 in
1766 2642 1813 2663 ea-

939 2673 1010 2705 dem
1033 2673 1157 2714 Praefat.
1171 2673 1316 2706 Pandecit.
1330 2674 1369 2704 ad
1385 2673 1532 2715 Antecqff.
1553 2674 1604 2706 sed
1615 2668 1812 2705 tantum‘non

939 2724 1067 2754 omnes,
1090 2715 1203 2756 quibus
1220 2715 1470 2756 jurisprudentia
1487 2715 1576 2746 cordi
1595 2724 1740 2755 curaeque
1758 2714 1813 2747 est⁴

939 2756 1047 2797 thue
1069 2757 1164 2791 νομικὶς
1195 2756 1382 2798 fimpliciter
1408 2765 1467 2798 pro
1494 2757 1575 2796 juris
1599 2755 1706 2797 perito
1731 2765 1748 2787 a
1772 2757 1814 2788 ud

940 2797 1109 2830 Ari-janum
1128 2807 1168 2830 ex
1184 2798 1334 2840 Epicteto
1356 2797 1396 2828 L.
1407 2797 1446 2829 II.
1472 2798 1502 2828 C.
1521 2807 1566 2838 13.
1593 2797 1644 2828 vel
1660 2797 1741 2838 pro]
1777 2805 1814 2829 to

940 2839 973 2870 in
988 2838 1105 2871 Glossis
1121 2838 1239 2872 Latino
1262 2838 1385 2870 Graecis
1402 2839 1482 2869 verb.
1500 2837 1589 2869 Dicis
1602 2838 1687 2879 causa
1698 2860 1709 2877 ,
1729 2838 1770 2871 fic
1782 2839 1814 2871 δε

934 2880 1055 2923 studiofi
1079 2881 1186 2912 eadem
1206 2903 1217 2920 ,
1243 2888 1278 2911 ut
1296 2880 1423 2911 videtur
1441 2903 1451 2918 ,
1476 2879 1705 2919 significatione
1730 2880 1813 2922 apud

940 2922 1153 2963 Pomponium
1179 2922 1211 2953 in
1236 2922 1256 2952 l.
1279 2931 1308 2952 2.
1344 2920 1371 2961 §.
1397 2930 1448 2961 47.
1479 2920 1521 2962 ff.
1544 2921 1577 2951 de
1603 2920 1641 2952 Ο.
1665 2921 1721 2963 3²2³
1748 2922 1813 2954 Pro

940 2973 998 3004 eo,
1024 2964 1076 3005 qui
1092 2963 1140 3003 ius
1155 2961 1313 3004 suggerit,
1337 2962 1439 3003 accipi
1458 2963 1586 2994 videtur
1609 2962 1641 2994 in
1664 2965 1691 2995 d.
1717 2963 1757 2994 L.
1779 2973 1810 3000 9.

939 3005 968 3047 §.
990 3016 1020 3046 4.
1041 3005 1082 3046 ff.
1104 3005 1137 3035 cle
1161 3004 1243 3035 Poen.
1263 3002 1467 3044 distinguitur
1483 3003 1621 3037 enim‘ab
1638 3004 1809 3044 advocato,

941 3049 972 3079 ἃ
991 3046 1162 3078 tabellione
1179 3045 1241 3077 sive
1263 3045 1478 3086 pragmatico,
1497 3045 1527 3077 &
1545 3055 1640 3087 quum
1657 3055 1766 3088 agatur
1773 3047 1814 3078 de

941 3088 1008 3127 his,
1032 3087 1146 3128 quibus
1168 3085 1244 3117 foro
1266 3086 1467 3118 interdicitur
1485 3110 1496 3126 ,
1520 3087 1560 3119 de
1580 3086 1814 3120 Professoribus

942 3129 1005 3160 hoc
1022 3128 1119 3159 etiam
1138 3128 1336 3169 intelligere,
1361 3136 1395 3158 ut
1415 3126 1507 3168 sunt,
1532 3129 1585 3171 qui
1606 3129 1812 3172 intelligunt,
1840 3168 1845 3170 -

941 3169 1080 3212 perfecte
1091 3169 1233 3209 ineptum
1251 3168 1306 3201 est.
1332 3169 1369 3201 In
1391 3169 1411 3201 l.
1433 3179 1463 3210 4.
1471 3170 1512 3212 ff.
1533 3172 1566 3202 de
1589 3170 1749 3203 Extraoro.
1768 3181 1809 3201 co-

941 3213 1020 3256 gnit.
1044 3211 1114 3283 ubi7
1124 3210 1165 3242 D.
1185 3211 1259 3248 Pius
1276 3208 1450 3253 rescripsit,
1475 3212 1564 3254 Juris
1576 3211 1716 3256 studiosos
1730 3235 1741 3253 ,
1781 3212 1813 3243 ui

1112 3276 1115 3282 .
1137 3263 1154 3283 ρ,
1732 3263 1769 3297 χιι
1782 3264 1814 3284 ιιι
