2008 3436
186 115 379 157 OPUSC.
430 110 505 156 DE
554 114 813 155 LEGATIS
863 113 1074 153 POENAE
1123 113 1376 157 NOMINE
1428 120 1712 164 c.V11.V111.

1788 136 1861 175 ⁴57

78 199 225 241 nomine,
235 208 337 242 neque
352 202 423 235 ideo
442 200 506 244 ipsa
523 201 652 234 libertas
668 199 836 233 debebitur
844 199 946 246 ,quia
989 197 1103 231 reditas
1111 206 1213 239 poenae
1223 200 1353 232 nomine
1363 210 1427 234 non
1438 205 1521 236 reete
1532 206 1738 248 transfertur,
1753 215 1861 248 quem-

77 244 205 284 impune
220 243 318 274 haercs
330 254 393 277 non
412 244 473 276 erit
488 244 615 276 audiens
632 242 706 275 huic
726 240 885 288 testatoris
897 241 942 273 di-

73 287 139 318 ἑὶο.
162 285 385 326 Theophilus,
410 286 495 329 quod
514 286 566 318 hic
591 284 630 316 de
648 284 794 330 libertate
809 283 940 330 dicitur,

73 328 257 370 fimpliciter
281 327 398 368 vertit,
421 338 485 361 non
505 327 662 370 explicat,
687 334 746 358 nec
763 325 827 356 vidi
844 333 940 371 etiam

72 370 153 401 alios
173 369 381 410 interpretes,
405 371 458 411 qui
475 369 705 411 explicaverint
717 391 729 413 ,
758 364 809 413 sed
823 389 833 405 ,
849 366 940 413 'ialva

70 411 196 443 ratione
218 410 300 451 Juris
314 433 325 449 ,
356 421 421 443 non
446 411 539 443 aliter
567 410 639 442 haec
662 416 765 449 accrpi
783 407 937 456 polluntv,

70 462 164 494 quarn
188 452 226 483 de
252 452 463 492 conditione,
494 461 558 484 non
583 450 674 483 servo
699 448 875 495 adscripta,
897 450 939 496 iic

69 494 154 526 enirn
173 493 299 525 libertas
314 500 532 535 competeret,
555 502 587 524 at
606 492 661 534 ipfi
681 491 877 537 haercd1„ut
900 492 936 523 ll-

68 535 118 575 le,
150 534 205 566 nisi
231 534 369 575 paruerit
388 558 399 574 ,
433 534 607 574 multetur,
638 541 792 576 atqueita
813 533 937 565 iervum

68 575 283 608 manumittat.

59 631 62 634 ·
110 616 218 648 Habes
236 617 373 658 rigorem
387 618 504 650 veteris
517 617 776 660 Jurisprudentiae
786 641 796 657 ,
807 618 860 659 qui
873 626 937 651 tan-

68 666 118 690 tus
144 657 208 689 fuit
221 681 231 697 ,
263 667 299 690 ut
316 659 418 700 legata
445 670 547 701 poenae
566 660 695 692 nomine
715 660 810 692 etiam
828 669 934 701 porre-

62 699 150 732 xerit
171 699 208 730 ad
226 699 423 742 Principem,
440 701 476 732 ad
495 701 637 733 Militem
649 725 658 741 ‚
670 701 708 733 ad
728 700 933 733 Libertatem.

61 741 129 774 His
156 741 232 772 licet
259 741 372 774 addere
389 766 399 782 ‚
433 742 517 784 quod
542 752 583 774 ex
599 742 789 786 Fragmentis
807 742 934 789 Ulpiani

63 782 211 815 notabam
246 783 278 814 C.
300 783 338 815 ll.
374 793 474 825 poena:
501 785 630 817 nomine
651 794 691 817 ne
704 784 830 830 quidem
849 784 934 830 ndei-

62 823 262 856 commiss'um
278 825 343 856 dari
361 825 516 866 potuiss‘e,
542 826 707 867 quamvis,
730 833 766 857 ut
781 825 823 857 ibi
843 826 932 864 d1x1,

58 865 300 898 -fideicommiss‘a
315 865 500 898 censeantur
526 877 636 909 magna
655 867 737 908 Juris
758 866 933 908 benignita-

34 902 35 910 *
61 915 103 938 tc.
152 906 239 938 Adeo
257 907 356 939 invisa
373 917 420 940 res
436 907 520 948 fuit,
541 918 644 950 poenae
661 908 791 940 nomine
809 908 929 955 legare,

59 947 91 980 &
110 947 180 979 sane
199 949 277 980 adeo
296 949 394 981 invisa
414 948 478 987 est,
503 950 523 982 ii
540 959 576 981 ea
596 950 653 989 fit,
678 958 773 991 quam
792 959 851 981 nos
868 949 930 982 esse

59 997 225 1031 putamus,
250 999 313 1022 non
333 1000 424 1031 quam
443 990 540 1031 vulgo
558 998 680 1032 putant.

102 1030 246 1062 Tandem
271 1031 394 1063 additur
419 1030 572 1063 sententia
594 1031 726 1070 Sabini,
750 1030 928 1065 existiman-

60 1073 122 1111 tis,
153 1082 206 1103 uec
231 1073 368 1104 hoereclem
388 1079 478 1113 poenae
494 1074 608 1106 nomine
629 1073 722 1115 adjici
732 1073 816 1114 poffie.
863 1074 928 1106 Ex-

56 1113 219 1154 emplum,
249 1113 334 1152 quod
354 1114 383 1144 in
415 1113 494 1145 hanc
509 1124 574 1146 rem
593 1114 802 1156 proponitur,
827 1117 927 1157 expli-

57 1154 191 1186 candum
220 1153 264 1185 est
293 1153 461 1187 secundum
487 1164 540 1195 ea,
597 1166 645 1188 uae
674 1155 741 1187 dixi
776 1156 808 1188 C.
830 1157 870 1189 V.
897 1158 928 1191 δε

56 1194 188 1228 verbum
205 1204 271 1228 non
290 1195 424 1238 amplius
452 1196 543 1230 addo.
623 1205 635 1230 t
652 1204 758 1230 autem
776 1205 844 1231 tota
862 1199 926 1232 hae-

625 1302 983 1342 CAPUT

986 239 1155 272 admodum
1173 241 1383 281 conjiciebam
1410 242 1442 277 C.
1461 245 1499 278 ll.
1527 247 1571 279 ita
1591 250 1724 282 rationis
1739 249 1802 288 est,
1823 258 1861 283 ut

984 290 1025 313 ne
1044 281 1170 323 quidem
1187 292 1256 325 pars
1268 283 1461 318 haereditatis
1481 289 1642 322 transferri
1659 292 1761 332 possit.
1781 290 1858 326 Pars

985 323 1178 357 haereditatis
1196 325 1402 367 transfertur,
1427 327 1448 360 fi
1466 327 1563 362 Titio
1579 331 1712 372 haeredi,
1737 334 1768 365 in
1787 343 1856 366 mo-

982 365 1057 396 dum
1074 368 1199 406 poenae,
1222 367 1362 399 cohaeres
1378 369 1553 409 adjiciatur.
1598 372 1697 415 Ipsam
1715 375 1857 416 prohibi·

983 407 1104 439 tionem
1126 408 1208 439 ratio
1232 409 1459 450 prohibitionis
1484 413 1607 455 excipit
1624 439 1633 455 ‚
1673 416 1750 447 nihil
1777 418 1856 448 enim

982 447 1120 490 interest,
1154 459 1211 491 qua
1237 452 1350 483 ratione
1375 452 1471 484 Titius
1485 456 1670 496 coerceatur,
1692 464 1791 490 utrum
1809 459 1849 489 le-

981 492 1048 532 gati
1064 492 1202 530 clatione,
1232 502 1271 524 an
1300 493 1450 526 cohaeredis
1475 497 1656 539 adjectione,
1684 507 1719 531 ut
1737 508 1854 541 oppor-

983 540 1059 563 tune
1085 531 1283 575 subsequitur
1308 535 1339 567 in
1369 535 1638 572 Institutionibus.
1690 540 1855 574 Caeterum

979 583 1020 605 ex
1034 583 1073 604 eo
1084 596 1094 612 ,
1118 575 1204 615 quod
1221 575 1354 608 Sabinus
1373 577 1426 609 hic
1446 579 1636 613 existimasse
1651 580 1776 622 fertur,
1799 592 1854 614 nec

978 616 1115 647 haeredem
1129 622 1220 657 poenae
1238 619 1352 650 nomine
1370 619 1464 662 adjici
1473 621 1568 664 poffi,
1585 622 1609 655 F
1612 623 1769 656 ranciscus
1779 624 1852 656 Ho-

980 664 1125 689 tomanus
1155 658 1311 691 Commeat.
1339 660 1377 692 ad
1410 661 1437 703 §.
1470 664 1525 696 ult.
1561 663 1635 706 [nst.
1668 666 1702 697 de
1736 666 1849 709 Legat.

978 698 1170 740 colligebat,
1201 700 1426 742 Proculejanos
1453 705 1512 737 alia
1533 704 1688 740 sententia
1704 708 1797 740 fuisse
1815 718 1850 740 u-

978 739 1038 773 sos.
1084 740 1179 787 Quali
1195 751 1272 773 vero
1297 744 1376 776 nihil
1405 745 1564 781 Sabiniani
1585 748 1819 782 adfirmaverim
1836 774 1850 790 ,

977 782 1062 823 quod
1086 792 1151 814 non
1173 784 1329 816 continuo
1351 788 1533 827 negaverint
1559 788 1780 832 Proculejani3
1803 791 1849 824 le-

976 824 1094 856 vissima
1116 822 1160 855 est
1176 824 1264 864 haeC,
1282 825 1303 858 fi
1315 836 1384 867 quae
1403 838 1559 870 unquam,
1578 832 1768 873 conJ'eftura.
1792 833 1851 866 Ait

975 866 1100 906 quidem
1112 888 1123 904 ,
1147 865 1370 907 Proculeianos
1395 869 1561 904 diffenfiss'e
1577 895 1587 909 ‚
1610 875 1746 915 quoniam
1762 875 1849 907 haere-

974 909 1051 938 ditas
1068 909 1214 939 interdum
1230 911 1325 940 oneris
1355 912 1441 952 calfit
1464 913 1642 956 relinquitur
1664 916 1684 947 l.
1714 925 1783 954 119.
1801 916 1845 959 ff.

972 951 1006 980 cle
1027 949 1069 981 V.
1085 950 1115 980 S.
1133 954 1166 980 ut
1185 959 1241 980 uon
1268 950 1420 991 absurdum
1437 955 1607 995 videretur,
1631 959 1725 988 oneris
1730 959 1847 998 sincium

967 992 1061 1031 primo
1076 990 1208 1033 instituto
1225 992 1386 1035 adjungere
1399 1018 1408 1033 ,
1435 993 1486 1027 sed
1509 997 1587 1030 nihil
1608 998 1651 1030 ibi
1672 999 1711 1030 de
1728 999 1848 1032 Procu-

971 1032 1099 1072 lejaffls,
1126 1033 1177 1065 vel
1193 1033 1232 1064 de
1250 1033 1503 1075 haereditatibus,
1536 1040 1589 1071 vel
1613 1039 1724 1080 legatis
1741 1051 1847 1082 poenae

971 1075 1100 1106 nomine
1124 1075 1215 1106 datis.
1263 1075 1372 1116 Quare
1402 1077 1438 1108 ad
1469 1078 1522 1117 id,
1548 1080 1634 1121 quod
1649 1081 1746 1121 dicit,
1771 1091 1846 1122 pro-

971 1115 1106 1147 bandum
1127 1116 1219 1147 valde
1238 1115 1345 1157 inepta
1362 1117 1408 1150 est
1430 1119 1457 1152 d.
1487 1120 1508 1152 l.
1537 1130 1605 1159 119.
1627 1121 1670 1163 ff.
1692 1124 1724 1154 cle
1750 1123 1791 1156 V.
1814 1125 1847 1157 S.

971 1165 1032 1198 qua
1048 1165 1152 1192 tamen
1171 1155 1237 1190 sola
1254 1167 1363 1191 utitur.

1086 1306 1258 1343 VIII.

52 1398 117 1436 Sed
145 1399 326 1447 hujusmodi
351 1397 583 1447 scrupulositas
615 1400 706 1435 nobis
743 1411 804 1436 non
831 1401 980 1448 placuit:
1013 1401 1055 1444 ἐξ
1076 1405 1274 1450 generaliter
1308 1416 1366 1451 ea,
1393 1419 1460 1455 quae
1484 1407 1729 1456 relinquuntur,
1758 1411 1838 1448 licet

93 1468 195 1506 poenae
218 1460 344 1496 nomine
360 1457 495 1506 fuerint
521 1458 632 1494 relilla
649 1485 658 1502 ,
685 1459 740 1494 vel
760 1459 930 1508 adempta,
955 1462 1011 1497 vel
1032 1463 1066 1497 in
1091 1462 1192 1497 alium
1219 1464 1407 1510 translata,
1443 1468 1528 1503 nihil
1550 1468 1669 1514 distare
1692 1482 1712 1506 a
1737 1478 1837 1506 caete-

97 1519 147 1554 ris
184 1520 304 1565 legatis·
333 1516 555 1564 constituimus
572 1544 583 1562 ,
614 1518 669 1553 vel
699 1519 733 1553 in
764 1519 886 1566 dando,
918 1521 972 1557 vel
994 1523 1027 1557 in
1052 1522 1217 1558 adimendo
1234 1547 1247 1566 ,
1275 1523 1330 1558 vel
1353 1525 1388 1560 in
1414 1524 1664 1572 transfhrendo,
1689 1529 1837 1574 exceptis

99 1577 251 1614 videlicet
278 1579 336 1621 iis,
363 1588 431 1623 quoe
454 1574 660 1624 impoffibilia
684 1574 790 1622 sunt,
827 1581 881 1615 vel
901 1580 1048 1627 Legibus
1081 1581 1275 1625 interdieta,
1302 1589 1361 1618 aut
1385 1582 1471 1618 alias
1494 1583 1658 1631 probrosa.
1708 1585 1844 1633 Hujusff

101 1637 186 1673 ’nodi
209 1639 294 1674 enim
316 1635 579 1685 testamentorum
601 1635 818 1684 dispositiones
843 1640 951 1677 valere
967 1665 981 1685 ,
1002 1639 1094 1676 Secta
1118 1651 1256 1676 meorum
1281 1647 1457 1689 temporum
1482 1654 1543 1679 non
1565 1646 1708 1691 patitur.

111 1753 147 1776 ro
163 1743 397 1785 testamentorum
414 1744 446 1778 in
467 1744 592 1777 duobus
610 1742 715 1776 Libris
731 1744 825 1777 MSS.
838 1753 918 1787 quos

131 1786 298 1826 consului,
329 1786 360 1818 ὅτ.
385 1785 416 1819 in
441 1785 575 1818 vetustis
592 1784 777 1826 quibusdam
794 1786 917 1819 Editio-

48 1828 140 1861 nibus
163 1827 290 1870 reperi,
322 1825 518 1868 testatorum,·
550 1825 635 1869 quod
663 1826 773 1874 utique
788 1829 917 1862 concin-

48 1869 118 1902 nius
132 1868 196 1909 est,
221 1870 364 1911 quamvis
379 1879 443 1902 non
463 1870 595 1902 omnino
614 1868 829 1915 necessarium.
852 1869 918 1902 Ha-

48 1910 103 1944 bes
120 1918 227 1943 autem
246 1910 278 1943 in
294 1911 346 1942 hoc
364 1910 467 1950 verfic.
486 1909 637 1943 summam
655 1919 739 1951 ejus,
764 1911 849 1952 quod
866 1911 917 1953 Ju-

48 1951 197 1985 stinianus
215 1951 382 1985 constituit
402 1953 435 1985 in
459 1953 479 1984 l.
492 1962 541 1984 un.
570 1952 601 1984 C.
626 1952 660 1983 de
684 1951 747 1983 His
768 1962 827 1994 quoe
836 1959 916 1994 poen.

45 2003 122 2031 nom.
147 1994 257 2036 relinq.
283 1994 410 2026 damnat
437 1993 560 2026 scilicet
587 1993 669 2034 Juris
693 1993 809 2026 vetusti
826 2004 916 2036 regu-

45 2035 126 2076 lam,
148 2045 219 2078 quae
245 2036 348 2078 legata
373 2045 478 2077 pcenae
493 2035 622 2067 nomine
641 2034 848 2076 prohibebat,
871 2044 916 2068 at-

45 2086 108 2118 que
127 2086 164 2109 ea
179 2078 303 2110 ratione
320 2077 433 2109 liberas
452 2077 616 2109 hominum
631 2076 814 2109 voluntates
823 2081 913 2110 coer-

46 2118 159 2157 ecbat,
190 2118 316 2150 damnat
343 2119 505 2161 hujusmodi
520 2116 774 2159 scrupulofitatem
788 2141 799 2157 ,
830 2120 882 2152 vel
903 2143 914 2158 ‚

7 2177 11 2182 ·
46 2167 83 2190 ut
99 2159 144 2190 ait
159 2159 190 2190 in
213 2161 241 2191 tl.
266 2161 287 2192 l.
311 2170 362 2191 zm.
377 2159 594 2201 super-vacuam
617 2159 840 2200 observationem
865 2171 914 2192 ve-

48 2207 142 2231 teru-n
160 2200 287 2242 Legum.
318 2201 379 2232 Sed
393 2201 414 2233 fi
431 2211 467 2232 ea
483 2201 603 2233 fuerint
625 2200 727 2242 legata
742 2210 844 2241 poenae
860 2212 916 2235 no-

44 2241 150 2280 mine,
177 2250 248 2282 quae
274 2252 355 2280 nos,
386 2252 426 2274 ex
442 2251 548 2274 mente
570 2251 712 2273 veterum
728 2241 882 2282 JCtorum
901 2268 912 2284 ‚

43 2281 139 2314 fuisse
158 2283 332 2321 eredimus,
356 2283 443 2315 nulla
459 2282 530 2315 sane
546 2283 709 2315 damnandi
735 2284 816 2316 ratio
830 2285 894 2317 fuit
905 2308 915 2324 ,

46 2323 113 2355 imo
130 2322 194 2355 fuit
210 2325 262 2356 vel
281 2324 418 2356 maxime
433 2324 585 2366 probandi
598 2349 607 2364 ‚
625 2332 660 2356 ut
676 2334 751 2356 mox
769 2325 835 2367 ipse
844 2336 914 2368 pro-

44 2364 99 2396 bat
118 2364 149 2397 in
170 2366 383 2407 exceptione,
408 2375 499 2407 quam
517 2365 623 2405 addit,
659 2366 689 2398 &
708 2376 800 2408 quam
818 2367 914 2409 ipsam

45 2404 199 2438 Veterum
216 2408 356 2448 regulam
372 2406 570 2439 constituisse
593 2416 713 2448 putem.
757 2408 846 2450 Saepe
863 2409 914 2441 da-

45 2454 154 2480 mnant
170 2448 333 2486 homines,
358 2448 444 2490 quod
462 2458 525 2481 non
550 2448 733 2489 intelligunt
749 2473 758 2488 ‚
786 2451 816 2481 ὅ(
832 2450 914 2492 saepe

47 2487 264 2522 Tribonianus
275 2514 286 2529 ‚
310 2499 347 2521 ut
363 2489 606 2522 auctoritatibus
623 2491 653 2522 <Sc
670 2491 825 2532 exemplis
846 2493 912 2524 evi-

45 2530 75 2561 ci
87 2553 98 2567 ,
121 2531 235 2563 morbo
252 2531 298 2562 est
313 2531 446 2571 jactatus
465 2532 586 2563 eodem.
610 2531 663 2572 Jus
677 2531 791 2564 deinde
801 2554 812 2571 ‚
828 2534 913 2574 quod

45 2570 111 2610 ipse
123 2581 243 2604 novum
262 2573 361 2604 videri
380 2573 505 2611 voluit,
539 2574 582 2605 ita
610 2573 762 2614 proponit
781 2574 812 2605 in
836 2576 864 2607 cl.
891 2575 910 2608 l.

46 2622 98 2644 un.
130 2613 236 2644 Licere
261 2611 380 2654 testanti
395 2637 405 2652 ,
433 2620 487 2654 pro
511 2614 660 2654 implenda
667 2616 726 2655 stuz
740 2615 891 2647 volzmiate
901 2639 913 2655 ,

47 2653 96 2683 vel
110 2655 249 2693 pecunias
265 2655 332 2686 dare
343 2657 517 2696 praecipere‚
534 2656 583 2687 vel
599 2657 691 2687 alium
706 2659 912 2697 pecuniariam

41 2700 159 2734 pomam
176 2695 286 2734 inferre
298 2719 308 2735 ,
331 2698 431 2737 quibus
445 2697 571 2728 voluerit
582 2719 592 2735 ,
617 2704 677 2729 tam
695 2699 727 2728 in
747 2700 912 2730 adimendis

46 2736 262 2767 hareditatz'bus
281 2759 293 2776 ,
321 2738 511 2780 «collegatis,
535 2739 583 2771 vel
596 2738 840 2781 fideicommiffis,
863 2741 910 2772 vel

48 2777 234 2808 libertatibus
254 2799 266 2815 ,
296 2788 382 2820 quam
401 2782 433 2811 in
448 2781 642 2821 praecipiendo
667 2782 706 2812 ad
725 2782 802 2812 alias
815 2782 910 2823 persi)-

47 2828 102 2849 ηας
116 2828 164 2849 eas
184 2818 342 2858 transferri
360 2821 396 2852 ab
413 2831 462 2859 eo,
486 2823 532 2853 cui
552 2822 655 2854 νείίὲῗα
671 2824 707 2854 ab
722 2824 808 2854 initio
816 2824 910 2865 fient,

46 2859 95 2890 vel
111 2859 225 2901 aliquid
245 2861 280 2891 ab
299 2870 329 2892 eo
344 2862 408 2893 clari
418 2885 429 2901 ,
447 2860 476 2900 fi
490 2864 587 2894 minus
608 2863 912 2906 dispofitionibusficis

46 2902 153 2938 iam-es,
176 2901 224 2932 vel
249 2901 428 2944 legatarius,
454 2904 502 2934 vel
517 2905 652 2937 libertate
670 2907 793 2937 donatus
802 2913 911 2947 parue-

45 2944 96 2973 rit.
144 2940 210 2973 Aut
225 2951 285 2983 ego
304 2942 421 2982 fallor,
443 2953 498 2976 aut
513 2944 719 2986 Justinianus,
742 2947 794 2979 vel
803 2948 912 2989 potius

45 2982 282 3024 Tribonianus,
307 2993 348 3015 ex
371 2986 460 3025 cujus
474 2985 602 3026 ingenio
618 2988 674 3020 ille
688 2988 737 3028 ius
759 2989 886 3021 dicebat
898 3014 907 3029 ‚

46 3033 148 3065 neque
164 3023 237 3062 hic,
266 3035 368 3067 neque
397 3027 428 3058 in
452 3025 670 3069 sequentibus,
693 3029 839 3062 distinxit
864 3031 910 3064 iri-

47 3073 94 3105 ter
112 3065 332 3106 conditiones,
344 3066 512 3109 adscriptas
528 3068 585 3109 iis,
609 3071 723 3111 quibus
738 3072 910 3114 legabatur,

46 3111 78 3138 uc
98 3106 154 3145 iis,
179 3116 196 3137 a
212 3108 325 3148 quibus
340 3108 521 3149 legabatur,
555 3111 640 3151 quod
657 3111 775 3144 fastum
793 3123 858 3146 non
877 3123 911 3145 o-

43 3148 177 3187 portuit.
224 3148 321 3181 Hunc
337 3148 463 3181 Ducem
477 3149 667 3192 Interpretes
682 3152 803 3192 secuti,
815 3155 910 3188 etiam

45 3189 171 3260 proliixe
186 3188 238 3264 qic
256 3190 412 3227 labuntur.
438 3191 482 3226 Et
499 3198 600 3227 tamen
617 3194 696 3229 nihil
713 3194 757 3228 est
772 3196 912 3239 certius,

117 3240 168 3262 om.
212 3255 219 3263 .

961 1744 983 1777 fi
1002 1753 1132 1788 agatur,
1156 1754 1193 1779 ut
1211 1755 1290 1779 mox
1308 1746 1429 1790 agitur,
1451 1749 1491 1781 de
1515 1750 1703 1784 conditione
1719 1751 1839 1796 impos-

960 1786 1063 1827 fibili,
1085 1788 1201 1820 illicita
1215 1789 1267 1820 vel
1284 1789 1455 1831 probrosa,
1481 1801 1574 1833 quam
1599 1793 1701 1832 hanc,
1726 1794 1748 1826 fi
1762 1796 1840 1837 quid

961 1827 1017 1861 sub
1035 1839 1071 1861 ea
1089 1829 1182 1862 detur
1197 1829 1253 1872 ipfi
1270 1830 1386 1863 haeredi
1405 1833 1459 1864 vel
1479 1833 1651 1875 legatario,
1664 1835 1756 1876 plane
1773 1837 1840 1869 tol-

961 1870 1001 1910 li,
1027 1871 1058 1904 &
1072 1880 1131 1912 pro
1149 1881 1212 1903 non
1233 1870 1350 1914 scripta
1365 1872 1492 1914 haberi,
1517 1883 1550 1906 at
1573 1885 1614 1907 ue
1639 1878 1718 1908 adeo
1734 1876 1836 1910 haere-

959 1912 1031 1944 dem
1047 1912 1101 1944 vel
1117 1913 1304 1955 legatarium
1321 1914 1353 1946 id
1374 1916 1506 1951 omnino
1524 1916 1563 1960 ha
1586 1917 1726 1957 iturum,
1748 1919 1836 1960 quod

958 1953 1137 1994 habuisset,
1169 1953 1192 1987 s1
1216 1964 1294 1996 pure
1319 1955 1350 1987 &
1368 1954 1431 1987 fine
1448 1957 1630 1998 hujUsmodi
1647 1960 1837 1993 conditione

959 1994 1038 2027 esset
1065 1994 1199 2042 scriptus
1225 1996 1324 2028 haeres
1338 2020 1349 2036 ,
1381 1997 1452 2029 eive
1475 1999 1551 2040 quid
1568 1999 1645 2032 effet
1664 2001 1803 2043 legatum
1821 2026 1836 2043 ,

958 2046 1030 2078 quae
1049 2036 1167 2078 speeies
1182 2047 1247 2070 non
1263 2037 1347 2069 cadit
1362 2038 1395 2070 in
1412 2039 1613 2074 haereditates
1639 2042 1691 2073 vel
1716 2043 1834 2085 legata,

957 2087 1026 2119 quae
1046 2088 1147 2119 poenae
1165 2079 1294 2111 nomine
1308 2079 1539 2121 relinquuntur.
1564 2083 1596 2115 Si
1611 2093 1689 2115 vero
1705 2093 1741 2115 ea
1753 2094 1834 2118 con-

957 2120 1039 2151 ditio
1057 2119 1250 2152 adscribatur
1267 2120 1382 2153 haeredi
1398 2123 1450 2154 vel
1465 2123 1638 2166 legatario,
1664 2135 1681 2156 a
1697 2135 1762 2167 quo
1784 2128 1832 2160 le-

957 2169 1070 2202 gatur,
1096 2170 1132 2193 ut
1148 2171 1281 2204 nempe,
1304 2162 1360 2195 nisi
1379 2172 1414 2195 ea
1431 2164 1577 2206 praestet,
1602 2176 1672 2208 quae
1688 2167 1830 2208 praestari

958 2211 1022 2235 non
1039 2202 1188 2244 possunt,
1217 2212 1306 2235 certe
1324 2214 1389 2236 non
1409 2205 1547 2248 debent,
1572 2216 1703 2240 centum
1719 2219 1830 2242 nume-

958 2251 1007 2276 ret
1023 2245 1231 2286 Sempronio,
1256 2245 1311 2277 vel
1330 2245 1351 2278 fi
1368 2247 1443 2287 quid
1470 2247 1517 2280 his
1536 2249 1581 2282 est
1599 2250 1716 2290 fimile,
1740 2253 1832 2291 quic-

957 2285 1032 2327 quid
1051 2286 1205 2326 ejusmodi
1228 2287 1323 2327 legati
1341 2288 1386 2320 est
1403 2311 1415 2327 ,
1437 2290 1566 2330 perinde
1587 2291 1771 2333 habebitur,
1791 2303 1832 2325 ae

957 2328 979 2359 fi
996 2327 1136 2369 legatum
1155 2338 1219 2360 non
1237 2327 1334 2368 ess'et,
1357 2337 1451 2371 atque
1474 2331 1518 2362 ita
1544 2333 1717 2365 remanebit
1734 2343 1833 2374 penes

957 2378 1051 2408 eum,
1076 2379 1093 2401 a
1108 2379 1173 2411 quo
1189 2370 1321 2412 legatur.
1366 2370 1465 2412 quue
1484 2382 1580 2406 unum
1599 2375 1629 2406 δε
1647 2373 1749 2406 solum
1766 2375 1830 2415 est,

957 2411 1043 2451 quod
1061 2420 1163 2452 poenae
1184 2411 1314 2443 nomine
1331 2411 1471 2453 legatum
1487 2415 1596 2454 audit,
1621 2416 1650 2447 &
1666 2417 1772 2456 quod,
1794 2426 1833 2450 ut:

957 2451 1087 2492 inutile,
1109 2452 1238 2500 penitus
1255 2453 1408 2493 rejicitur.
1442 2453 1552 2488 Glossa
1568 2466 1636 2488 eam
1654 2458 1829 2490 distinetio-

956 2502 1027 2524 nem
1043 2494 1107 2534 jam
1123 2494 1202 2526 olim
1218 2494 1344 2526 notavit
1376 2495 1414 2527 ad
1437 2496 1458 2527 l.
1486 2505 1511 2529 1.
1534 2497 1573 2539 ff.
1599 2500 1633 2530 de
1660 2500 1827 2534 Condition.

955 2532 1051 2574 instit.
1074 2535 1106 2567 in
1132 2535 1169 2567 V.
1196 2536 1330 2574 vitiari,
1364 2538 1394 2569 ὃς
1417 2537 1455 2568 ad
1476 2537 1505 2571 h.
1529 2542 1548 2571 l.
1572 2550 1625 2573 un.
1647 2540 1680 2572 in
1704 2541 1743 2573 V.
1760 2542 1827 2584 ser—

954 2577 1084 2622 vabitur.
1120 2577 1150 2608 &
1177 2586 1236 2608 nos
1260 2586 1387 2619 quoque
1414 2579 1506 2619 hujus
1535 2581 1626 2623 supra
1656 2582 1828 2624 aliquoties

956 2626 1166 2649 meminlmus.

998 2658 1095 2703 Quod
1111 2659 1131 2691 fi
1151 2659 1198 2691 hae
1215 2658 1336 2692 fuerint
1353 2663 1555 2696 conditiones
1574 2689 1583 2705 ‚
1609 2665 1723 2707 quibus
1739 2667 1829 2700 omni

954 2707 1051 2733 modo
1073 2710 1181 2742 parere
1204 2702 1326 2734 necesse
1356 2704 1419 2744 est,
1455 2707 1534 2739 nihil
1561 2715 1638 2738 tunc
1653 2706 1798 2739 intererit
1814 2732 1829 2748 ‚

955 2742 1070 2774 haeredi
1092 2766 1102 2782 ,
1133 2752 1151 2774 a
1176 2752 1258 2784 qu0,
1283 2753 1321 2776 an
1339 2746 1493 2788 legatario
1507 2770 1518 2786 ,
1541 2749 1591 2779 cui
1610 2748 1751 2789 legatur,
1777 2758 1825 2781 te-

954 2782 1054 2816 stator
1078 2793 1129 2816 eas
1154 2783 1362 2826 adscripserit.
1415 2786 1508 2820 Unde
1534 2790 1565 2821 ἃ
1585 2788 1764 2830 promiscue
1787 2791 1827 2822 de

954 2824 1004 2858 his
1018 2824 1208 2867 Justinianus
1225 2826 1282 2866 iis,
1307 2837 1379 2868 quae
1403 2830 1561 2869 recitavi,
1587 2829 1713 2869 verbis,
1736 2831 1828 2864 Lice-

953 2877 984 2898 re
1003 2866 1124 2908 testanti
1141 2889 1152 2905 ,
1183 2868 1214 2899 ὅτ,
1239 2877 1308 2909 quae
1339 2869 1532 2910 sequuntur3
1566 2880 1752 2912 quamquam
1768 2897 1778 2912 ‚
1801 2873 1826 2907 fi

956 2909 1084 2950 proprie
1105 2909 1136 2940 &
1155 2918 1196 2940 ex
1210 2917 1278 2940 arte
1298 2909 1380 2950 Juris
1402 2911 1588 2952 loquamur,
1611 2911 1691 2945 nihil
1709 2914 1826 2948 horum

955 2951 1099 2982 omnium
1126 2951 1283 2991 pertineat
1308 2951 1346 2982 ad
1368 2952 1505 2992 legatum
1531 2963 1637 2993 poenae
1664 2956 1794 2987 nomine
1811 2979 1825 2996 ‚

955 3001 1047 3033 quam
1065 2991 1117 3030 id,
1142 2992 1228 3032 quod
1243 2991 1344 3032 infin.
1367 2994 1431 3031 ait,
1454 2993 1541 3035 poil'e
1552 2993 1734 3027 testatorem
1746 3007 1824 3037 prae-

955 3033 1085 3074 cipere,
1107 3033 1145 3063 ad
1161 3033 1236 3063 alias
1247 3033 1384 3074 pezy‘bnas
1406 3036 1564 3075 transferri
1587 3037 1622 3067 ab
1639 3046 1687 3076 eo,
1712 3040 1760 3069 cui
1778 3049 1824 3070 re-

954 3073 1025 3105 licta
1036 3073 1111 3113 sunt
1126 3075 1162 3104 ab
1174 3075 1260 3104 initio
1272 3097 1283 3112 ,
1300 3075 1348 3105 vel
1367 3075 1481 3116 aliquid
1492 3078 1527 3108 αἱ)
1535 3087 1564 3108 eo
1582 3079 1648 3109 clari
1656 3100 1668 3116 ,
1684 3078 1714 3118 fi
1727 3081 1825 3112 minus

953 3113 1257 3156 clispofitionihussuis
1276 3116 1381 3153 hares,
1403 3118 1451 3149 vel
1472 3119 1656 3160 legatarius,
1677 3121 1725 3152 vel
1740 3121 1826 3154 liher-

954 3162 1014 3187 tate
1041 3158 1165 3187 donatus
1189 3159 1332 3196 paruerit.
1387 3157 1464 3200 Agit
1479 3160 1518 3190 de
1542 3160 1681 3200 haercde,
1706 3163 1825 3205 legata-

952 3197 1003 3233 rio
1014 3221 1026 3239 ,
1053 3198 1083 3232 δι
1100 3197 1236 3272 εοῄᾳυί
1254 3197 1443 3235 testamento
1461 3203 1717 3244 manumittitur,
1742 3205 1772 3236 &
1788 3204 1823 3250 s.¹·'

1197 3248 1228 3271 iu
1251 3249 1282 3274 m
1753 3254 1822 3287 gru-
