2008 3436
210 116 281 154 154
456 103 856 145 CORNELM

208 187 333 225 ctione,
349 187 495 221 adversus
511 189 630 230 legatos
645 188 837 225 exercenda,
857 186 910 218 sed
924 183 962 217 de
979 185 1070 217 inter-

207 227 316 267 dictis,
329 229 367 260 ad
384 230 609 269 prohibendam
626 232 748 269 άψαξχιω
759 252 770 267 ,
787 239 855 270 quae
874 228 903 259 &
924 225 1070 258 adversus

206 267 331 309 legatos
346 270 493 303 videntur
518 280 715 312 competere,
740 278 775 302 ut
802 270 895 302 latius
914 269 1014 299 dicam
1035 267 1068 299 C.

205 308 315 356 XVII.
361 311 404 343 Et
427 312 502 354 quid
525 312 547 345 fi
571 312 656 344 nulla
673 311 779 343 Curiae
800 312 831 342 in
853 310 974 350 legatos
993 308 1069 339 esset

204 351 380 390 jurisdictio
388 375 399 391 ,
424 361 525 385 tamen
544 353 625 384 adita
645 352 684 384 de
704 352 877 394 privilegiis
895 352 1069 391 legatorum

204 392 432 434 cognosceret,
457 405 515 426 nec
535 395 702 436 quicquam
735 394 823 433 ajunt
847 393 876 424 d.
910 392 937 432 §.
965 390 992 431 ἓ.
1017 400 1068 430 94.

205 432 236 463 ἃ
255 439 283 468 8.
307 443 397 475 quam
428 435 557 467 Curiam
583 435 621 465 de
655 435 830 476 privilegiis
854 432 1070 468 subditorum,

204 472 235 504 δῖ.
251 477 506 517 peregrinorum,
524 476 578 518 qui
596 475 710 507 subditi
728 485 791 508 non
807 474 898 513 sunt,
916 473 978 504 effe
994 481 1067 512 cog-

931 113 1041 141 VAN

810 597 1168 634 CAPUT

1113 96 1712 140 BYNKERSHOEK

1991 5 1995 13 ⁸
2006 0 2008 23 l

2005 38 2008 63 l

1997 74 2008 103 l

1992 126 2008 158 ὓ

1995 160 1998 168 .

1113 184 1259 216 nituram.
1304 182 1401 214 Forte
1429 182 1459 214 &
1487 189 1523 213 ut
1543 189 1670 213 arceant
1695 192 1711 213 a
1729 181 1837 224 legatis
1855 184 1918 218 vim
1936 179 1966 222 δέ
2006 176 2008 221 l

1113 226 1256 265 injuriam
1269 249 1277 264 ‚
1302 233 1337 255 ut
1355 224 1436 265 saepe
1463 223 1582 269 Edictis
1600 222 1766 264 propositis
1785 234 1967 268 arcuerunt,
1999 241 2004 255 ι

1112 267 1165 298 vel
1184 276 1219 298 ut
1235 266 1385 307 puniant,
1410 273 1446 296 ut
1472 263 1657 296 severiffime
1678 264 1843 310 aliquando
1862 270 1965 308 punies
1994 259 2008 295 f'

1112 314 1207 347 runt,
1231 308 1284 348 qui
1304 307 1479 349 legatorum
1495 304 1660 346 personas,
1685 305 1849 345 hommes,
1871 310 1968 350 aedes,

1113 358 1180 387 res,
1204 357 1393 389 quocunque
1411 347 1508 379 modo
1528 345 1599 378 sunt
1616 346 1751 387 aggi-effi,
1797 347 1902 389 thue
1926 351 1966 385 ita

1112 399 1171 422 nec
1200 399 1241 421 ex
1265 391 1292 421 d.
1319 389 1348 430 §.
1378 388 1407 430 §.
1431 398 1480 428 94.
1506 388 1535 419 <St
1562 392 1591 422 8.
1623 387 1839 428 praejudicium
1865 391 1966 426 haberi

1113 430 1206 472 possit
1232 439 1344 462 contra
1361 429 1591 461 immunitatem
1615 438 1632 459 a
1652 428 1726 460 foro
1745 434 1923 474 communi,
1943 435 1964 472 fi

1113 472 1165 503 vel
1184 480 1239 503 eos
1256 471 1295 503 de
1314 471 1425 513 legatis
1442 470 1622 511 intelligas,
1646 478 1682 501 ut
1699 468 1765 511 ipse
1781 470 1937 516 intelligo,
1955 476 1959 486 ¹

1266 595 1355 633 VI.

283 696 340 732 De
366 697 442 732 Foro
469 698 661 744 competenti
686 697 860 743 legatorum
885 695 1069 790 qzcaeiitifJure
1089 694 1245 779 lieomadm‘
1263 702 1388 731 cautum
1406 693 1474 739 stt,
1502 691 1543 734 &³
1567 694 1604 730 de
1628 695 1743 740 quihus
1767 694 1886 741 legatis

898 749 909 780 i
968 754 994 780 zv
1019 747 1085 780 inte
1113 746 1182 792 igen
1207 756 1270 779 um.

309 891 459 925 Gentium
488 894 729 935 jurisprudentia
751 903 896 934 agamus,
920 902 983 925 non
1006 893 1061 924 abs

305 942 338 964 re
364 943 466 967 tamen
492 936 552 966 erit
579 936 617 966 de
647 935 719 976 Jure
753 935 895 967 Romano
921 934 1061 974 quaedam

193 975 520 1015 p1·aemonuiss‘e,cum
537 977 588 1017 qni
608 977 638 1008 id
657 977 742 1009 audit
754 1000 763 1015 ,
781 985 894 1007 vnocem
908 975 978 1006 fere
996 985 1061 1007 om-

193 1015 283 1046 nium
309 1014 461 1049 Gentium
487 1019 631 1049 videatur
654 1018 777 1057 audire,
803 1026 939 1058 cumque
967 1017 1060 1048 etiam

193 1056 228 1088 id
249 1057 316 1097 jus,
340 1058 424 1097 quod
450 1067 535 1091 certa
554 1060 675 1091 ratione
695 1059 725 1090 in
748 1059 929 1100 quibusdam
951 1058 1060 1099 legatis

197 1097 409 1130 constitutum
435 1099 479 1132 est
498 1124 507 1139 ,
541 1101 577 1132 ad
605 1110 714 1131 omnes
747 1101 825 1131 alios
854 1099 1062 1140 imprudentia

195 1140 403 1181 quorumdam
421 1141 603 1173 traduxerit.
630 1141 680 1173 De
699 1140 789 1173 causa
808 1141 897 1172 civili
914 1141 1061 1181 primum,

196 1182 270 1222 post
294 1182 333 1213 de
359 1182 512 1214 criminali
534 1183 718 1214 videbimus.
767 1182 920 1222 Ulpianus
935 1182 967 1213 in
983 1182 1003 1213 l.
1028 1191 1057 1213 2.

195 1224 225 1265 §.
245 1223 328 1265 3.ff.
345 1225 378 1253 cle
398 1223 473 1264 Jnd.
499 1224 656 1261 recenset,
680 1224 732 1264 qui
749 1223 797 1263 jus
818 1223 983 1254 revocandi
1001 1223 1056 1253 do-

194 1275 282 1297 mum
301 1264 448 1299 habeant.
476 1266 619 1306 interque
645 1265 724 1302 hos,
747 1266 868 1305 legatos
886 1266 918 1294 in
934 1274 963 1295 eo
987 1265 1058 1305 quod

194 1313 267 1339 ante
291 1307 468 1348 legationem
492 1311 715 1338 contraxerunt.
761 1305 795 1336 In
816 1305 982 1343 omuibus,
1005 1305 1059 1345 qui

195 1349 326 1380 domum
352 1356 503 1378 revocare
524 1347 674 1388 possunt,
708 1356 743 1377 ea
767 1347 944 1377 communis
977 1346 1058 1377 ratio

193 1389 258 1430 est,
278 1388 320 1420 ‘ab
345 1387 483 1429 Ulpiano
509 1398 584 1420 mox
606 1388 729 1427 addita,
753 1397 793 1419 ne
822 1387 874 1428 qui
900 1387 942 1418 ob
966 1387 1057 1418 aliam

194 1430 318 1464 causam
349 1430 481 1461 veniunt
505 1453 515 1468 ‚
546 1431 588 1461 ob
614 1429 706 1461 aliam
729 1438 882 1470 cogantur
907 1428 1057 1468 iudicium

193 1472 361 1513 suscipere.
406 1470 461 1502 Est
487 1473 516 1503 δε
548 1471 607 1503 alia
629 1470 796 1511 peculiaris
821 1469 904 1501 ratio
921 1469 950 1501 in
976 1470 1055 1511 lega-

194 1516 256 1552 tis,
279 1522 348 1553 quae
371 1512 474 1552 paslim
500 1513 659 1553 pellucet,
680 1511 732 1542 ubi
758 1510 876 1552 species
892 1511 1056 1542 excutiun-

196 1565 247 1588 tur
264 1555 330 1594 ejus
356 1554 547 1594 argumenti,
571 1564 606 1585 ne
632 1554 668 1584 ab
688 1551 918 1594 officiosicscepto
934 1552 1056 1593 legatio-

194 1599 242 1629 nis
269 1601 428 1627 avocentur
451 1595 471 1626 l.
498 1605 548 1635 24.
574 1595 600 1636 ᾗ.
627 1605 656 1626 2.
689 1596 720 1625 in
739 1593 797 1634 fin.
824 1594 864 1635 ff.
890 1595 923 1625 de
949 1594 1053 1635 JncliC.

189 1639 265 1675 vel,
287 1637 372 1677 qnod
397 1637 581 1668 tantundem
601 1635 645 1667 est
658 1659 668 1675 ,
693 1645 729 1666 ne
750 1637 925 1676 impediatur
946 1636 1055 1678 legatio

193 1682 215 1713 l.
240 1682 290 1711 26.
309 1677 350 1718 ff.
374 1678 433 1708 eorl.
456 1678 527 1716 vel,
551 1677 636 1718 quod
653 1676 757 1709 rursus
773 1676 883 1708 eodem
899 1677 1000 1715 redit,
1019 1686 1054 1707 ne

188 1721 398 1763 prohibeantur·
422 1719 537 1759 publico
561 1729 677 1750 munere
696 1718 793 1760 fungi
813 1718 832 1749 l.
859 1727 908 1758 27.
928 1717 968 1758 ff.
994 1719 1052 1748 eod.

184 1760 355 1795 Vei-iffima
373 1760 532 1801 privilegii
551 1761 654 1798 ratio,
677 1758 727 1791 sed
745 1769 813 1800 quae
832 1768 921 1800 aeque
939 1759 1054 1790 militat

192 1805 224 1836 in
240 1813 280 1834 eo
292 1826 300 1839 ‚
326 1801 410 1842 quod
428 1800 523 1842 legati
544 1809 686 1842 tempore
702 1800 870 1843 legationis
890 1808 1053 1832 contraxe-

194 1853 288 1881 runt,
314 1853 385 1875 nam
411 1843 441 1874 δε
464 1843 505 1873 ob
525 1852 592 1874 eam
618 1852 682 1873 rem
701 1842 853 1873 conventi
880 1850 1053 1873 avocantur

192 1887 230 1918 ab
246 1885 354 1917 officio
374 1883 549 1923 legationis.
574 1883 617 1916 Et
636 1890 740 1915 tamen
758 1884 784 1917 ἐξ
804 1883 968 1915 alumnae-ozza.
985 1882 1052 1914 sub-

191 1929 264 1969 jicit
282 1926 435 1966 Ulpianus
451 1925 483 1957 in
501 1925 530 1966 §.
553 1935 582 1966 4.
607 1926 634 1956 d.
660 1925 681 1956 l.
706 1935 733 1956 2.
764 1925 873 1956 Omnes
889 1930 986 1955 antem
1005 1923 1055 1964 isti

193 1971 306 2000 domum
321 1972 480 2005 revocant,
496 1966 526 2005 fi
541 1977 598 1997 non
615 1968 656 1997 iln'
671 1972 879 1997 contraxerunt
889 1989 900 2005 ,
924 1967 973 1996 nbi
992 1976 1056 1996 con-

181 2012 377 2045 ·venz'u7ztur3
400 2014 530 2039 eceteram
540 2006 569 2046 fi
588 2014 797 2039 contraxerunt
815 2009 857 2039 ibi
868 2030 878 2046 ,
900 2008 1056 2038 revocandi

182 2054 237 2096 -jns
256 2060 312 2082 non
331 2050 446 2080 habent.
473 2049 598 2080 Etiamsi
617 2048 738 2080 scilicet
757 2049 799 2080 ibi
816 2049 1055 2086 contraxerint,

182 2092 372 2135 priusquam
400 2089 510 2121 Romae
536 2090 658 2131 negotii
693 2089 737 2121 sui
766 2089 855 2121 causa
881 2090 1054 2128 haererent,

183 2133 277 2175 -quod
290 2138 432 2172 apertum
456 2130 501 2162 est
518 2140 558 2162 ex
572 2140 628 2168 ea,
651 2140 722 2172 quae
737 2131 776 2161 de
793 2131 902 2171 legatis
917 2131 1053 2169 additur,

182 2174 404 2214 exceptione,
427 2173 496 2213 (μή,
519 2172 642 2213 inquit,
667 2172 735 2202 licet
758 2173 801 2203 ibi
821 2178 1050 2212 contraxerant,

178 2215 338 2253 dummodo
354 2219 423 2244 ante
449 2213 624 2255 legationem
648 2218 876 2251 contraxerant,
899 2223 956 2244 non
981 2224 1053 2244 com-

184 2257 338 2300 pellantur
353 2255 386 2296 se
414 2254 512 2285 Romae
540 2255 693 2295 defendere
708 2277 719 2293 ,
742 2256 878 2295 quamdin
897 2256 1052 2296 legationis

178 2298 280 2339 ἐιιῑιῙα
299 2297 346 2328 hic
366 2297 562 2328 demorantur.
608 2294 694 2342 Quod
718 2296 754 2331 ἃ
767 2296 1027 2336 Jalz'mzusscnbir
1039 2319 1050 2335 ,

188 2341 226 2376 ὅ)
241 2339 284 2372 D.
310 2338 383 2370 Pius
397 2335 548 2378 reffcrz'pfit.
595 2337 702 2377 thue
724 2337 821 2376 adeO,
846 2337 931 2377 quod
946 2337 1049 2376 adid,

187 2381 290 2414 adhuc
311 2378 503 2411 luculentius
524 2378 562 2410 sit
588 2379 763 2419 legatorum
790 2378 1012 2419 privilegium,
1032 2388 1049 2410 a

188 2423 289 2456 Paulo
306 2420 401 2453 etiam
419 2419 596 2460 expositum
622 2421 652 2451 ὥς
668 2419 835 2468 probatum
851 2419 882 2451 in
899 2420 918 2450 l.
943 2430 994 2461 32.
1019 2418 1046 2460 §.

189 2475 221 2502 9.
239 2463 278 2504 ff.
303 2464 336 2494 de
365 2461 486 2502 Recept.
512 2462 614 2493 arbitr.
660 2461 704 2492 ht
729 2469 832 2492 tamen
860 2460 892 2492 hi
918 2461 1049 2498 eodem,

176 2515 255 2546 >quo
275 2504 349 2541 alii,
370 2503 437 2542 jure
461 2510 593 2533 utuntur
615 2503 647 2534 in
674 2502 730 2539 iis,
753 2511 822 2543 quae
850 2510 990 2542 tempore
1007 2502 1051 2542 ip-

186 2547 248 2579 fius
271 2544 460 2584 legationis,
485 2543 586 2574 adhuc
615 2543 755 2575 durantis
776 2565 786 2580 ,
810 2551 1047 2574 contraxerunt.

188 2587 238 2620 Ita
253 2585 403 2616 videlicet
418 2584 497 2623 Juris
515 2584 648 2615 Romani
674 2583 851 2615 auctoribus
872 2583 970 2615 visum
986 2584 1048 2622 est,

189 2635 333 2668 magnam
352 2625 476 2665 quidem
492 2623 559 2654 effe
577 2625 748 2661 rationem,
771 2634 841 2664 quae
858 2634 915 2665 pro
942 2625 1050 2666 leg-atis

177 2669 286 2706 facit,
312 2666 343 2697 in
367 2665 405 2696 iis
425 2688 434 2703 ,
465 2674 533 2704 qua:
559 2673 632 2696 ante
658 2665 848 2704 legationem
875 2666 941 2696 atla
967 2665 1050 2706 gesta

186 2710 280 2747 sunt,
304 2706 355 2739 sed
381 2706 532 2745 majorem
552 2707 582 2736 ὅ(
599 2704 789 2742 fortiorem,
815 2715 883 2746 quae
900 2707 938 2736 iis
953 2717 1048 2746 oppo-

188 2752 221 2783 ni
247 2748 373 2791 posset,
395 2747 470 2778 dum
493 2746 587 2787 legati
605 2769 615 2784 ,
649 2744 701 2777 ubi
728 2745 797 2776 sunt
811 2768 821 2780 ‚
843 2747 1045 2778 contrahunt.

187 2792 284 2825 Hanc
310 2789 465 2821 rationem
492 2787 651 2828 eleganter
676 2786 839 2828 expedivit
856 2787 995 2825 Julianus
1015 2789 1044 2819 in

187 2834 210 2865 I.
235 2841 285 2872 25.
303 2831 344 2872 ff.
369 2831 402 2861 de
424 2829 528 2870 Jadic.
577 2829 631 2867 Si,
652 2828 719 2866 ait,
742 2827 898 2867 legationis
921 2834 1044 2868 tempore

187 2876 252 2915 φιτ]
269 2873 391 2913 servum
407 2893 417 2908 ,
439 2871 486 2901 ‘ecl
512 2870 603 2900 aliam
627 2879 686 2900 rem
708 2870 828 2905 emerit,
852 2875 903 2899 ent
925 2879 962 2899 ex
984 2870 1046 2902 alla

187 2914 273 2956 consa
291 2911 423 2954 poffidere
441 2913 573 2951 caperit,
597 2921 654 2942 non
670 2911 767 2951 inique
790 2915 907 2951 cogetur
921 2911 983 2951 ejus
998 2920 1045 2941 no-

168 2958 263 2987 ·ffiine
276 2956 420 2997 y'azlz'cz'zcm
436 2954 582 2992 accipere.-
606 2951 739 2984 AL1TER
762 2960 851 2981 ENJM
875 2959 1043 2982 pommus

186 3005 341 3028 Drinium
362 3003 508 3026 LeonTis
525 3003 584 3025 son
599 3001 667 3025 1-1Ac
684 3001 798 3024 smzcnz
819 3000 879 3022 izi-:s
896 3000 1042 3022 maurinis

184 3045 317 3068 Domum
335 3043 547 3067 Attrnnnnnr.
574 3034 655 3066 Haec
673 3043 746 3064 vera
763 3032 792 3064 δε
812 3042 870 3063 unzi
886 3033 967 3063 racio
986 3032 1040 3070 cst,

182 3088 222 3109 ne
240 3077 293 3108 sub
314 3076 414 3118 specie
432 3076 596 3115 legationis
611 3075 732 3106 occasio
752 3076 929 3113 praeliczitur
945 3073 1041 3105 delin-

181 3118 293 3159 quendi
305 3141 314 3155 ,
338 3127 407 3149 nam
425 3126 516 3156 quam
535 3116 586 3147 alii
604 3115 765 3153 adserunt,
791 3114 835 3145 ita
852 3123 963 3155 nempe
981 3115 1042 3154 pla-

181 3158 276 3190 cuisse
299 3159 329 3189 in
348 3157 483 3198 ipsorum
502 3157 674 3198 legatorum
692 3157 821 3198 gratiam
835 3179 844 3194 ,
868 3163 903 3186 ut
922 3156 952 3187 in
976 3155 1039 3196 ipsa

199 844 416 948 Quamvis
442 863 506 885 non
538 853 577 884 de
607 852 720 893 Populi
751 852 915 891 Romani,
946 851 998 883 sed
1022 851 1060 882 de

1104 850 1176 897 suos
1191 850 1340 889 alendos,
1362 849 1550 882 contrahere
1564 848 1688 891 poss‘ent
1696 871 1709 888 ,
1730 847 1776 881 est
1790 849 1907 891 oppido
1920 849 1962 887 sa)

1104 900 1144 924 tis
1166 901 1217 923 ine
1241 900 1282 923 ta.

1146 933 1206 966 Sed
1219 902 1255 965 Ξ(
1277 933 1336 965 alia
1356 933 1428 974 Jure
1448 932 1611 971 Romano,
1637 932 1668 964 in
1695 932 1783 964 civili
1798 931 1908 972 causa,
1927 933 1962 973 ad

1104 975 1225 1017 legatos
1250 975 1418 1016 pertinent.
1466 973 1633 1014 Postquam
1661 973 1813 1015 Ulpianus
1839 974 1869 1007 in
1889 976 1917 1008 d.
1939 975 1974 1011 k.

1105 1026 1134 1048 2.
1160 1016 1188 1057 §.
1213 1026 1244 1056 4.
1263 1015 1303 1057 ff.
1329 1017 1360 1047 de
1378 1016 1481 1057 Judic.
1507 1013 1717 1056 exposuisset,
1743 1015 1774 1047 in
1787 1015 1899 1057 quibus
1913 1018 1965 1059 ne?

1103 1058 1199 1099 gotiis
1223 1057 1350 1089 domum
1375 1055 1678 1094 revocare‘liceret,
1702 1056 1731 1088 &
1751 1066 1842 1097 quam
1868 1058 1962 1101 magis

1104 1099 1135 1131 id
1157 1099 1189 1130 in
1213 1098 1322 1139 legatis
1353 1099 1530 1136 obtineret,
1556 1097 1659 1138 pergit
1678 1096 1707 1137 ᾖ.
1730 1104 1761 1137 5.
1787 1097 1900 1138 Itemfi
1916 1094 1964 1133 eoi-¹

1105 1146 1152 1171 tra
1171 1140 1363 1171 Provinciam
1390 1144 1618 1177 contraxerunt,
1642 1138 1710 1169 licet
1725 1149 1781 1170 non
1800 1141 1832 1170 in
1851 1139 1964 1181 Italia,

1104 1180 1264 1223 quaestionis
1280 1178 1338 1222 eft,
1355 1191 1393 1212 an
1409 1180 1507 1212 Ronzae
1522 1181 1672 1211 conveniri
1683 1178 1812 1220 poffint?
1827 1180 1863 1215 ἐπ’)
1873 1182 1964 1214 Ilffar.

1105 1223 1211 1262 cellas,
1235 1224 1268 1253 in
1287 1232 1316 1252 eo
1333 1222 1413 1263 solo,
1434 1221 1592 1262 privilegio
1617 1230 1661 1252 eos
1681 1223 1725 1252 uti
1752 1223 1864 1253 domum
1879 1233 1963 1256 revo-

1105 1265 1214 1301 candi,
1238 1264 1310 1304 quod
1331 1265 1363 1293 z'n
1389 1263 1517 1294 civitate
1525 1264 1584 1303 fica
1596 1284 1606 1300 ,
1630 1262 1677 1292 vel
1693 1267 1768 1294 certe
1787 1264 1869 1295 intra
1887 1265 1963 1297 Pro-

1102 1306 1234 1337 vinciam
1255 1309 1482 1341 contraxerzmt,
1503 1304 1574 1343 quod
1591 1301 1631 1342 eft
1657 1311 1765 1335 verum,
1813 1303 1961 1345 Cujacius

1104 1348 1259 1379 Connnent.
1281 1343 1403 1385 postam.
1426 1344 1463 1375 ad
1487 1345 1515 1375 d.
1541 1344 1560 1375 l.
1587 1352 1616 1374 2.
1641 1342 1723 1374 hunc
1739 1343 1768 1385 §.
1790 1345 1821 1383 5.
1846 1345 1962 1380 intelli-

1101 1389 1148 1429 git
1162 1388 1201 1419 de
1216 1386 1362 1418 omnibus
1378 1386 1467 1423 aliis,
1482 1385 1533 1426 qui
1550 1384 1678 1416 domurn
1695 1393 1848 1417 revocant
1859 1410 1868 1426 ‚
1883 1396 1960 1428 prae.

1102 1438 1150 1461 ter
1169 1429 1306 1469 legatos,
1330 1437 1401 1459 nam
1424 1426 1481 1458 hos
1498 1426 1592 1458 etiam
1609 1434 1777 1466 revocare,
1801 1425 1822 1458 fi
1842 1430 1891 1460 vel
1908 1438 1960 1464 an-

1101 1479 1133 1502 te
1152 1469 1340 1511 legationem
1360 1469 1471 1500 Romae
1489 1467 1723 1506 contraxerint,
1745 1468 1777 1499 ὃς
1794 1467 1824 1499 id
1840 1469 1959 1519 probos,

1100 1522 1140 1544 ne
1167 1518 1328 1542 evertatur
1348 1509 1516 1549 exceptio,
1542 1518 1611 1549 quae
1639 1507 1798 1548 praecessit.
1844 1510 1959 1545 Simili-

1101 1561 1148 1584 ter
1175 1552 1276 1593 probo
1284 1575 1294 1591 ‚
1318 1551 1403 1592 quod
1426 1549 1605 1591 sequentem
1630 1549 1834 1589 sententiam,
1846 1551 1901 1593 sed
1923 1552 1959 1590 8*

1092 1594 1122 1633 fi
1141 1599 1257 1636 agant,
1279 1593 1488 1632 compellantur
1506 1591 1541 1632 se
1558 1590 1696 1632 adversas
1712 1601 1806 1623 omnes
1822 1593 1956 1635 defende·

1097 1647 1147 1674 re,
1169 1635 1207 1666 ad
1232 1635 1352 1675 legatos
1377 1643 1440 1665 non
1459 1631 1647 1672 transferat,
1671 1633 1814 1673 quamvis
1836 1635 1958 1670 videam

1097 1677 1249 1717 plurimos
1264 1666 1476 1716 interpretes,
1503 1674 1532 1706 ὅς
1550 1672 1633 1714 ipsos
1651 1682 1776 1714 quoque
1793 1675 1960 1718 Bafilicos,

1098 1719 1166 1750 haze
1191 1718 1297 1748 omnia
1313 1717 1351 1747 de
1378 1715 1451 1747 solis
1472 1715 1582 1756 legatis
1600 1715 1763 1754 exaudire3
1787 1725 1956 1758 perperam.

1098 1759 1132 1791 In
1153 1759 1222 1791 aliis
1240 1757 1408 1795 omnibus,
1430 1756 1484 1798 qui
1502 1758 1630 1788 domum
1648 1764 1821 1797 revocant,
1846 1768 1956 1793 verum

1097 1799 1163 1840 est,
1187 1800 1208 1833 si
1229 1799 1281 1840 ipsi
1312 1806 1424 1840 agant,
1447 1807 1561 1839 cogere
1587 1798 1682 1830 etiam
1701 1799 1845 1839 excipere
1861 1800 1958 1832 aetio-

1097 1852 1171 1880 nes,
1194 1849 1230 1872 ut
1259 1839 1304 1872 est
1330 1842 1361 1871 in
1385 1840 1406 1871 l.
1431 1849 1481 1870 22.
1501 1838 1543 1880 ff.
1567 1840 1627 1871 eod.
1652 1838 1702 1870 s'ed
1725 1839 1756 1871 in
1774 1839 1884 1882 legatis
1901 1846 1955 1873 ve-

1096 1893 1164 1915 rum
1180 1892 1242 1915 non
1260 1881 1306 1913 est
1317 1904 1327 1920 ‚
1344 1881 1415 1922 quia
1432 1880 1571 1912 Romana
1584 1880 1663 1921 aequi
1669 1887 1714 1912 tas
1729 1889 1791 1913 non
1806 1882 1955 1925 permisit,

1095 1925 1138 1956 ibi
1161 1933 1254 1966 quem
1283 1931 1373 1964 agere
1402 1921 1488 1962 posse
1506 1944 1517 1959 ,
1540 1921 1592 1952 ubi
1617 1921 1780 1953 conveniri
1808 1926 1874 1955 non'
1899 1918 1955 1965 po'.

1096 1964 1173 2003 test,
1197 1965 1334 1996 maxime
1350 1963 1371 1996 si
1388 1963 1494 1994 eadem
1509 1963 1590 1994 ratio
1602 1985 1614 2001 ,
1636 1962 1678 1993 ob
1697 1971 1787 2003 quam
1805 1965 1955 1998 conveni·

1095 2008 1120 2039 ri
1150 2006 1277 2047 nequit,
1302 2005 1398 2037 etiam
1426 2004 1529 2045 agenti
1554 2002 1701 2035 obstaret.
1745 2002 1821 2036 Non
1847 2007 1956 2046 potuit

1096 2048 1191 2090 igitur
1214 2048 1352 2088 legatus,
1376 2054 1416 2077 ne
1439 2045 1626 2085 impediatur
1650 2044 1786 2085 legatio,
1811 2046 1863 2077 vel
1881 2046 1956 2079 alie-

1095 2091 1144 2122 nis
1163 2111 1173 2127 ,
1201 2089 1253 2119 vel
1275 2087 1411 2128 propriis
1437 2085 1572 2126 negotiis
1599 2084 1629 2115 se
1651 2085 1872 2126 interponere,
1896 2097 1956 2122 nec

1096 2130 1260 2172 quicquam
1280 2129 1312 2160 in
1326 2136 1391 2158 rem
1409 2128 1493 2158 suam
1509 2134 1616 2167 agere,
1640 2133 1803 2165 antequam
1826 2127 1955 2169 legatio-

1095 2172 1142 2203 nis
1168 2170 1276 2202 officio
1296 2168 1422 2200 functus
1443 2167 1500 2205 fit,
1523 2166 1579 2198 nisi
1595 2175 1697 2198 tamen
1715 2167 1797 2198 suam
1815 2167 1953 2204 suorum·

1094 2222 1135 2244 ve
1158 2212 1300 2252 injuriam
1324 2208 1526 2250 persequatur
1551 2208 1571 2239 l.
1596 2212 1626 2242 8.
1656 2206 1683 2249 §.
1709 2208 1762 2240 ult.
1795 2209 1817 2241 l.
1847 2220 1878 2248 9.
1904 2221 1955 2247 10,

1098 2263 1146 2285 11.
1172 2254 1202 2284 ὅ(
1226 2262 1274 2292 15.
1293 2251 1333 2293 ff.
1359 2251 1391 2282 de
1414 2249 1575 2295 Legation.
1620 2248 1717 2292 Quod
1735 2250 1874 2284 moribus
1907 2253 1951 2286 ui-

1094 2295 1164 2326 dem
1180 2293 1332 2325 Gentium
1349 2301 1413 2324 non
1431 2298 1599 2329 convenit,
1622 2290 1673 2322 sed
1690 2290 1843 2324 rationem
1861 2292 1898 2326 ha
1919 2301 1952 2327 et

1094 2335 1261 2374 summam,
1286 2334 1420 2374 ideoque
1439 2331 1503 2373 ipse
1529 2341 1592 2363 non
1617 2331 1756 2363 dubitem
1772 2332 1951 2376 adfirmare,

1093 2386 1165 2408 cum
1183 2377 1302 2417 legatus
1329 2374 1423 2406 hodie
1443 2373 1620 2413 ubicunque
1646 2371 1797 2404 Gentium
1813 2383 1904 2415 agere
1920 2376 1952 2410 δι

1092 2418 1226 2458 experiri
1241 2417 1334 2458 poffit
1348 2413 1493 2447 adversus
1509 2422 1888 2454 quoscunque,oportere
1905 2424 1952 2449 et.

1093 2459 1155 2491 iam
1179 2468 1249 2490 eum
1275 2456 1534 2497 quorumcunque
1557 2461 1679 2486 mutuas
1703 2454 1839 2486 actiones
1861 2457 1948 2490 exci.

1094 2510 1185 2541 pere,
1208 2499 1229 2531 si
1250 2499 1304 2540 ipsi
1327 2505 1418 2539 agant
1440 2497 1543 2538 prius,
1568 2502 1603 2526 ut
1617 2493 1813 2539 forte-latius
1831 2494 1886 2529 suo
1903 2498 1950 2530 lo-

1093 2551 1133 2572 co
1158 2542 1272 2572 dicam.
1324 2540 1481 2571 Summam
1510 2544 1635 2576 quoque
1657 2542 1810 2567 rationem
1837 2536 1955 2579 habet,

1093 2583 1178 2623 quod
1195 2582 1210 2613 s
1210 2591 1281 2613 uum
1300 2580 1487 2618 suorumque
1502 2577 1646 2608 damnum
1663 2575 1693 2607 &
1709 2575 1851 2616 injuriam
1870 2579 1950 2622 lega.

1094 2625 1135 2655 tis
1161 2623 1283 2654 licitum
1309 2622 1345 2653 sit
1370 2617 1531 2660 persequi,
1554 2616 1585 2662 id
1603 2616 1685 2647 enim
1712 2617 1741 2648 ἀ
1761 2617 1829 2649 aliis
1845 2621 1947 2654 omni-

1092 2665 1167 2703 bus,
1191 2664 1242 2705 qui
1262 2661 1394 2694 vocandi
1409 2659 1538 2690 domum
1555 2666 1608 2703 με·
1623 2656 1756 2703 habent,
1780 2659 1875 2699 licet,
1898 2671 1945 2695 et.

1092 2706 1152 2737 iam
1179 2705 1240 2736 sine
1261 2711 1348 2734 metu
1372 2708 1489 2731 mutua}
1512 2707 1706 2744 petitionis,
1737 2708 1827 2739 quam
1852 2701 1951 2735 hodie·

1089 2746 1338 2777 reconventionem
1353 2741 1485 2772 dicimus
1496 2763 1505 2778 ‚
1532 2740 1562 2770 ἅ
1581 2739 1651 2770 idco
1671 2739 1746 2771 licet
1761 2739 1823 2772 sinc
1839 2751 1948 2783 metu,

1089 2788 1177 2828 quia,
1203 2793 1237 2816 ut
1261 2785 1417 2824 eleganter
1439 2790 1479 2812 ex
1495 2780 1619 2820 juliano
1643 2779 1805 2820 subjicitur
1820 2784 1851 2815 in
1869 2785 1896 2816 d.
1920 2785 1943 2818 l.

1090 2839 1117 2860 ρ.
1144 2827 1171 2869 §.
1195 2835 1226 2865 5.
1245 2825 1286 2866 ff.
1310 2826 1342 2855 cle
1363 2823 1457 2865 judic.
1482 2827 1533 2852 ant
1559 2823 1673 2862 impune
1704 2824 1882 2856 contumeliis
1907 2825 1945 2862 δ’

1088 2869 1201 2900 (lamnis
1216 2867 1409 2906 adjicientur,
1434 2869 1485 2894 aac
1503 2863 1558 2893 eriz
1575 2864 1606 2893 in
1627 2861 1764 2903 potestate
1782 2866 1944 2908 cujusque,

1084 2909 1222 2950 pulsando
1239 2916 1301 2946 eos,
1305 2906 1449 2948 subjicere
1465 2913 1508 2935 eos
1511 2903 1711 2945 jurisdictioni
1720 2926 1732 2943 ,
1747 2904 1856 2948 damst
1872 2909 1944 2940 vine

1087 2952 1199 2982 dicunt.
1918 2972 1919 2976 ,

1127 2989 1299 3036 Quzcsitum
1312 2988 1356 3020 cst
1371 2986 1482 3028 &Jure
1498 2986 1661 3024 Romano,
1672 2995 1710 3019 an
1728 2987 1756 3018 in
1778 2997 1843 3020 rem
1859 2989 1941 3023 afflo

1083 3029 1228 3063 adversus
1254 3031 1390 3068 legatum
1416 3029 1556 3061 exerceri
1582 3028 1698 3069 poffit,
1750 3030 1874 3062 uoniam
1897 3039 1938 3071 ex

1084 3071 1225 3113 prael'enti
1250 3070 1432 3112 poll'eslione
1449 3070 1517 3102 haec
1535 3068 1618 3102 attio
1633 3067 1678 3100 est
1689 3068 1706 3100 ἱ)
1730 3069 1843 3102 laulus
1861 3070 1939 3106 hanc

1086 3113 1220 3153 speciem
1247 3112 1357 3143 traclat
1383 3112 1413 3143 in
1439 3112 1458 3142 Ζ.
1485 3121 1534 3152 24.
1560 3110 1588 3151 §.
1614 3119 1642 3141 2.
1661 3109 1702 3151 ff.
1725 3111 1758 3141 de
1778 3110 1882 3152 Judic.
1905 3113 1936 3146 &

1084 3154 1200 3186 (jastius-
1221 3154 1301 3194 apud
1319 3162 1389 3184 cum
1407 3151 1592 3194 respondet,
1608 3149 1652 3190 fic
1660 3151 1840 3194 servandum
1851 3174 1862 3191 ,
1883 3159 1934 3194 ut,

183 3199 339 3240 legatione
357 3198 524 3237 haberent,
538 3196 790 3239 quibuscu1112ad
807 3195 876 3230 se&
893 3195 1035 3230 homines
1072 3194 1102 3234 fi
1120 3196 1301 3237 subducatur
1326 3191 1520 3235 ministerium
1545 3193 1572 3225 ei
1589 3215 1599 3232 ‚
1621 3202 1678 3223 non
1695 3191 1736 3231 fit
1758 3195 1935 3226 concedenda

1841 3234 1915 3266 actio
1924 3242 1940 3268 :r

2000 514 2005 535 1

2002 610 2005 625 l
