2008 3436
128 104 200 146 476

129 195 181 226 ta,
202 198 238 219 an
256 187 293 219 ad
315 186 551 218 affecuratorem
574 185 721 218 damnum
736 183 919 225 pertineat?
940 184 992 215 Sa-

126 239 166 260 ne
188 230 223 260 ad
241 228 430 260 creditorem
450 228 589 269 pecunia:
609 227 781 266 ti-ajec'titiae
800 226 880 257 nihil
898 226 992 265 perti-

127 279 201 307 net,
227 271 247 301 ii
271 269 441 311 prohibitae
469 278 586 300 merces
609 276 796 309 comparatae
816 268 845 297 <St
867 276 884 297 a
901 266 992 297 Fisco

128 311 300 352 publicatae
324 311 381 343 sint
397 311 418 342 l.
440 321 469 352 3.
498 311 530 341 C.
552 311 585 340 de
604 309 701 340 Naue.
747 308 806 340 Sed
828 317 859 338 in
877 306 992 339 ass'ecu-

127 361 233 383 ratore
254 353 312 384 alia
335 353 415 384 ratio
442 351 488 383 est
502 374 511 388 ‚
533 350 616 381 hunc
635 350 717 381 enirn
747 349 847 380 teneri
867 349 909 379 ob
930 357 991 379 ma-

126 394 189 425 lam
208 393 367 425 Navarchi
382 392 600 434 professionem
614 401 644 431 53.
665 390 734 430 jun.
758 393 848 432 1636.
871 389 994 429 respon-

128 435 192 467 sum
220 434 264 466 est
288 435 369 476 (4).
416 434 584 465 Adsentior
607 432 627 463 fi
654 430 826 463 Navarcho
852 431 917 471 ejus
947 430 991 461 rei

127 485 203 508 cura
224 476 323 509 fuerit
345 477 431 513 data,
455 484 525 506 nam
555 481 665 504 contra
683 472 791 504 dolum
814 473 843 505 δι
868 472 993 513 culpam

127 516 288 549 Navarchi
307 518 444 549 dominis
461 517 611 547 mercium
630 513 712 545 recte
729 513 934 551 assecuratur,
960 520 995 543 ui:

129 559 252 599 plenius
269 558 332 590 dixi
355 559 403 589 hoc
428 557 518 588 Libro
537 557 568 587 C.
597 554 649 586 iv.
674 554 716 595 vſs
740 554 888 586 Pericula.
934 553 995 585 Sed

126 600 149 632 fi
165 610 239 631 cura
255 599 452 641 profeffionis
466 597 562 629 fuerit
578 597 648 627 data
663 598 712 633 ei,
738 605 795 636 pro
811 595 899 635 cujus
908 593 995 626 fafto

129 641 321 673 assecurator
340 650 401 672 non
425 637 659 675 intervenisset,
681 637 767 669 aliud
784 637 942 675 dicerem,
966 635 996 667 &

129 692 164 714 ut
182 682 266 713 aliud
280 682 420 713 dicamus
434 705 442 719 ,
467 690 515 712 res
532 678 595 720 ipsa
615 677 761 719 postulat.

173 723 212 754 V.
237 722 349 754 Nullas
378 721 438 754 effe
459 721 641 763 pactiones,
671 730 741 762 quae
767 719 928 761 Legibus,
957 717 996 748 de

130 765 357 796 assecuratione
379 763 562 795 constitutis
581 785 591 800 ,
615 761 816 792 adversantur
834 784 844 798 ,
867 757 995 800 exposui

131 806 219 846 supra
246 806 276 836 C.
301 805 341 837 V.
363 806 404 841 vs]
434 804 654 836 Coun-adierant.
701 802 804 841 Sunt,
828 811 879 843 qui
908 801 996 839 ajunt

132 848 230 887 (5),
251 846 272 878 ss
296 847 345 878 vel
369 856 427 878 una
448 847 551 888 pactio
575 844 686 875 illicita
711 844 840 874 addatur
856 867 865 882 ,
891 850 995 872 torum

132 888 329 920 contraCtum
357 888 435 920 ninii
462 888 576 918 valere.
621 885 680 917 Sed
714 885 744 916 id
772 894 882 916 verum
903 882 965 913 esse
985 904 996 920 ,

132 930 272 961 nondum
304 930 395 970 potui
428 928 684 960 animadvertere.
732 925 765 957 ln
797 925 826 968 §.
859 935 888 957 2.
922 923 996 955 LL.

132 971 259 1012 Nunti-c.
285 971 321 1003 P.
350 971 410 1002 Tar.
433 970 505 1001 Vll.
534 972 624 1009 1563.
649 967 831 1007 simpliciter
847 964 998 997 constitu-

131 1020 197 1044 tim
217 1012 278 1051 est,
302 1022 340 1044 ne
355 1013 423 1053 quis
437 1012 529 1043 aliter
544 1019 590 1042 res
607 1009 670 1040 suas
682 1008 844 1040 assecurari
860 1007 996 1044 faceret,

131 1063 223 1093 quam
251 1056 281 1086 in
306 1056 334 1085 d.
360 1054 386 1095 §.
416 1065 443 1086 2.
472 1050 628 1094 proposita
649 1049 787 1082 formula
814 1049 996 1084 exhibetur,

135 1097 165 1126 <St
189 1096 218 1126 in
247 1095 275 1137 §.
300 1105 351 1127 20.
375 1096 404 1127 cl.
430 1094 490 1126 Tit.
517 1092 588 1124 Vll.
611 1091 795 1131 fimpiicitei·
820 1089 995 1121 rescindun-

133 1145 185 1167 tur
211 1138 407 1174 contractus,
432 1136 483 1177 qui
507 1136 537 1166 in
563 1133 704 1165 fraudem
727 1132 850 1163 illarum
877 1130 997 1171 Legum

132 1177 208 1210 fatti
229 1177 306 1209 sunt.
352 1178 516 1215 Attamen,
541 1183 581 1206 ne
602 1174 678 1205 utile
700 1182 754 1213 per
771 1172 884 1203 inutile
904 1171 996 1201 Vitie-

133 1228 204 1257 tur,
227 1219 390 1250 dicendum
405 1242 414 1256 ,
440 1217 569 1256 reliquis
594 1215 666 1246 ratis
691 1214 902 1249 manentibus,
927 1210 998 1242 istas

131 1261 284 1292 duntaxat
303 1261 461 1301 pastiones
484 1255 639 1291 rescindi,
660 1264 727 1295 quae
755 1254 814 1294 legi
838 1252 997 1284 adversan-

134 1310 204 1340 tur,
227 1303 256 1334 &
273 1303 316 1332 ita
332 1296 666 1333 Rotterdammenlium
681 1296 764 1336 leges
781 1303 901 1327 veteres
914 1293 943 1335 ὃ.
971 1303 1000 1325 1.

133 1344 180 1375 ait
195 1344 297 1379 enim,
321 1352 370 1372 eas
387 1341 566 1381 pastiones,
580 1347 648 1378 quae
670 1337 699 1367 in
714 1337 773 1368 illis
793 1336 926 1377 Legibus
938 1334 999 1376 spe-

135 1385 255 1416 cialiter
271 1382 437 1423 proliibitze
456 1380 524 1413 sunt
536 1404 544 1419 ,
569 1389 627 1420 pro
644 1387 706 1410 non
723 1377 846 1417 scriptis
863 1377 925 1408 esse
948 1379 999 1407 na-

134 1425 249 1457 bendas
269 1448 278 1463 ,
311 1424 453 1464 quamvis
481 1423 518 1454 iis
550 1423 765 1452 renunciatum
791 1417 848 1456 fit,
881 1417 1000 1459 reliqua

134 1476 212 1497 vero
230 1466 336 1498 omnia
355 1474 478 1496 manere
497 1470 571 1494 rata.
618 1461 766 1502 Optime.
792 1459 813 1491 ii
831 1459 902 1501 quid
920 1459 999 1499 judi-

135 1518 194 1545 co,
216 1508 245 1539 &
270 1506 440 1539 secundum
466 1506 531 1536 haec
551 1503 681 1535 Carolus
701 1501 740 1533 V.
762 1501 792 1533 in
814 1500 843 1540 §.
860 1511 910 1533 22.
933 1500 998 1532 LL.

134 1550 264 1583 Numc.
291 1557 336 1585 19.
347 1547 413 1589 Jccl.
432 1556 522 1587 1551.
545 1554 608 1576 non
624 1544 697 1575 alias
713 1542 872 1584 pactiones
888 1540 1002 1574 rescin-

135 1592 206 1630 dit,
230 1600 320 1631 quam
343 1599 411 1629 quae
435 1589 525 1620 factae
549 1586 647 1617 effcnt
673 1593 784 1615 contra
811 1584 876 1615 illas
897 1584 1002 1624 leges,

135 1642 200 1665 non
220 1632 344 1671 quidem
364 1631 402 1661 de
426 1627 725 1664 ass'ecurationibus,
750 1624 800 1656 sed
815 1625 854 1656 de
872 1625 941 1657 aliis
959 1634 1002 1656 re-

136 1674 195 1706 bus
215 1674 322 1706 factas.

181 1715 237 1747 VI.
264 1714 307 1746 Ut
332 1720 406 1745 ratae
422 1713 479 1745 fint
497 1710 738 1744 alstemi-aciones
753 1731 764 1748 ,
792 1706 915 1740 necesse
936 1706 1002 1746 est,

137 1756 271 1797 ignorari
290 1754 424 1794 statum,
447 1755 479 1787 in
498 1763 561 1795 quo
578 1752 648 1783 sunt
665 1762 711 1783 res
725 1775 733 1788 ,
754 1751 792 1782 de
807 1750 919 1791 quibus
940 1750 1002 1791 agi-

139 1807 199 1830 tur.
248 1797 337 1829 Unde
364 1795 497 1828 Grotius
522 1796 555 1826 de
575 1794 652 1835 Jzire
676 1792 753 1825 Belli
776 1790 874 1823 L.11.
899 1791 931 1823 C.
954 1800 1001 1822 12.

140 1840 171 1880 §.
188 1850 235 1882 23.
264 1839 307 1869 ita
335 1837 467 1877 scripsit:
495 1836 665 1868 Contractus
688 1833 841 1868 avertendi
854 1833 1001 1872 periculi,

138 1892 221 1922 quem
249 1879 483 1920 affeturationem
509 1883 616 1909 vocant
633 1900 641 1912 ,
675 1877 788 1907 ommino
806 1874 903 1905 nullus
926 1875 1002 1911 erit,

135 1922 163 1961 fi
181 1922 413 1954 contrahentium
430 1921 506 1951 alter
521 1929 598 1957 rem,
613 1919 653 1948 tle
666 1927 722 1959 qua
737 1917 855 1958 agitur,
880 1920 931 1945 aut
938 1914 1001 1955 fizi-

140 1973 226 2003 vam‚
251 1972 303 2005 quo
317 1960 534 2002 destinabatur,
551 1958 712 2001 pervenzffe
724 1980 734 1996 ,
758 1963 808 1989 aut
819 1955 1002 1998 periiffefii-

181 2052 239 2088 (4)
260 2053 349 2089 Confil.
372 2053 412 2082 H.
438 2051 509 2081 Tom.
523 2052 559 2080 V.
581 2049 672 2086 Confil.
690 2056 755 2078 222.

181 2091 243 2128 (5)
262 2089 354 2130 Coifil.
375 2092 418 2122 H.
440 2091 512 2120 Tom.
526 2091 550 2120 l.
571 2089 664 2127 Confil.
684 2091 747 2123 187.

574 2181 794 2220 FINIS
866 2177 1097 2217 LIBRI

298 101 337 136 C.
364 110 437 136 vm
463 96 832 135 BYNKERSHOEK
859 94 1053 147 QUAEST.
1078 94 1214 143 JURIS
1239 93 1371 131 PRIV.
1400 92 1563 130 LIBJV.
1591 92 1777 130 CXXVI.

1035 184 1123 215 verit.
1167 182 1247 214 Sane
1266 180 1288 213 si
1305 179 1513 219 affecuratus,
1538 187 1678 220 tempore
1703 181 1898 213 assecuratio.

1036 226 1102 262 nis,
1126 233 1228 254 rerum
1246 223 1405 255 interitum
1425 220 1552 253 sciverit
1566 245 1574 258 ,
1597 221 1785 254 ass'ecurator
1808 223 1899 264 plane

1036 275 1101 297 non
1122 272 1264 302 tenetur,
1286 272 1321 295 ut
1337 263 1429 294 variis
1455 262 1597 303 legibus,
1619 264 1658 294 de
1677 263 1901 297 assecuratione

1036 307 1125 344 latis,
1143 304 1349 337 constitutum
1366 303 1429 342 est,
1451 303 1622 344 iisdemque
1640 304 1761 346 legibus
1775 314 1900 346 expres-

1036 347 1122 384 sum,
1144 347 1266 388 quando
1285 345 1473 377 assecuratus
1496 345 1655 377 interitum
1677 344 1776 384 scire,
1806 355 1901 387 quan-

1035 388 1077 419 do
1097 388 1240 429 ignorare
1255 387 1463 426 praesumatur.
1510 385 1576 417 Has
1595 387 1678 426 leges
1701 388 1831 419 recitavi
1848 388 1900 419 hoc

1037 430 1129 461 Libro
1152 429 1184 460 C.
1202 428 1273 459 Vll.
1309 426 1359 459 sed
1387 429 1483 459 miror
1505 428 1567 458 illis
1592 426 1712 468 legibus
1736 428 1813 460 nihil
1837 428 1899 461 effe

1037 478 1161 502 cautum
1183 470 1221 500 de
1247 468 1309 499 alio
1328 467 1399 500 casu
1416 491 1425 506 ‚
1456 478 1550 510 quem
1574 468 1667 499 habet
1692 467 1840 505 Grotius,
1875 469 1899 504 fi

1036 521 1149 551 nempe
1173 510 1362 542 assecurator
1397 519 1462 541 rem
1490 510 1551 550 jam
1586 508 1700 540 salvam
1729 510 1900 550 pervenisse

1037 552 1175 584 sciverit.
1222 551 1558 583 Rotterdammenlium
1580 551 1662 592 leges
1676 559 1797 583 veteres
1809 550 1838 592 §.
1853 561 1901 589 19.

1037 595 1068 627 &
1090 603 1185 625 novae
1208 592 1226 634 §
1253 601 1304 632 55.
1330 592 1512 632 [impliciter
1531 592 1638 631 ajunt,
1668 591 1902 626 assecurationis

1037 637 1200 675 praemium
1225 633 1352 669 deberi.
1377 632 1430 665 etfi
1452 641 1595 673 tempore
1611 655 1620 670 ,
1651 642 1712 673 quo
1737 633 1903 666 contrahe-

1037 677 1150 714 batur,
1174 685 1241 714 res,
1264 675 1303 705 de
1322 675 1432 716 quibus
1452 675 1574 715 agitur,
1600 674 1629 705 in
1649 674 1754 706 locum
1772 673 1903 707 destina-

1039 727 1106 750 tum
1122 718 1183 757 jam
1204 724 1428 757 pei-venerant,
1443 715 1492 746 sed
1509 715 1539 746 id
1561 724 1623 746 non
1639 715 1730 746 aliter
1748 716 1902 758 intelligo,

1039 769 1130 800 quam
1152 758 1170 790 fi
1190 757 1380 789 ass‘ecurator
1401 766 1448 788 res
1471 756 1569 788 salvas
1589 756 1761 797 pervenisse
1781 757 1900 797 ignora-

1037 809 1136 839 verit,
1162 809 1232 831 nam
1254 799 1272 830 ii
1292 798 1436 837 sciverit,
1455 799 1486 830 in
1503 798 1581 828 doio
1599 797 1661 835 est,
1681 798 1804 836 celans,
1819 799 1903 839 quod

1038 843 1137 873 celare
1153 850 1215 873 non
1233 839 1386 878 debebat,
1413 839 1496 880 quod
1510 848 1548 870 ex
1565 839 1633 880 jure
1660 839 1818 871 communi
1841 848 1902 873 non

1037 884 1144 915 valere
1161 881 1329 914 dicendum
1351 880 1396 913 est
1416 881 1436 912 l.
1462 890 1488 912 1.
1514 881 1542 920 ᾗ.
1568 890 1590 911 1.
1611 879 1648 920 ff.
1674 882 1707 910 cle
1726 880 1796 911 Act.
1815 887 1903 921 empt.

1041 925 1226 957 assecuratio
1252 923 1359 963 utique
1385 922 1429 954 est
1450 922 1630 953 contractus
1654 921 1745 953 bonae
1771 921 1862 954 fidei.
1884 931 1902 961 a

1041 976 1103 1007 quo
1132 974 1258 997 omnem
1286 963 1426 995 fraudem
1455 962 1555 994 abeffe
1573 964 1621 1002 ἃ,
1645 963 1664 994 ii
1690 962 1781 1001 adiit,
1805 963 1905 995 vindi·

1040 1008 1103 1038 cari
1126 1014 1293 1079 Opssssrteoe’
1317 1005 1404 1045 ajunt
1424 1004 1452 1045 §.
1472 1014 1524 1036 22.
1547 1004 1607 1036 Ed.
1626 1004 1664 1036 P.
1690 1005 1716 1045 ᾖ.
1735 1013 1785 1046 31.
1805 1004 1848 1036 A.
1873 1005 1905 1037 &

1041 1050 1059 1090 g
1084 1059 1154 1120 Vll.
1181 1087 1343 1120 Mercibus
1359 1086 1554 1124 assecuratis‚
1578 1087 1673 1118 variae
1690 1087 1757 1119 sunt
1778 1085 1907 1128 species,

1039 1140 1108 1170 quae
1133 1139 1195 1161 non
1222 1128 1399 1160 alsecui‘atte
1426 1128 1665 1168 intelliguntur,
1688 1128 1740 1160 nili
1767 1130 1908 1160 nomina-

1040 1172 1097 1203 tim
1117 1170 1321 1210 designentur.
1369 1170 1435 1201 Has
1460 1176 1621 1200 enumerat
1644 1169 1671 1210 §.
1694 1178 1740 1210 17.
1761 1169 1802 1200 A.
1826 1168 1853 1210 §.
1873 1179 1905 1210 7.

1041 1212 1090 1244 M.
1115 1211 1150 1247 &²
1172 1210 1199 1252 §.
1216 1221 1247 1252 3.
1266 1210 1314 1241 M.
1340 1211 1368 1242 δι
1389 1211 1472 1241 circa
1490 1209 1632 1251 quasdam
1647 1211 1794 1250 exceptio
1813 1210 1857 1242 est
1876 1221 1908 1244 in

1041 1253 1168 1285 Statuto
1191 1250 1476 1283 Amsterdammenfi
1493 1260 1523 1286 9.
1539 1250 1618 1290 Maj.
1639 1255 1729 1291 1654.
1773 1251 1838 1284 Cur
1856 1261 1909 1283 au-

1043 1302 1106 1325 tem
1122 1292 1277 1334 placuerit
1293 1293 1374 1324 inter
1389 1301 1439 1324 eas
1458 1291 1572 1333 species
1587 1293 1746 1323 recensere
1763 1301 1830 1330 res,
1842 1301 1910 1332 quae

1043 1334 1192 1367 servando
1212 1332 1323 1365 servari
1345 1343 1407 1365 non
1428 1332 1571 1373 possunt,
1593 1341 1655 1363 non
1669 1331 1739 1364 satis
1754 1332 1910 1374 intelligo,

1043 1378 1073 1409 ὅ(
1086 1376 1150 1416 ejus
1169 1376 1211 1406 rei
1232 1376 1383 1406 rationem
1402 1376 1476 1406 mini
1497 1382 1559 1404 non
1577 1372 1718 1405 constare
1730 1397 1738 1408 ,
1759 1375 1819 1414 jam
1838 1372 1910 1416 pro-

1043 1417 1138 1449 feffus
1162 1416 1227 1449 suin
1254 1416 1343 1457 supra
1367 1416 1398 1447 C.
1415 1414 1491 1447 XV.
1514 1414 1557 1455 ‘zffi
1576 1415 1652 1447 Scio.
1697 1415 1727 1447 Si
1752 1415 1834 1447 enim
1855 1425 1910 1456 pet

1043 1458 1074 1491 se
1103 1467 1359 1500 corrumpantur,
1383 1465 1624 1496 corrumpuntur
1647 1457 1676 1488 &
1701 1464 1832 1497 pereunt
1856 1455 1913 1489 suo

1043 1501 1191 1537 domim,
1212 1500 1241 1531 <St
1256 1499 1320 1530 hoc
1338 1496 1436 1539 ipsum
1453 1498 1496 1529 ait
1518 1497 1547 1537 ᾗ.
1559 1508 1607 1534 29·
1619 1497 1660 1529 A.
1673 1497 1699 1539 §.
1715 1509 1762 1531 20.
1775 1497 1823 1529 M.
1838 1497 1912 1539 ὃς,

1045 1551 1098 1584 45.
1119 1541 1160 1573 R.
1179 1540 1223 1573 N.
1248 1541 1279 1572 Si
1299 1547 1540 1580 corrumpantur
1560 1541 1588 1570 ἃ
1612 1547 1738 1580 pereant
1757 1548 1811 1580 per
1832 1547 1911 1571 tem-

1047 1582 1179 1624 pestates
1205 1582 1235 1614 &
1261 1580 1381 1619 hostes,
1406 1580 1510 1621 quidni
1535 1580 1564 1611 id
1589 1581 1764 1620 periculum
1780 1602 1791 1618 ‚
1823 1589 1912 1620 aeque

1046 1635 1083 1657 ac
1099 1625 1226 1656 aliarum
1245 1632 1345 1654 rerum
1357 1646 1365 1661 ,
1384 1622 1569 1653 assecurator
1587 1621 1715 1654 subeat?
1740 1622 1837 1662 Ajunt
1852 1623 1891 1661 (6

1045 1667 1159 1703 etiam,
1182 1664 1414 1706 exprimendum
1437 1662 1498 1693 ess'e
1520 1661 1602 1702 risico
1617 1668 1649 1703 op
1668 1663 1841 1704 Bodemery,
1867 1663 1875 1693 i
1899 1679 1912 1688 -

1045 1716 1106 1748 que
1123 1706 1258 1748 Legibus
1278 1704 1638 1740 Amsterdammenlium,
1661 1705 1699 1736 de
1715 1704 1914 1736 assecuratio-

1045 1748 1135 1781 nibus
1158 1748 1246 1782 latis,
1268 1746 1444 1784 contineri,
1467 1744 1517 1776 sed
1538 1755 1638 1786 neque
1660 1746 1724 1786 ejus
1744 1746 1787 1777 rei
1815 1745 1912 1776 ratio·

1047 1799 1116 1822 nem
1135 1787 1301 1829 adsequor,
1323 1797 1421 1828 neque
1438 1786 1539 1820 exstat
1558 1787 1588 1818 in
1610 1787 1765 1828 Legibus,
1790 1786 1845 1818 nili
1862 1787 1908 1818 in·

1046 1830 1192 1863 dustriam
1226 1839 1327 1861 meam
1359 1829 1489 1870 fugerit.
1534 1828 1564 1860 Si
1592 1837 1692 1860 tamen
1722 1828 1915 1860 all'ecuratus

1046 1873 1192 1914 ignoret,
1215 1880 1333 1903 merces
1348 1870 1410 1902 ess'e
1430 1869 1530 1902 missas
1546 1876 1579 1910 op
1597 1869 1771 1911 Bodemery,
1796 1868 1913 1900 ass'ecu-

1046 1914 1201 1945 rationem
1222 1913 1340 1951 valere,
1358 1921 1441 1943 anno
1463 1914 1551 1951 1672.
1569 1920 1660 1951 quam
1677 1910 1825 1954 plurimi,
1844 1908 1910 1943 seni·

1047 1954 1177 1987 tentiam
1196 1955 1319 1995 rogati,
1339 1952 1562 1994 responderunt
1582 1952 1599 1992 (
1609 1952 1666 1993 7).

1088 2044 1154 2082 (6)
1172 2044 1263 2083 Consti.
1287 2043 1321 2073 B.
1346 2043 1419 2072 Tom.
1434 2043 1459 2072 1.
1480 2041 1572 2081 Confil.
1587 2044 1650 2073 288.

1091 2084 1146 2122 (7)
1172 2084 1198 2114 d.
1220 2083 1312 2123 Consti.
1333 2084 1398 2112 288.

1167 2175 1484 2228 QUARTL

1076 2426 1204 2489 ,ἐτέων
1218 2451 1220 2455 .
1236 2429 1348 2468 mik*
1598 2426 1608 2442 ὅ
1625 2430 1634 2453 ‘l

1096 2535 1102 2542 >.
1121 2493 1260 2546 KQ.
1279 2479 1293 2505 'n
1311 2470 1527 2549 fiszxfffs‘f?
1563 2470 1657 2555 ἴῗῇ

1072 2676 1201 2717 ᾋιῷ.
1297 2660 1355 2717 ff*
1384 2648 1469 2725 *1³2³

1750 3163 1951 3223 con-y
