2008 3436
212 121 651 168 OBSERVATioNUM
681 118 815 169 JURIS
847 116 1059 155 ROMANI
1106 117 1194 154 LIB.
1218 118 1306 156 VII.
1333 117 1462 164 *CAR
1489 119 1535 157 X.
1567 117 1630 156 XI.

30 208 222 254 permiserint.
268 206 320 240 De
343 205 469 248 singulis
492 213 575 237 nunc
596 210 660 235 non
687 197 841 246 ago‚·sed
864 208 894 231 a·

57 251 153 285 nosco
164 273 174 289 ,
197 249 324 282 Proculi
337 247 521 280 sententiam
537 256 553 277 a
569 241 894 289 Compositoribuses3

49 304 67 326 e
89 291 229 325 omiss'am
243 314 253 330 ‚
284 291 314 322 ἀ
335 288 396 322 esse
421 287 560 321 omifl'am
579 286 620 317 ob
640 292 794 316 rationem
819 291 895 314 novr

37 335 134 376 juris,
161 331 420 374 quemadmodum
449 329 595 362 sexcenta
611 349 631 373 ,ι
645 327 686 357 ob
705 324 834 370 eandem
853 333 897 355 ra-

36 376 176 413 tionem,
201 371 309 405 omiffa
321 370 399 404 sunt.
444 371 502 404 Sed
518 379 553 401 ea
568 366 897 414 omiffionnunquidra-

38 418 156 449 tionem
174 423 236 446 tem
261 414 325 445 oris
342 411 506 445 turbavit?
530 409 667 456 nunquid
683 418 740 447 iis,
766 417 836 453 quae
850 408 897 438 lu*

77 457 162 490 rsunt
183 478 194 495 ‚
225 455 320 487 aium
345 453 463 486 sensum
482 452 614 489 tribuit,
636 457 728 495 atque
748 450 825 481 olim
845 448 897 480 ha-

36 468 175 531 ggbant?
199 505 291 529 nemo
307 495 401 526 dicet.
447 493 619 530 Similiter,
641 500 676 522 ut
693 499 799 536 mrem
818 499 897 535 prte-

38 540 155 573 sentem
171 546 275 569 eamus
290 558 299 575 ‚
325 535 346 569 si
360 536 412 567 vel
427 534 644 567 Tribonianus
661 532 736 564 SCti
755 531 897 564 Claudia-

37 581 69 614 ni
89 579 279 613 mentionem
291 599 302 616 ,
324 587 341 609 a
358 577 526 610 Marciano
538 575 650 620 saetam
661 596 672 612 ,
694 580 823 615 propter
835 571 897 604 SC-

37 630 103 654 tum
117 621 300 661 abrogatum
320 617 509 655 induxiffct,
543 616 622 648 nilnl
640 616 670 646 ld
690 615 828 661 turbaret
852 623 896 645 re-

36 663 119 704 liqua
143 660 320 698 Marciani,
367 669 413 691 uae
432 657 615 700 supersunt,
646 657 675 688 &
695 655 837 694 fecisset,
864 660 898 685 ut

34 703 138 736 facere
155 703 263 745 potuit
291 702 322 734 δε
345 669 465 732 vdebuit.
511 699 594 732 Bene
613 698 710 740 igitur
725 696 789 736 est,
813 695 898 738 quod

649 793 1006 831 CAPUT

1733 123 1806 162 225·

936 197 1133 240 Pardulphus
1148 196 1290 239 Pratejus
1319 198 1492 245 Jurisprud.
1521 200 1631 232 Medioe
1660 196 1747 232 Libr‘.
1765 194 1807 228 11.

938 250 1003 282 quo
1024 247 1098 271 toto
1127 239 1226 272 Libro
1248 240 1402 282 onnffiones
1431 239 1603 272 Triboniani
1622 239 1809 282 castigavit,

938 291 1003 314 non
1027 280 1226 322 castigaverit
1255 290 1309 320 ea,
1333 291 1401 322 quae
1416 282 1614 322 praetermisit
1628 283 1670 314 ob
1686 279 1811 313 causam

940 323 1053 355 mutati
1076 323 1154 364 juris
1171 344 1183 361 ‚
1216 321 1256 354 fic
1281 323 1366 355 enim
1392 332 1456 354 non
1480 321 1614 354 sedecim
1631 322 1812 355 omisfiones

941 363 1097 404 notass'et,
1120 372 1155 395 ut
1173 373 1257 395 nunc
1273 364 1422 403 notavit,
1447 371 1479 395 at
1497 373 1662 396 numerum
1681 364 1743 395 fine
1754 371 1810 394 nu-

941 416 1038 440 mer0.
1093 405 1137 438 Et
1166 412 1268 437 tamen
1286 405 1317 437 in
1336 405 1383 437 his
1400 404 1487 447 ipsis,
1511 415 1581 446 quae
1597 404 1738 445 Pratejus
1755 412 1812 434 no·

942 449 1044 486 tavit,
1069 457 1140 479 eum
1159 456 1285 488 operam
1304 446 1411 478 ludere
1431 447 1514 478 reete
1531 445 1714 478 obser-vavrt
1731 444 1810 476 Gre-

941 489 1048 530 gorius
1068 489 1178 530 Lopez
1196 487 1406 530 Animadvenl'.
1423 487 1495 529 Jur.
1523 488 1613 519 civil.
1639 487 1670 518 C.
1689 487 1743 518 ult.

985 530 1086 570 Dixi,
1109 530 1195 571 quod
1220 528 1333 561 sufficit
1358 531 1396 562 ad
1410 528 1610 561 refutandum
1629 528 1784 560 emblema
1802 547 1813 564 ‚

940 581 1010 604 nam
1030 573 1081 603 hic
1095 580 1236 603 enarrare
1248 595 1257 610 ‚
1283 571 1337 612 qui
1355 572 1384 604 ὅ(
1401 570 1476 612 quid
1494 580 1617 603 veteres
1631 568 1812 611 scripserint:

939 613 978 644 de
998 613 1085 645 SCto
1114 612 1289 644 Claudiano
1308 634 1319 651 ,
1352 612 1381 644 &
1405 612 1458 653 qui
1480 614 1509 645 ὅ(
1525 612 1598 654 quid
1613 612 1651 642 de
1667 620 1706 642 eo
1723 619 1811 641 com-

940 655 1072 687 mentati
1100 652 1158 685 fint
1188 653 1396 695 interpretes,
1431 653 1461 684 id
1476 664 1555 687 vero
1574 652 1653 686 ess'et
1669 652 1763 694 plane
1779 660 1810 682 a-

940 695 1007 729 liud
1022 704 1113 738 agere
1124 718 1134 734 ,
1155 704 1248 736 quam
1263 704 1354 736 agere
1370 694 1531 728 constitui.

1103 792 1189 829 XI.

284 887 460 934 Explicata
484 883 525 926 ἐξ
552 885 593 920 ab
620 884 804 919 emblemate
828 883 995 918 vindicata
1019 883 1059 918 L.
1087 893 1143 929 30.
1171 880 1209 917 ff.
1238 880 1282 916 de
1309 881 1428 918 Liber.
1464 882 1556 918 caus.

130 996 172 1018 uo
189 992 300 1028 petunt
318 982 448 1016 eundem
466 981 625 1013 hominem
642 979 673 1011 in
698 977 894 1024 servitutem,
938 985 1036 1011 autem
1052 978 1092 1021 eft
1102 1003 1112 1018 ‚
1129 979 1240 1019 favore
1258 980 1406 1011 libertatis
1423 980 1545 1010 liberum
1562 981 1677 1022 quidem
1694 991 1758 1013 eum
1768 992 1809 1014 esu

40 986 127 1069 D
153 1035 282 1065 uterque
306 1024 466 1065 separatim
491 1024 521 1054 ὃς
548 1031 606 1063 pro
635 1029 728 1065 parte·
738 1020 865 1065 dimidia
885 1029 894 1058 ;
930 1021 986 1062 se,
1010 1021 1139 1062 compelli
1155 1027 1251 1052 autem
1264 1022 1357 1061 pretii
1366 1020 1418 1061 sui
1436 1026 1572 1060 partem,
1594 1023 1656 1053 viri
1678 1025 1743 1054 boni
1763 1034 1811 1054 ar-

39 1073 118 1103 alter
133 1068 254 1109 judicio
269 1065 387 1098 liberali
408 1063 527 1102 vincit,
553 1063 632 1093 alter
645 1061 804 1098 vincitur,
821 1067 895 1092 erit·
940 1064 1051 1093 bitratn
1067 1084 1078 1101 ‚
1111 1061 1218 1093 victori
1232 1062 1287 1103 fico
1307 1060 1455 1107 prestare.
1499 1062 1531 1093 Si
1551 1063 1605 1094 ille
1622 1072 1690 1095 Eoo
1708 1064 1745 1096 sit
1760 1065 1812 1105 Jua

41 1120 80 1144 ne
102 1110 198 1142 homo
221 1108 275 1140 ille
297 1116 336 1138 ex
358 1105 458 1136 altero
484 1103 602 1135 semiffe
618 1102 714 1142 liber,
739 1111 779 1133 ex
794 1102 895 1134 altero

41 1151 166 1188 servus,
187 1149 238 1180 vel
253 1147 327 1189 quid
344 1155 410 1178 tum
429 1145 534 1187 postea
546 1145 563 1176 ἱ)
587 1144 725 1189 Julianus
749 1143 834 1175 Libr.
853 1142 893 1173 V.

39 1203 76 1226 ex
92 1190 218 1223 Minicio
241 1189 272 1220 in
295 1190 322 1220 d.
349 1189 370 1219 l.
390 1197 439 1229 30.
465 1186 508 1218 ait
525 1185 806 1218 commodislimum
822 1183 894 1221 ess'c,

38 1243 67 1265 eo
82 1241 165 1274 usque
183 1232 247 1274 cogi
263 1230 386 1272 Judices
397 1251 408 1267 ,
431 1229 517 1259 donec
535 1227 725 1268 consentiant.
769 1225 812 1257 Et
828 1235 894 1266 per-

37 1274 99 1316 git:
124 1271 153 1312 fi
175 1274 206 1304 id
227 1282 284 1304 non
307 1272 477 1312 continget,
501 1269 640 1300 Sabinum
654 1268 781 1308 refertur
797 1265 894 1306 existi-

37 1314 120 1356 maffe
131 1337 142 1353 ,
164 1315 229 1345 duci
239 1314 359 1354 servum
377 1313 475 1342 dehere
492 1312 528 1342 ab
544 1321 574 1342 eo
585 1332 598 1348 ,
620 1310 669 1351 qut
684 1308 795 1349 viciffet
806 1330 816 1347 ,
834 1308 896 1339 hoc

37 1354 83 1388 est
94 1378 106 1394 ,
138 1355 297 1387 hominem
313 1376 323 1393 ,
355 1352 392 1384 de
413 1361 476 1394 quo
495 1352 615 1394 agitur,
639 1360 680 1382 ex
697 1349 757 1382 asse
774 1349 896 1381 servum

37 1396 117 1436 esse,
151 1397 180 1428 ὅ(
201 1406 218 1428 a
244 1394 365 1427 vistore
389 1402 535 1435 oportere
550 1394 616 1424 duci
627 1414 638 1430 ,
660 1393 692 1424 in
714 1391 895 1423 servitutem

38 1437 183 1477 scilicet,
215 1438 310 1472 ἓλκιοὶς
335 1437 366 1467 n'.
390 1436 493 1465 &mma
509 1458 519 1474 ‚
543 1434 584 1466 fic
600 1433 684 1464 enim
703 1432 784 1464 recte
799 1432 896 1463 vertit

37 1478 227 1512 scholiastes
243 1475 375 1510 Graecus
393 1475 430 1508 ad
452 1474 569 1515 Bafilic.
596 1475 635 1507 L.
654 1473 805 1507 XLVIII.
835 1472 893 1505 Tit.

38 1518 127 1552 VllI.
173 1519 204 1551 C.
253 1529 283 1551 0.
328 1518 414 1551 Mox
436 1516 573 1558 sequitui·
594 1517 625 1548 in
647 1516 674 1547 d.
698 1516 718 1547 l.
741 1525 792 1557 30.
817 1515 896 1557 cujus

28 1560 184 1604 fintentiae
206 1559 224 1602 (
252 1559 401 1591 abinianae
418 1558 559 1600 nempe)
595 1556 700 1599 Coffius
718 1566 822 1599 quoque
839 1555 897 1599 est,

38 1601 76 1638 δ’
89 1612 140 1645 ego
145 1602 223 1643 sum.
266 1600 423 1642 Julianum
440 1600 502 1632 hoc
519 1599 558 1631 de
574 1597 604 1631 se
622 1599 791 1640 praedicare
810 1598 896 1630 adfir-

35 1652 103 1677 mat
120 1641 309 1677 Scholiastes
336 1640 468 1673 Graecus
491 1640 527 1672 ad
549 1641 577 1672 d.
602 1641 653 1672 loc.
679 1639 841 1672 adfirmant
863 1649 895 1671 o-

35 1693 145 1725 mnes,
175 1691 331 1726 quotquot
354 1683 417 1714 vidi
435 1706 445 1722 ,
469 1681 670 1724 Interpretes.
716 1681 786 1722 Ego
805 1680 895 1714 subfi-

34 1724 107 1765 st0,
139 1726 169 1759 &
193 1725 298 1768 potius
322 1732 432 1756 contra
456 1731 554 1765 puto,
579 1730 615 1755 ut
628 1733 706 1756 mox
724 1722 894 1768 expediam.

34 1765 137 1809 Igitur
151 1767 199 1799 illi
215 1766 482 1808 pronunciabant,
508 1765 667 1797 hominem
691 1766 722 1797 in
743 1773 778 1795 ea
795 1765 896 1806 ipecie

35 1816 76 1840 ex
91 1808 152 1840 affe
167 1806 289 1840 servum
314 1816 459 1845 manere,
488 1816 552 1839 non
570 1815 610 1838 ex
629 1805 746 1838 semisse
766 1805 895 1837 liberum

35 1848 114 1883 fieri.
160 1849 205 1881 Et
218 1850 293 1890 jane
307 1871 320 1888 ,
348 1858 418 1890 quae
443 1848 524 1880 ratio
550 1847 688 1889 priorem
712 1847 896 1880 sententiam

35 1890 157 1933 excipit
167 1913 179 1930 ,
199 1891 355 1922 ridiculum
372 1888 413 1931 est
427 1890 590 1928 arbitrari,
615 1899 677 1920 eum
690 1895 744 1930 pro
759 1894 846 1929 parte
854 1890 897 1920 di-

34 1933 128 1964 midia
145 1933 232 1970 duci,
255 1937 308 1972 pro
324 1937 411 1972 parte
431 1931 594 1962 libertatem
614 1931 676 1973 ejus
689 1932 774 1961 tueri.
819 1929 896 1962 Non

59 1973 156 2006 lacuit
177 1972 299 2005 scilicet
326 1972 399 2013 jure
421 1972 587 2009 Romano,
613 1980 648 2003 ut
665 1970 730 2003 scio
747 1969 897 2013 placuiss'e

34 1981 106 2055 fure
127 2014 282 2056 judaico,
314 2023 354 2045 ex
378 2021 466 2055 parte
490 2023 582 2054 quem
607 2013 668 2045 esse
688 2011 831 2053 servum,
855 2023 895 2045 ex

93 2063 124 2087 te
143 2054 292 2095 liberum,
317 2055 347 2088 ὅ(
360 2065 424 2087 non
441 2053 591 2096 placuisse
613 2065 629 2086 a
652 2063 741 2096 paret
761 2064 801 2086 ex
823 2054 844 2086 I.
863 2065 892 2092 9.

36 2063 120 2138 §.³12
151 2098 184 2128 in
201 2095 258 2136 fin.
287 2098 336 2128 boc
364 2097 425 2130 Tit.
446 2096 482 2132 ὅ)
504 2097 524 2128 l.
549 2105 600 2138 3¹·
647 2121 653 2127 .
679 2105 704 2128 1.
724 2095 766 2137 ff.
790 2097 823 2127 de
846 2095 896 2128 Fi-

36 2138 182 2169 deicomm.
213 2137 340 2169 libertot.
384 2136 564 2170 Monstrum
589 2137 725 2169 hominis
742 2136 788 2169 est
806 2136 894 2169 semi-

36 2177 117 2210 liber
133 2178 163 2210 &
179 2176 367 2211 semiservus.
414 2179 548 2210 Romani
568 2179 664 2220 igitur
679 2178 731 2210 vel
747 2188 805 2219 pro
822 2177 894 2210 soli-

35 2218 75 2250 da
104 2218 249 2251 libertate
264 2240 276 2257 ,
305 2220 357 2251 vel
371 2229 428 2260 pro
447 2218 544 2251 solida
559 2218 711 2252 servitute
730 2219 895 2261 responde.

37 2259 121 2292 bant.
166 2259 226 2291 Sed
241 2259 308 2291 baec
323 2262 404 2291 ratio
420 2261 505 2291 valet
522 2261 553 2292 in
572 2268 672 2292 utram
696 2270 734 2291 ue
754 2269 896 2303 partem,

37 2307 101 2332 tam
127 2300 301 2340 libertatis,
357 2311 426 2333 uam
457 2299 626 2333 servitutis.
701 2311 775 2333 ccur
798 2303 895 2343 igitur

35 2341 186 2380 Sal-inus,
204 2341 322 2374 Caffius
382 2342 435 2374 ille
459 2351 526 2374 EGO
542 2342 574 2374 in
589 2341 895 2384 servitutem‚quam

33 2382 267 2422 in'giibertatem
297 2384 448 2430 integram
480 2391 567 2415 erant
597 2384 834 2425 procliviores?
857 2385 896 2416 ad

33 2424 212 2470 exemplum
235 2422 322 2456 forte
351 2434 416 2465 ejus
441 2425 539 2465 juris,
564 2435 628 2466 quo
645 2425 722 2457 olim
740 2425 895 2467 plerisque

57 2466 154 2497 lacu1t
178 2466 211 2497 in
238 2464 329 2497 servo
353 2466 513 2497 communi
540 2465 740 2505 manumiffo,
773 2476 809 2498 ut
827 2477 896 2509 pars

54 2506 151 2539 omini
172 2507 422 2539 manumittentis
450 2507 580 2538 domino
596 2517 660 2539 non
675 2506 896 2540 manumitten-

33 2547 60 2579 ti
85 2546 280 2596 adcresceret
297 2571 308 2587 ‚
343 2547 606 2588 quemadmodum
624 2548 663 2580 de
679 2558 718 2580 eo
733 2548 801 2588 J'ure
821 2559 895 2581 con-

32 2586 92 2620 stat
115 2597 155 2620 ex
182 2588 269 2621 Pauli
294 2588 426 2621 Sentent.
458 2589 497 2620 L.
522 2589 576 2620 IV.
607 2589 638 2621 T.
664 2600 711 2621 12.
737 2590 765 2632 §.
787 2599 814 2622 1.
839 2590 894 2623 Ul-

31 2629 116 2671 piani
134 2629 252 2673 Fragm.
280 2630 315 2663 T.
333 2630 357 2662 Ι.
382 2629 469 2672 §.18.
497 2629 525 2672 §.
544 2631 600 2662 ult.
625 2629 697 2672 [nst.
720 2633 754 2663 de
779 2631 890 2663 Donat.

33 2670 70 2706 ἃ
90 2670 111 2703 Ζ.
135 2680 161 2703 1.
180 2677 230 2712 pr.
254 2671 290 2707 δ’
313 2671 340 2713 §.
364 2673 418 2703 ult.
453 2672 484 2703 C.
510 2673 543 2702 de
568 2672 714 2704 Conzmun.
726 2673 807 2714 ser-v.
832 2683 892 2704 ma-

30 2722 110 2744 num.
154 2712 283 2745 Fortior
299 2712 421 2745 scilicet
439 2712 504 2744 visa
520 2712 564 2744 est
579 2714 680 2753 ratio,
700 2724 739 2745 ne
757 2714 827 2755 quis
844 2714 889 2746 in-

30 2752 118 2785 vitus
145 2763 179 2786 re
200 2753 253 2785 sua
276 2763 380 2785 carere
405 2762 556 2795 cogatur,
589 2764 681 2796 quam
697 2755 799 2794 ratio,
823 2765 893 2797 quae

30 2793 171 2835 alioquin
187 2794 324 2826 libertati
338 2794 475 2827 favebat.
520 2796 573 2828 Sic
589 2795 731 2836 placuit,
755 2797 893 2838 inquam,

23 2835 170 2876 plerisque
189 2858 199 2873 ,
230 2845 300 2867 nam
326 2836 407 2867 inter
433 2844 555 2868 veteres
576 2837 657 2877 Juris
682 2837 835 2870 Auetores
858 2847 894 2870 ea

30 2876 70 2907 de
93 2884 127 2907 re
154 2874 248 2907 fuiss‘e
272 2875 436 2908 diffensum
453 2901 463 2916 ‚
496 2878 648 2919 quicquid
666 2878 718 2910 alii
735 2880 892 2911 contradi-

32 2925 125 2955 cant,
148 2915 250 2957 palam
265 2916 382 2948 indicat
403 2919 433 2949 d.
457 2918 477 2950 l.
506 2928 532 2950 1.
552 2924 600 2958 pr.
630 2920 660 2951 C.
684 2921 717 2951 de
743 2921 891 2952 Commun.

23 2957 104 3000 serv.
128 2965 256 3002 manum.
300 2956 349 2989 Ad
371 2959 548 2999 exemplum
571 2959 638 2999 ejus
653 2961 730 3001 juris
753 2963 783 2994 ἃ
799 2961 866 3002 ejus
881 2985 892 3001 ,

33 3007 125 3041 quam
142 2997 228 3036 dixi,
250 2998 402 3037 rationis,
434 3001 529 3031 etiam
546 3000 694 3040 placuiffe
709 3003 824 3044 opinor
840 3003 893 3035 Sa-

29 3040 127 3078 bino,
151 3037 259 3084 *Caffio
279 3038 310 3070 &
331 3038 378 3070 illi
403 3048 484 3084 ερο,
505 3048 560 3080 ut,
583 3041 605 3072 fi
621 3042 700 3074 alter
715 3044 823 3075 vincat
844 3044 890 3084 J'u-

31 3080 118 3113 dicio
137 3079 274 3119 liberali,
297 3079 377 3112 alter
392 3088 559 3120 vincatur,
594 3089 681 3115 totus
697 3083 794 3116 homo
812 3094 830 3116 a
845 3086 892 3116 vi-

31 3122 120 3153 {tore
139 3120 306 3152 duceretur
332 3120 365 3152 in
387 3118 581 3154 servitutem.
636 3123 784 3156 Attamen
809 3126 839 3157 in
861 3127 889 3157 d.

31 3163 51 3195 l.
69 3172 119 3204 32.
144 3171 236 3207 quam
251 3171 334 3208 nunc
349 3162 560 3208 explicamus,
583 3173 659 3196 mox
676 3164 814 3197 succedit
827 3165 891 3198 sen—

31 3204 150 3276 tenztia,
179 3212 278 3277 priori
300 3211 475 3243 contraria,
499 3203 548 3236 his
572 3205 694 3237 verbis:
717 3207 892 3239 Commodius

101 3253 154 3276 om.

940 1103 1058 1143 liunus,
1083 1104 1122 1134 de
1146 1112 1210 1143 quo
1234 1103 1330 1134 video
1350 1111 1433 1134 intel·
1450 1111 1560 1134 omnes
1576 1104 1740 1143 constare,
1764 1115 1810 1136 re-

938 1144 986 1176 cie
1005 1144 1154 1185 Cujacius
1171 1144 1208 1175 ad
1231 1144 1274 1176 L.
1301 1143 1361 1176 XI.
1388 1144 1525 1185 Responfi
1562 1144 1632 1185 Jul.
1657 1145 1688 1177 in
1712 1146 1732 1176 l.
1760 1157 1811 1184 29-

933 1185 972 1227 ff.
998 1187 1032 1217 de
1055 1186 1180 1226 Except.
1205 1188 1247 1217 rei
1267 1186 1362 1228 judic.
1396 1186 1494 1216 videri
1512 1184 1617 1227 potest
1634 1186 1812 1228 colligere,

939 1227 1024 1259 illam
1044 1250 1055 1267 ‚
1090 1236 1182 1269 quam
1207 1228 1260 1259 hic
1283 1226 1413 1258 exhibui
1431 1248 1443 1264 ,
1467 1226 1636 1258 clausulam
1665 1238 1730 1260 non
1750 1228 1815 1260 ess'e

939 1269 1051 1309 Juliani
1072 1293 1082 1309 ‚
1114 1277 1187 1300 cum
1209 1278 1245 1300 ea
1271 1267 1419 1300 retraCtet
1447 1266 1632 1300 sententiam
1650 1269 1754 1302 Sabini
1780 1270 1816 1302 δι’

940 1309 1030 1341 Cassii
1041 1320 1154 1353 Lquam
1170 1310 1235 1351 ipse
1253 1309 1394 1351 Julianus
1415 1307 1457 1341 fic
1475 1309 1517 1342 fic
1534 1310 1738 1352 probaverat.
1751 1311 1817 1343 Ec·-

939 1351 1029 1391 cujus
1048 1359 1122 1383 tunc
1141 1352 1203 1383 erit
1215 1352 1233 1384 ἓ)

983 1393 1041 1424 ille
1056 1392 1120 1435 ipse
1139 1392 1305 1434 Cujacius,
1331 1399 1394 1426 tam
1411 1393 1444 1426 in
1458 1392 1564 1427 Parat.
1578 1394 1712 1437 quamin
1730 1395 1819 1427 Com-

937 1439 1025 1466 ment.
1049 1432 1122 1476 post.
1150 1434 1187 1466 ad
1219 1435 1278 1467 Tit.
1311 1436 1343 1467 C.
1367 1437 1401 1467 de
1419 1436 1564 1468 Comnzun.
1575 1438 1659 1478 serv.
1681 1447 1815 1470 manum.

937 1474 1114 1515 existimat,
1140 1476 1172 1508 id
1189 1476 1275 1518 quod
1293 1476 1467 1517 Justiniano
1487 1478 1608 1518 placuit
1624 1478 1656 1510 in
1679 1479 1699 1510 l.
1723 1487 1749 1511 1.
1782 1479 1813 1511 d.

942 1517 1002 1549 Tit.
1025 1525 1061 1549 ut
1077 1527 1189 1559 nempe
1209 1517 1316 1550 servus
1330 1519 1527 1559 communis,
1559 1519 1597 1550 ab
1616 1528 1682 1551 uno
1699 1529 1741 1552 ex
1757 1520 1817 1551 do-

940 1559 1034 1592 minis
1049 1558 1252 1592 manumissus
1263 1583 1273 1599 ,
1297 1560 1442 1602 protinus
1459 1560 1514 1592 fiat
1531 1561 1630 1600 liber,
1654 1560 1677 1594 fi
1691 1569 1815 1603 partem

942 1600 987 1633 sui
1019 1601 1113 1647 pretii
1142 1609 1286 1633 numeret
1304 1601 1436 1633 domino
1455 1611 1519 1634 non
1538 1602 1777 1634 manumittenti
1798 1625 1814 1642 ,

941 1642 992 1681 id,
1017 1651 1165 1683 inquam,
1189 1642 1424 1675 Tritonianum
1443 1642 1613 1675 traduxisse
1629 1643 1666 1675 ad
1675 1642 1819 1685 speciem.

939 1684 1025 1727 hujus
1047 1684 1066 1715 l.
1088 1694 1139 1726 30.
1166 1684 1196 1716 δε
1210 1691 1376 1725 propterea
1389 1684 1420 1716 ei
1434 1684 1579 1724 adjecisse
1589 1685 1696 1724 illam,
1717 1694 1814 1727 quam

938 1725 1085 1767 proxime
1114 1725 1269 1764 recitavi,
1303 1724 1490 1765 clausulam,
1537 1727 1644 1758 raelata
1660 1726 1703 1758 fic
1722 1725 1815 1758 causa

938 1766 1103 1799 libertatis.
1151 1765 1335 1807 Cujacium‚
1357 1774 1392 1798 ut
1409 1767 1466 1806 fit,
1492 1768 1545 1799 aii
1561 1766 1742 1809 sequuntur.
1759 1767 1814 1808 ,E-

938 1818 999 1855 go,
1024 1817 1080 1839 cur
1095 1817 1161 1840 non
1174 1806 1298 1850 sequar,
1322 1809 1376 1840 has
1399 1807 1478 1840 habe
1501 1809 1648 1841 rationes.
1694 1808 1814 1841 Diver-

940 1852 969 1882 la
990 1850 1125 1891 primum
1153 1850 1259 1881 utrobi
1284 1858 1323 1881 ue
1348 1848 1468 1891 species
1498 1850 1561 1890 est,
1587 1850 1647 1882 alia
1660 1850 1699 1882 de
1718 1849 1813 1882 servo

939 1891 1099 1923 communi
1122 1892 1259 1923 manumi
1288 1900 1332 1929 o,
1355 1891 1415 1922 alia
1430 1891 1469 1922 de
1493 1891 1609 1930 servo,
1631 1892 1747 1933 partim
1765 1891 1814 1924 vi-

938 1933 1044 1971 dore,
1068 1933 1183 1973 partim
1200 1932 1297 1964 vitto.
1349 1932 1533 1965 Similitudo
1556 1933 1601 1964 est
1620 1942 1693 1964 cum
1710 1933 1812 1965 maxi-

939 1984 989 2006 ma
1005 1974 1088 2005 inter
1113 1981 1278 2015 utramque
1304 1972 1457 2014 speciem,
1484 1973 1535 2006 sed
1554 1974 1623 2016 quis
1640 1982 1713 2005 tuto
1734 1974 1812 2007 defi-

938 2015 1076 2054 niverit,
1101 2015 1172 2046 ideo
1188 2015 1227 2046 de
1252 2022 1384 2056 utraque
1401 2015 1483 2047 idem
1501 2015 1671 2047 dicendum
1691 2014 1752 2048 effe
1767 2016 1814 2056 iu-

938 2066 972 2089 re
988 2066 1061 2088 cum
1085 2056 1209 2096 veteri,
1245 2064 1313 2088 tum
1337 2057 1454 2088 novo?
1484 2056 1610 2089 Deinde
1625 2056 1657 2088 in
1678 2057 1706 2089 d.
1733 2057 1754 2089 l.
1782 2066 1815 2089 1.

938 2099 967 2140 §.
987 2107 1018 2140 5.
1044 2098 1075 2130 C.
1099 2099 1133 2129 de
1162 2098 1309 2130 Commun.
1325 2096 1407 2139 serv.
1441 2108 1567 2130 manum.
1592 2097 1732 2139 pretium
1749 2097 1814 2130 ser-

937 2140 992 2178 vi,
1022 2149 1061 2171 ne
1085 2140 1242 2171 incertum
1266 2138 1304 2171 fit
1320 2162 1330 2178 ,
1362 2138 1492 2180 praecise
1517 2139 1668 2171 definitur
1685 2139 1812 2171 ratione

937 2181 1040 2213 aetatis
1057 2181 1195 2219 &artis‚
1220 2180 1253 2213 in
1284 2180 1312 2212 h.
1346 2180 1366 2212 l.
1420 2191 1450 2213 0.
1483 2179 1649 2222 praestatur
1674 2181 1740 2212 boni
1763 2182 1812 2212 vi-

935 2224 964 2254 ri
983 2223 1151 2260 arbitratu,
1168 2231 1237 2263 quae
1255 2221 1367 2262 utique
1415 2221 1554 2254 ifferunt.
1599 2221 1678 2261 Sed,
1702 2231 1810 2263 quam-

930 2273 1030 2305 -quam
1057 2264 1089 2295 δι
1115 2263 1183 2295 haee
1213 2271 1382 2302 moveant,
1407 2264 1505 2305 magis
1525 2272 1628 2295 tamen
1645 2272 1780 2295 moveor
1796 2287 1811 2303 ,

931 2305 1024 2346 -quod
1048 2305 1078 2336 δε
1100 2304 1132 2337 in
1153 2304 1315 2336 Pandectis
1339 2305 1411 2336 aliae
1429 2312 1599 2336 occurrant
1616 2303 1751 2345 species,
1776 2304 1812 2337 in

937 2346 1049 2387 quibus
1064 2346 1166 2387 palam
1180 2345 1347 2377 definitum
1361 2344 1425 2385 est,
1451 2345 1649 2383 libertatem,
1666 2355 1737 2386 quae
1747 2345 1809 2378 ser-

936 2396 980 2418 vo
997 2396 1036 2418 ex
1051 2395 1140 2428 parte
1149 2391 1531 2428 competebat,0portere
1547 2387 1701 2427 integram
1718 2387 1809 2426 dari,

936 2427 958 2460 fi
974 2429 1068 2470 pretii
1087 2427 1130 2460 sui
1147 2436 1270 2470 partem
1289 2427 1403 2460 offerat
1419 2428 1562 2460 dofnino.
1606 2428 1658 2460 Sic
1673 2427 1719 2459 est
1727 2428 1819 2470 apud'

937 2468 1109 2510 Ulpianum
1132 2470 1165 2505 in
1194 2469 1214 2501 l.
1242 2474 1290 2503 18.
1318 2476 1365 2510 pr.
1386 2469 1428 2511 ff.
1453 2471 1487 2501 de
1512 2469 1608 2512 Vulg.
1633 2469 1670 2504 &³
1691 2469 1807 2510 Pupill.

928 2510 985 2551 stab
1013 2535 1020 2542 .
1053 2510 1093 2542 fic
1119 2510 1201 2552 apud
1225 2510 1419 2543 Marcellum
1444 2511 1476 2542 in
1505 2510 1525 2542 l.
1550 2514 1597 2542 16.
1625 2510 1668 2552 ff.
1691 2511 1726 2542 de
1749 2511 1808 2543 SC.

940 2551 972 2583 Si
986 2562 1036 2584 an.
1081 2551 1260 2592 Utrobique
1278 2553 1424 2593 aequitatis
1437 2553 1568 2591 ratione,
1595 2551 1642 2590 dt,
1667 2552 1759 2594 plane
1770 2559 1809 2582 ut

936 2592 968 2624 in
991 2592 1021 2624 h.
1047 2593 1066 2624 l.
1090 2603 1140 2635 30.
1157 2593 1269 2633 favore
1293 2594 1456 2632 libertatis,
1482 2592 1588 2625 servus
1604 2602 1644 2625 ex
1662 2593 1723 2624 affe
1734 2602 1808 2634 pro-

935 2634 1104 2666 nunciatur
1128 2634 1228 2672 liber,
1262 2633 1302 2673 fi,
1328 2644 1387 2675 qua
1404 2634 1499 2666 restat
1519 2632 1644 2673 servus,
1669 2634 1809 2675 pretium

934 2673 979 2707 sui
996 2676 1208 2707 numeraverit
1223 2675 1363 2707 domino.
1382 2675 1454 2708 Nec
1471 2675 1563 2706 aliter
1579 2674 1807 2716 Papinianovi-

935 2714 1001 2747 sum
1025 2716 1070 2749 est
1094 2717 1127 2749 in
1157 2716 1179 2749 l.
1205 2726 1256 2753 29.
1279 2716 1319 2758 ff.
1343 2718 1376 2747 de
1399 2717 1525 2756 Except.
1550 2717 1593 2747 rei
1608 2717 1704 2758 judic.
1730 2724 1805 2747 cum

936 2758 981 2789 ait
999 2758 1029 2789 in
1044 2757 1102 2798 fin.
1117 2760 1217 2799 princ.
1246 2757 1370 2789 duobus
1394 2757 1557 2797 separatim
1577 2756 1760 2797 agentibus,
1784 2755 1808 2788 fi

937 2799 1016 2830 alter
1032 2800 1192 2838 obtinuit,
1216 2798 1367 2829 libertates
1393 2802 1570 2837 competere,
1589 2799 1634 2827 ita
1656 2802 1753 2828 tamen
1769 2803 1805 2828 ut

936 2839 1024 2882 officio
1046 2841 1157 2883 judicis
1185 2840 1376 2870 indemnitati
1399 2838 1521 2869 vietoris
1540 2859 1552 2876 ,
1568 2838 1672 2878 futuri
1692 2847 1727 2869 ue
1744 2848 1805 2869 ma-

936 2881 1096 2922 nmmfforis
1115 2880 1291 2921 consulatur.
1337 2879 1418 2924 Quae
1436 2876 1501 2918 ipsa
1519 2877 1638 2919 species
1657 2887 1674 2909 e
1711 2879 1743 2911 in
1751 2888 1807 2911 no-

935 2921 996 2954 stra
1018 2924 1040 2955 l.
1063 2932 1113 2964 30.
1141 2923 1171 2953 ὄῑ
1186 2920 1250 2961 ipsa
1267 2919 1531 2959 jurisprudentia,
1548 2928 1640 2960 quam
1657 2920 1806 2961 expreffit

935 2965 1066 2997 imam„
1094 2963 1127 2993 in
1149 2961 1224 3002 vers.
1251 2961 1438 2992 Commodius.
1483 2959 1569 3005 Quin
1598 2959 1620 2992 fi
1637 2961 1690 2993 vel
1709 2960 1807 3001 ipsam

934 3002 1180 3037 manumissionis
1196 3000 1318 3032 causam
1338 3000 1535 3045 intueamur,
1560 3002 1657 3033 etiam
1674 3001 1808 3043 anteJu-

935 3045 1101 3078 stinianum
1119 3041 1197 3074 illud
1211 3041 1261 3081 jus
1281 3039 1498 3079 accrescendi,
1522 3042 1611 3082 cujus
1630 3042 1672 3075 fic
1697 3044 1807 3075 memi-

933 3087 984 3124 ni,
1009 3084 1091 3126 apud
1108 3092 1218 3115 omnes
1235 3081 1317 3121 Juris
1332 3081 1486 3113 Auctores
1503 3092 1567 3114 non
1587 3093 1677 3122 aeque
1690 3085 1806 3124 valuit,

934 3135 1005 3159 nam
1029 3133 1104 3156 ecce
1127 3123 1251 3165 egregie
1281 3122 1429 3154 cordatus
1452 3122 1550 3155 homo
1577 3124 1675 3156 Catus
1701 3125 1808 3158 AElius

934 3168 1050 3200 Sextus
1064 3164 1229 3203 definivit,
1251 3163 1353 3195 altero
1372 3162 1460 3195 socio
1476 3166 1740 3206 manumittente,
1764 3167 1810 3199 al-
1844 3183 1848 3185 ·

935 3216 1037 3242 terum
1061 3215 1118 3279 pel}
1133 3204 1319 3278 fPraetorem
1345 3205 1524 3246 compelli,
1560 3214 1594 3239 ut
1618 3216 1722 3249 partes
1739 3207 1809 3252 suas

1734 3258 1813 3281 ven-
