2008 3436
265 110 555 162 QUAEsT.
616 109 852 163 JURIS
905 109 1269 160 PRIVAT1‚
1321 113 1630 161 L1n.1v.c.11.

668 250 1031 288 CAPUT

1758 138 1832 177 429

1133 250 1197 289 11.

38 339 210 387 Ecquando
236 352 338 378 naves
362 352 541 387 mercesque
565 339 824 388 Afficuratorum
846 341 988 387 periculo
1014 339 1073 389 effe
1100 342 1262 388 incipiant
1288 341 1331 384 ὅς’
1354 343 1499 390 definant
1516 345 1535 381 ἓ
1573 347 1608 382 Si
1633 351 1739 394 plures
1755 352 1833 398 fing-

85 389 332 438 aſjecuratores‚
352 404 395 428 an
420 390 620 438 aſjecuratus
640 389 756 438 justit,
781 401 871 436 quem
896 392 975 427 velit
992 419 1002 436 ,
1027 392 1159 437 exigere
1178 418 1187 434 ,
1226 391 1290 434 ὃ),
1315 406 1406 440 quem
1431 395 1512 431 velit
1539 396 1700 434 dimittere
1718 402 1734 434 i>
1775 405 1830 439 An

84 441 183 475 unius
208 440 431 488 qffbcuratoris
455 438 568 481 davala
593 441 726 486 reliquis
752 448 886 483 noceat,
911 442 965 476 vel
983 440 1111 488 profit?
1136 440 1410 490 ‚Quemadmodum
1427 444 1646 492 afficuratus‚
1673 451 1830 495 pendente

81 491 249 536 periculo,
273 490 367 539 poffit
390 501 506 526 cavere
525 516 535 532 ,
562 502 602 526 ne
624 489 692 536 fibi
707 492 828 534 [noceat
853 489 967 532 02ngoe
991 490 1231 538 aſjbcuratoris.

1287 493 1459 530 Contraria
1481 494 1725 542 afficurationis
1750 502 1831 536 attio

85 538 132 585 est
157 540 201 575 ad
215 543 380 586 premium
396 565 407 582 ,
435 538 477 579 δ’
501 551 559 586 quo
585 547 723 587 tempore
750 541 785 574 ul
803 538 852 585 sit
867 541 1057 588 Jblvendum
1073 567 1082 583 ‚
1114 538 1155 579 ὅ)
1181 553 1242 586 an,
1261 541 1294 587 fi
1315 542 1429 588 statim
1454 556 1514 580 non
1533 545 1717 592 solvatur,
1751 548 1833 595 affi-

83 592 279 624 curationem
307 589 469 638 rescindat
487 589 505 624 :²
545 589 679 627 Praenzii
704 591 784 627 attio
809 601 869 625 non
893 603 960 627 rem
985 588 1200 637 affecuratam
1227 618 1238 636 ,
1268 590 1334 638 fid
1351 592 1520 641 perfimam
1546 596 1708 634 duntaxat
1734 598 1833 634 haber

82 639 270 685 obligatam.

129 736 150 768 d
172 736 466 778 interpretationem
494 737 524 770 ὅς
549 735 697 780 61ἲ6ᾃ11111
717 736 810 769 factae
831 737 906 770 asse-

2 791 3 794 *
151 779 325 811 curationis
344 778 422 811 scire
441 778 561 818 refert,
585 788 626 811 ex
643 788 706 821 quo
734 779 907 820 periculum

33 822 67 854 111
95 820 355 853 311661113110116111
388 821 546 860 transeat,
572 821 602 852 &
650 821 752 852 uando
775 821 905 854 delinat.

33 861 88 895 De
109 861 267 895 mercibus
287 862 422 905 primum
447 863 607 901 dicamus,
654 862 744 894 cinde
765 861 804 893 de
819 863 905 895 navi-

2 943 6 946 *
33 904 102 936 bus.
147 903 198 935 De
214 904 372 936 mercibus
398 905 442 936 ait
464 904 491 946 §.
522 913 569 936 11.
596 904 636 936 R.
665 903 707 936 V.
731 913 834 935 carum
855 913 908 946 pe-

32 945 170 978 riculum
189 944 226 976 ad
249 945 490 977 ass'ecumtorcm
516 947 672 984 pertinere
700 955 742 977 ex
766 953 909 986 tempore

33 987 66 1019 δε
82 987 119 1018 30
136 995 280 1027 tempus,
304 988 387 1028 quod
404 988 579 1028 express‘um
602 987 665 1026 cst,
691 988 721 1019 ἀ
737 995 814 1019 mox
830 986 906 1019 defi-

31 1029 100 1067 nit,
121 1028 196 1070 quid
211 1027 308 1068 juris,
330 1028 350 1061 fi
369 1029 447 1061 nihil
477 1029 512 1061 fit
529 1029 718 1069 express'um.
764 1027 904 1069 Reliquae

32 1070 118 1112 leges
139 1069 179 1101 de
204 1068 483 1102 affecurationibus
506 1071 598 1111 pauo
632 1077 798 1102 convento
823 1069 905 1101 nihil

32 1113 201 1152 quicquam
229 1110 371 1143 tribuunt
390 1135 400 1151 ‚
433 1120 468 1143 ut
492 1121 595 1153 neque
625 1111 904 1146 Rotterdammen-

31 1154 108 1187 fium
123 1153 208 1193 leges
222 1161 316 1184 novae
335 1152 363 1193 §.
385 1156 438 1193 46.
461 1153 494 1185 Si
511 1162 630 1186 merces
650 1153 709 1185 fint
725 1152 905 1185 ass'ecuratae

31 1196 70 1228 ab
85 1194 187 1226 altero
203 1201 297 1235 portu
314 1194 353 1225 ad
371 1196 506 1226 alterum
518 1219 526 1233 ‚
553 1205 590 1227 ex
606 1194 635 1236 §.
656 1204 705 1237 13.
725 1193 797 1226 LL.
818 1193 906 1225 Nau·

33 1238 85 1270 τῖε.
111 1235 172 1267 Tit.
197 1234 268 1267 Vll.
291 1236 466 1276 periculum
486 1237 524 1267 ad
545 1236 784 1268 all'ecuratorem
808 1235 903 1276 perti-

29 1286 86 1312 net
101 1287 142 1309 ex
166 1285 330 1317 tempore,
354 1287 418 1318 quo
436 1287 554 1310 merces
583 1278 616 1310 in
643 1287 756 1309 navem
779 1276 904 1318 impoli-

33 1328 76 1352 tae
99 1318 190 1356 sunt,
212 1319 241 1350 ὃ(
261 1328 302 1349 ex
324 1318 351 1361 §.
383 1328 430 1350 12.
457 1319 493 1355 &³
514 1330 566 1362 35.
588 1329 628 1351 ex
654 1327 814 1360 tempore,
839 1327 903 1360 quo

32 1370 154 1394 merces
173 1359 294 1401 scaphae
309 1384 317 1398 ‚
343 1369 412 1402 quae
433 1362 470 1393 ad
494 1371 606 1393 navem
619 1360 825 1399 deferuntur,
845 1362 902 1391 im-

30 1403 143 1446 politae
163 1401 232 1434 sunt
247 1425 257 1441 ‚
280 1400 331 1434 sed
355 1412 396 1434 ex
411 1402 439 1444 §.
460 1413 490 1443 4.
514 1402 556 1434 A.
575 1402 602 1444 §.
625 1412 672 1434 11.
692 1402 740 1434 M.
766 1411 804 1434 ex
825 1410 902 1433 tem-

31 1454 132 1487 pore,
157 1444 267 1485 quoin
289 1444 383 1476 litore
401 1468 411 1482 ‚
445 1445 532 1485 ripa,
555 1445 607 1476 vel
633 1443 795 1485 crepidine
818 1442 904 1475 urbis

30 1486 104 1520 sunt
120 1485 253 1524 delatae,
277 1486 307 1517 ὅ(
326 1485 370 1517 ita
387 1495 531 1527 quoque,
556 1485 577 1518 fi
591 1485 671 1518 nihil
688 1485 773 1518 aliud
785 1494 903 1517 conve-

30 1528 134 1565 nerit,
157 1537 196 1558 ex
217 1526 247 1568 §.
274 1536 324 1559 11.
348 1527 389 1559 R.
415 1527 457 1559 V.
482 1529 513 1561 ὃ(
529 1527 715 1569 {impliciter
734 1537 772 1560 ex
797 1527 825 1568 ἓ.
850 1528 902 1568 46-

29 1570 72 1604 R.
100 1569 144 1601 N.
168 1567 324 1600 Delinunt
347 1579 452 1601 autem
475 1579 597 1601 merces
615 1569 834 1601 affecuratoris
852 1577 905 1611 pe-

29 1611 135 1644 riculo
163 1610 225 1642 ess'e
253 1610 380 1643 XXIV.
413 1611 504 1644 horas
530 1610 601 1653 post
625 1609 787 1653 appulsum
814 1610 904 1642 navis

30 1653 64 1685 i‘n
79 1653 166 1686 salvo
181 1653 210 1684 d.
234 1652 263 1694 §.
291 1662 341 1694 13.
366 1652 416 1684 sed
432 1662 472 1684 ex
489 1654 519 1685 d.
542 1653 571 1693 δ.
599 1663 647 1685 12.
675 1652 734 1685 Ed.
757 1653 795 1685 P.
821 1651 903 1694 post-

54 1704 123 1726 uam
144 1703 263 1726 merces
286 1693 380 1726 salvae
405 1702 546 1736 tuta-:que
569 1695 601 1727 in
622 1703 733 1727 terram
752 1695 903 1736 expolitae

29 1704 123 1776 111111,
147 1736 177 1768 &
203 1736 247 1767 ita
261 1744 386 1777 quoque
407 1737 434 1768 d.
459 1736 489 1778 ᾗ.
507 1747 539 1778 4.
564 1737 608 1769 A.
631 1737 661 1769 ὅ(
678 1738 707 1768 ci.
732 1736 761 1778 §.
783 1746 831 1768 11.
851 1736 901 1769 M.

33 1778 62 1810 ὅ(
91 1779 119 1809 d.
145 1777 173 1820 §.
208 1787 257 1810 11.
288 1777 330 1809 R.
364 1779 416 1819 qui
444 1787 548 1811 tamen
572 1777 600 1820 §.
637 1788 685 1811 11.
718 1779 824 1817 addit,
847 1777 904 1811 11111

28 1819 237 1859 exoneratio,
259 1819 323 1852 fine
349 1819 426 1860 justa
451 1819 542 1852 causa
561 1844 571 1860 ‚
597 1819 668 1862 post
687 1829 834 1862 quartum
865 1829 905 1852 ex

29 1861 170 1893 adventu
195 1861 278 1893 diem
305 1862 519 1902 protrahatur.
575 1863 770 1904 Simpliciter
798 1869 904 1893 autem

30 1903 74 1942 ait
97 1903 127 1944 §.
150 1913 203 1944 47.
234 1902 277 1935 R.
303 1903 348 1935 N.
380 1905 556 1944 periculum
579 1903 796 1936 ass'ecuratoris
816 1902 904 1941 esse,

30 1943 132 1984 donec
149 1945 240 1977 navis
255 1954 436 1986 mercesque
453 1947 484 1978 in
509 1946 617 1977 locum
640 1945 830 1978 destinatum
849 1954 903 1977 ve-

27 1987 154 2024 nerint,
177 1988 207 2018 &
223 1995 342 2021 merces
359 1988 401 2018 ibi
419 1987 539 2019 fuerint
557 1995 745 2020 exoneratae.

71 2027 157 2060 Haec
175 2027 303 2068 quidem
328 2028 366 2059 de
393 2029 549 2060 mercibus
569 2052 578 2067 ,
636 2029 673 2060 ed
698 2029 737 2060 de
769 2029 903 2061 navibus

30 2069 106 2111 quid
122 2069 288 2102 dicemus?
307 2068 360 2101 De
379 2070 426 2103 his
441 2071 486 2103 nil
501 2069 602 2102 exstat
617 2071 650 2103 in
664 2071 801 2112 legibus,
827 2081 903 2113 quas

29 2111 127 2143 modo
143 2111 346 2151 adduximus,
370 2112 426 2144 nifi
442 2113 528 2155 quod
551 2113 583 2144 in
603 2114 630 2144 d.
657 2113 687 2155 §.
707 2122 760 2153 47.
785 2113 826 2145 R.
854 2113 900 2145 N.

30 2160 96 2184 tam
122 2153 162 2184 de
187 2153 338 2192 navibus,
362 2162 455 2194 quam
479 2154 518 2186 de
541 2155 701 2188 mercibus
728 2154 902 2192 statuatur,

30 2203 137 2225 earum
162 2195 338 2235 periculum
358 2205 451 2236 penes
474 2195 716 2229 ass'ecuratorem
744 2197 824 2236 effe,
846 2196 901 2227 do-

30 2245 91 2268 nec
109 2234 201 2267 salvae
221 2236 404 2268 advenerint
418 2238 449 2269 ὅ(
466 2246 645 2270 exoneratae
661 2237 729 2270 fint.
755 2238 901 2279 Ecquan-

31 2276 74 2317 do
93 2277 190 2318 igitur
207 2277 383 2317 periculum
402 2278 536 2319 incipit,
561 2281 611 2317 &,
635 2279 656 2312 fi
676 2288 783 2311 tacent
797 2280 899 2321 leges,

31 2319 197 2359 ecquando
220 2318 330 2350 definit
348 2319 365 2352 ⁴?
394 2319 462 2358 Ut,
488 2321 563 2362 quid
590 2321 709 2360 sentio,
734 2321 834 2353 libere
854 2321 900 2353 di-

31 2369 100 2392 cam
112 2384 122 2399 ,
142 2360 163 2392 11
179 2369 244 2392 11011
263 2359 400 2393 obstaret
414 2362 516 2402 legum
529 2362 700 2394 auctoritas
712 2387 720 2400 ,
736 2372 796 2404 ego
815 2362 904 2404 quod

31 2401 70 2432 ad
87 2410 204 2433 merces
223 2402 253 2434 ὅ(
269 2402 353 2441 quod
381 2402 419 2434 ad
445 2412 540 2436 naves
561 2414 627 2436 non
653 2403 738 2435 aliud
757 2405 904 2436 damnum

31 2443 292 2475 affecuratoribus
313 2444 517 2485 imputarem,
541 2455 633 2486 quam
652 2445 737 2486 quod
758 2446 791 2477 in
812 2445 905 2477 itine-

30 2493 66 2525 re
83 2484 200 2516 accidit
212 2506 224 2523 ,
246 2484 411 2525 postquam
429 2495 543 2526 nempe
566 2487 656 2518 navis
674 2485 816 2527 proserta
839 2486 903 2526 est,

32 2526 64 2558 ὅ(
77 2533 242 2567 antequam
261 2525 343 2558 salva
358 2526 521 2559 advenerit
535 2528 566 2559 in
583 2528 688 2560 locum
706 2527 903 2560 destinatum.

0 2584 4 2589 ·
31 2567 76 2606 Et
105 2567 180 2607 quid
214 2567 394 2599 dubitamus
415 2592 425 2607 ‚
457 2569 611 2601 consultis
643 2569 904 2601 assecurationum

30 2607 210 2641 formulis?
230 2618 325 2641 naves
343 2618 528 2651 mercesque
550 2610 758 2643 ass'ecurantur
777 2611 814 2642 ab
840 2621 904 2643 uno

31 2649 110 2682 loco
133 2650 172 2681 ad
194 2650 313 2689 alium,
335 2651 513 2691 periculum
534 2653 630 2694 igitur
648 2676 655 2689 ‚
681 2653 764 2693 quod
787 2651 902 2684 assecu-

33 2700 174 2723 ratorem
192 2699 319 2729 manet,
343 2701 405 2724 non
423 2694 536 2735 incipit
548 2717 560 2733 ,
583 2694 638 2727 nisi
658 2704 737 2726 nave
751 2694 812 2734 jam
832 2704 903 2735 pro-

32 2731 138 2772 feda,
163 2732 194 2764 ὅ(
217 2731 378 2772 postquam
406 2733 487 2766 salva
510 2736 674 2768 advenerit
689 2759 699 2774 ‚
720 2745 797 2768 mox
827 2736 903 2768 defi-

31 2774 92 2806 nit.
140 2773 191 2806 De
207 2774 312 2806 verbis
328 2775 357 2806 &
375 2774 528 2809 sententia
541 2778 792 2810 contrahentium
809 2787 903 2810 nemo

33 2816 195 2858 ambigat,
219 2814 270 2846 sed
291 2825 349 2846 nec
366 2816 405 2847 de
425 2817 494 2856 jure
513 2819 678 2859 Romano,
705 2819 726 2851 [1
744 2829 785 2850 ex
802 2827 841 2850 eo
858 2829 906 2851 res

36 2858 113 2890 esset
141 2857 316 2890 definienda
340 2885 344 2888 .
373 2866 445 2889 nam
462 2880 473 2895 ,
504 2869 578 2892 cum
599 2861 644 2893 ibi
671 2861 841 2903 quaeritur,
867 2871 906 2893 ex

35 2909 100 2941 quo
115 2899 166 2931 die
181 2900 214 2931 in
229 2899 354 2930 nautica
372 2901 502 2939 pecunia
518 2903 694 2941 periculum
710 2903 747 2934 ad
765 2903 902 2934 credito-

35 2950 103 2973 rem
119 2942 291 2982 pertineat,
307 2950 345 2971 ex
356 2941 406 2971 die
423 2942 633 2982 navigationis
649 2944 813 2986 respondet
829 2949 903 2976 Mo-

35 2982 174 3015 destinus
200 2983 231 3014 in
256 2982 278 3013 l.
300 2992 330 3024 3.
348 2981 389 3023 ff.
412 2982 446 3012 de
463 2983 560 3015 Naut.
577 2985 655 3024 foen.
679 2996 737 3018 nec
759 2985 823 3017 dici
844 2995 900 3026 po-

35 3024 99 3056 test
126 3025 205 3056 inter
231 3023 472 3055 asse-‘uiatorem
490 3025 520 3057 oc
543 3027 734 3059 creditorem
758 3027 902 3068 pecuniae

36 3066 236 3106 trajectitiae‚
257 3065 341 3105 quod
357 3066 394 3096 ad
412 3063 587 3106 susceptum
602 3069 797 3108 periculum,
817 3069 902 3109 quic-

38 3117 130 3150 quam
155 3107 310 3140 intereffe.
362 3106 396 3138 In
424 3107 579 3139 mercibus
606 3109 637 3140 id
661 3118 715 3150 per
738 3110 822 3151 leges
851 3118 902 3151 pa-

95 3229 143 3271 (1)
164 3229 299 3264 Straccha
319 3231 350 3264 de
367 3230 520 3271 Afficumt.
543 3230 626 3271 Gloff.
641 3230 706 3263 XII.
727 3239 753 3262 n.
769 3237 798 3262 2.

950 737 1024 770 trias
1046 738 1193 772 obtinere
1206 748 1271 772 non
1287 740 1383 780 licet,
1407 740 1459 775 sed
1480 743 1556 785 quid
1580 745 1612 776 ni
1641 745 1673 778 in
1694 745 1830 778 navibus

954 779 1134 827 servemus,
1159 781 1213 813 ubi
1232 782 1296 813 111ae
1325 783 1417 816 silent
1432 785 1449 817 ἱ)
1472 785 1578 817 Probo
1602 786 1718 828 igitur,
1744 786 1832 829 quod

950 821 1096 868 nonnulli
1113 821 1305 864 respondent
1323 824 1341 866 (
1354 825 1416 867 1),
1440 826 1477 858 ad
1501 826 1743 861 affectu-acorem
1762 838 1831 860 non

950 870 1107 910 pertinere
1123 864 1271 897 damnum
1284 889 1293 906 ‚
1317 867 1404 907 quod
1431 869 1542 908 navis,
1565 877 1732 912 antequam
1753 879 1829 911 pro-

951 903 1147 938 ncisceretur
1160 929 1169 945 ,
1195 905 1277 948 paffa
1296 915 1364 939 erat
1386 909 1418 941 in
1447 910 1543 950 1060,
1569 912 1650 944 unde
1669 911 1831 953 proficisci

948 942 1146 994 destinatum
1157 957 1244 987 6131,
1268 947 1320 980 sed
1340 958 1404 983 non
1425 952 1548 993 probo,
1577 954 1661 995 quod
1679 954 1733 986 alii
1762 962 1831 985 ten-

950 995 1079 1026 tarunt,
1104 989 1223 1021 etiamsi
1242 991 1332 1022 navis
1355 991 1418 1031 jam
1444 993 1588 1033 profefta
1609 995 1663 1036 fit,
1687 995 1726 1027 ad
1753 994 1830 1027 affe-

949 1037 1128 1061 curatorem
1148 1040 1213 1063 non
1232 1032 1390 1070 pertinere
1405 1034 1574 1076 damnum,
1599 1037 1683 1078 quod
1701 1036 1775 1069 alibi
1796 1037 1831 1069 in

949 1078 1046 1111 portu
1070 1071 1122 1103 vel
1136 1070 1271 1104 statione
1290 1075 1365 1105 navi
1391 1077 1527 1116 accidit,
1552 1086 1647 1121 atque
1672 1078 1694 1111 11
1718 1078 1833 1111 dunta-

948 1121 1003 1146 xat
1029 1111 1233 1145 assecuratum
1260 1113 1337 1146 effet
1365 1125 1423 1157 pro
1454 1120 1527 1150 navi
1552 1120 1741 1162 navigante,
1766 1129 1834 1153 non

949 1162 1029 1185 vero
1047 1163 1102 1195 pro
1119 1155 1193 1186 navi
1210 1155 1354 1196 iacente,
1369 1157 1462 1200 idque
1476 1160 1572 1192 etiam
1590 1160 1763 1201 pleniffime
1776 1161 1835 1193 im-

949 1195 1121 1240 probarunt
1148 1196 1200 1228 alii
1227 1197 1330 1236 Consti.
1357 1198 1393 1231 B.
1422 1200 1454 1233 T.
1478 1201 1501 1233 1.
1530 1201 1632 1242 Confil.
1660 1207 1833 1245 135-138.

949 1236 1135 1283 Abiolutum
1165 1247 1291 1280 quoqne
1318 1240 1380 1272 iter
1397 1264 1407 1279 ,
1439 1242 1462 1274 fi
1485 1252 1536 1275 me
1558 1245 1686 1284 audias,
1718 1244 1833 1277 liberat

947 1277 1205 1325 assceuratorem,
1229 1282 1251 1313 11
1269 1281 1308 1312 (16
1330 1283 1403 1314 navi
1420 1291 1547 1325 agatur,
1571 1285 1623 1318 sed
1642 1295 1714 1319 cum
1737 1285 1829 1318 navis

947 1329 980 1366 in
1006 1319 1078 1351 loco
1104 1319 1208 1353 hostili
1229 1344 1243 1367 ,ῃ
1271 1332 1334 1363 quo
1356 1323 1510 1357 destinata
1529 1335 1619 1368 erat,
1652 1329 1710 1360 vix
1733 1327 1835 1359 dimi-.

945 1361 1029 1393 diam
1047 1360 1155 1393 horam
1175 1362 1304 1395 stetiss'ct
1331 1365 1361 1398 in
1389 1367 1544 1408 anchora,
1572 1369 1602 1401 ὅ(
1626 1379 1704 1401 mox
1727 1378 1829 1402 occu-

943 1412 1016 1444 pata
1039 1403 1069 1436 6(
1094 1404 1208 1435 deinde
1232 1405 1394 1446 publicata
1428 1408 1504 1441 esset
1521 1433 1530 1448 ,
1562 1409 1744 1452 responsum
1781 1409 1829 1442 est

948 1442 1052 1490 (Jonfil.
1077 1444 1122 1476 H.
1152 1446 1186 1478 T.
1204 1445 1226 1477 Ι.
1256 1447 1359 1487 Confil.
1386 1455 1458 1491 284.
1484 1450 1746 1492 311660131016111,
1771 1451 1829 1493 qui

948 1485 1118 1519 1ecundum
1135 1487 1224 1520 usum
1241 1488 1437 1532 Antwerpiae
1453 1492 1682 1527 affecuraverat
1694 1519 1704 1534 ,
1729 1495 1769 1526 de
1786 1502 1827 1526 eo

948 1527 1062 1559 damno
1093 1531 1194 1574 teneri
1218 1540 1283 1573 arg.
1310 1530 1337 1573 §.
1372 1541 1419 1575 13.
1454 1534 1528 1567 LL.
1557 1536 1655 1569 Mur.
1692 1536 1726 1569 T.
1752 1533 1829 1568 VII·

947 1569 1055 1608 Male,
1079 1570 1164 1618 ahud
1184 1572 1268 1604 enim
1287 1574 1333 1605 est
1355 1574 1388 1607 in
1408 1577 1566 1610 mercibus
1581 1600 1594 1617 ,
1616 1578 1700 1610 aliud
1720 1578 1753 1610 in
1773 1586 1829 1610 na-

948 1619 1009 1650 ve,
1034 1612 1104 1658 haejc
1121 1619 1183 1645 iter
1202 1613 1359 1654 absolvit,
1385 1616 1438 1650 ubi
1457 1618 1494 1650 ad
1508 1619 1614 1652 locum
1636 1619 1829 1653 destinatum

946 1661 1116 1700 pervenit,
1140 1655 1202 1688 illae
1221 1666 1262 1688 ex
1277 1658 1306 1689 d.
1330 1656 1359 1699 §.
1379 1667 1426 1701 13.
1453 1659 1666 1694 affectu-aroris
1681 1661 1829 1704 periculo

947 1694 1042 1734 sunt,
1065 1702 1161 1729 etlam
1179 1697 1308 1731 XXIV.
1334 1703 1427 1733 horas
1451 1701 1522 1743 post
1539 1703 1709 1746 appulsum.
1736 1703 1830 1751 Quin

948 1736 980 1784 &3
997 1737 1078 1769 111316
1091 1760 1100 1776 ,
1127 1737 1149 1771 11
1166 1739 1217 1771 vel
1233 1740 1272 1772 de
1291 1741 1448 1776 mercibus
1467 1743 1544 1776 esset
1564 1745 1728 1787 quaefitum
1738 1767 1750 1783 ,
1774 1755 1830 1777 na-

947 1787 997 1811 v1s
1023 1778 1085 1811 sine
1113 1780 1264 1828 permiss'u
1292 1782 1389 1825 Regis
1413 1783 1576 1827 Hispaniae
1604 1787 1774 1820 advenerat
1791 1787 1828 1820 in

948 1820 1056 1853 locum
1080 1821 1248 1862 hostilem,
1275 1824 1305 1857 &
1325 1825 1518 1860 ass'ecurator
1543 1838 1607 1861 non
1634 1828 1829 1861 assecurave-

948 1871 996 1894 rat
1023 1872 1135 1896 contra
1161 1865 1356 1907 potestatem
1378 1867 1465 1908 juris.
1519 1869 1694 1903 Affecurati
1714 1894 1726 1909 ‚
1760 1880 1827 1904 non

947 1904 1164 1952 all'ecuratoris
1181 1916 1248 1939 erat
1267 1909 1437 1948 impetrare
1455 1911 1578 1943 veniam
1594 1912 1689 1954 Regis
1707 1911 1826 1955 Hispa·

946 1949 1010 1980 11161
1025 1972 1036 1989 ,
1059 1956 1096 1980 ut
1117 1947 1202 1980 hosti
1219 1949 1253 1982 in
1274 1949 1420 1982 hostilem
1443 1952 1552 1985 locum
1574 1956 1721 1995 navigare
1744 1955 1825 1986 lice·

945 1998 1014 2029 ret,
1038 1991 1059 2024 fi
1078 1999 1144 2037 11011
1162 1990 1401 2032 impetraverit,
1423 1993 1468 2026 est
1486 1995 1571 2036 quod
1590 1995 1664 2037 fibi,
1687 2005 1754 2028 non
1778 2005 1827 2028 as·

945 2030 1114 2065 securatori
1136 2040 1282 2074 imputet.

988 2074 1078 2107 Belle
1097 2073 1210 2120 quaeri
1216 2075 1323 2115 potest
1339 2099 1349 2113 ‚
1374 2086 1411 2110 an
1438 2077 1469 2110 &
1488 2077 1753 2119 quemadmodum
1774 2078 1823 2111 di-

945 2115 1080 2148 videnda
1097 2116 1136 2147 fit:
1152 2115 1250 2156 attio,
1275 2117 1295 2149 fi
1313 2118 1418 2159 plures
1443 2118 1671 2153 affectu-atores
1689 2119 1825 2152 subscri-

945 2156 1082 2199 pserint,
1108 2157 1138 2188 δι
1159 2167 1198 2189 311
1222 2159 1389 2199 damnum,
1414 2160 1500 2201 quod
1515 2161 1624 2194 datum
1643 2161 1708 2201 est,
1732 2171 1749 2192 3
1766 2160 1826 2194 fin-

944 2199 1027 2240 gulis
1042 2198 1144 2241 repeti
1159 2199 1281 2240 poffit?
1305 2200 1369 2240 Et,
1392 2201 1413 2233 fi
1430 2211 1552 2234 merum
1567 2204 1617 2242 jus
1639 2202 1825 2244 sequamur,

944 2241 1114 2273 dicendum
1141 2241 1330 2281 videbatur,
1353 2242 1442 2284 poffe
1465 2242 1695 2282 affecuratum,
1728 2252 1825 2285 quem

945 2282 1026 2314 velit
1043 2306 1054 2322 ,
1079 2282 1223 2323 exigere,
1249 2283 1300 2322 ἂ,
1323 2293 1417 2325 quem
1442 2284 1542 2323 velit,
1564 2285 1744 2317 dimittere:
1768 2294 1825 2317 ne-

947 2333 1008 2365 que
1031 2324 1062 2356 id
1083 2324 1216 2365 iniuria,
1242 2334 1340 2365 quum
1358 2326 1510 2367 quisque,
1533 2327 1565 2358 in
1583 2335 1674 2367 quam
1692 2325 1826 2358 subscri-

947 2365 1006 2407 plit
1025 2365 1174 2398 summam
1187 2388 1199 2403 ,
1221 2365 1242 2398 fi
1259 2367 1347 2398 navis
1368 2376 1549 2408 mercesque
1565 2367 1713 2400 damnum
1738 2367 1824 2399 face-

947 2414 1018 2438 rent
1029 2431 1038 2446 ,
1064 2405 1129 2439 sese
1146 2406 1337 2447 obligaverit
1350 2431 1360 2446 ,
1385 2415 1478 2448 atque
1498 2410 1542 2438 ita
1555 2409 1687 2449 quisque
1703 2408 1736 2440 in
1751 2417 1823 2440 eam

946 2447 1098 2481 summam
1115 2447 1248 2479 debendi
1265 2457 1334 2479 rcus
1352 2449 1400 2480 fit.
1429 2448 1490 2480 Sed
1505 2448 1620 2480 inutile
1636 2448 1738 2481 visum
1755 2448 1822 2489 est,

948 2498 987 2521 ex
1002 2489 1164 2521 assecurati
1184 2489 1280 2527 odio,
1304 2489 1441 2527 invidia,
1464 2490 1580 2531 gratia,
1605 2497 1693 2522 certe
1711 2499 1752 2523 ex
1773 2490 1822 2522 so-

948 2530 982 2561 10
1005 2531 1072 2570 ejus
1098 2529 1232 2561 arbitrio
1257 2531 1393 2571 aliquem
1413 2531 1506 2563 bonis
1525 2530 1587 2564 suis
1605 2531 1700 2570 exui,
1723 2541 1823 2573 quum

947 2571 992 2602 rei
1018 2571 1152 2603 nauticae
1171 2571 1241 2611 plus
1264 2571 1382 2612 profit,
1404 2582 1498 2613 quam
1522 2580 1658 2612 noceat,
1680 2573 1702 2606 fi
1725 2573 1823 2606 etiam

947 2613 1061 2654 grande
1087 2613 1234 2644 damnum
1253 2622 1271 2644 a
1293 2613 1401 2645 multis
1425 2613 1555 2647 feratur.
1600 2614 1694 2647 Unde
1714 2615 1745 2647 ἃ.
1766 2615 1823 2646 311-

947 2662 1025 2694 quot
1052 2654 1274 2686 Mei-catorum
1302 2654 1400 2686 nubes
1418 2677 1429 2694 ,
1457 2655 1587 2695 iubente
1613 2655 1709 2687 Curia
1725 2678 1738 2694 ‚
1770 2665 1822 2696 13.

948 2696 1020 2727 061.
1047 2705 1137 2735 1599·
1163 2696 1243 2736 apud
1264 2696 1418 2728 Scabinos
1434 2697 1754 2729 Amsterdammenses
1774 2705 1821 2727 te-

948 2736 1026 2768 stata
1044 2737 1089 2769 est
1113 2737 1190 2778 (2),
1213 2737 1382 2769 secundum
1399 2737 1641 2769 affecuratorem
1666 2737 1729 2769 fine
1746 2746 1824 2769 con-

949 2777 1038 2810 sensu
1056 2779 1148 2820 primi
1167 2779 1285 2810 dimitti
1300 2788 1365 2810 non
1380 2778 1485 2819 poffe,
1509 2788 1603 2809 omnes
1620 2779 1698 2809 enim
1715 2778 1822 2819 affi’cu-

948 2827 1083 2859 ratores,
1106 2821 1156 2861 qui
1170 2820 1403 2861 substripserzmt
1422 2843 1432 2859 ,
1459 2826 1513 2861 pro
1538 2825 1606 2851 rata
1623 2818 1694 2859 fieri
1718 2821 1822 2852 damni

949 2861 1042 2897 fficios.
1089 2861 1170 2908 Quae
1186 2861 1267 2892 ratio
1282 2861 1367 2893 forte
1382 2861 1413 2893 δε
1430 2861 1612 2902 Philippum
1631 2860 1668 2892 11.
1696 2862 1820 2900 movit,

939 2897 1018 2934 ”cum
1038 2903 1069 2935 in
1091 2904 1118 2944 ξ).
1142 2912 1189 2944 13.
1208 2901 1266 2933 Ed.
1280 2900 1498 2942 constituerit,
1526 2910 1588 2933 tam
1605 2901 1819 2944 postremum,

946 2954 1039 2985 quain
1055 2947 1190 2987 primum
1209 2942 1450 2975 ussewi-morem
1469 2944 1508 2975 de
1522 2942 1636 2975 damno
1654 2944 1706 2975 vel
1729 2944 1820 2976 lucro

945 2995 986 3017 ex
1002 2996 1092 3028 aequo
1109 2985 1207 3016 teneri
1222 3006 1232 3021 ,
1257 2985 1342 3025 quod
1363 2984 1463 3025 ipsum
1480 2983 1630 3016 insertum
1647 2983 1694 3016 est
1720 2985 1748 3027 ἓ.
1765 2995 1820 3027 23.

948 3027 991 3059 A.
1017 3029 1046 3060 ec
1070 3027 1097 3068 §.
1117 3035 1167 3066 25.
1195 3024 1244 3057 M.
1270 3026 1355 3071 quod
1369 3026 1415 3072 illi
1433 3026 1595 3072 §§.'ajunt
1611 3035 1648 3057 ex
1665 3036 1759 3068 aequo,
1779 3028 1820 3059 de

946 3077 1156 3150 520333333?
1165 3074 1371 3140 11ΞοῗὲἇῖΞῖ
1396 3067 1654 3148 ᾏῖξὲἕιὲἕξέἒῗῐῐὲι
1665 3077 1686 3108 ¹³
1685 3069 1824 3152 11ξὲᾎὲ

1786 3160 1864 3184 ΥΕ-

992 3227 1244 3307 (2)1ᾔαιιιῖ1·ε]ἶεη
1263 3239 1317 3261 van
1336 3228 1502 3269 Amflerdam
1523 3234 1606 3269 1663.
1627 3241 1657 3272 Ρ.
1672 3240 1737 3272 173-

1100 3284 1119 3306 ,1
1154 3283 1163 3305 1
1186 3285 1205 3316 3
