2008 3436
296 93 865 146 QUAEST.JUR15
917 95 1646 147 rnrvAT1,1,1ani.c.v1.

64 193 134 221 rum
150 183 332 215 continetur
346 194 501 218 extremas
521 181 684 215 hominum
701 180 881 212 voluntates
899 181 930 213 in

16 226 18 229 ’
64 225 243 265 scripturam
262 227 323 260 effe
341 227 540 268 redigendas,
574 225 604 255 δι
622 222 728 254 scdulo
744 224 932 261 curandum,
951 241 955 245 -

65 276 99 298 ut
127 267 162 297 iis
186 268 267 299 resto
292 265 510 301 subscribatur.
564 265 671 296 Etiam
689 262 931 309 intestamentis

62 308 175 341 nostris
193 331 203 346 ,
237 319 299 342 non
330 311 436 344 clausis
457 333 467 348 ,
500 308 655 340 neminem
678 303 732 352 sibi
758 305 931 352 adici-ibere

62 349 168 391 poffc,
199 351 279 382 infra
302 352 407 383 audies
441 352 472 382 C.
493 348 581 381 VIII.
604 348 638 378 de
653 347 716 392 hzf,
741 346 858 392 qualum
877 347 928 377 ad-

53 392 189 433 Ji‘ribunt
213 393 245 422 in
277 391 464 434 testa-nanto.-
495 390 595 422 ubi&
612 388 732 429 plenius
750 387 869 434 dlxrde
898 397 928 419 u-

61 442 173 474 troque
187 442 301 474 genere
319 433 494 466 testamenti
505 455 515 470 ,
541 430 623 476 apud
647 438 706 461 nos
722 428 840 476 usitati:
857 439 929 475 *no-n

58 475 118 506 aiia
151 473 221 506 sane
244 477 367 508 ratione
390 476 484 506 etiam
512 474 543 504 in
570 473 618 503 his
633 470 804 512 adscriptio
820 470 928 517 surdi-

59 515 205 556 splicuit,
229 526 321 557 quam
336 517 421 557 quod
438 513 639 552 testamenta,
661 521 731 553 quae
747 511 874 544 Nomi-11
887 521 928 543 cx

58 567 114 589 ore
130 557 181 588 vel
199 556 343 590 schedula
359 556 516 590 testatoris
532 561 749 595 componunt,
783 562 846 600 non
864 562 926 585 tam

57 607 238 639 nuncupata
258 599 457 637 censeantur,
469 597 499 629 ὃς
518 595 644 642 testium
667 604 827 645 memoriae
838 603 926 641 com-

56 639 163 679 missa,
195 649 307 680 quam,
336 650 371 672 ut
394 639 586 676 scribantur,
611 637 739 682 dictata.
782 637 814 668 bi
840 635 926 683 dicas

53 682 144 714 aliter
156 704 166 720 ,
190 681 281 722 plane
299 681 418 714 inutilis
433 680 479 712 est
497 678 644 711 Clausula
660 678 879 710 Relervatoi-ia
893 687 925 709 111

55 723 200 754 omnibus
231 722 425 755 testamentis
449 720 562 754 nostris
588 730 651 752 non
680 719 809 758 clausis,
842 719 925 765 quod

54 773 158 796 tamen
175 772 268 796 nemo
283 763 379 796 facile
398 764 525 796 dixerit.
572 761 720 794 Inutilcm
743 768 818 808 tunc
841 762 924 806 erle,

54 815 94 838 ex
113 814 152 837 eo
170 805 311 841 constat.
344 806 428 848 quod
448 807 479 838 in
502 804 720 844 nuncupativo
733 802 813 848 1111111
831 802 922 847 subii-

52 846 132 884 stat,
165 847 250 887 quod
276 857 339 880 non
364 848 465 888 palam
480 853 680 886 nancupetur
695 867 706 882 ,
728 843 924 889 audientibus

53 888 201 923 testibus,
227 890 311 930 quod
325 898 428 921 autem
448 889 575 933 privato
593 884 804 926 chirographo
819 883 923 915 scribi-

52 939 120 967 tur,
154 939 240 962 extra
257 940 382 963 omnem
406 937 671 971 nuncupationem
687 926 741 958 est.
787 924 923 957 Putasne

47 971 121 1012 Jure
145 971 286 1004 Romano
312 973 341 1003 in
370 971 555 1004 testamento
570 992 582 1008 ,
615 977 689 1014 vere
712 975 893 1012 nuncupato
910 988 922 1005 ‚

49 1012 228 1045 testatorem
255 1013 373 1045 referi-c
402 1011 539 1053 potuisse
562 1010 599 1042 ad
614 1017 770 1056 privatam
791 1006 921 1048 scriptu-

48 1064 133 1092 ram,
160 1064 194 1086 ut
215 1056 281 1086 haec
298 1054 459 1086 censeatur
487 1052 596 1084 eadem
616 1050 836 1094 solemnitate,
859 1057 919 1094 qua

48 1105 228 1137 nuncupata
244 1096 417 1128 voluntas?
441 1103 475 1126 ut
491 1094 552 1125 hoc
575 1091 720 1130 credam,
744 1098 794 1136 me
811 1089 917 1135 induci

47 1147 111 1170 non
172 1139 240 1169 tiar.
286 1137 318 1169 Si
336 1145 438 1168 tamen
457 1135 548 1176 plena
576 1133 638 1165 fide
653 1130 836 1164 constiterat
848 1154 858 1170 ,
879 1130 917 1162 11-

46 1178 108 1211 lam
141 1178 309 1220 cripturam
326 1177 389 1209 effe
410 1174 616 1222 compositam
642 1182 683 1205 ex
700 1170 855 1214 potestate
870 1180 916 1203 re·

47 1220 165 1252 servata
176 1242 187 1258 ,
210 1218 421 1257 subfisterem,
445 1218 496 1250 sed
515 1218 577 1249 hoc
592 1225 654 1257 Jam
671 1223 735 1247 non
753 1222 824 1254 ago.
864 1213 917 1245 Ex

47 1261 117 1300 his,
140 1271 209 1302 quae
228 1262 318 1301 dixi,
342 1260 563 1301 consequitur,
585 1256 691 1303 nostra
708 1253 892 1287 testamenta
905 1277 917 1301 ξ

46 1312 111 1334 11011
137 1302 241 1335 clausa
261 1325 271 1341 ‚
303 1303 417 1334 habere
440 1300 557 1342 aliquid
572 1298 610 1330 ad
628 1296 723 1330 instar
738 1295 916 1342 testamenti

47 1343 154 1386 scripti
185 1344 267 1385 apud
293 1344 475 1381 Romanos,
507 1342 537 1374 ὅ(
557 1340 600 1372 ob
618 1348 687 1371 eam
703 1345 860 1370 rationem
880 1346 915 1368 o-

43 1395 130 1418 mnes
146 1385 313 1418 Senatores
325 1408 335 1424 ,
358 1394 421 1416 uno
435 1390 589 1424 excepto,
612 1380 694 1421 apud
705 1378 776 1411 Nos
789 1377 915 1424 respon-

44 1427 185 1465 debant,
217 1436 332 1459 nomen
360 1426 502 1463 heredis,
530 1424 563 1456 in
579 1419 834 1467 testamentohic
850 1429 916 1466 non

43 1467 243 1510 expressum,
273 1469 397 1510 privato
411 1465 623 1508 chirographo
644 1471 776 1509 exprimi
793 1468 914 1502 potuis-

41 1510 84 1544 se.
129 1509 299 1556 Quumque
324 1510 381 1541 hac
412 1508 476 1540 sola
498 1507 620 1539 ratione
644 1505 756 1545 reliqui
787 1502 916 1534 heredes

42 1553 81 1584 ab
96 1550 244 1584 intestato
257 1552 500 1592 repellerentur,
523 1547 633 1581 frustra
648 1553 715 1577 erat
730 1553 868 1586 quaerere
875 1544 915 1575 de

42 1593 242 1626 restitutione
261 1592 293 1625 in
309 1593 466 1633 integrum
480 1597 591 1622 contra
607 1588 695 1620 datas
717 1587 852 1632 apochas
874 1585 912 1617 ab

41 1635 108 1667 illis
133 1635 307 1676 implorata.
392 1643 438 1665 uae
458 1655 469 1672 ‚
500 1640 597 1673 atque
622 1629 644 1662 fi
658 1625 825 1661 necess'aria
848 1636 913 1659 non

39 1675 159 1716 effent,
183 1675 407 1718 praetermiss‘a‚
431 1673 614 1720 simpliciter
636 1669 806 1703 secundum
825 1668 911 1701 Sem-

40 1718 185 1760 proniam
199 1717 374 1758 judicatum
389 1715 435 1748 est
454 1725 507 1758 31.
524 1715 602 1761 Ma]-
625 1721 718 1754 1732.

83 1759 194 1806 Quum
212 1758 244 1791 T
246 1759 363 1792 estator
379 1759 593 1799 Semproniam
615 1763 656 1786 ex
666 1752 841 1801 *quadrante
857 1753 909 1800 he-

40 1801 146 1834 redein
168 1800 347 1833 instituisset
364 1823 374 1838 ,
405 1801 436 1832 &
460 1798 624 1844 dimidium
645 1805 712 1836 ejus
734 1796 911 1843 quadrantis

41 1840 282 1875 fideicommiffo
308 1839 482 1882 subiecisset
501 1864 512 1879 ,
543 1837 673 1876 demde,
697 1845 824 1877 privato
843 1837 909 1869 chi-

40 1884 198 1925 rographo
212 1907 220 1921 ‚
245 1883 398 1925 potestate
415 1883 482 1922 ejus
497 1880 644 1925 clausulae
662 1878 748 1910 fatto
759 1901 769 1917 ,
788 1886 910 1925 *toturn

40 1926 237 1967 quadrantem
260 1922 501 1957 fideicommiffo
527 1921 661 1962 subjicit.
693 1919 766 1970 “An
785 1919 817 1951 id
834 1921 909 1952 lice-

41 1976 109 2005 ret,
135 1976 176 1998 ex
192 1965 418 2008 compromisso
435 1965 571 2005 partium
594 1961 675 2004 apud
687 1965 836 2008 §enatum
854 1961 910 1994 Su·

41 2017 182 2051 premum
233 2007 372 2039 uaefitum
395 2005 450 2038 est.
505 2005 656 2037 Perorata
681 2001 776 2048 estun
793 2003 910 2036 Senatu

44 2048 135 2082 causa
157 2058 188 2089 5.
233 2049 395 2089 unj1726.
419 2046 570 2090 plerisque
591 2044 795 2078 Senatoribus
811 2054 850 2091 ea
865 2044 908 2089 sa-

43 2093 82 2123 tis
98 2100 211 2131 anceps
225 2091 409 2128 videbatur,
433 2088 504 2130 quia
521 2087 670 2129 agebatur
685 2084 726 2117 de
747 2084 908 2134 fideicom-

39 2132 132 2166 miss'o
159 2131 324 2164 universali
344 2153 356 2170 ‚
386 2140 449 2163 non
477 2129 640 2172 singulari3
672 2136 768 2170 quare
789 2128 907 2170 placuit

644 2224 915 2271 CAP'U

1769 120 1837 161 385·

973 186 1152 218 tentandam
1170 186 1231 218 effe
1251 189 1483 224 transachonem
1495 216 1505 231 ‚
1523 204 1590 235 quae
1605 198 1698 230 ctiam
1718 199 1839 232 succes*

972 228 1021 260 fit,
1082 228 1168 273 Quid
1195 229 1270 275 milri
1290 229 1411 263 secliss'ct
1427 256 1436 269 ,
1461 234 1481 265 fi
1498 237 1587 268 causa
1604 239 1774 273 delinienda
1787 266 1796 282 ‚
1821 252 1839 273 e

973 270 1223 311 praecedentibus
1249 273 1320 304 latis
1337 273 1499 314 intelliges.

1015 310 1131 342 Rursus
1149 320 1190 342 ex
1205 315 1421 347 conventione
1442 316 1573 356 partium
1590 321 1668 359 apud
1686 322 1832 355 Senatum

972 352 1129 393 litigatum
1148 351 1192 384 est
1204 354 1243 384 de
1259 355 1363 396 legato
1384 366 1493 396 15000.
1519 357 1706 393 florenorum
1722 386 1732 401 ,
1754 365 1835 402 quud

972 392 1046 433 Cajn
1057 416 1067 431 ‚
1091 402 1133 425 ex
1161 395 1305 427 mtestaite
1320 397 1373 428 ribi
1391 397 1566 437 reservata,
1583 402 1708 433 Maewae
1724 404 1833 436 adscri-

971 433 1073 476 pserat
1090 435 1122 467 in
1157 435 1288 468 chedula
1302 462 1311 477 ‚
1335 440 1464 472 remotis
1477 440 1601 472 arbitris
1616 441 1706 473 frua.
1740 445 1834 488 Qua:-

970 477 1113 516 rebatur,
1137 486 1176 521 an
1195 477 1239 509 illi
1261 488 1370 518 15000.
1398 490 1472 522 pure
1483 481 1581 513 eil'ent
1600 484 1689 524 legati
1705 506 1715 521 ,
1731 494 1767 515 an
1780 496 1834 525 per

970 517 1244 550 fideicommissum
1263 544 1273 555 ,
1307 530 1395 562 cnjus
1432 524 1498 554 dies
1522 525 1661 555 nondum
1695 534 1832 557 venerat„

969 558 1170 597 Advocatus,
1194 561 1246 600 qui
1265 561 1496 595 Executoribus
1519 565 1694 597 testamenti
1725 576 1835 598 contra

969 600 1125 647 Maeviam
1144 601 1309 642 praestabat
1327 614 1347 635 o
1372 614 1453 637 cram
1470 605 1626 638 forensem
1638 629 1648 645 ,
1678 617 1733 647 pro
1749 610 1834 640 licei-

969 641 1134 674 comrnisso
1150 641 1323 677 sermonem
1370 646 1476 686 abuit,
1501 651 1526 679 o't
1547 648 1615 680 fere
1632 648 1808 681 universum
1823 670 1834 686 ,

968 682 1018 716 sed
1035 692 1131 730 quum
1155 684 1192 715 ad
1222 686 1315 717 tinem
1341 687 1405 727 ejus
1426 689 1632 728 pervenisset,
1664 699 1729 722 non
1754 690 1833 722 nihil

969 724 1143 756 mussitabat
1156 725 1193 756 de
1212 726 1275 767 ipsa
1294 727 1345 759 illa
1364 728 1528 768 schedula,
1553 730 1726 773 fignificans
1744 731 1832 772 posse

967 764 1053 798 forte
1068 765 1216 803 defendi.
1239 769 1403 810 nequidem
1423 780 1518 803 tantae
1544 774 1726 813 quantitatis
1752 773 1831 814 lega-

969 814 1036 853 tum
1056 816 1110 848 per
1128 807 1298 848 Epistolam
1316 811 1448 853 relinqui
1472 812 1557 853 posse
1568 825 1605 846 ex
1626 813 1781 854 potestate
1800 823 1830 845 e-

966 858 1015 888 Jus
1031 848 1189 881 clausulae.
1227 851 1287 883 Sed
1326 862 1398 884 uum
1414 854 1491 885 1111111
1510 856 1641 888 rationis
1656 855 1832 894 attulisset,
1849 859 1850 862 ’

967 899 1069 930 neque
1096 890 1174 922 adeo
1196 891 1300 924 Adver
1316 894 1395 926 arius
1422 896 1591 936 quidquam
1623 896 1831 937 reposuisset,

965 931 1096 964 Senatus
1115 931 1184 972 post
1205 942 1382 973 peroratam
1409 936 1532 969 causam
1557 938 1756 970 Advocatum
1778 947 1826 969 ro-

964 973 1070 1013 gavit,
1095 974 1252 1014 nunquid,
1277 976 1316 1007 de
1334 985 1398 1017 quo
1420 977 1830 1014 muffi.averat.defcndere

964 1013 1083 1052 vellet,
1107 1023 1249 1054 paratum
1271 1024 1346 1048 tunc
1363 1017 1424 1050 esic
1446 1020 1615 1060 Senatum,
1638 1030 1777 1053 rationes
1796 1022 1827 1053 in

963 1062 1125 1094 utramque
1151 1064 1270 1095 partem
1296 1058 1421 1098 audire,
1447 1062 1477 1093 ἃ,
1500 1061 1539 1092 de
1566 1062 1612 1093 liis
1637 1063 1827 1102 decernere,

963 1093 1014 1126 sed
1038 1094 1110 1132 ille,
1134 1096 1284 1130 consultis
1311 1100 1567 1141 Executoribus,
1592 1102 1770 1144 respondit,
1795 1102 1827 1135 se

960 1144 997 1167 ea
1013 1135 1193 1171 defensione
1215 1147 1278 1171 non
1298 1139 1420 1173 usurum
1441 1142 1511 1183 (5).

1002 1176 1114 1223 Liceat
1134 1178 1182 1209 his
1198 1179 1330 1212 Senatus
1345 1182 1486 1223 Suprema
1506 1184 1695 1225 praffjudiciis
1712 1185 1824 1217 addere

958 1217 1163 1265 sententiam,
1175 1229 1266 1261 quam
1285 1221 1439 1265 ipse‚qua
1455 1224 1598 1266 Arbiter,
1617 1227 1692 1258 dixi.
1715 1227 1824 1273 Quum

958 1259 1059 1292 Lucia
1081 1259 1190 1306 Titia,
1222 1261 1243 1294 fi
1265 1273 1334 1305 quae
1356 1266 1580 1298 controverfiae
1607 1269 1764 1299 orirentur
1785 1278 1824 1300 eir

960 1299 1148 1333 testamento
1164 1305 1295 1341 iuo,me
1313 1314 1419 1337 earum
1440 1307 1600 1340 Arbitrum
1616 1308 1775 1350 elegisset,
1793 1310 1824 1341 &

958 1350 1073 1383 praeter
1091 1351 1185 1383 5000.
1204 1343 1361 1385 florenos,
1387 1357 1465 1388 quos
1490 1347 1676 1381 testamento
1699 1351 1822 1392 legave-

958 1391 1007 1414 rat
1033 1385 1219 1425 pauperibus
1239 1386 1390 1419 Ecclefiae
1412 1388 1572 1431 Haganae,
1602 1391 1729 1431 privato
1752 1392 1821 1424 chi-

958 1425 1134 1498 rofiraplw,
1154 1435 1171 1457 3
1188 1425 1219 1459 se
1237 1427 1411 1471 subscripto
1424 1452 1436 1468 ‚
1457 1433 1487 1464 ὁ(
1509 1432 1685 1474 composito
1704 1442 1745 1464 ex
1764 1442 1821 1474 po*

959 1474 991 1497 te
1020 1474 1071 1498 ate
1088 1466 1236 1500 clausulae
1258 1468 1498 1510 reservatoriae,
1517 1472 1618 1506 adhuc
1630 1474 1709 1506 alios
1724 1483 1819 1514 5000.

957 1507 1095 1539 florenos
1115 1509 1224 1542 iisdem
1243 1512 1429 1553 pauperibus
1449 1513 1478 1546 le
1501 1514 1576 1546 asset
1588 1537 1598 1554 ,
1624 1515 1654 1547 δι
1669 1524 1822 1557 praeterea

957 1548 1028 1591 post
1046 1557 1181 1582 mortem
1200 1551 1321 1585 heredis
1337 1553 1402 1591 sui,
1426 1554 1448 1587 fi
1472 1523 1534 1588 sitne
1552 1554 1659 1589 liberis
1685 1566 1822 1589 morere-

957 1598 1028 1630 tur,
1050 1591 1176 1624 eosdem
1193 1602 1344 1636 pauperes
1364 1604 1403 1630 ex
1426 1595 1487 1628 affe
1514 1596 1715 1631 substituisset
1736 1598 1823 1632 here-

954 1632 1028 1671 des,
1052 1632 1141 1679 heres
1157 1633 1346 1675 posteriores
1360 1646 1455 1677 5000.
1478 1638 1613 1672 florenos
1630 1639 1751 1673 solvere
1769 1639 1822 1671 de-

955 1673 1122 1720 trefitavit,
1144 1682 1239 1717 atque
1256 1676 1278 1710 fi
1300 1677 1437 1720 legatum
1453 1687 1548 1713 tantae
1565 1681 1750 1722 quantitatis
1767 1681 1823 1714 uni

954 1724 1080 1756 corpori
1097 1717 1150 1763 yel
1165 1717 1304 1758 personae
1322 1720 1366 1752 ita
1381 1720 1454 1753 dare
1470 1731 1536 1755 non
1553 1721 1710 1761 licuiss'et,
1733 1722 1764 1755 &
1783 1722 1819 1755 fi-

953 1757 1018 1789 mul
1036 1756 1277 1792 fideicommiffo
1295 1761 1459 1795 universali
1476 1763 1729 1803 contradixiffet,
1747 1773 1820 1797 cum

952 1799 1111 1831 hereditas
1135 1798 1229 1833 semel
1245 1802 1429 1845 simpliciter
1443 1805 1535 1844 data,
1554 1806 1645 1838 adimi
1668 1815 1731 1838 non
1750 1805 1819 1847 pos-

953 1839 991 1886 111
1016 1840 1141 1881 privato
1158 1842 1371 1886 chirographo
1388 1855 1428 1878 ex
1448 1846 1600 1888 potestate
1619 1847 1705 1888 ejus,
1727 1856 1819 1888 quam

952 1881 1039 1920 dixi,
1058 1881 1217 1916 clausulae.
1261 1885 1370 1926 Partes
1391 1897 1462 1926 me,
1485 1898 1544 1930 qua
1560 1888 1742 1927 Arbitrum,
1763 1888 1816 1920 ad-

952 1930 1038 1955 eunt.
1057 1923 1268 1958 Pronunciavi
1286 1937 1317 1969 3.
1334 1927 1424 1961 Nov.
1445 1939 1532 1971 1740.
1551 1930 1644 1962 0113111
1660 1928 1815 1970 posterius

952 1964 1088 2010 legatum
1099 1967 1284 2008 pauperibus
1294 1968 1398 2002 deberi
1412 1993 1423 2008 ‚
1435 1970 1750 2003 fideicommissariam
1760 1971 1814 2002 he*

952 2007 1137 2046 reditatem,
1158 2008 1275 2041 etiamsi
1292 2009 1377 2043 casus
1399 2011 1625 2045 fideicommiffi
1646 2011 1816 2050 existeret,

951 2056 1015 2079 non
1035 2048 1152 2088 deberi.
1196 2049 1350 2084 Rationes
1371 2062 1436 2086 non
1453 2053 1575 2094 dicam,
1597 2063 1670 2096 quia
1687 2055 1719 2085 in
1737 2062 1813 2094 prae=

951 2089 1135 2122 cedentibus
1154 2088 1249 2124 dithaev
1261 2091 1342 2125 sunt.

966 2235 1001 2271 T
1101 2228 1192 2275 vt.

517 2317 569 2358 De
595 2321 770 2370 Clausala,
795 2334 887 2369 quam
915 2323 1185 2374 Derogatoriam
1210 2329 1338 2366 vocant.

49 2418 52 2420 ’
138 2428 180 2451 011
201 2419 253 2450 1110
267 2428 327 2460 ago
343 2417 382 2449 de
402 2417 548 2451 Clausula
569 2419 790 2461 derogatoria,
811 2430 902 2462 quae,

152 2459 315 2503 posteriori
333 2458 520 2492 testamento
532 2459 642 2493 inserta
652 2470 785 2494 revocat
798 2462 882 2503 prius
889 2483 902 2501 ‚

38 2514 114 2536 ante
132 2502 316 2539 conditum,
339 2500 389 2532 scd
408 2511 478 2542 quae
494 2501 590 2542 priori
606 2501 792 2535 testamento
807 2502 901 2535 inser-

39 2553 72 2578 ta
91 2551 222 2578 revocat
239 2542 391 2584 posterius
402 2566 409 2579 ,
433 2543 534 2573 adhuc
547 2543 745 2576 condendum
764 2544 901 2586 utfipri-

38 2587 86 2618 ori
109 2586 146 2619 fit
170 2584 339 2620 insertum,
360 2593 415 2626 per
436 2582 591 2625 posterius
609 2584 640 2616 id
662 2584 819 2618 rescissum
837 2595 902 2618 non

37 2628 97 2666 iri,
118 2626 174 2659 nifi
189 2625 376 2658 nominatim
399 2625 466 2666 ejus
485 2624 539 2656 fiat
556 2625 698 2665 mentio,
719 2627 772 2659 vel
799 2626 901 2668 poste-

38 2669 116 2701 riori
147 2667 309 2708 adjiciatur
339 2665 476 2698 formula
501 2666 623 2707 aliqua,
651 2668 703 2699 vel
736 2668 878 2709 adagium
889 2691 901 2708 ,

38 2711 118 2742 unde
133 2709 172 2740 de
187 2708 307 2740 sincera
326 2706 482 2739 testatoris
501 2715 605 2739 mente
619 2708 762 2741 constare
769 2710 899 2750 poterit.

37 2750 92 2789 De
108 2751 164 2782 hac
181 2748 327 2781 Clausula
340 2748 433 2780 multi
452 2748 551 2780 multa
566 2748 745 2791 disputant,
769 2752 798 2783 ἂ
815 2751 902 2783 circa

39 2791 120 2824 hanc
141 2801 204 2823 non
221 2800 280 2822 una
290 2789 475 2827 difficultas,
499 2799 570 2821 narn
585 2800 632 2823 ars
647 2792 806 2824 deluditur
822 2801 898 2827 arte.

39 2833 170 2865 Certum
187 2832 333 2871 equidem
350 2829 396 2862 est
410 2853 418 2866 ,
431 2829 603 2871 supremam
624 2831 686 2864 sani
699 2832 835 2865 hominis
844 2842 901 2865 vo·

39 2875 194 2906 luntatem
214 2872 276 2904 esse
302 2870 501 2908 servandam,
533 2873 564 2904 ὃ(
582 2874 740 2906 neminem
763 2874 816 2907 fibi
834 2883 901 2906 eam

38 2915 140 2956 legem
157 2916 260 2946 dicere
281 2911 386 2954 porse,
406 2921 474 2957 nea
492 2913 595 2953 priore
612 2915 780 2947 voluntate
799 2917 827 2947 ei
854 2925 901 2948 re-

38 2960 151 2988 cedere
168 2956 278 2994 110031,
304 2953 353 2985 sed
370 2962 470 2985 omnis
490 2952 621 2994 quaestio
637 2956 668 2988 in
688 2966 727 2988 eo
744 2957 879 2989 vertitur
890 2980 900 2996 ‚

39 3007 107 3038 quae
129 2998 277 3028 voluntas
295 2995 332 3027 sit
359 2993 502 3039 habenda·
523 3003 582 3035 pro
594 2996 756 3037 suprema,
777 3008 814 3030 an
832 3008 902 3040 quae

37 3038 158 3071 futuras
179 3047 288 3069 omnes
305 3036 433 3076 abrogat
445 3060 452 3071 .
473 3034 528 3067 nifi
543 3045 579 3067 ea
594 3037 733 3071 formula
748 3041 903 3078 munitas,

40 3089 132 3121 quam
153 3076 282 3110 testator
304 3075 489 3119 praescripfit
501 3099 511 3114 ,
530 3086 569 3109 an
585 3087 663 3109 vero
680 3088 734 3119 ea,
750 3090 819 3121 quae
838 3081 903 3113 fine

39 3116 95 3153 illa
116 3120 253 3152 formula
270 3117 434 3152 noviffime
458 3118 586 3150 condita
609 3121 788 3160 reperitur?
809 3122 903 3156 Hanc

78 3202 138 3241 (5⁸)
159 3201 269 3241 Olfferv.
292 3201 409 3233 Tumult.
433 3201 464 3231 T.
473 3202 560 3233 XIV.
579 3213 608 3236 n.
625 3206 708 3239 3136.

85 3251 163 3282 Ibin.
190 3250 229 3282 ll.

945 2424 1089 2463 praetulit
1106 2423 1289 2458 Marcianus
1303 2426 1335 2457 in
1354 2427 1373 2458 l.
1386 2430 1416 2459 6.
1436 2427 1465 2468 §.
1485 2436 1513 2458 2.
1515 2426 1565 2499 gf
1584 2428 1619 2459 de
1636 2427 1713 2468 Jure
1727 2428 1810 2460 Codi-

945 2465 1007 2495 cill.
1016 2464 1108 2503 'licet
1119 2466 1202 2498 enim
1217 2468 1249 2498 in
1264 2467 1503 2500 confirmatione
1533 2468 1744 2501 'odicillorum
1755 2476 1808 2509 pa·v

946 2504 1128 2538 terfamilias
1156 2507 1323 2548 adjecerit,
1347 2516 1382 2540 ut
1403 2519 1466 2541 non
1485 2509 1563 2541 alios
1584 2509 1688 2542 valere
1708 2510 1809 2549 velit,

945 2555 1031 2587 quam
1046 2547 1106 2587 fica
1132 2558 1221 2580 manu
1236 2547 1371 2590 signator
1397 2549 1434 2586 ἐξ*
1451 2551 1648 2591 subscriptos,
1681 2560 1808 2590 tamen,

943 2587 1071 2629 inquit,
1094 2589 1201 2621 valent
1218 2589 1294 2623 facti
1314 2591 1353 2622 ab
1372 2600 1412 2623 eo
1432 2592 1594 2630 codicilli,
1625 2593 1695 2624 licet
1717 2603 1807 2633 neque

943 2630 980 2660 ab
996 2638 1025 2660 eo
1035 2628 1171 2671 signati,
1193 2641 1284 2673 neque
1300 2642 1390 2664 manu
1404 2633 1465 2676 ejus
1469 2633 1579 2675 scripti
1589 2633 1720 2674 suerint.
1745 2634 1806 2665 Raa

945 2670 1065 2702 tionem
1087 2671 1173 2704 addit
1194 2673 1394 2705 Marcianus:
1424 2685 1494 2706 nam
1509 2685 1544 2706 ea
1580 2685 1620 2707 uae
1638 2673 1737 2715 pastea
1753 2685 1806 2716 ge-

942 2717 1069 2751 runtur,
1087 2714 1235 2753 prioribus
1250 2715 1415 2758 clerogam3
1445 2717 1507 2747 hoc
1530 2684 1594 2754 0111,
1618 2715 1639 2747 fi
1663 2716 1744 2746 recte
1761 2717 1807 2747 in-

945 2760 1120 2794 terpretor,
1137 2763 1177 2786 eo
1191 2754 1276 2797 ipso,
1292 2757 1377 2797 quod
1395 2756 1582 2797 posteriores
1595 2755 1809 2789 (3011101111οκ-

942 2793 1044 2833 stent,
1067 2797 1209 2836 quamvis
1221 2806 1285 2828 non
1302 2797 1410 2837 fignati
1428 2799 1479 2830 vel
1494 2797 1679 2838 subscripti,
1697 2798 1805 2829 existi-

943 2835 1090 2868 mandum
1105 2836 1150 2869 est
1162 2860 1171 2874 ,
1195 2838 1451 2878 patremfamilias
1468 2839 1552 2879 quod
1566 2839 1604 2869 ad
1625 2838 1686 2870 hoc
1699 2838 1808 2879 aprio-

944 2886 978 2908 re
999 2877 1164 2910 voluntate
1185 2878 1344 2910 recessisse.
1390 2879 1495 2920 Atque
1517 2878 1560 2910 ita
1578 2878 1806 2920 Hermogenia-

944 2927 1002 2949 nus
1023 2920 1054 2950 in
1080 2919 1100 2950 l.
1127 2929 1177 2950 22.
1202 2925 1247 2959 pr.
1261 2919 1302 2960 ff.
1318 2921 1351 2951 de
1371 2919 1484 2963 Legat.
1506 2919 1562 2951 illi
1585 2918 1606 2951 fi
1625 2919 1756 2951 testator
1776 2922 1808 2953 in

945 2959 1102 3000 principio
1119 2960 1293 2992 testamenti
1309 2961 1446 3000 dixerit,
1470 2963 1516 2992 cui
1538 2962 1581 2991 his
1599 2960 1735 3003 legavero
1745 2985 1754 3000 ,
1757 2962 1808 3003 se-

946 3000 1001 3031 mel
1021 3002 1118 3032 deberi
1133 3001 1217 3040 volo,
1231 3002 1262 3033 ἄ
1277 3000 1384 3042 postea
1402 3003 1513 3033 eodem
1541 3001 1728 3033 testamento
1754 3004 1807 3035 vel

946 3040 1112 3074 Codicillis
1133 3042 1255 3079 Sciens,
1277 3042 1307 3073 id
1325 3040 1573 3080 est‚deliberato
1587 3044 1691 3074 animo
1705 3042 1752 3075 bis
1767 3045 1807 3076 le-

967 3082 1086 3120 averit,
1100 3082 1239 3122 Suprema
1251 3107 1259 3119 ,
1273 3082 1394 3124 inquit,
1414 3084 1551 3114 voluntas
1565 3086 1660 3124 potior
1675 3085 1806 3117 halieriir,

981 3122 1107 3154 actenus
1131 3125 1213 3155 inter
1235 3124 1436 3156 Marcianum
1462 3126 1492 3156 <St
1523 3124 1809 3167 Hermogenianum

1734 3177 1810 3199 eon⁵

1091 3251 1192 3285 Cce
