2008 3436
271 88 554 141 QUAEST„
615 86 847 140 JURIS'
904 86 1261 136 PRIVATI,
1314 94 1604 138 LiB.11.c.Xi.

37 178 170 223 aliique,
197 189 276 222 quos
307 178 372 220 ipse
395 180 516 219 laudat,
539 180 653 213 vellem
675 180 706 211 id
727 179 900 212 rationibus

36 225 111 258 satis
138 223 258 254 idoneis
284 222 490 262 probassent,
515 222 557 254 sic
582 222 665 254 enirn
695 231 716 252 0
739 229 790 252 era
807 243 818 259 ‚
848 221 900 253 hic

36 265 190 310 praestita,
203 263 371 305 potuissem
386 263 548 305 superesse.
559 263 683 296 Similes
728 271 817 294 eroes
827 286 837 302 ,
848 263 900 303 qui

35 309 165 342 titulum
181 305 351 338 desiderant
364 330 373 344 ,
399 306 524 347 paribus
539 305 632 337 armis
640 303 804 342 diflident3
829 303 901 336 Hos

37 351 89 383 alii
109 347 329 381 recensuerunt
342 347 420 389 (5),
437 357 496 379 nec
512 347 595 378 inter
609 355 664 376 eos
686 345 833 378 minimus
855 345 900 377 cst

34 390 152 426 Praeses
181 389 358 421 Everardus
387 388 490 427 Consti.
522 396 594 424 219.
639 386 740 425 Sunt,
762 387 816 427 qui
838 396 901 418 me-

35 433 117 466 diazn
138 431 222 463 viam
243 430 384 471 eligunt,
407 430 484 468 rati,
509 429 559 467 ei,
583 428 637 469 qui
659 428 898 461 instrumentum

34 473 183 511 exhibet,
207 472 335 503 nomine
359 471 538 512 poflidentis
564 478 755 510 conceptum
773 492 785 508 ,
817 468 898 501 solvi

34 515 160 557 quidem
181 513 289 556 poll'e,
313 521 460 553 tanquam
477 511 622 552 adjeQO,
644 511 772 552 exigere
794 519 899 544 tamen

33 568 106 591 eum
131 566 194 589 non
219 564 308 596 azque
334 554 436 594 posse,
460 563 477 585 a
503 562 563 594 qua
580 551 733 585 sententia
751 561 812 584 nec
825 553 898 584 alie-

34 610 93 633 nus
121 597 165 630 est
189 596 289 630 Sande
306 597 347 626 de·
367 595 486 627 Ac'iioii.
515 593 583 635 Ceff.
611 595 642 626 C.
668 594 707 626 lI.
731 604 762 626 n.
791 603 838 635 17.
863 593 899 629 ἑοῦ

35 639 161 676 1801'cd
186 639 252 678 ejus
279 635 486 669 distinctionis
514 645 618 676 neque
643 636 821 674 rationem,
845 644 897 667 ne-

52 693 89 715 ue
106 680 325 713 auctoritatem
344 680 433 720 potui
448 677 705 710 animadvertere.
730 676 796 723 Qui
815 677 899 708 clau-

49 725 129 757 ulam
146 724 173 754 ei
183 744 192 760 ,
216 722 266 762 qai
284 721 506 761 chii-oarapliutn
515 718 618 759 seret,
642 720 726 751 inter
741 726 897 750 mercato-

32 776 81 799 res
100 774 155 807 pro
174 763 308 795 cellione
327 749 460 800 basiem,
486 762 567 793 inter
587 762 667 807 alios
687 770 751 792 non
770 759 897 807 habent,

33 808 94 849 jam
110 805 263 838 refutavit
283 803 458 835 Everardus
473 804 503 834 d.
523 802 627 842 Confil.
653 812 725 839 219.
743 811 801 847 nee
811 810 897 842 quic-

33 859 125 891 quam
143 848 172 879 ei
188 844 326 886 reposuit
340 845 461 884 Sande,
481 844 536 885 qui
552 853 592 875 eo
608 843 702 876 etiam
719 843 849 876 inclinat
868 843 896 874 d.

37 893 71 924 C.
98 890 137 923 Il.
161 900 191 921 n.
220 894 232 920 1
261 912 267 919 .

78 932 138 965 llis
160 932 203 963 ita
228 897 394 970 dyispumtis
420 938 470 961 res
496 938 535 960 co
557 929 659 967 cedit,
683 935 719 960 ut
742 926 898 964 dicamus,

32 973 235 1017 possessorem
256 969 472 1010 instrumenti,
488 971 618 1002 nornine
628 968 811 1011 poslidentis
827 977 901 1014 con-

33 1016 163 1057 scripti,
187 1013 207 1046 si
223 1012 289 1052 ejus
314 1010 455 1044 fraudem
480 1010 691 1047 demonstrare
714 1018 782 1054 non·
796 1009 900 1050 pollis,

32 1067 98 1091 non
121 1056 204 1088 reste
220 1054 366 1092 excludi,
391 1060 487 1094 utque
502 1053 626 1092 optimo
650 1052 721 1092 jure
735 1056 800 1091 agit
826 1058 901 1095 con3

34 1109 82 1131 tra
102 1098 301 1132 debitorem,
325 1094 366 1126 sie
386 1094 417 1126 &
443 1093 568 1134 optimo
587 1094 656 1133 jure
680 1092 709 1123 ei
731 1090 823 1138 solvi.
869 1091 901 1136 Si

33 1141 76 1174 fic
107 1146 230 1171 mecum
261 1135 399 1174 sentias,
420 1144 483 1166 non
513 1133 686 1166 difficulter
713 1131 900 1172 dijudicabis

34 1180 223 1225 quaestiones
244 1200 254 1213 .
279 1186 355 1217 quas
381 1175 546 1217 proposuit
574 1175 705 1208 Curtius
732 1177 823 1206 Εἱκκς.
857 1173 898 1205 L.

34 1225 61 1258 1.
88 1224 120 1255 C.
148 1230 197 1253 11.
221 1219 326 1261 &³35-
350 1217 381 1250 δε
400 1217 439 1249 L.
465 1216 633 1259 llI.C.3.
662 1221 710 1251 18.
736 1215 841 1256 &42
871 1214 900 1246 δε

33 1274 110 1307 quas
125 1263 220 1296 habet
240 1259 380 1293 Loenius
398 1258 497 1299 Decisl
526 1259 593 1290 Cur.
612 1258 696 1290 Holl.
722 1257 794 1298 Casii
811 1257 850 1288 V.
871 1256 902 1302 §c

37 1306 112 1340 Caii
130 1301 282 1338 XCVIII.
309 1310 442 1343 quaeque
464 1300 501 1331 ad
526 1307 695 1341 utrumque
722 1299 826 1331 casum
855 1298 901 1329 di-

33 1334 141 1391 spsitat
157 1344 314 1381 Loenius,
337 1351 408 1374 nam
426 1349 461 1373 ut
478 1340 543 1382 ipse
567 1351 676 1374 omnes
697 1340 764 1372 illas
783 1339 902 1381 speeies

36 1392 68 1424 &
91 1389 226 1422 rationes
250 1384 411 1417 excutiam
428 1405 440 1422 ,
463 1382 493 1415 &
517 1382 550 1414 in
577 1383 614 1415 iis
643 1382 736 1423 judex
757 1381 898 1421 sedeam,

32 1432 133 1467 nolim
153 1440 171 1462 a
185 1438 236 1461 me
251 1425 424 1459 desiderari.

76 1472 222 1506 Sollicite
247 1476 352 1501 autern
381 1468 554 1500 cavendum
581 1467 645 1506 est,
668 1476 733 1507 ne,
765 1476 833 1509 quae
860 1467 900 1499 de

31 1513 254 1551 cautionibus,
278 1509 406 1542 nomine
425 1509 630 1550 producentis
645 1510 811 1551 conceptis
824 1532 835 1548 ‚
858 1508 902 1542 su-

31 1567 86 1601 pra
106 1555 175 1589 sunt
192 1553 274 1586 diesa
291 1552 321 1584 &
337 1549 513 1591 disputata,
537 1550 758 1584 transferamus
772 1551 809 1582 ad
828 1550 903 1583 alias

34 1597 202 1631 cautiones
226 1594 279 1627 vel
299 1593 520 1632 instrumenta,
544 1602 613 1634 quae
630 1600 750 1625 certum
766 1593 901 1624 credito-

34 1650 102 1673 rem
124 1637 253 1671 habent.
309 1635 416 1680 Quam
449 1634 480 1667 in
508 1644 573 1666 rem
599 1634 737 1666 notanda
764 1633 810 1665 cst
829 1634 902 1680 'haec

35 1680 125 1714 causa
145 1702 156 1718 ‚
186 1689 203 1711 a
235 1677 352 1710 Senatu
380 1677 531 1718 Supremo
560 1676 706 1716 Judicata.
763 1675 899 1714 Titius,

33 1723 203 1757 Mercator
232 1718 455 1751 Dordracenus
477 1742 486 1758 ,
511 1718 566 1759 qui
591 1727 609 1749 a
630 1718 729 1759 longo
758 1724 902 1758 tempore

32 1765 154 1806 lignum
172 1760 354 1794 vendiderat
378 1759 534 1792 Praefecto
554 1769 702 1801 aggerum
721 1760 751 1792 ἀ
767 1758 900 1791 Assess'o-

33 1807 121 1839 ribus
135 1814 197 1837 van
215 1805 249 1835 de
265 1803 373 1835 Breede
389 1803 542 1844 watering
554 1823 564 1839 ‚
582 1808 618 1833 ut
635 1808 773 1840 vocant,
791 1801 822 1832 in
841 1801 900 1833 Be-

35 1847 181 1880 velandia
208 1844 343 1878 Australi
368 1844 406 1875 ad
431 1842 664 1876 conservandos
691 1842 734 1874 ibi
752 1851 899 1884 aggeres,

33 1896 75 1921 ex
103 1885 330 1929 compromisso
354 1884 434 1927 apud
469 1885 620 1917 Senatum
642 1894 716 1916 cum
742 1884 790 1917 his
816 1884 898 1916 inter

32 1931 93 1963 alia
121 1930 225 1970 litigat
251 1928 290 1959 de
314 1925 430 1959 summa
455 1929 548 1968 2463.
572 1925 767 1958 florenorum
784 1950 792 1963 ‚
818 1935 898 1966 quos

33 1982 74 2004 ex
98 1970 188 2003 causa
215 1968 385 2009 emptionis
416 1967 571 1999 debebant
604 1967 699 1999 Titio
725 1967 897 1999 venditori.

33 2013 202 2047 Sciendum
222 2019 328 2042 autem
347 2010 411 2048 est,
442 2009 514 2041 illos
537 2018 683 2050 aggerum
709 2008 899 2047 Curatores,

33 2054 162 2098 perinde
182 2061 216 2084 ut
231 2052 351 2093 reliqua
373 2050 539 2091 Collegia,
561 2059 624 2082 non
647 2049 789 2088 solvere,
814 2051 898 2092 quod

30 2097 166 2134 debent,
191 2094 246 2126 nisi
270 2102 325 2134 per
355 2090 538 2138 Quaestores
559 2090 646 2130 suos,
671 2100 730 2123 nec
755 2092 813 2124 hos
837 2091 897 2124 sol-

33 2146 110 2169 vere
125 2137 181 2168 nisi
206 2135 260 2168 sibi
286 2134 477 2166 exhibentur
500 2133 644 2166 mandata
671 2131 782 2175 scripta
804 2133 822 2174 ζ
837 2133 897 2165 Or-

32 2177 238 2218 clonnantien)
259 2185 369 2208 eorum
384 2198 396 2216 ‚
419 2184 549 2216 quorum
579 2174 742 2215 pecuniam
769 2175 896 2206 admini-

34 2221 142 2254 strant.
187 2218 246 2250 Rei
266 2218 296 2248 in
314 2218 372 2249 hac
391 2215 482 2249 causa
500 2216 689 2248 solutionem
708 2216 898 2258 allegabant,

33 2260 184 2304 produfim
199 2259 341 2300 apocha,
366 2267 460 2299 quam
480 2257 633 2297 ejusmodi
661 2258 808 2289 mandato
829 2257 897 2289 sub-

33 2302 155 2345 scripsit
173 2300 360 2333 Navarchus
376 2297 528 2340 quidam(
535 2300 568 2330 de
588 2298 826 2340 Nlarktschipper
835 2309 898 2331 van

36 2347 113 2378 Goes
133 2349 166 2384 op
185 2340 377 2384 Dordrecbt)
393 2350 457 2382 quo
475 2340 505 2372 &
523 2340 598 2372 alias
620 2339 689 2372 usus
707 2348 774 2372 erat
788 2340 899 2372 Titius

34 2388 73 2419 ad
101 2383 285 2426 exigendam
308 2382 496 2424 pecuniam,
521 2390 589 2422 quae
615 2381 670 2413 fibi
695 2381 727 2413 in
750 2382 898 2414 Zelandia

33 2428 205 2461 debebatur
221 2448 230 2463 ,
255 2426 285 2457 ἁ
309 2424 361 2465 qui
377 2423 552 2455 navarchus
569 2421 612 2453 ob
632 2432 674 2454 aes
688 2423 826 2454 alienum
841 2433 897 2463 po-

32 2470 98 2503 stea
112 2467 288 2508 aufugerat.
332 2465 442 2496 Titius
460 2463 582 2504 ajebat,
605 2462 635 2496 se
650 2463 682 2494 id
698 2464 874 2495 mandatum
888 2488 898 2503 ,

33 2521 99 2551 quo
119 2507 265 2555 Quaestor
286 2506 383 2548 Jussus
406 2513 472 2537 erat
497 2505 550 2537 sibi
570 2504 694 2536 solvere
712 2504 786 2538 illos
803 2509 897 2547 2463.

32 2554 189 2589 florenos,
212 2558 371 2589 nunquam
398 2546 535 2585 vidisse,
561 2546 592 2577 &
618 2545 789 2587 apocham,
815 2556 899 2579 man-

33 2597 110 2628 dato
129 2591 328 2631 subscriptam
341 2613 351 2628 ,
373 2598 437 2621 non
454 2587 534 2620 suam
552 2586 632 2625 esse,
657 2585 708 2618 sed
734 2588 819 2619 illius
834 2586 899 2619 Na-

31 2635 160 2673 varchi,
185 2631 356 2664 Curatores
383 2639 528 2672 aggerum
549 2653 558 2668 ‚
584 2627 783 2674 Quaestorem
804 2627 898 2660 fidem

33 2674 195 2711 Navarchi
220 2672 313 2704 fuisse
338 2672 505 2713 sequutos,
530 2671 557 2701 ei
586 2678 786 2702 numerantes
801 2679 897 2716 pecu-

32 2720 116 2751 niam
135 2717 197 2748 sine
211 2714 358 2746 mandato
376 2713 427 2744 vel
452 2712 585 2744 ceffione
603 2710 676 2749 sua,
699 2720 777 2742 vero
796 2711 895 2742 credi-

33 2759 98 2792 tori
113 2755 296 2790 solvendum
313 2754 395 2790 esse.
420 2754 451 2786 δε
467 2753 613 2785 mandato
640 2752 822 2790 contineri,
846 2751 894 2799 so-

33 2801 190 2834 lurionem
209 2796 304 2827 Titio
321 2795 382 2827 esse
396 2795 590 2832 faciendam,
614 2803 677 2826 non
694 2794 817 2826 liberari
837 2795 893 2834 igi-

34 2851 84 2873 tur
100 2837 299 2886 Quaestmem
311 2860 320 2872 .
345 2836 400 2868 nisi
424 2836 553 2868 solverit
576 2835 671 2867 Titio
683 2859 691 2873 ‚
717 2836 789 2867 eive
805 2836 859 2876 qui
877 2845 895 2866 a

34 2883 130 2915 Titio
149 2879 328 2912 mandatum
346 2877 490 2909 habuerit
509 2877 560 2908 vel
579 2876 755 2909 ceffionem.
780 2876 893 2908 Praeci-

33 2934 94 2967 pue
115 2930 219 2954 autem
252 2919 433 2952 laborabant
463 2917 632 2950 Curatores
655 2927 802 2960 aggerum
821 2940 832 2956 ‚
862 2925 898 2950 ut

34 2966 221 3006 probarent,
242 2961 295 3001 ipsi
317 2960 432 2997 Titio,
454 2960 506 2991 cui
533 2958 726 2998 debebatur,
749 2959 897 2991 traditum

32 3006 125 3039 fuisse
147 3004 178 3036 id
195 3002 373 3034 mandatum
385 3024 392 3034 .
411 3001 440 3032 &
460 3000 480 3031 si
499 2999 575 3031 esset
587 3022 596 3036 ,
615 3000 687 3032 inde
705 3000 896 3039 efficiebant,

31 3045 237 3080 Navarchum
254 3044 288 3076 id
316 3042 430 3075 habere
453 3050 517 3073 non
543 3041 677 3082 potuisse
697 3042 753 3075 nisi
773 3043 812 3074 ab
833 3041 898 3084 ipso

74 3166 137 3202 (ς)
158 3167 220 3195 Van
249 3167 391 3195 Leeuwen
417 3163 452 3191 R.
476 3162 514 3191 H.
536 3163 570 3191 R.
591 3162 627 3191 L.
649 3164 700 3191 IV.
721 3163 752 3192 C.
775 3171 802 3192 2.
821 3174 848 3193 n.
869 3171 898 3198 4.

35 3207 72 3245 vs.
101 3206 163 3243 Dog
183 3203 254 3242 fluat
281 3209 306 3233 'te
337 3207 426 3232 imm.
449 3201 474 3230 ἃ
495 3201 530 3230 ad
550 3202 684 3232 Pecltium
705 3201 735 3230 de
752 3200 827 3241 Jure
839 3201 900 3240 fist.

1737 106 1803 152 363

944 178 1050 225 Titio.
1095 179 1127 210 Si
1146 179 1300 213 habuisset
1325 190 1342 212 e
1361 192 1453 216 manu
1478 185 1583 227 Titii,
1608 190 1678 222 inde
1699 191 1807 232 utique

945 220 1158 261 colligendum
1187 221 1249 253 esse
1276 222 1407 254 tacitum
1439 227 1616 262 mandatum
1642 232 1803 264 effluenti-ie

966 262 1108 298 eeuniae,
1134 263 1165 294 &
1188 272 1277 296 erant
1302 263 1488 303 Senatores,
1510 270 1560 307 qui
1586 271 1626 302 iic
1646 257 1808 313 rcl'ssonde.

968 311 1028 335 ant.
1074 303 1137 335 Alii
1164 314 1260 344 ver0,
1287 305 1308 337 ii
1336 305 1388 337 vel
1407 305 1516 338 Titius
1543 313 1717 344 mandatum
1745 315 1804 356 (de

946 345 1180 386 Ordomianzie)
1211 346 1382 378 tradidisset
1412 346 1583 382 Navarcho
1603 375 1612 389 ,
1643 362 1804 394 perperam

944 395 1046 419 tamen
1066 387 1092 418 ei
1109 386 1246 419 solutum
1271 388 1334 421 esse
1355 389 1417 422 sine
1438 390 1586 423 mandato
1602 394 1651 424 vel
1672 396 1806 428 cellione

942 428 1035 470 ipsius
1052 427 1157 468 Titii,
1182 430 1212 461 δε
1229 430 1270 462 sic
1287 431 1418 463 omnino
1439 429 1502 470 est,
1527 431 1548 463 fi
1571 442 1611 464 ex
1630 434 1696 473 jure
1715 435 1806 477 sapia-

942 479 1021 501 musa
1068 469 1280 512 Exeipiebant
1310 479 1414 505 tamen
1438 473 1504 511 rei,
1527 482 1562 505 ea
1584 473 1615 507 se
1641 475 1806 508 consuetu—

942 512 1015 543 dine
1033 511 1099 550 uti,
1120 521 1155 543 ut
1173 514 1268 545 etiam
1289 513 1352 545 fine
1363 514 1483 555 apocha
1497 513 1678 554 solverent,
1700 525 1806 558 recep-

944 561 998 591 to,
1022 553 1107 593 quod
1122 553 1295 593 dederant,
1318 554 1483 588 solutionis
1499 557 1662 596 mandato,
1688 564 1745 589 met
1764 560 1809 590 in-

944 595 1081 636 trekking
1106 595 1202 626 allecti
1227 606 1288 627 van
1315 598 1348 628 de
1378 597 1594 630 Ordonnaniie.
1640 598 1699 631 Sed
1715 599 1754 631 de
1771 610 1808 632 ea

942 634 1170 669 consuetudine
1194 638 1272 670 nihil
1295 639 1462 685 quicquam
1488 639 1663 679 probabant
1683 664 1693 678 ,
1724 642 1809 682 quod

943 685 1046 708 tamen
1061 699 1071 715 ,
1093 677 1115 710 si
1131 687 1239 711 verum
1258 679 1352 719 esset,
1376 690 1408 712 in
1427 679 1513 712 facili
1534 679 1642 714 fuisset
1665 682 1806 723 probare.

941 717 1060 750 Nescio
1088 719 1204 759 etiam,
1228 720 1248 753 si
1272 721 1324 753 vel
1347 721 1413 761 ejus
1442 723 1484 754 rei
1509 722 1631 764 aliquot
1666 725 1808 766 exempla

942 758 1098 792 exstarent
1117 785 1127 800 ‚
1159 761 1280 802 judicio
1303 763 1548 796 contradictorio
1570 775 1632 797 non
1660 765 1807 807 probata,

942 811 979 832 an
1003 811 1038 833 ea
1062 801 1238 836 sufficerent
1264 804 1301 836 ad
1326 804 1563 846 abrogationem
1586 807 1660 847 juris
1686 805 1805 847 scripti.

943 842 978 874 In
999 843 1107 884 primis
1126 852 1229 877 autem
1248 845 1398 887 urgebant
1416 847 1482 884 rei,
1503 849 1554 878 clai
1571 849 1618 880 ook
1636 849 1668 879 de
1691 848 1808 879 Ordou-

943 886 1069 916 nanum
1094 895 1155 917 van
1182 887 1215 916 de
1239 886 1436 918 Geizerali'tetsst
1453 889 1562 920 lietaalt
1591 891 1723 921 wierden
1750 896 1811 922 aaa

943 928 998 958 den
1014 928 1118 958 [zoi-ider
1139 928 1238 965 sunder
1256 930 1356 970 eeni'ge
1370 932 1536 970 procisrazz‘e
1554 931 1587 972 os
1605 930 1689 973 ceffie.
1712 930 1810 978 Quod

944 969 965 1001 si
978 977 1089 1000 verum
1105 963 1317 1007 esset,nescio
1330 979 1368 1001 an
1385 969 1422 1001 ad
1441 971 1520 1003 hane
1549 971 1670 1005 causam
1690 974 1809 1014 porrigi

944 1009 1064 1050 possit,
1101 1009 1153 1041 scd
1182 1020 1218 1042 an
1246 1010 1283 1043 fit
1301 1035 1311 1050 ,
1345 1011 1495 1052 proximo
1525 1013 1599 1046 loco
1628 1013 1807 1055 disputabo,

943 1051 1166 1082 provocabant
1192 1060 1318 1092 quoque
1351 1051 1521 1086 Curatores
1543 1064 1687 1096 aggerum
1710 1055 1747 1087 ad
1778 1057 1808 1088 d.

944 1090 1119 1123 Decretum
1150 1092 1179 1123 &
1205 1091 1350 1124 Edic'tum
1379 1094 1535 1127 Ordinum
1565 1097 1724 1129 Zelandiae
1755 1107 1809 1139 31.

943 1133 1023 1172 MaJ.
1059 1136 1147 1174 1679.
1181 1142 1221 1164 ex
1246 1142 1308 1174 quo
1331 1134 1483 1175 poss'essor
1515 1137 1674 1170 actionum
1699 1148 1811 1171 contra

944 1174 1080 1206 Ordines
1106 1174 1238 1207 habetur
1257 1184 1317 1215 pro
1340 1175 1492 1215 domino,
1514 1177 1566 1210 sed
1590 1179 1639 1217 id,
1664 1186 1698 1210 ut
1722 1179 1811 1222 supra

944 1216 1072 1254 monui,
1095 1225 1159 1247 non
1184 1216 1276 1247 aliter
1301 1216 1446 1256 obtinet,
1468 1228 1561 1259 quam
1586 1220 1616 1251 in
1635 1220 1813 1254 astionibus

944 1256 1182 1331 §Obligatienh
1207 1267 1278 1298 quae
1296 1258 1390 1289 etiarn
1409 1259 1584 1301 possessoris
1597 1261 1724 1293 nomine
1733 1271 1809 1295 con-

958 1299 1066 1340 criptae
1089 1297 1156 1331 sunt
1179 1298 1197 1339 (
1209 1305 1257 1330 ten
1283 1300 1402 1331 hehoeve
1438 1311 1499 1332 van
1530 1303 1585 1334 den
1618 1303 1811 1345 Thooniier),

945 1340 1029 1381 quod
1055 1350 1119 1372 non
1140 1342 1222 1372 reete
1248 1340 1413 1373 transferas
1441 1343 1479 1373 ad
1498 1342 1720 1384 instrumenta,
1743 1356 1813 1387 quat

944 1391 1009 1414 uno
1026 1390 1116 1414 certo
1134 1381 1255 1413 homini
1280 1381 1467 1414 solutionem
1489 1383 1666 1417 faciendam
1690 1386 1752 1418 esse
1766 1387 1812 1427 ju-

943 1423 1026 1456 bent.
1063 1423 1163 1466 Igitur
1180 1423 1346 1457 secundum
1365 1423 1494 1459 Titium
1509 1425 1680 1468 judicatum
1694 1427 1740 1460 est
1757 1438 1811 1463 22.-

943 1464 1010 1505 Jun.
1040 1475 1130 1506 1720.
1154 1464 1235 1507 (6).

988 1506 1097 1552 Quum
1121 1507 1190 1539 Rex
1225 1507 1365 1542 Poloniae
1384 1533 1395 1550 ,
1426 1519 1483 1553 qua
1511 1511 1638 1545 Elector
1664 1513 1816 1547 Saxoniae

945 1558 1028 1581 anno
1048 1552 1137 1590 1716,
1163 1559 1306 1592 magnam
1318 1554 1460 1592 pecuniae
1478 1553 1624 1586 sumniam
1643 1555 1675 1588 in
1699 1556 1817 1597 Belgio

945 1590 1112 1623 Foederato
1141 1590 1317 1626 foenebrem
1353 1593 1524 1636 sumpsisset
1543 1620 1551 1632 .
1582 1597 1744 1637 promittit
1777 1595 1815 1629 se²

945 1642 1012 1664 eam
1023 1656 1032 1671 ‚
1057 1642 1128 1674 quae
1148 1642 1310 1680 numerata
1325 1634 1401 1668 esset
1418 1636 1512 1669 Titio
1528 1637 1810 1670 Amsterdammen-

944 1673 984 1712 fi,
1010 1683 1084 1706 cum
1101 1674 1200 1706 usuris
1216 1674 1433 1710 restituturum
1451 1677 1507 1710 suo
1529 1679 1590 1711 die.
1636 1680 1809 1713 Consiliarii

945 1715 1101 1748 Ordinum
1119 1715 1322 1749 Generalium
1343 1718 1499 1762 Quaestori
1523 1720 1670 1754 Generali
1697 1721 1722 1753 F
1724 1722 1812 1754 cede-⁷

943 1757 1001 1790 rati
1016 1758 1117 1800 Belgii
1142 1762 1172 1790 6.
1190 1758 1271 1801 Aug.
1297 1765 1387 1801 1716.
1414 1762 1577 1801 mandant,
1601 1772 1637 1795 ut
1659 1763 1739 1795 hanc
1758 1773 1811 1804 ρες-Ἰ

944 1801 1090 1839 cuniam,
1115 1809 1207 1841 quarn
1228 1810 1245 1832 a
1262 1801 1394 1842 privatis
1417 1811 1484 1835 erat
1505 1813 1679 1845 mutuatus,
1703 1804 1810 1836 solveae

940 1848 990 1872 ret
1018 1841 1096 1883 Regi
1123 1841 1232 1882 ejusve
1264 1844 1468 1877 mandatur-ic.
1512 1845 1570 1877 Ille
1596 1846 1807 1878 mandatarius

941 1891 1008 1914 erat
1029 1882 1160 1923 Titius,
1191 1885 1379 1918 nominatim
1395 1896 1412 1918 a
1441 1886 1527 1927 Rege
1549 1886 1698 1920 solutioni
1723 1887 1805 1919 ad'e-

941 1925 1019 1956 Qus.
1063 1924 1124 1957 Sed
1154 1925 1300 1973 Quaestor
1346 1935 1444 1960 artem
1470 1930 1536 1969 eJ’us
1576 1930 1715 1971 pecuniae
1760 1928 1808 1960 ol-

941 1966 991 1997 vit
1019 1965 1112 1998 Titio
1130 1990 1139 2005 ,
1169 1976 1289 2009 partem
1319 1936 1443 2010 fiegato
1475 1970 1569 2011 Regis
1603 1971 1685 2012 apud
1714 1970 1807 2003 Ordi-

941 2018 1005 2040 nes,
1058 2007 1180 2050 Legato
1205 2009 1357 2042 defuneto
1381 2011 1460 2042 nihil
1480 2013 1648 2054 quicquam
1675 2011 1807 2053 reperie-

941 2049 1032 2081 batur
1060 2050 1092 2082 in
1116 2051 1181 2091 ejus
1204 2051 1305 2084 bonis.
1360 2051 1451 2084 Unde
1479 2053 1549 2085 Rex
1579 2052 1742 2091 defendit,
1772 2061 1811 2085 ut-

943 2092 973 2124 &
992 2091 1168 2124 defendunt
1187 2092 1323 2126 Ordines
1342 2093 1513 2127 Generales
1527 2117 1536 2134 ‚
1560 2095 1613 2136 qui
1630 2095 1695 2136 ''pro
1711 2104 1806 2136 pecu-

941 2134 993 2166 nia
1014 2133 1222 2174 fidejuiserant
1238 2158 1248 2174 ,
1281 2135 1366 2167 illam
1391 2143 1511 2175 partem
1526 2160 1536 2176 ,
1568 2145 1660 2176 quam
1682 2136 1806 2177 Legato

942 2175 1077 2207 solverat
1095 2174 1244 2218 Quaestor
1255 2198 1266 2215 ,
1288 2177 1369 2208 male
1386 2176 1521 2209 solutam
1542 2177 1614 2209 ess'e.
1648 2177 1748 2209 Causa
1764 2186 1807 2208 ex

941 2216 1169 2258 compromiss'o
1194 2218 1276 2258 apud
1299 2218 1448 2250 Senatum
1473 2219 1656 2260 Supremum
1688 2219 1806 2260 agitata

941 2257 986 2290 est
998 2280 1009 2296 ‚
1031 2267 1095 2289 non
1111 2258 1156 2291 est
1172 2260 1291 2291 animus
1309 2269 1379 2291 earn
1399 2260 1551 2300 integram
1573 2259 1710 2298 referre,
1733 2269 1806 2292 narn

941 2309 1034 2341 quam
1053 2299 1198 2340 plurimis
1221 2300 1451 2333 defensionibus
1472 2300 1617 2332 utebatur
1639 2300 1806 2343 Quaestm,

942 2351 1010 2382 quae
1029 2341 1066 2372 ad
1077 2350 1143 2372 rem
1155 2362 1164 2380 ,
1190 2351 1282 2382 quam
1294 2341 1345 2374 hic
1364 2342 1464 2374 tracflo
1475 2364 1485 2380 ,
1496 2342 1573 2374 nihil
1586 2343 1806 2384 pertinebant,

940 2383 972 2414 id
992 2382 1188 2423 pertinebat,
1219 2383 1304 2424 quod
1326 2393 1435 2424 magna
1459 2383 1573 2415 fiducia
1599 2384 1807 2415 contenderet

941 2422 1107 2469 Quaestor,
1131 2432 1267 2464 receptae
1284 2423 1519 2456 consuetudinis
1534 2423 1613 2462 esse,
1638 2426 1689 2455 ciat
1708 2425 1747 2465 hy
1761 2425 1807 2456 al⁴

942 2465 967 2495 le
984 2466 1018 2495 de
1037 2464 1283 2500 Orclomzaniien‚
1308 2466 1343 2506 hy
1362 2467 1418 2496 den
1440 2465 1530 2496 Raad
1547 2475 1607 2495 van
1625 2465 1729 2496 Statim
1749 2475 1803 2509 ge—

935 2504 1062 2547 stagen,
1086 2515 1154 2547 mag
1179 2506 1294 2536 betulen
1321 2515 1381 2536 aan
1405 2507 1438 2536 de
1460 2507 1579 2537 houden·
1602 2513 1635 2546 op
1654 2507 1807 2540 derzeiver'

946 2546 1147 2585 Ouizancz'eiz,
1178 2545 1286 2586 jubere
1313 2547 1437 2588 quidem
1464 2545 1492 2588 §
1522 2556 1567 2588 17.
1592 2547 1700 2579 Formae
1719 2548 1804 2589 suoe,

940 2578 991 2619 ἂῗῖῑ
1007 2588 1045 2628 hy
1058 2597 1132 2629 gean
1150 2587 1354 2620 Ordonnantie
1371 2597 1441 2630 mag
1457 2589 1590 2628 betuleii,
1614 2589 1658 2620 als
1674 2600 1734 2621 acm
1753 2592 1800 2621 die

939 2639 1011 2671 gene
1021 2652 1031 2668 ‚
1044 2635 1094 2660 ten
1108 2630 1205 2660 wiens
1220 2630 1339 2661 behoeve
1353 2631 1469 2661 dezelve
1483 2629 1619 2672 gessagen
1634 2632 1659 2661 is
1670 2655 1680 2670 ,
1698 2631 1732 2671 of
1740 2633 1800 2663 cler-

939 2670 1014 2709 zeifs
1025 2672 1193 2710 procui-atie
1211 2671 1351 2703 hebbencle
1364 2695 1373 2710 ‚
1398 2672 1429 2703 ὃς
1453 2671 1485 2703 id
1503 2681 1627 2712 quoque
1648 2671 1797 2704 insertum

938 2711 1001 2743 esse
1021 2712 1157 2753 antiquis
1184 2712 1318 2745 aliorum
1346 2711 1546 2757 Quaestorum
1573 2713 1717 2751 Formis,
1749 2713 1800 2744 sed

938 2752 1027 2784 usum
1040 2753 1102 2793 jam
1119 2753 1197 2785 olim
1214 2753 1365 2795 subegisse
1383 2753 1472 2785 illum
1490 2753 1520 2793 §.
1541 2762 1586 2794 17.
1600 2754 1630 2784 δε
1647 2762 1701 2794 per
1718 2754 1799 2785 inul-

938 2794 1108 2826 titudinem
1121 2804 1224 2826 rerum
1239 2795 1424 2836 agendarum
1448 2795 1575 2835 negotia
1591 2794 1684 2825 aliter
1699 2796 1800 2836 expli-

937 2836 999 2867 cari
1018 2845 1080 2867 non
1099 2835 1195 2876 posse2
1216 2835 1399 2867 Proferebat
1412 2844 1536 2875 quoque
1553 2835 1685 2875 plurima
1694 2845 1800 2869 exem-

962 2877 991 2908 la
1007 2877 1160 2918 ejusmodi
1179 2876 1389 2914 solutionum,
1415 2877 1445 2908 ὅ(
1468 2875 1622 2908 offerebat
1641 2877 1729 2917 plura
1750 2878 1797 2911 ad-

939 2885 1003 2949 siuc
1026 2919 1095 2950 alia.
1141 2917 1295 2949 Probabat
1315 2918 1409 2948 etiam
1431 2916 1595 2961 Quaeilor,
1618 2917 1800 2951 Rationales

940 2959 1066 3000 quidem
1099 2959 1253 2990 Ordinum
1281 2957 1484 2989 Generalium
1514 2967 1595 2989 anno
1623 2968 1714 2999 1720.
1743 2959 1798 2992 sibi

940 2999 1113 3037 mandasse,
1136 2998 1316 3031 observaret
1330 2999 1419 3030 illum
1431 2998 1460 3039 ἓ.
1483 3007 1527 3039 17.
1546 2998 1596 3030 scd
1611 3009 1693 3031 anno
1707 3011 1799 3041 1721.v

941 3042 984 3073 ob
1003 3042 1161 3081 rationes,
1172 3049 1246 3082 quas
1261 3040 1323 3073 dixi
1336 3062 1348 3079 ,
1361 3040 1398 3072 ab
1409 3049 1448 3071 eo
1459 3040 1604 3072 mandato
1623 3040 1736 3074 iterum
1749 3052 1794 3072 re-

1101 3101 1103 3103 ,
1728 3093 1792 3115 cos-

941 3163 1018 3193 Part.
1039 3163 1089 3191 111.
1109 3173 1135 3191 n.
1159 3171 1186 3198 7.
1599 3160 1601 3164 ”
1646 3199 1649 3201 -

985 3202 1043 3239 (6)
1064 3201 1176 3240 Ohfirv.
1199 3198 1374 3272 Ti'leffeT'
1396 3200 1459 3231 VII.
1482 3210 1508 3230 n.
1533 3203 1617 3237 1640,
