2008 3436
486 93 625 140 AD
737 86 1456 140 LECTOREM.
1774 107 1825 157 93³

51 192 190 231 utimur-,⁴
217 187 298 236 adfis
319 187 404 225 modo
424 187 502 230 huc,
528 184 690 232 exspectat
714 190 747 218 te
767 182 960 219 Procurator
983 182 1072 230 Fisci
1087 209 1097 226 ,
1133 185 1306 222 collaturus
1334 194 1438 223 tecum
1459 187 1588 233 consilia
1610 190 1648 227 de
1670 190 1766 238 causa
1788 191 1831 233 C?

50 246 145 279 titulo
160 239 394 287 accusationis,
418 234 522 282 adsis,
548 236 698 281 inquam,
724 233 807 286 hue,
833 231 896 279 sed
914 230 1070 279 marsupii
1094 236 1144 268 tui
1166 246 1204 269 ne
1227 236 1440 281 obliviscaris.
1491 239 1563 284 Ego
1589 245 1642 285 qui
1666 243 1766 286 bona,
1792 244 1829 277 ut

49 295 121 330 dixi
132 320 143 339 ,
168 302 228 328 non
249 289 334 326 mala
352 291 385 324 in
402 295 434 324 te
451 287 594 321 carmina
605 281 743 331 scripsi,
759 283 896 328 securus
908 282 1004 329 sum,
1029 294 1125 327 nam,
1147 283 1310 330 postquam
1332 287 1366 321 in
1382 299 1431 323 me
1446 293 1670 334 peroraveris,

457 385 641 421 solventur
667 381 735 418 risu
762 381 914 427 tabulae,
939 391 1023 417 mox
1047 380 1164 417 miffus
1192 382 1310 420 abibo.

96 490 174 540 ,Qua
192 495 298 525 tamen
314 494 348 522 es
367 481 605 530 inconstantia,
623 481 818 529 judiciorum
837 478 878 521 ὅ)
896 483 1052 517 actionum
1069 482 1175 516 minas
1190 483 1352 526 remittis,
1380 480 1422 523 ὃ)
1438 483 1615 531 injuriam,
1634 485 1826 533 solemniter

47 541 180 586 oppido,
206 545 375 582 retorques.
422 533 540 578 Utique
552 531 641 578 scis,
666 540 790 567 retorta
810 532 955 578 injuria,
983 531 1178 578 injuriarum
1202 534 1259 578 agi
1279 544 1339 568 non
1356 532 1466 580 pff,-
1488 542 1599 580 putem
1615 544 1646 572 te
1671 549 1707 572 ea
1731 537 1767 572 de
1791 538 1827 572 re

45 587 154 635 Iegiffie
173 587 394 622 Feltmannum
415 590 527 625 tuum,
552 580 595 623 δέ)
610 593 684 628 quos
701 582 755 617 ille
771 581 859 617 dedit
876 581 968 616 alios.
1018 581 1133 616 Putem
1156 593 1296 628 quoque,
1323 594 1356 618 eo
1381 584 1447 631 ipso
1468 592 1499 618 te
1519 586 1713 631 injuriarum
1738 598 1827 622 reum

44 638 105 686 effe
120 663 132 682 ,
156 647 249 683 quum
265 642 327 670 tuae
348 630 617 679 expostulationes
635 632 728 666 nullae
740 629 831 676 sint,
857 632 907 666 uti
917 629 1008 677 satis
1017 632 1089 676 jam
1107 631 1207 666 docui.
1260 632 1322 667 Pro
1338 631 1514 679 facilitate
1538 643 1646 670 tamen
1669 648 1739 671 mea
1760 637 1826 671 hac

42 689 156 729 mitto,
183 682 226 725 &³
246 692 277 719 te
302 691 533 729 retorquentem
554 681 658 717 audio.
689 681 857 727 Conceptis
880 682 983 727 igitur
999 682 1108 715 verbis
1125 680 1394 728 hancforrnulam
1411 684 1549 719 ordiris:
1575 685 1653 732 Ego
1671 685 1826 721 Alexan-

46 732 296 774 derArnoldus
313 730 591 777 Pagenstecher,
617 729 658 771 fi?
676 730 941 777 quaesequuntur.
973 730 1044 764 Hoc
1066 737 1175 765 autem
1194 733 1268 777 agis
1280 731 1497 776 formularie,
1528 743 1562 768 ut
1581 746 1657 778 eas,
1684 747 1764 782 quas
1787 743 1823 770 tu

40 785 193 832 loqueris,
219 783 445 830 impuritates,
471 788 660 824 evomenta,
686 782 899 816 eructationes
914 781 947 814 in
961 779 1104 825 gluttum
1125 791 1226 814 meum
1247 780 1423 827 refundas,
1448 791 1649 829 retorqueas,
1674 787 1821 831 rejiciam

41 835 104 872 Sed
121 841 251 870 tantum
269 831 380 879 abest,
406 838 441 866 ut
460 832 548 866 illam
573 831 679 876 glutto
696 828 808 877 pofflm
824 828 956 875 fhrbere
974 828 1140 875 salivam,
1165 838 1200 863 ut
1215 831 1258 865 ad
1274 830 1475 876 bosfoetores
1491 834 1545 868 vel
1557 837 1738 869 recitandos
1744 834 1824 881 fere

39 881 200 930 nauseem.
226 892 328 929 apage
345 888 539 928 quantocyus
556 880 670 926 sordes
689 879 730 920 &²
753 880 900 914 latrinas.
953 879 1049 914 Nihil
1070 880 1235 924 quicquam
1260 881 1351 924 dixi,
1378 884 1457 928 quod
1479 890 1511 917 te
1532 884 1647 929 nonsit
1666 885 1822 931 dignum,-

40 936 94 981 qui
121 941 153 968 te
165 931 253 981 stylo
277 928 466 978 insectatur,
494 942 562 965 eum
586 927 703 976 necqffe
730 928 775 975 est
803 927 952 974 insecflari
975 929 1244 974 imprudentiam,
1277 930 1444 967 levitatem
1471 934 1593 976 animi,
1621 933 1822 981 hypocrisin,

40 982 102 1026 Β,
129 990 164 1018 ut
181 984 274 1018 verbo
294 979 474 1027 absolvam,
490 978 724 1026 stellionatum.
750 978 879 1020 Salem,
906 989 996 1023 quem
1015 976 1249 1024 adsperscram,
1290 987 1325 1014 tu
1343 979 1442 1026 ferre
1466 993 1525 1016 non
1546 991 1657 1029 potes,
1686 982 1727 1024 δέ)
1747 986 1822 1030 quia

39 1034 146 1069 ulcera
170 1040 226 1066 tua
247 1035 330 1066 hunc
348 1031 496 1071 horrent,
523 1025 564 1068 ἐξ
584 1029 658 1073 quia
677 1025 814 1074 insulsus
835 1038 879 1061 es.
923 1027 988 1062 Ubi
1007 1034 1116 1062 tamen
1135 1028 1279 1072 latebas,
1305 1029 1429 1076 constat
1448 1039 1480 1065 te
1499 1031 1628 1078 voluiffe
1639 1032 1825 1080 sarcasmis

35 1090 180 1130 pungere
201 1078 242 1121 ὅ)
255 1078 419 1126 facetiis,
445 1089 511 1123 quae
530 1088 635 1112 acrem
655 1074 713 1121 sui
737 1077 921 1112 memoriam
949 1077 1152 1122 relinquunt5
1178 1089 1282 1119 nunc,
1303 1078 1470 1125 postquam
1495 1088 1526 1115 te
1551 1084 1754 1128 personatum
1777 1095 1820 1118 ex

37 1132 174 1168 latebris
189 1130 298 1170 eduxi,
322 1126 363 1168 {9⁹
371 1129 478 1174 jocis,
506 1138 576 1161 cum
601 1127 762 1168 innoxiis,
788 1133 877 1168 tum,
904 1128 959 1161 ubi
978 1137 1029 1161 res
1046 1127 1221 1172 exigebat,
1246 1126 1371 1172 asperis
1386 1130 1574 1175 vapulatum
1599 1132 1722 1177 dimisi,
1747 1135 1820 1168 ani-

37 1192 89 1217 mo
114 1188 181 1216 toto
191 1177 326 1226 fruitus
345 1188 379 1212 es
393 1204 403 1220 ,
430 1174 471 1216 ἐξ
484 1174 642 1222 simulata
660 1187 732 1210 mox
753 1177 924 1221 gravitate
942 1176 1059 1220 incipis
1077 1177 1254 1212 concionari
1271 1178 1307 1212 de
1325 1180 1427 1214 tutela
1441 1180 1566 1214 honoris
1586 1182 1654 1222 tui,
1681 1185 1819 1228 ineptire

37 1230 75 1269 de
94 1228 217 1276 honesto
233 1226 275 1267 &³
291 1227 417 1270 decoro,
443 1235 538 1272 atque
557 1226 655 1261 etiam
683 1224 837 1272 (tantum
861 1226 924 1261 tibi
944 1224 1175 1272 desperationis
1189 1226 1259 1275 est')
1283 1237 1456 1274 provocare
1472 1241 1521 1265 me
1535 1230 1578 1266 ad
1592 1232 1739 1267 tribunal
1753 1232 1820 1267 Dei

37 1288 87 1316 ter
101 1280 214 1325 optimi
229 1277 378 1312 maximi.
430 1275 568 1311 Flebiles
589 1275 672 1322 elegi
688 1276 701 1310 Ι

88 1326 221 1373 Transis
236 1327 278 1362 ad
296 1326 403 1363 laudes
423 1333 520 1369 tuas,
546 1336 623 1371 quas
642 1335 702 1360 non
712 1323 810 1372 seem
830 1335 868 1360 ac
890 1324 959 1366 illi,
986 1326 1040 1371 qui
1055 1326 1194 1372 pyxides
1214 1324 1443 1374 &pharmaca
1468 1329 1578 1364 hianti
1595 1331 1716 1377 popello
1740 1342 1819 1367 ven-

36 1378 137 1421 dunt,
163 1378 254 1424 longe
271 1376 394 1422 lateque
412 1375 577 1410 decantas.
627 1373 663 1410 Si
681 1373 847 1410 Plutarchi
865 1374 1005 1410 libellum
1029 1374 1073 1411 de
1094 1376 1190 1412 laude
1211 1377 1259 1412 sui
1282 1377 1430 1425 legistis,
1457 1377 1499 1418 ἐξ
1510 1378 1562 1424 fic
1580 1387 1614 1414 te
1637 1383 1670 1415 in
1688 1379 1820 1428 soeculo

37 1427 169 1476 vidrffes
193 1427 352 1470 alterum,
377 1438 398 1461 a
423 1426 526 1460 milite
550 1423 705 1471 gloriofh,
732 1435 764 1459 os
787 1425 988 1470 humerosque
1013 1425 1075 1459 tibi
1091 1423 1194 1470 fimili
1210 1454 1220 1470 ‚
1254 1426 1340 1474 ipsus
1363 1431 1516 1464 horreres.
1568 1429 1631 1465 Sed
1641 1429 1738 1477 facis
1761 1432 1820 1467 hoc

37 1490 93 1522 eo,
117 1486 154 1513 ut
171 1487 232 1512 non
249 1475 308 1523 effe
328 1480 359 1511 te
378 1475 491 1511 dubiae
511 1474 689 1517 sanitatis,
716 1474 968 1520 quemadmodum
996 1485 1052 1520 ego
1081 1476 1248 1519 dixeram,
1276 1480 1340 1512 ires
1352 1481 1542 1524 probatum:
1566 1481 1704 1526 ignarus
1725 1480 1819 1525 scili-

36 1535 109 1571 eet,
134 1537 196 1563 non
212 1525 341 1561 aliunde
360 1525 466 1569 magis
485 1521 593 1570 effici,
619 1531 651 1559 te
666 1525 716 1558 uti
734 1532 838 1560 mente
853 1535 912 1559 non
931 1525 1082 1571 integra,
1112 1537 1204 1571 quarn
1223 1538 1265 1563 ex
1286 1528 1340 1562 hoc
1360 1529 1485 1563 laudum
1503 1536 1630 1565 tuarum
1649 1532 1817 1576 praeconio.

35 1577 186 1615 Enarras
206 1575 375 1621 Principes
395 1572 436 1614 δ”
453 1575 613 1616 Ordines,
639 1575 752 1620 quibus
769 1575 820 1609 ais
835 1581 866 1609 te
879 1574 1025 1620 placere,
1053 1573 1095 1616 ἐξ
1111 1576 1184 1611 hinc
1197 1579 1285 1623 petis
1310 1577 1524 1624 testimonium
1537 1605 1550 1623 ‚
1574 1580 1654 1625 quod
1674 1581 1737 1615 tibi
1759 1588 1818 1617 tua

37 1628 146 1666 virtus
161 1626 237 1662 dare
251 1626 373 1671 nequit.
424 1624 514 1665 Noli,
529 1633 659 1667 moneo,
685 1625 821 1659 nimium
847 1630 993 1670 turgere,
1010 1624 1104 1669 scio,
1132 1633 1166 1660 ut
1189 1629 1242 1672 qui
1266 1629 1403 1672 optime,
1431 1629 1517 1675 apud
1534 1640 1609 1672 eos,
1633 1641 1708 1675 quos
1732 1642 1816 1665 conz-

34 1687 213 1718 memoras,
241 1685 302 1709 non
326 1673 432 1709 eodem
450 1681 482 1708 te
498 1674 562 1709 loco
578 1671 656 1719 effe,
683 1676 757 1720 quin
776 1675 861 1719 apud
881 1674 1002 1719 aliquos
1016 1672 1107 1720 scitis
1125 1678 1295 1716 mediocri,
1323 1689 1362 1711 ne
1379 1678 1482 1713 dicam
1500 1677 1620 1724 infimo.
1673 1680 1726 1714 Ad
1750 1681 1816 1715 haec

34 1724 250 1814 {stimonium
262 1723 433 1760 denuncias
451 1724 518 1767 iis,
542 1734 673 1769 quorum
698 1725 921 1761 auctoritatem
937 1734 1026 1759 nemo
1041 1736 1102 1759 non
1122 1728 1229 1772 magis
1249 1725 1416 1774 admiserit
1435 1729 1470 1762 in
1493 1740 1527 1763 re
1546 1728 1697 1774 publica,
1724 1741 1818 1775 quam

53 1777 198 1812 'teraria.

81 1825 185 1861 Addis
201 1831 310 1861 tamen
326 1830 358 1860 te
375 1825 476 1859 etiam
491 1822 654 1858 laudatum
670 1821 729 1869 effe
750 1824 792 1859 ab
808 1823 900 1859 Viris
920 1822 1080 1863 laudatis,
1107 1825 1148 1859 ab
1176 1825 1285 1860 Ulrico
1305 1825 1452 1868 Habere,
1478 1828 1520 1861 ab
1539 1826 1745 1870 Fehmanno,
1774 1825 1817 1868 ἐξ

33 1876 146 1921 quibus
168 1874 256 1910 non?
289 1883 324 1910 at
342 1885 417 1910 vero
440 1884 496 1919 quo
515 1875 621 1920 pretio
645 1881 680 1907 tu
703 1870 745 1911 lis
773 1874 858 1920 apud
878 1873 1043 1915 literatos,
1071 1871 1112 1914 E?
1134 1874 1207 1908 olim
1222 1874 1337 1921 fueris
1355 1877 1442 1921 apud
1464 1877 1609 1912 Ulricum
1628 1877 1817 1920 Huberum‚

34 1936 86 1960 me
100 1935 162 1960 non
177 1924 269 1960 latet.
321 1924 413 1972 Quid
435 1923 490 1957 ille
503 1923 540 1957 de
556 1930 589 1957 te
603 1920 767 1969 senserit,
793 1934 854 1958 non
865 1920 972 1969 semel
987 1923 1066 1957 mihi
1092 1922 1231 1970 praesens
1256 1923 1648 1972 praesentifignificavit,
1666 1924 1699 1970 fi
1726 1928 1817 1963 tanti

33 1972 110 2020 (stet
123 2001 135 2016 ,
160 1985 271 2012 manes
286 1974 356 2020 ejus
372 1975 406 2007 in
425 1980 456 2007 te
473 1970 570 2015 telles
591 1973 775 2009 adducerem
787 1984 800 2016 ‚·
817 1971 881 2018 sed
894 1970 996 2015 scin’‚
1022 1973 1095 2019 quid
1112 1982 1142 2008 te
1154 1972 1262 2022 fallat
1278 1974 1295 2007 9
1320 1972 1420 2020 disces
1435 2001 1443 2013 .
1472 1977 1526 2010 ubi
1547 1987 1614 2010 rem
1635 1976 1735 2010 altius
1761 1988 1815 2011 re-

30 2025 165 2069 petiero,
216 2023 350 2059 Scilicet
370 2029 406 2057 ut
426 2022 526 2057 initia
545 2019 728 2069 &famam
745 2030 834 2058 tuam
864 2022 1062 2068 explicares,
1088 2032 1145 2069 per
1170 2024 1282 2058 literas
1306 2022 1473 2070 ambiisti,
1501 2025 1555 2059 vel
1574 2026 1682 2071 potius
1706 2037 1814 2061 emen·

34 2071 150 2118 dicasti
168 2073 334 2109 amicitias
349 2073 513 2113 virorum,
538 2072 591 2115 qui
613 2073 649 2106 in
665 2071 797 2118 Belgio,
823 2073 922 2109 etiam
936 2071 1038 2114 alibi,
1067 2073 1244 2108 eruditione
1263 2073 1441 2108 clarebant.
1491 2074 1562 2109 Alii
1578 2082 1610 2109 te
1631 2073 1813 2121 despicere,

35 2121 118 2165 elii,
141 2124 255 2160 vexati
279 2119 416 2164 totiens,
445 2120 611 2157 tralatitia
628 2121 832 2160 humanitate
850 2119 1055 2167 respondere5
1083 2133 1123 2156 ex
1139 2122 1189 2156 his
1209 2130 1318 2158 autem
1336 2121 1369 2168 fi
1388 2124 1458 2169 quis
1480 2124 1535 2159 vel
1556 2125 1700 2159 animum
1716 2123 1815 2172 suum

35 2170 91 2205 vel
111 2165 225 2206 rnorem
238 2170 393 2219 sequutus
415 2170 528 2206 blande
552 2177 583 2205 te
607 2169 838 2217 compellaffit,
869 2182 944 2206 mox
967 2178 1002 2206 tu
1029 2172 1098 2207 tolli
1127 2172 1218 2207 humo
1236 2170 1277 2212 &²
1298 2171 1414 2218 cristas
1447 2174 1581 2219 erigere.
1634 2174 1740 2219 Atque
1766 2175 1814 2210 hat

30 2217 110 2266 sunt
128 2219 248 2263 literoe,
274 2221 310 2255 de
325 2222 438 2266 quibus
454 2227 490 2254 tu
509 2230 606 2265 usque
622 2220 698 2256 adeo
716 2221 890 2267 gloriaris:
917 2231 992 2255 nam
1018 2229 1126 2256 certus
1140 2219 1216 2267 sum
1249 2230 1280 2256 te
1298 2233 1358 2257 non
1379 2221 1539 2270 extorfiffe
1561 2221 1744 2269 testimonia
1770 2226 1813 2259 ab

36 2267 129 2303 Viris
149 2269 243 2304 doliis
258 2294 269 2311 ,
293 2268 353 2314 nifi
375 2281 430 2308 eo,
456 2280 512 2314 quo
527 2269 620 2313 dixi,
647 2272 736 2317 turpi
755 2269 840 2305 modo
857 2271 1065 2306 emendicata.
1115 2269 1254 2318 Acceffit
1271 2272 1377 2306 aliud:
1403 2273 1557 2308 laudabas
1573 2274 1656 2308 enim
1677 2275 1711 2308 in
1727 2275 1814 2320 quis-

36 2319 146 2364 quiliis
162 2320 227 2353 tuis
243 2329 331 2352 omne
345 2329 447 2364 genus
469 2317 599 2359 Douos,
625 2330 681 2364 quo
704 2318 762 2364 ipfi
785 2327 816 2354 te
839 2319 1005 2354 laudarent
1028 2318 1187 2366 viczffitn,
1213 2320 1255 2361 &³
1275 2323 1322 2356 ita
1337 2322 1503 2368 aliquando
1517 2332 1576 2368 pro
1596 2323 1715 2368 longis,
1743 2334 1812 2368 quae

36 2368 189 2406 illiberali
210 2378 293 2403 more
309 2365 544 2414 adscripseras,
569 2368 682 2414 elogiis
698 2371 897 2416 impetrabas
921 2377 1046 2405 tenuem
1064 2367 1279 2416 &frigidam
1302 2373 1493 2407 mentionem
1514 2374 1580 2416 tui,
1607 2383 1667 2417 qua
1685 2378 1717 2406 te
1735 2373 1810 2418 jam

35 2417 177 2452 extollis.

80 2465 155 2500 Huc
182 2463 271 2512 refer
294 2466 437 2500 Ulricum
466 2465 649 2508 Huberum‚
676 2467 729 2512 qui
750 2467 785 2501 in
809 2466 983 2503 Eunomia
1007 2468 1170 2504 Romana
1196 2476 1228 2504 te
1244 2495 1254 2510 ,
1279 2467 1342 2516 sed
1363 2467 1434 2515 fine
1457 2472 1594 2506 encomio
1610 2498 1621 2513 ,
1653 2469 1807 2514 adducit,

38 2513 125 2561 refer
151 2513 191 2555 ἐξ
217 2516 309 2558 αἶὶα,
334 2527 400 2560 quae
425 2527 550 2550 narras.
610 2515 646 2550 Si
671 2517 752 2554 hunc
778 2516 880 2562 ipsum
906 2516 1071 2554 Huberum
1104 2519 1138 2553 in
1169 2518 1272 2554 eodem
1302 2519 1407 2564 Opere
1434 2531 1483 2554 me
1505 2532 1565 2555 non
1590 2520 1777 2555 illaudatum
1795 2541 1808 2563 ,-

35 2574 134 2610 neque
149 2564 270 2610 semel,
295 2563 544 2611 commemoraffe
561 2563 771 2608 ostenderem,
795 2573 982 2608 armatura,
1016 2579 1076 2613 qua
1097 2574 1154 2608 tu,
1177 2568 1240 2602 levi
1253 2576 1451 2614 pugnarem,
1477 2567 1518 2610 E?
1527 2568 1627 2614 fimul
1640 2568 1730 2616 eſjem
1750 2577 1809 2604 va-

35 2623 115 2656 nus,
140 2614 174 2648 id
198 2612 260 2661 est,
287 2615 335 2648 tui
352 2612 483 2658 fimilis.
536 2613 622 2650 Vera
643 2615 750 2649 virtus
762 2614 931 2662 pretiosui
956 2625 1106 2651 contenta
1131 2618 1267 2651 arbitrio
1285 2618 1449 2663 popularis
1471 2631 1557 2654 aurae
1582 2631 1642 2654 non
1668 2620 1807 2664 regitur,

36 2673 135 2708 neque
159 2663 233 2696 adeo
257 2672 415 2709 pra’cones
441 2664 552 2709 quaerit
569 2689 579 2706 ‚
613 2675 709 2710 neque
738 2665 861 2710 indiget
886 2663 1089 2711 testimoniis.
1153 2665 1201 2702 Tu
1226 2674 1337 2701 contra
1357 2694 1367 2709 ,
1399 2679 1466 2713 quie
1489 2670 1590 2704 animi
1612 2671 1661 2704 tui
1685 2666 1810 2714 egestas¹

37 2708 104 2756 est,
130 2711 327 2756 undecunque
346 2723 383 2747 ea
409 2713 551 2748 corradis
567 2738 576 2753 ‚
609 2710 650 2752 &³
669 2721 776 2748 tamen
799 2723 901 2760 prava
926 2716 1101 2751 ambitione
1124 2716 1227 2751 videri
1250 2717 1303 2751 vis
1330 2724 1407 2752 ante
1434 2719 1602 2754 lrneriurn
1627 2728 1723 2752 tuum
1747 2729 1808 2752 non

38 2760 144 2794 omnia
164 2761 252 2794 nobis
274 2760 506 2808 repraesentaffe
529 2763 692 2803 carmina,
718 2774 785 2808 quie
807 2764 938 2809 prodige
961 2767 994 2799 in
1027 2765 1133 2801 laudes
1164 2773 1239 2801 tuas
1262 2764 1372 2812 effusa
1403 2766 1512 2814 ssent.
1564 2767 1647 2802 Nec
1674 2765 1778 2802 finem
1794 2791 1806 2808 ,

38 2810 89 2843 ais
107 2809 150 2843 ad
167 2816 257 2850 tuos,
283 2819 349 2844 nee
370 2812 512 2846 modum
531 2823 589 2846 me
606 2812 745 2847 amandi
763 2810 800 2848 ἅ
820 2813 1014 2850 honorandi
1037 2815 1169 2851 habere
1193 2814 1362 2851 v01u1stis.
1416 2816 1538 2862 Desine
1562 2816 1739 2861 ampullas,
1765 2814 1807 2855 fi?

37 2858 108 2899 dic,
133 2857 215 2904 quod-
224 2868 273 2893 res
290 2856 353 2903 est,
378 2867 408 2894 te
429 2861 619 2902 laureolam,
646 2873 740 2906 quam
758 2873 818 2896 non
838 2874 940 2898 meres
953 2889 964 2906 ,
990 2875 1030 2899 ex
1045 2865 1100 2899 hoc
1120 2863 1276 2911 mustaceo
1292 2877 1451 2910 qucerere,
1469 2864 1630 2912 spernunt
1650 2865 1714 2899 haec
1733 2867 1806 2900 ani·

35 2908 82 2941 mi
105 2908 234 2953 magni,
250 2905 362 2953 *pastui
383 2909 437 2943 vel
452 2911 558 2954 pretio
580 2911 751 2946 redimunt.
803 2911 866 2947 Sed
887 2924 945 2958 quo
971 2916 1077 2960 magis
1102 2914 1285 2953 Amicorum
1311 2922 1435 2951 tuorum
1458 2913 1565 2962 eff'usa
1589 2915 1729 2949 encomia
1757 2915 1808 2949 in·

34 2962 144 2998 tueor,
171 2967 205 2991 eo
221 2958 324 2996 minus
337 2957 448 2992 mirari
453 2956 564 3002 subit,
591 2967 622 2995 te
636 2958 741 3007 ipsum
759 2967 816 2996 tua
839 2966 906 2997 tam
927 2963 1026 2999 altum
1046 2963 1243 3010 praedisare3
1270 2963 1356 3012 Quis
1372 2974 1464 3007 non,
1490 2965 1594 3010 inquit
1616 2963 1737 2998 Seneca
1762 2963 1807 2999 de

34 3011 149 3052 tranq.
178 3005 297 3040 Anim.
323 3005 362 3040 C.
379 3006 409 3040 I.
433 3005 526 3044 inter
545 3008 762 3047 laudantium
787 3011 1115 3060 blandientiumque
1141 3011 1269 3059 positus
1292 3023 1420 3058 greges
1437 3039 1447 3056 ,
1472 3013 1659 3060 plurimum
1686 3021 1804 3048 tamen

35 3051 98 3088 fibi
116 3052 187 3099 ipse
202 3053 386 3089 assentatus
404 3054 480 3090 est?
506 3057 539 3091 id
555 3065 608 3100 tu,
638 3058 776 3106 Thraso,
804 3062 947 3107 exemplo
967 3070 1022 3098 tuo
1039 3062 1212 3098 luculenter
1224 3059 1377 3109 probasti.

83 3104 199 3146 Nunc,
216 3111 250 3138 ut
265 3105 406 3140 animum
421 3106 565 3140 nonnihil
581 3110 748 3152 remittas,
766 3118 860 3145 notas
877 3119 1019 3157 typorum
1037 3113 1142 3154 vitia,
1161 3113 1254 3147 immo
1271 3109 1312 3151 ἐξ
1325 3118 1384 3146 tua
1398 3137 1407 3152 ‚
1429 3109 1470 3151 E?
1486 3121 1558 3146 mox
1576 3111 1680 3145 acrior
1695 3108 1808 3155 instas.

35 3150 153 3198 Itaque
183 3153 260 3188 bello
285 3153 391 3193 ordine
413 3154 498 3189 redis
523 3156 565 3191 ad
589 3169 658 3201 me,
680 3159 737 3192 vel
756 3161 863 3205 potius
895 3161 938 3200 ad
960 3170 1011 3197 te:
1037 3173 1112 3196 nam
1135 3161 1237 3208 nescio
1262 3172 1328 3206 quae
1352 3171 1413 3195 non
1436 3163 1584 3207 garrias,
1615 3171 1674 3195 non
1699 3167 1734 3194 ut
1760 3171 1808 3195 me

34 3209 129 3248 potas
153 3200 228 3249 (hoc
250 3204 337 3240 enim
359 3207 513 3252 apparet)
526 3204 597 3250 sed.
611 3215 648 3242 ut
671 3207 778 3253 laudes
812 3215 888 3246 tuas
917 3219 1010 3258 porro
1033 3209 1192 3258 absolvas.
1244 3210 1337 3247 Inter
1359 3211 1427 3248 alia
1444 3208 1603 3257 facinora
1625 3211 1677 3247 ais
1701 3212 1733 3245 te
1758 3221 1809 3245 re-

1713 3258 1812 3306 spon·
1838 3263 1843 3266 '
