2008 3436
1001 102 1128 152 (w)

294 367 1117 431 CONSPECTUS
1229 368 1808 432 CAPITUM.

441 513 677 546 CAPUT
743 512 766 544 Ι.

259 607 273 628 e
290 597 384 628 Paulo
402 598 537 637 quadam.
584 596 642 628 Pro
666 596 752 628 Libr.
773 596 827 628 III.
853 595 972 639 Quaest.
998 597 1031 627 in

282 638 494 677 {mygypfifere
514 635 721 677 restituendum
742 639 854 677 videri,
876 638 960 670 Libr.
973 636 1027 668 III.

169 681 383 713 Decretorum
401 690 408 709 :
441 678 477 713 ὅ)
501 688 597 719 quare.
644 676 834 710 Decretorum
852 679 957 710 Libros
974 688 1031 709 eos·

170 723 234 753 dem
258 720 307 760 effi
335 730 400 750 cum
423 719 642 750 Sententiarum
667 719 867 760 Imperialium
884 743 893 758 ,
920 719 975 758 δέ’,
1000 725 1032 750 ut

170 764 309 799 videtur,
334 761 552 792 Sententiarum
563 759 628 798 five
646 760 797 792 Factorum
815 761 969 801 librissex.
1005 760 1033 792 I-

170 809 204 835 ta
228 802 396 842 defenditur
422 801 515 833 Index
538 801 723 833 Florentinus
741 808 840 833 contra
863 801 1032 834 Rittershu-

165 843 253 884 fium.
302 843 418 885 Cujacii
442 853 476 874 ea
498 844 532 873 de
558 853 588 873 re
611 841 756 881 hcefitatio.
803 843 893 874 Pauli
913 843 1032 874 Senten-

170 887 279 917 tiarum
296 889 476 924 receptarum
498 883 604 915 Libros
621 885 765 925 quinque,
785 884 856 915 alios
873 884 950 925 effea
964 884 1033 915 Sen-

168 928 330 958 tentiarum
351 924 414 964 five
439 924 591 964 Fabiorum
618 925 721 957 Libris
727 926 803 967 sex,
830 925 866 960 ὃ)
881 927 929 967 qui
947 923 1033 966 diffe-

171 974 252 1000 rant.
300 967 468 998 Sententias
493 965 662 1006 Imperiales
689 966 724 1001 ἐξ
748 967 877 998 Decreta
893 965 1035 1009 distingui

173 1010 206 1041 in
222 1008 371 1049 Inscripp.
389 1008 424 1040 L.
444 1008 501 1039 ult.
526 1007 560 1039 ff.
587 1008 624 1039 de
649 1008 760 1039 haered.
786 1008 854 1040 inst.
873 1008 909 1043 ὃ)
930 1008 966 1039 L.
977 1008 1035 1041 ult.

171 1050 207 1082 ff.
226 1051 263 1082 ad
279 1049 398 1082 SCtum
415 1049 558 1081 Trebell.
586 1049 622 1083 ἐξ·
641 1056 737 1081 tamen
757 1051 854 1080 eadem
874 1049 923 1090 effe
940 1055 1032 1089 opera.

174 1091 292 1134 Cujacii
325 1091 484 1122 emendatio
513 1091 658 1133 rejicitur.
711 1090 891 1130 Explicatur
922 1097 1036 1131 recepta

163 1133 327 1175 scriptura.
373 1130 548 1171 Adstruitur
563 1137 647 1172 porro
675 1129 895 1170 veristmilitudo
920 1138 1036 1162 mutan-

171 1176 214 1206 doe
227 1173 424 1215 inscriptionis
441 1174 473 1203 in
496 1172 535 1205 L.
554 1172 657 1205 Lec‘ka.
703 1173 907 1205 Nihilominus
922 1179 1037 1213 recepta

173 1215 256 1248 lectio
286 1214 446 1255 afferiiur,
477 1215 525 1245 ubi
551 1216 687 1245 rationes.
767 1213 932 1254 uceJtionum
949 1214 1038 1244 Libri

174 1259 212 1289 ab
231 1257 300 1288 aliis
318 1256 448 1297 quomodo
466 1257 636 1295 discrepent.
682 1254 810 1297 Fulgosti
841 1261 943 1286 contra
958 1254 1037 1285 Pau-

174 1299 235 1330 lum
255 1298 442 1339 indignatio.-
472 1303 505 1327 ut
532 1296 567 1331 ὅ)
585 1295 730 1327 Duareni.
777 1296 931 1336 Propriam
951 1295 1037 1341 Qae·

172 1338 301 1381 =[tionum
322 1344 460 1369 naturam
480 1337 608 1369 Paulum
635 1336 769 1376 excusare
787 1360 796 1375 ,
830 1337 878 1368 ubi
896 1335 1038 1367 nonnulla

175 1382 210 1412 de
224 1381 348 1412 aliorum
369 1380 458 1410 etiam
479 1375 677 1426 Quaestionum
693 1378 805 1409 Libris.
935 1377 1037 1420 Pag.9

427 1460 455 1493 C
475 1460 503 1493 A
527 1460 551 1493 P
574 1461 606 1493 U
628 1460 662 1493 T
727 1460 743 1493 1
766 1460 790 1492 I.

221 1545 409 1578 Auditorium
431 1546 501 1586 quid
521 1543 571 1584 fit.
618 1545 656 1578 In
679 1544 755 1586 Jure
773 1545 848 1577 illud
873 1543 996 1586 adscribi
1014 1554 1041 1576 o-

177 1588 309 1625 mnibus,
332 1588 381 1628 qui
410 1586 498 1627 causae
513 1587 709 1629 cognitionem
733 1587 862 1625 habent,
884 1592 985 1617 contra
1000 1586 1040 1617 lo-

177 1639 243 1660 cum
267 1627 390 1669 Asconii
408 1639 418 1659 .-
451 1638 539 1669 neque
562 1629 658 1670 igitur
678 1627 820 1669 Praefebto
833 1629 986 1668 proetorio,
1008 1633 1041 1658 ut

179 1670 298 1711 reliquis
314 1670 461 1711 digniori,
491 1671 725 1710 quemadmodum
749 1669 816 1701 ‘vult
842 1668 914 1710 JaC.
934 1669 1044 1701 Gotho<—v

171 1712 289 1759 fredus.
313 1711 502 1758 Auditorium
519 1711 600 1758 illius
614 1709 753 1750 Praefecti
761 1733 773 1750 ‚
797 1710 833 1745 ἐξ
848 1708 934 1751 ipsius
948 1710 1039 1741 Prin-

179 1751 1041 1836 ἷὲξὲἔηῖῧῖιξᾟῗέἕῖιὲεᾶἶζέἕῖῗίῖἑέἰῗῐῖνῲνῖἔὲ-ρίεἳὲῗρῗέῖ

179 1836 228 1876 gis
243 1834 315 1866 XL.
336 1833 528 1873 controverfia
544 1835 582 1866 ad
596 1834 771 1876 Praefecium
794 1835 926 1875 prcetorio
936 1840 1041 1874 perve-

180 1877 269 1908 nerit.
314 1875 424 1908 Videri
437 1881 491 1916 per
506 1876 716 1918 delegationem
728 1899 738 1915 ,
761 1875 797 1911 ὅ)
812 1885 898 1917 quam
923 1877 955 1907 ob
971 1886 1040 1908 rem.

1073 510 1209 542 lationem
1231 514 1360 552 pecunia
1384 514 1492 544 veteris
1517 512 1554 548 δέ
1578 513 1719 546 hodiernae
1735 515 1852 557 institui
1873 528 1932 552 non

1068 552 1151 593 poffe.
1199 552 1272 600 Quae
1279 553 1377 593 fuerit
1393 556 1554 586 numeratio
1572 556 1605 586 de
1622 558 1699 587 domo
1709 579 1720 595 ,
1743 567 1802 599 quae
1812 561 1846 590 de
1855 570 1930 592 men-

1065 593 1107 634 sae
1117 594 1277 634 scriptura.
1324 594 1522 636 Disputatur,
1547 605 1598 628 cur
1615 598 1689 629 illud
1700 599 1739 630 de
1753 599 1848 633 domo
1859 602 1932 634 Cau-

1075 635 1195 666 tionibus
1211 635 1311 675 fuerit
1330 637 1478 677 insertum.

1322 716 1554 752 CAPUT

1893 652 1931 676 12

1618 721 1633 753 Ι
1656 723 1697 755 V.

1118 798 1155 826 τὸ
1177 798 1275 839 proba
1301 799 1383 830 reQe
1399 799 1615 840 supervacuum
1646 804 1696 845 effe
1726 806 1858 848 plerique
1877 815 1933 850 pu-

1078 844 1153 870 tant.
1200 840 1340 871 Veterum
1366 846 1463 872 tamen
1486 843 1578 885 aliqui
1602 846 1684 876 illius
1709 847 1842 887 effectum
1863 859 1936 891 quae-

1071 886 1165 911 runt:
1195 879 1240 921 ast
1263 891 1319 912 non
1345 883 1513 916 inveniunt.
1593 888 1643 917 uid
1657 890 1774 928 proprie
1786 888 1844 928 fibi
1862 891 1939 923 velit

1077 921 1170 968 refte.
1203 921 1316 968 *Dolum
1333 923 1448 954 excludi
1457 925 1590 964 formula
1605 929 1695 968 probi
1713 929 1805 962 reete.
1833 929 1938 972 Osten-

1078 963 1158 1009 ditur
1181 972 1242 1005 ejus
1268 965 1383 995 utilitas
1405 975 1462 996 non
1479 976 1539 998 una
1555 971 1688 1009 ratione,
1713 973 1828 1003 remotis
1845 974 1936 1006 etiam

1078 1001 1303 1051 difficultatibus.
1352 1006 1512 1046 Competere
1527 1019 1556 1040 eo
1574 1010 1641 1051 casu
1661 1011 1803 1044 actionem
1818 1015 1940 1054 incerti,

1080 1044 1116 1080 &⁹
1133 1054 1169 1075 ex
1179 1043 1344 1091 stipulatu:
1367 1048 1400 1078 de
1416 1047 1475 1079 dolo
1491 1059 1547 1081 non
1564 1053 1608 1082 ita
1623 1054 1766 1095 pinguem
1782 1054 1844 1096 effe.
1868 1055 1939 1088 Hoe-

1079 1087 1173 1131 redem
1190 1087 1357 1131 insolidum
1375 1098 1435 1119 non⁴
1449 1093 1559 1131 teneri,
1584 1092 1640 1132 nifi
1655 1094 1769 1136 adjecta
1784 1097 1841 1128 doli
1859 1098 1940 1130 clau-

1071 1127 1163 1174 sula:
1177 1129 1316 1168 sedtum
1333 1139 1369 1160 ex
1382 1128 1538 1170 stipulatu.
1586 1134 1750 1176 Reliquas,
1769 1147 1829 1178 quae
1845 1139 1941 1170 dolum

1075 1174 1181 1208 punire
1201 1174 1357 1209 poterant,
1388 1170 1512 1203 actiones
1527 1179 1642 1207 tantum
1658 1187 1714 1208 non
1734 1181 1854 1218 operari.
1901 1179 1941 1213 In

1080 1207 1205 1246 tranfitu
1226 1210 1260 1240 de
1290 1211 1428 1242 Cautione
1447 1213 1512 1244 vim
1532 1224 1596 1247 non
1614 1216 1692 1249 fieri.
1736 1220 1940 1262 Kalendaefu-

1081 1255 1150 1280 turce
1168 1259 1226 1290 quae
1235 1249 1320 1288 fint.v
1354 1251 1428 1282 Dies
1452 1253 1654 1288 Kalendarum
1673 1261 1771 1299 quibus
1789 1262 1940 1294 locutioni-

1081 1291 1130 1321 bus
1156 1292 1315 1337 denotetur.
1347 1292 1398 1339 'In
1417 1292 1549 1336 fingulos
1575 1298 1681 1339 menses
1690 1299 1798 1341 sortem
1822 1303 1858 1339 ὅ)
1876 1303 1941 1345 usu-

1080 1341 1128 1363 ras
1137 1330 1390 1374 stipulatosfuiffe
1408 1335 1538 1370 Veteres.
1900 1353 1940 1385 14

1344 1400 1681 1457 CAPUTJV

1103 1541 1108 1547 Ι
1128 1499 1228 1548 Verba
1245 1523 1255 1539 ‚
1281 1502 1406 1543 rogavit
1423 1502 1502 1542 ille,
1527 1504 1711 1547 spospondit
1728 1508 1784 1540 ille
1792 1531 1803 1548 ,
1820 1507 1943 1552 stipula-

1084 1545 1190 1572 tionem
1205 1542 1337 1583 inferre‚
1362 1553 1419 1585 non
1432 1544 1562 1585 pactum.
1611 1547 1737 1588 Ulpiani
1755 1553 1903 1590 mqjciog„
1912 1554 1945 1585 in

1082 1582 1120 1615 L.
1146 1591 1174 1630 ἶ.
1208 1582 1236 1624 §.
1264 1584 1380 1632 ¹2·.ff·
1413 1586 1452 1617 de
1482 1586 1566 1619 Pact.
1611 1589 1707 1622 Pacta
1726 1592 1832 1624 ibidem
1848 1594 1945 1635 accipi

1076 1629 1131 1664 pro
1147 1621 1346 1664 instrumentis
1363 1626 1512 1667 petitorum
1531 1652 1542 1668 ‚
1575 1636 1672 1662 notato
1692 1631 1763 1673 JaC.
1789 1634 1943 1675 Gothofre-

1081 1666 1125 1696 do.
1162 1665 1369 1712 ‘Recensentm-
1388 1669 1520 1709 plurimae
1548 1670 1577 1702 d.
1612 1671 1639 1713 §.
1669 1682 1716 1705 12.
1742 1675 1944 1715 absurditates.

1082 1704 1262 1754 Restituitur
1289 1715 1336 1749 ope
1361 1709 1504 1752 beviffimae
1519 1713 1688 1745 vocularum
1707 1715 1944 1757 transposttionis.

1085 1747 1136 1780 Fit
1152 1753 1249 1794 autem
1264 1749 1320 1781 haec
1336 1752 1442 1782 duobus
1459 1754 1557 1785 modis.
1604 1755 1694 1787 Porro
1716 1758 1884 1798 deducitur,
1909 1758 1947 1794 ἃ

1084 1790 1271 1837 confirmatur
1277 1791 1379 1833 sensus
1401 1793 1430 1824 d.
1452 1793 1482 1834 ὃ.
1506 1794 1542 1830 &³
1556 1796 1729 1829 aufioritate
1755 1798 1944 1838 Bafilicorum

1078 1829 1243 1872 stabilitur.
1290 1833 1393 1865 Etiam
1418 1836 1521 1877 absque
1549 1839 1745 1870 emendatione
1782 1838 1945 1881 ustinetur:

1085 1882 1119 1904 ac
1134 1881 1168 1903 ea
1181 1871 1322 1912 occasione
1341 1876 1485 1915 explicita
1508 1877 1544 1909 L.
1572 1887 1617 1916 19.
1643 1879 1672 1921 §.
1697 1890 1725 1912 2.
1770 1905 1779 1914 .
1802 1881 1841 1913 de
1860 1882 1944 1915 aedil.

182 1915 356 1957 Illustratur
373 1918 404 1948 id
419 1917 529 1958 aliquot
543 1918 691 1958 exemplis.
717 1916 894 1957 Praefectum
909 1919 1043 1957 praetorio
1070 1913 1178 1945 {ediet-
1213 1914 1248 1949 δέ’
1278 1914 1315 1947 L.
1339 1925 1368 1957 7.
1396 1915 1429 1948 ff.
1454 1918 1493 1949 de
1516 1918 1555 1951 V.
1580 1921 1609 1952 S.
1655 1921 1783 1954 Ratione
1799 1923 1892 1954 adhuc
1911 1933 1945 1955 a-

178 1958 338 2002 judicaffe:
359 1959 393 1989 de
412 1968 441 1989 eo
450 1960 605 1998 sententia
630 1958 696 2000 Jos.
714 1959 861 2001 Scaligeri
877 1959 910 1989 in
929 1965 1043 1990 contra-

180 2001 267 2031 rium.
313 1999 417 2030 Plures
426 1999 516 2040 fuiſj'e
545 2001 597 2031 uni
612 2001 745 2040 praetorio
761 1998 917 2040 Praefeiios
933 2001 966 2031 in
982 2000 1045 2041 ipsa

181 2042 249 2073 urbe
273 2040 419 2072 Romana.
448 2041 584 2082 Adeoque
599 2043 826 2073 emendationem
860 2040 1044 2072 Haloandri-

183 2092 254 2114 nam
272 2083 304 2112 in
327 2080 365 2112 L.
412 2105 420 2112 .
444 2080 471 2122 §.
496 2092 526 2123 3.
546 2081 581 2113 ff.
605 2082 644 2113 de
667 2082 750 2114 usur.
784 2092 841 2113 non
857 2081 907 2122 effe
925 2082 1046 2122 neceffa-

183 2125 269 2155 riam.
316 2121 364 2153 De
421 2124 558 2162 apiniani
587 2123 768 2163 Praefec‘tura
782 2124 919 2165 quadam.
964 2123 1045 2155 Idem

184 2164 332 2206 JCtorum
342 2164 446 2203 prince
465 2173 487 2195 s.
514 2164 731 2206 Argumentum
747 2166 809 2207 ejus
821 2165 864 2195 rei
880 2173 917 2194 ex
940 2163 978 2196 L.
991 2173 1042 2196 un.

184 2205 224 2238 C.
246 2205 278 2236 T
282 2204 317 2236 h.
336 2204 375 2236 de
398 2214 431 2236 re
447 2204 533 2245 pons.
556 2206 645 2246 prud.
690 2206 754 2246 Effe
771 2207 846 2237 banc
863 2206 1042 2247 abrogatam.

187 2245 333 2288 Forfieri,
363 2245 414 2278 Wz·
437 2246 570 2277 enbacbii
587 2268 597 2284 ,
628 2245 664 2281 δέ)
680 2247 823 2278 Bacbovii
847 2248 926 2277 circa
942 2248 972 2277 id
992 2247 1045 2277 im-

181 2288 350 2330 prudentia.
431 2297 445 2317 e
458 2286 594 2328 permiffa
611 2288 796 2328 prohibitave
810 2288 933 2328 duplicis
947 2297 1045 2318 mune-

186 2331 228 2361 ris
245 2331 278 2360 in
303 2329 398 2359 eodem
417 2328 617 2360 cumulatione.
664 2328 712 2360 De
735 2328 893 2367 Cavendi,
915 2328 951 2363 ὅ)
966 2328 1045 2360 Cau-

186 2370 282 2402 tionis
303 2391 315 2408 ,
348 2369 497 2401 vocabulis
519 2370 662 2402 nonnihil.
710 2369 783 2418 Quae
803 2369 844 2408 sit
875 2371 1048 2401 Cautionum

189 2413 295 2443 virtus.
1010 2420 1044 2442 11

418 2493 446 2526 C
469 2494 496 2526 A
520 2494 543 2527 P
566 2495 597 2527 U
619 2495 652 2527 T
719 2495 733 2528 Ι
758 2495 771 2528 Ι
795 2493 816 2526 I.

232 2577 389 2609 Sciendum
407 2577 457 2618 effe
478 2578 677 2609 Formularum
688 2576 929 2620 significationes.
965 2575 1048 2621 Quid

188 2617 358 2659 censendum
373 2617 415 2658 fit
440 2620 473 2650 de
504 2619 642 2659 Briffimio
670 2618 857 2650 Formulario.
913 2620 1048 2661 Praescri-

182 2660 245 2700 ptis
275 2661 370 2691 verbis
396 2661 492 2691 videri
506 2659 653 2699 formulas
670 2658 814 2699 prastare.
880 2661 1047 2692 Cautionem

187 2702 220 2732 in
245 2699 282 2732 L.
298 2698 394 2741 nostra
412 2724 421 2739 ‚
454 2702 645 2732 trimembrem
659 2700 718 2740 effe.
766 2700 813 2731 De
824 2700 979 2741 suppqfitis
1001 2711 1049 2732 no-

187 2742 313 2773 minibus
336 2741 428 2773 Lucii
456 2742 553 2779 Titii,
585 2741 621 2776 {9⁹
639 2741 742 2772 Publii
756 2741 873 2772 Mcwu.
920 2741 967 2773 De
983 2745 1049 2773 vita

188 2782 231 2814 L.
254 2782 328 2814 Titii
345 2782 452 2823 suavis
478 2782 754 2823 Maffoniifabella.
799 2783 959 2822 Scribere,
978 2782 1046 2821 sim-

189 2824 307 2864 pliciter
328 2830 381 2864 pro
399 2823 434 2866 se
462 2834 499 2855 ex
519 2825 627 2855 credito
651 2824 788 2866 obligare.
835 2822 1046 2865 Quindecim,

187 2875 245 2896 non
269 2865 436 2897 duodecim
459 2866 518 2907 legi
542 2871 675 2906 oportere.
736 2865 925 2906 Subintetligi
953 2870 1048 2896 autem

189 2916 247 2937 non
267 2907 359 2946 pondo
384 2908 466 2946 auri,
499 2916 555 2938 non
580 2909 732 2938 denarium
751 2906 867 2945 millia,
893 2905 980 2936 multo
997 2907 1048 2936 mi-

190 2957 245 2978 nus
260 2953 382 2979 centena
399 2948 496 2979 millia
508 2959 517 2979 .·
530 2946 736 2989 sedseftertia.
762 2948 978 2987 Expenduntur
998 2957 1047 2977 ra-

191 2989 290 3019 tiones.
348 2986 517 3028 Sestertium
545 2989 581 3024 &³
602 2990 681 3021 mille
697 2987 843 3030 sestertios
875 2987 924 3028 effe
949 2989 1048 3028 paria.

198 3029 293 3069 Atque
312 3040 340 3060 eo
355 3030 438 3070 padio
457 3031 642 3070 explicatur,
666 3030 702 3065 &²
725 3030 893 3070 defenditur
897 3030 1048 3070 scriptura

195 3068 285 3113 Legis
321 3080 366 3112 13.
401 3070 437 3103 ff.
467 3071 506 3102 de
536 3079 641 3113 negot.
676 3070 750 3113 gest.
775 3081 827 3103 nec
852 3081 908 3102 non
931 3077 1046 3102 namn.

193 3108 263 3141 Lib.
286 3111 434 3144 XLVIII.
460 3112 502 3143 T.
530 3113 568 3144 V.
594 3112 632 3144 C.
654 3122 706 3153 41.
737 3113 781 3144 th.
806 3124 836 3154 3.
885 3112 1045 3150 Velitatur,

191 3159 234 3196 an⁴
254 3160 311 3181 non
333 3155 415 3183 aurei
428 3154 585 3193 subaudiri
603 3160 719 3194 queant.
777 3154 955 3186 incertitudo
985 3154 1046 3191 ejus

191 3199 233 3221 rei
254 3194 424 3231 proponitur
440 3215 450 3231 ,
483 3196 528 3226 uti
544 3196 683 3235 universte
699 3197 742 3227 rei
758 3195 934 3228 nummoriae.
984 3195 1042 3225 Col-

1087 1955 1129 1986 lia
1164 1955 1332 2002 correctioni
1364 1960 1508 1999 parcitur.
1561 1961 1712 2003 Rejicitur
1743 1965 1946 2004 interpretatio

1087 1995 1244 2042 Duarenz,
1272 1998 1407 2041 Cujacii,
1427 2000 1463 2034 &2⁹
1485 2000 1666 2034 Hotomanni
1687 2005 1823 2036 emblema
1846 2005 1945 2038 Tribo-

1086 2047 1228 2084 nianeum·
1241 2036 1410 2078 statuentis.
1457 2040 1539 2088 Quid
1563 2042 1640 2083 Jure
1664 2054 1736 2076 novo
1753 2052 1895 2078 mutatum
1903 2046 1948 2086 fit

1087 2088 1167 2125 circa
1185 2077 1386 2127 stipulationis
1405 2083 1559 2122 solemnia.
1617 2085 1716 2117 Ulrz'ci
1743 2086 1859 2118 Huberi
1874 2087 1944 2128 sen-

1087 2126 1181 2150 tentia
1197 2121 1230 2150 de
1255 2120 1292 2152 L.
1311 2130 1339 2161 7.
1365 2124 1393 2163 §-
1424 2132 1469 2154 12.
1494 2122 1528 2155 ff.
1552 2124 1591 2156 de
1612 2125 1695 2159 Ρειξὶ.
1719 2128 1945 2171 mihioppofita,

1085 2160 1243 2201 refutatur.
1908 2180 1945 2212 15

1321 2243 1348 2276 C
1371 2247 1395 2278 A
1422 2247 1445 2278 P
1469 2247 1498 2279 U
1522 2249 1554 2281 T
1620 2252 1649 2282 V
1673 2251 1696 2284 Ι.

1132 2326 1185 2358 An
1210 2336 1267 2359 non
1294 2327 1500 2375 supi-ascripta
1522 2333 1621 2365 debeat
1645 2335 1851 2369 ἐναδιπλὲσθαι.
1896 2337 1947 2371 Ita

1089 2378 1139 2399 nos
1162 2378 1258 2401 carere
1281 2371 1354 2411 poste
1370 2372 1491 2403 aliorum
1513 2376 1739 2409 correctionibus.
1785 2378 1887 2410 Datur
1909 2379 1948 2415 δ’

1090 2410 1153 2456 alia
1168 2410 1332 2449 explicatio.
1380 2412 1533 2453 formula,
1560 2417 1584 2448 is
1597 2417 1634 2448 ad
1653 2427 1745 2458 quem
1762 2427 1797 2450 ea
1812 2429 1860 2451 res
1877 2429 1946 2461 per-

1093 2458 1191 2490 tinet,
1215 2453 1298 2483 utilis
1313 2452 1354 2494 esi
1369 2454 1494 2494 respectu
1518 2458 1651 2497 bier-edis,
1675 2458 1710 2493 &²
1725 2461 1864 2500 quomodo.
1891 2469 1945 2492 na-

1091 2494 1221 2532 ερὶφςρισις
1238 2494 1330 2535 Legis
1349 2505 1395 2526 12.
1420 2495 1448 2536 ἕ.
1473 2496 1524 2528 tin.
1550 2498 1584 2529 ff.
1607 2499 1706 2538 Judic.
1730 2499 1807 2532 solv.
1854 2501 1944 2544 Ejus-

1089 2535 1153 2565 dem
1169 2534 1305 2574 formulae
1329 2537 1444 2566 utilitas
1460 2548 1477 2567 a
1491 2543 1575 2577 parte
1599 2541 1767 2579 creditoris,
1789 2543 1838 2584 qui
1853 2544 1946 2575 cbiro-
2000 2552 2002 2559 ’

1089 2577 1232 2618 graphum
1252 2575 1315 2614 sine
1340 2577 1453 2618 ceffione
1472 2578 1554 2619 justa
1577 2580 1677 2612 habere
1690 2581 1780 2621 desiit.

1085 2623 1199 2657 porteat
1215 2617 1263 2658 effe
1275 2620 1434 2658 prudentia
1448 2620 1581 2651 debitoris
1595 2644 1603 2659 ‚
1627 2623 1677 2662 qui
1692 2633 1720 2654 eo
1737 2625 1814 2656 modo
1822 2626 1885 2666 sest
1901 2627 1943 2657 ob-

1083 2657 1220 2699 strinxit.
1267 2657 1435 2699 lllcillratur
1452 2660 1500 2690 boc
1521 2664 1698 2702 quotidianis
1714 2667 1860 2706 exemplis.
1888 2667 1946 2699 Cur

1091 2699 1192 2745 omzffii
1204 2698 1244 2738 fit
1263 2699 1318 2731 baec
1338 2700 1451 2745 cautela
1480 2702 1511 2731 in
1527 2702 1717 2743 stipulatione
1730 2708 1837 2746 prima.
1881 2707 1943 2740 Da-

1090 2750 1142 2779 re,
1175 2742 1313 2780 101vcrc,
1347 2741 1382 2776 δέ)
1399 2742 1577 2774 1;ι[ἰ5ίὶκ.“ι·ι“υ
1605 2747 1700 2777 videri
1719 2748 1781 2778 heic
1802 2748 1943 2783 Συνώνυμι,

1090 2781 1246 2814 Donellum
1265 2787 1364 2812 contro
1378 2788 1481 2822 putare
1493 2807 1501 2821 ‚
1513 2785 1568 2825 sezl
1593 2787 1668 2818 nibil
1681 2788 1827 2828 proficere.
1874 2799 1944 2822 ‘rav-

1091 2825 1210 2856 ,ηλογίσκ
1237 2823 1367 2862 exempta
1391 2826 1466 2863 opud
1492 2827 1619 2858 azuivres
1643 2827 1768 2869 nostros,
1800 2829 1836 2865 ὅ)
1856 2833 1945 2863 etiam

1090 2870 1207 2895 exteros.
1255 2864 1424 2905 Aeginium
1439 2865 1488 2905 effe
1506 2877 1586 2907 quo,
1611 2879 1668 2900 non
1686 2871 1786 2912 quoad
1801 2870 1870 2912 post
1888 2870 1946 2904 sol-

1091 2915 1173 2937 vam.
1218 2904 1278 2936 Pei·
1289 2912 1404 2945 posnam
1421 2907 1550 2952 intelligi
1565 2910 1687 2951 usuram.
1907 2917 1944 2948 18

1313 2988 1545 3024 CAPUT
1611 2993 1725 3025 VII.

1133 3070 1249 3112 Afferta
1267 3071 1347 3102 lectio
1368 3071 1539 3106 Florentina
1559 3076 1592 3106 in
1608 3075 1673 3108 dies
1693 3077 1830 3119 triginta.
1879 3077 1929 3110 Un
1982 3101 1985 3104 >

1088 3113 1122 3143 de
1139 3113 1230 3153 aliqui
1241 3112 1329 3144 Libri
1344 3113 1409 3144 dics
1425 3114 1535 3148 XXV.
1561 3115 1634 3164 Quae
1650 3119 1682 3149 in
1698 3120 1862 3159 universum
1874 3119 1942 3159 fue-

1086 3156 1128 3184 rit
1157 3163 1307 3194 murorum
1334 3156 1502 3196 quantitas,
1524 3157 1647 3189 reuecta
1660 3161 1698 3190 acl
1714 3156 1845 3192 denarios
1852 3162 1940 3201 sorte.

1088 3194 1240 3234 Duareni,
1267 3194 1301 3229 &³
1322 3195 1503 3230 Hotomanni
1527 3209 1560 3231 ea
1576 3199 1610 3230 de
1631 3209 1661 3230 re
1678 3202 1771 3232 minor
1786 3202 1942 3232 accuratio.

1882 3241 1940 3273 De-

1826 2582 1900 2632 Qyae
1917 2595 1946 2616 ο-
2000 2592 2002 2600 “
