2008 3436
210 121 498 172 QUAEST.
552 119 780 170 JURls
831 119 1200 167 PR1VAT1,
1250 123 1696 172 mantexrtxm.

61 219 141 250 net3
166 208 217 242 sed
245 219 283 242 an
305 209 414 243 Fiscus
440 212 571 253 propior
595 209 751 251 sanguis?
781 219 835 243 aut
862 210 934 243 inde

59 253 142 285 bona
158 250 326 293 profecta?
342 252 472 285 Servata
481 253 563 286 Fisci
582 251 771 288 succeffione
783 251 862 284 scire
878 263 931 285 ve-

58 296 114 329 lim
126 317 136 333 ,
160 303 218 325 cur
232 293 440 335 Conjugalem
456 295 636 328 aboleamus
648 294 665 326 ἱ)
687 293 738 326 Ex
751 293 836 335 Lege
854 295 929 327 XII.

58 336 255 368 Tabularum
288 339 452 376 proximus
481 338 621 380 Agnatus
655 334 808 368 familiam
838 336 931 368 habe-

58 379 131 417 bat,
156 378 206 411 sed
224 378 369 412 Edictum
390 380 536 412 Praetoris
556 378 642 410 Unde
663 377 726 409 Vir
743 377 780 413 &⁹
802 378 884 410 Uxor
898 378 928 410 ei

55 420 209 452 adversari
228 422 280 452 cui
299 430 434 462 unquam
455 423 486 453 in
503 429 644 453 mentem
662 419 753 451 venit
771 418 845 452 sano
857 420 873 451 ‘2

100 461 184 494 Haec
199 461 353 494 sufficiant
371 463 410 494 de
426 464 499 503 Jure
514 460 711 494 Hollandico
731 462 760 492 &
783 461 927 494 Zelandi-

57 512 116 543 co,
139 513 211 536 nam
237 504 367 537 aliarum
387 504 540 537 Gentium
558 503 660 545 Leges
680 502 732 534 vel
749 502 926 535 Consuetu-

498 561 524 577 s

624 603 982 640 CAPUT

976 211 1064 244 dines
1087 211 1138 243 hie
1157 211 1319 245 recensere
1342 223 1390 246 res
1414 215 1490 248 esset
1511 222 1648 260 operofae
1670 224 1700 255 &
1722 224 1841 258 inutilis

975 253 1160 294 diligentiae.
1181 254 1262 286 Satis
1280 255 1355 288 mihi
1373 255 1483 288 videor
1498 262 1757 302 probass‘emullo
1771 266 1839 305 jure

976 295 1115 327 Edictum
1128 295 1214 327 Unde
1226 296 1329 332 Vir&
1341 296 1443 337 Uxor,
1459 298 1490 329 in
1500 299 1667 336 Hollandia
1683 306 1836 340 abolitum

973 335 1086 377 fuisse,
1109 346 1168 369 nec
1186 337 1247 369 ess'e
1270 339 1444 378 rationem,
1470 349 1526 371 cur
1543 341 1733 386 aboleretur,
1759 348 1787 379 &
1805 348 1836 379 id

972 378 1034 418 est,
1057 379 1142 420 quod
1167 379 1242 411 mihi
1267 380 1461 422 probandum
1486 379 1680 423 sumpseram.
1726 387 1837 420 Laudo

971 421 1066 462 igitur
1080 420 1283 459 Lambertum
1297 421 1393 454 Goris
1415 421 1517 463 (10),
1541 424 1593 464 qui
1613 432 1734 459 tantum
1751 429 1834 460 labo-

970 463 1073 502 ravit,
1099 471 1133 494 ut
1154 462 1186 493 id
1214 462 1358 496 Edictum
1380 464 1411 495 in
1439 462 1549 496 Geli-ia
1574 466 1625 496 vel
1643 465 1835 509 servaretur,

969 504 1044 543 vel,
1067 504 1090 537 fi
1107 505 1304 545 antiquatum
1317 528 1329 546 ,
1351 506 1385 538 in
1401 504 1487 539 usum
1501 514 1715 542 revocaretur.

1090 603 1259 640 XIII.

593 695 646 731 De
681 695 839 732 Reimea
880 696 1034 731 nonmtllae
1079 694 1291 745 Qgraestiotzes.

149 804 166 827 e
182 793 316 835 Origine
332 794 362 827 ὅ(
380 794 502 826 ratione
519 794 669 827 reti-aetus
684 804 749 827 non
762 793 919 835 inelegan-

164 845 211 868 ter
239 836 305 877 agit
332 836 465 876 jacobus
491 836 620 868 Curtius
643 837 685 868 L.
704 837 743 868 Il.
769 839 861 868 nim.
885 836 918 867 C.

52 888 102 918 15.
123 880 255 919 ingenue
282 878 379 910 etiam
404 876 557 918 profess'us
578 902 587 916 ,
617 879 785 910 retraetum
806 877 919 908 habere

47 921 165 962 aliquid
183 929 221 951 ex
239 919 357 959 iniquo.
403 920 474 959 Ego
490 929 567 950 vero
580 929 707 952 omnem
728 919 894 950 retractum
907 941 918 957 ,

48 971 112 1002 quo
139 961 234 993 hodie
257 962 394 999 utimur,
417 970 458 992 cx
477 971 661 1002 quacunque
676 962 802 993 demum
828 959 919 991 causa

45 1003 235 1042 descendat,
272 1012 335 1034 non
363 1002 504 1034 dubitem
534 1003 743 1044 pronunciare
773 1000 918 1047 iniquissi-

2 1059 5 1062 ·
45 1054 153 1082 mum,
175 1054 271 1086 quum
290 1045 338 1084 jus
354 1043 518 1084 quaefitum
538 1045 674 1084 emptori
691 1042 812 1075 auferat
825 1065 836 1080 ,
858 1051 916 1073 mi-

45 1096 103 1118 nus
120 1086 228 1128 utique
246 1086 376 1122 idonea,
400 1094 491 1125 quam
507 1084 552 1116 est
567 1086 665 1126 empti
676 1083 781 1122 causa3
804 1083 824 1115 fi
838 1083 914 1114 mihi

42 1138 107 1160 non
130 1127 255 1166 credas,
281 1127 387 1159 credes
408 1125 496 1157 forte
524 1126 791 1166 Imperatoribus,
816 1124 847 1167 id
863 1124 914 1155 ad-

45 1168 244 1202 firmantibus
264 1168 294 1199 in
313 1168 332 1199 l.
354 1177 401 1208 14.
430 1167 464 1199 C.
482 1168 515 1199 cie
531 1168 669 1199 Contrab.
689 1172 777 1207 empt.
795 1166 831 1201 ὅ*
845 1176 914 1197 νεη-

44 1211 101 1243 dit.
145 1210 196 1242 Ex
214 1220 250 1241 ea
273 1217 376 1242 tamen
402 1210 466 1250 lege
483 1232 493 1247 ,
517 1209 547 1240 &
570 1209 638 1242 aliis
661 1209 821 1240 nonnullis
850 1207 915 1239 effi-

44 1253 158 1292 ciunt,
188 1252 285 1284 etiam
312 1251 384 1291 jure
413 1251 512 1282 Civili
533 1251 700 1282 retraCtum
725 1248 929 1292 obtinuiss'e‚¹

42 1293 117 1333 sed,
139 1301 180 1325 ut>
198 1293 292 1324 hodie
318 1292 557 1332 frequentatur,
578 1291 725 1333 profecto
748 1301 813 1323 non
832 1286 913 1322 obti-

42 1336 128 1368 nuit.
179 1334 332 1367 Nascitur
356 1334 451 1365 hodie
474 1343 516 1365 ex
541 1333 732 1375 cognatione
748 1355 758 1371 ,
792 1333 844 1364 vel
872 1342 912 1364 ex

42 1376 272 1410 communione
308 1376 359 1408 seu
387 1374 564 1413 societate,
604 1374 656 1406 vel
682 1384 722 1406 cx
745 1374 912 1406 vicinitate

42 1428 207 1460 agrorum,
230 1420 260 1451 ὅ(
277 1417 360 1448 rch
376 1418 414 1448 ab
436 1417 505 1448 aliis
522 1416 567 1448 est
586 1416 806 1453 observatum,
825 1415 911 1447 Con-

40 1461 240 1494 stitutionem
268 1458 418 1490 Friderici
437 1482 447 1496 ‚
477 1468 545 1500 quae
567 1457 668 1490 exstat
695 1457 735 1488 L.
759 1457 802 1490 V.
821 1455 911 1488 Feud.

42 1503 76 1535 C.
100 1512 148 1544 13.
173 1502 234 1543 juri
252 1499 400 1532 retractus
415 1499 648 1532 introducendo
664 1499 694 1531 &
711 1498 911 1541 propagando

41 1543 164 1577 causam
185 1542 310 1574 dediffe.

84 1586 128 1618 Et
136 1608 148 1624 ,
170 1585 191 1617 fi
209 1594 259 1616 me
273 1584 431 1616 austorem
453 1583 611 1626 sequaris,
635 1593 677 1616 ex
697 1583 770 1625 Jure
785 1582 920 1623 Feudali,

40 1628 145 1661 omnis
161 1626 312 1658 retractus
329 1626 455 1658 videtur
469 1627 625 1667 originem
642 1625 775 1658 traxiffe.
812 1623 910 1657 Nem-

63 1668 214 1707 eFeuda,
238 1668 334 1699 etiam
348 1677 419 1710 quae
439 1668 517 1699 olim
536 1669 653 1700 licebat
669 1668 822 1706 vendere,
846 1676 911 1698 non

73 1710 176 1743 asallis
200 1709 355 1741 duntaxat
374 1709 564 1741 videbantur
587 1709 678 1748 data,
712 1709 763 1741 sed
789 1709 819 1741 &
843 1708 911 1748 eius

41 1752 213 1794 Cognatis‚
237 1759 272 1783 ut
283 1750 481 1783 investiturae
497 1751 660 1783 Codicillo
676 1751 745 1784 fere
764 1749 846 1782 solet
863 1750 909 1782 in-

39 1794 118 1834 seri,
143 1793 224 1825 unde
245 1793 275 1825 &
294 1793 331 1824 iis
350 1792 399 1832 jus
418 1793 634 1834 qualecunque
657 1792 839 1834 quaefitum,
865 1791 909 1823 in-

38 1837 141 1877 deque
166 1834 341 1867 retrahendi
374 1833 507 1867 facultas
533 1834 678 1866 concessa
701 1833 908 1871 credebatur,

39 1888 110 1917 quae
133 1877 227 1909 semel
250 1883 378 1916 recepta
400 1877 485 1907 vires
511 1875 653 1918 quaefivit
683 1875 807 1914 eundo,
840 1874 869 1906 ἃ
892 1883 909 1904 a

22 1919 225 1952 'Feudaiibus
242 1918 279 1949 ad
305 1917 473 1949 AlIodialia
497 1917 626 1949 extendi
649 1918 768 1959 coepit,
797 1915 850 1948 etsi
876 1915 909 1947 in

42 1961 91 1993 his
115 1970 179 1992 non
203 1959 310 1991 eadem
335 1959 426 1999 plane
451 1958 528 1990 esset
546 1960 647 1998 ratio,
670 1968 760 2000 quam
778 1958 811 1989 in
833 1957 905 1988 illis.

37 2001 132 2034 Unde
156 2001 262 2033 Feuda
286 2000 402 2041 ubique
426 2001 629 2032 retrahuntur
650 2022 660 2038 ‚
688 1999 812 2032 AlIodia
843 2008 909 2031 non

40 2053 139 2084 aeque.
185 2044 265 2076 Sane
286 2041 318 2074 in
340 2042 402 2083 ipsa
423 2051 549 2083 quoque
574 2041 745 2073 Hellandia
765 2040 907 2073 omnium

37 2085 207 2117 fundorum
231 2084 375 2116 conditio
401 2084 480 2115 olim
503 2083 694 2115 clientelaris
719 2082 805 2120 fuit,
834 2091 906 2113 nam

39 2127 182 2168 exceptis
194 2125 363 2158 Nobilibus
382 2126 412 2158 ἃ.
429 2125 479 2166 qui
497 2125 576 2157 bene
593 2123 672 2156 Nati
691 2125 906 2160 vocabantur,

38 2178 149 2200 omnes
170 2167 340 2199 fundorum
364 2166 550 2208 poss'ess'ores
567 2176 631 2198 non
657 2175 778 2198 tantum
801 2167 840 2197 ad
859 2165 905 2196 vi-

37 2211 117 2243 liora
135 2209 262 2241 servitia
277 2208 484 2246 tenebantur,
504 2207 556 2240 sed
570 2215 660 2240 erant
677 2207 761 2249 quasi
777 2206 884 2239 vasalli
899 2227 909 2244 ,

39 2251 174 2283 servitiis
196 2250 381 2281 Feudalibus
403 2249 565 2288 obstricti,
587 2258 677 2290 quarn
700 2250 731 2281 in
749 2259 814 2282 rem
834 2248 908 2280 vide

39 2292 196 2332 quoddam
217 2291 376 2323 Florentis
386 2290 511 2332 Pinguis
530 2290 751 2334 privilegium,
775 2291 831 2328 iis,
854 2290 908 2331 qui

38 2334 224 2367 Oudeikerk
241 2332 440 2371 habitabant,
458 2333 563 2365 datum
585 2341 633 2371 15.
648 2332 709 2373 jul.
733 2342 822 2373 1097.
845 2331 905 2372 (1)

38 2376 125 2416 cujus
142 2374 355 2411 conditionis,
379 2381 493 2406 caetera
511 2373 660 2406 obsoletae
673 2397 684 2413 ,
707 2375 822 2406 mirum
839 2382 905 2405 non

38 2417 83 2450 est
98 2417 230 2458 vestigia
250 2415 409 2457 superesse.

81 2458 264 2500 Quaerunt,
296 2467 334 2488 an
358 2457 407 2497 jus
435 2457 586 2490 retractus
617 2458 699 2499 apud
729 2456 907 2489 HoIIandos

36 2500 195 2533 habendus
217 2499 254 2531 fit
280 2507 338 2540 pro
361 2499 428 2538 jure
447 2499 637 2538 communi,
667 2500 698 2531 ὅ(
721 2498 848 2540 prolixe
873 2498 906 2530 in

37 2542 118 2573 hanc
134 2551 201 2573 rem
220 2541 414 2581 disputatum
438 2539 507 2581 (2).
553 2541 632 2573 Sunt
651 2542 704 2582 qui
725 2540 811 2580 ajunt
833 2539 904 2581 (3).

37 2584 120 2615 Sunt
135 2583 187 2624 qui
203 2590 338 2623 negant,
362 2582 458 2613 etiam
479 2580 614 2614 Grotius
637 2582 706 2624 (4).
751 2581 794 2613 Et
807 2582 904 2622 magis

37 2624 101 2663 est,
127 2633 163 2655 ut
186 2623 298 2655 horum
325 2622 480 2655 sententia
501 2633 574 2655 vera
595 2623 632 2656 sit
649 2646 660 2663 ,
688 2623 775 2664 atqui
795 2623 839 2654 ita
855 2632 902 2654 re-

39 2666 155 2698 trafms
172 2671 294 2696 tantum
313 2665 419 2696 locum
432 2664 565 2702 habeat,
589 2665 641 2696 ubi
663 2674 718 2706 per
732 2667 834 2706 legem
851 2663 902 2695 vel

39 2706 300 2740 consuetudinem
327 2705 470 2738 obtinere
494 2707 615 2746 probari
640 2705 756 2747 potest.
806 2705 903 2747 quue

39 2750 70 2782 ἀ
87 2749 180 2786 ideo,
203 2747 276 2789 quia
290 2747 387 2778 etiam
399 2747 582 2788 generaliter
593 2747 679 2788 JCtis
695 2748 815 2789 placuit
823 2747 902 2788 (5),

38 2798 138 2825 totam
163 2788 312 2820 retradtus
335 2788 497 2820 materiam
521 2788 584 2820 effe
599 2789 903 2821 consuetudinariam

39 2833 70 2864 &
93 2830 298 2863 statut-ariam.
349 2828 452 2866 Atque
478 2830 520 2862 ita
543 2829 595 2862 hic
615 2840 767 2872 quoque,
801 2838 904 2870 neque

37 2873 122 2905 enim
137 2871 218 2904 tanti
237 2870 308 2903 sunt
324 2870 375 2902 vel
391 2868 578 2904 Graecorum
597 2873 648 2906 vel
674 2872 904 2905 Germanorum

79 2971 160 3009 (ιο)
179 2970 324 3007 Adversar.
348 2969 436 2999 Trafe.
455 2970 506 2999 111.
526 2969 556 3000 C.
582 2979 625 3001 12.

78 3011 141 3048 (1)
162 3009 240 3038 Plac.
261 3011 297 3038 Il.
322 3017 347 3044 ς.
369 3018 397 3043 9.
423 3017 446 3038 1.
466 3018 493 3037 n.
515 3016 560 3043 32.

77 3050 134 3085 (2)
157 3048 241 3084 Apud
262 3049 356 3076 Coren
379 3046 489 3084 Observ.
513 3047 636 3076 XXXII.
677 3052 680 3056 ’

77 3088 137 3124 (3)
157 3085 246 3124 Decis.
270 3087 359 3114 Mixt.
382 3086 458 3114 CXI.

78 3127 141 3162 (4)
162 3124 254 3153 Semel
268 3124 360 3163 Confil.
385 3125 425 3153 H.
448 3122 480 3152 T.
496 3125 547 3152 111.
567 3124 658 3163 Consti.
681 3130 743 3161 148.
763 3127 905 3156 &iterum

39 3165 93 3194 eod.
127 3163 200 3192 Tom.
227 3162 319 3201 Consti,
350 3171 414 3191 201.
435 3163 500 3191 Van
519 3163 662 3192 Leeuwen
681 3165 716 3193 ad
733 3165 758 3201 ς.
778 3174 822 3200 19.
843 3167 906 3195 Con-

32 3203 103 3243 suet.
124 3202 206 3238 Rynl.
226 3210 254 3230 n.
272 3210 300 3237 4.
323 3200 360 3236 ὅ)
372 3201 442 3240 seqq.

79 3241 140 3311 (λς)
159 3239 254 3310 &fide
273 3239 364 3278 Deczs.
386 3240 422 3270 l..
444 3240 495 3270 111.
519 3238 574 3270 Tic.
597 3247 622 3276 5.
638 3239 729 3278 Defin.
751 3250 777 3270 1.

109 3289 162 3310 om.
220 3302 227 3309 .

964 795 1062 843 Lege-s
1078 796 1130 828 veI
1145 792 1421 844 Constitutiones,
1447 805 1483 831 ut
1500 800 1568 832 haze
1582 800 1662 843 juris
1676 799 1836 840 communis

963 847 1093 869 nomme
1116 847 1213 879 recipi
1238 839 1360 880 poliint.
1405 839 1503 873 Nulla
1519 842 1615 874 etiam
1633 842 1703 874 Lex
1727 841 1833 874 Gene-

962 880 1033 911 ralis
1048 880 1087 910 de
1105 879 1167 911 hoe
1185 889 1370 921 argumento
1386 881 1446 914 lata
1463 881 1525 922 cst,
1551 883 1601 916 sed
1621 892 1670 915 tot
1689 884 1835 926 specialia

962 921 1086 952 statuta
1112 920 1232 953 exstant
1254 945 1264 961 ,
1295 932 1365 964 quae
1389 924 1440 955 vel
1467 924 1503 955 ad
1528 933 1633 965 partes
1664 926 1833 958 nonnullas

962 961 1162 1008 Ilollandiae,
1188 964 1240 996 vel
1263 964 1301 995 ad
1324 964 1455 1007 lingulas
1475 965 1576 998 Urbes
1595 968 1773 1008 pertinent,
1797 973 1833 998 ur.

961 1004 982 1034 11
997 1004 1050 1035 has
1067 1003 1248 1043 recensere,
1275 1006 1306 1038 ὃς
1326 1005 1378 1046 Jus
1404 1006 1607 1040 Zelandicum
1633 1009 1745 1040 addere
1768 1008 1833 1049 pla-

961 1053 1084 1091 ceret,-
1101 1046 1223 1087 integer
1248 1044 1503 1080 Commentarius
1532 1048 1609 1081 effet
1638 1049 1831 1089 scribendus,

959 1086 1155 1117 Amoenioria
1171 1088 1317 1127 ,quaedam
1335 1089 1547 1123 dilibabimus.

1000 1127 1170 1160 Miraberis
1189 1127 1295 1160 forsan
1313 1129 1476 1170 quaefitum
1487 1131 1567 1171 esse,
1579 1131 1610 1164 δε
1625 1139 1727 1165 tamen
1744 1144 1830 1176 quae-

958 1168 1049 1200 situm
1068 1168 1131 1209 est,
1157 1179 1194 1202 an
1211 1170 1260 1210 ius
1278 1170 1430 1203 retractus
1447 1172 1543 1204 etiarn
1560 1173 1591 1204 in
1611 1172 1724 1206 Feudis
1742 1175 1829 1206 obti-

958 1210 1056 1242 neat?
1081 1212 1110 1242 &
1128 1210 1200 1243 sunt
1218 1211 1331 1250 testes,
1353 1212 1407 1253 qui
1430 1213 1517 1253 ajunt
1543 1212 1645 1253 Consti.
1670 1214 1714 1248 H.
1745 1215 1780 1248 Τ.
1801 1215 1827 1249 Ι.

962 1251 1065 1291 Consti.
1093 1257 1162 1292 185.
1187 1252 1218 1284 se
1246 1262 1402 1294 nunquam
1427 1254 1537 1287 vidiffe
1560 1256 1730 1290 retractum
1747 1256 1828 1289 Feu-

957 1295 1090 1334 dalium,
1116 1304 1187 1336 quae
1215 1292 1327 1325 stolida
1349 1295 1432 1327 ratio
1455 1295 1500 1328 est
1516 1319 1528 1336 ‚
1560 1298 1656 1330 etiam
1680 1308 1697 1330 a
1717 1297 1828 1331 consu-

956 1336 1094 1368 lentibus
1108 1335 1152 1367 ibi
1174 1335 1330 1374 refutata,
1352 1335 1403 1368 sed
1420 1345 1536 1377 praeter
1560 1348 1616 1378 ea,
1640 1349 1709 1381 quae
1730 1340 1828 1372 modo

955 1378 1098 1409 dicebam
1110 1400 1121 1415 ,
1144 1387 1200 1418 per
1217 1376 1393 1409 universam
1410 1378 1632 1420 Hollmdiam,
1657 1380 1827 1414 consuetu-

954 1420 996 1451 do
1012 1418 1075 1451 ess'e
1091 1419 1213 1458 fertur,
1236 1428 1271 1451 ut
1287 1417 1434 1452 Feudalia
1451 1430 1543 1462 quam
1565 1422 1701 1456 maxime
1712 1423 1828 1465 possint

954 1461 1071 1494 retrahi
1095 1460 1172 1502 (6),
1197 1461 1228 1493 δε
1248 1471 1330 1493 anno
1357 1471 1446 1503 1593.
1471 1461 1575 1495 testati
1592 1463 1663 1496 sunt
1682 1464 1827 1498 homines

954 1502 1106 1549 F'eudales
1128 1502 1206 1543 (7),
1231 1502 1294 1535 esse
1312 1503 1361 1544 ius
1378 1504 1619 1545 antiquiffimum
1638 1506 1671 1537 in
1687 1505 1824 1539 Hollan-

953 1544 1028 1583 dia,
1053 1553 1087 1576 ut
1104 1543 1224 1584 Feuda,
1250 1555 1317 1587 quae
1341 1554 1358 1576 a
1378 1543 1595 1583 Gravionatu,
1620 1546 1754 1580 Vasallis
1771 1555 1826 1580 aut

954 1586 1106 1618 Curtibus
1127 1584 1338 1618 Gravionatus
1357 1595 1523 1628 tenentur,
1545 1598 1562 1620 a
1574 1588 1726 1630 Cognatis
1742 1589 1827 1622 intra

954 1637 1069 1659 annum
1082 1651 1091 1666 ,
1115 1637 1179 1669 quo
1201 1626 1362 1660 sciverunt
1375 1652 1384 1668 ,
1408 1628 1533 1670 poss'ent
1550 1631 1679 1663 retrahi.
1724 1630 1826 1665 Idem-

954 1679 1015 1710 que
1032 1669 1109 1709 J‘uris
1128 1669 1174 1702 est
1202 1670 1283 1711 apud
1302 1669 1457 1703 Zelandos
1478 1680 1518 1704 ex
1542 1671 1571 1714 §.
1595 1681 1644 1704 10.
1668 1671 1741 1704 LL.
1769 1671 1829 1704 Ze-

954 1712 1033 1743 land.
1063 1711 1096 1743 C.
1117 1710 1158 1743 II.
1182 1710 1227 1742 ita
1252 1719 1377 1751 tamen,
1403 1719 1438 1743 ut
1463 1722 1560 1745 annus
1583 1713 1626 1745 ibi
1652 1723 1718 1746 non
1737 1723 1826 1748 com-

952 1760 1084 1794 putetur
1099 1752 1154 1784 nifi
1169 1762 1186 1783 a
1203 1760 1362 1794 tempore,
1388 1763 1452 1795 quo
1468 1753 1604 1797 Cognati
1628 1755 1826 1788 retrahentes

951 1804 1069 1827 nomen
1086 1793 1173 1834 suum
1193 1794 1319 1835 profeffi
1338 1794 1409 1828 sunt
1425 1798 1458 1827 in
1477 1797 1528 1828 cler
1547 1798 1670 1829 Graven
1688 1797 1824 1838 ofRent-

952 1835 1083 1877 meeflerr
1114 1837 1190 1868 boelt.
1243 1836 1399 1878 Speciales
1434 1838 1530 1870 etiam
1564 1847 1824 1880 quorumcunque

950 1878 1019 1911 sere
1037 1879 1181 1911 locorum
1200 1878 1285 1919 leges
1294 1877 1471 1911 Feudorum
1487 1881 1655 1912 retractum
1666 1880 1826 1922 probant,

953 1920 983 1952 δι
1001 1920 1042 1951 fic
1066 1919 1094 1960 §.
1111 1929 1156 1957 19.
1186 1919 1480 1961 ConsiceaRynland.
1508 1920 1605 1963 Hugo
1624 1930 1726 1953 tamen
1738 1920 1823 1953 Gro-

953 1962 1015 1993 tius
1030 1971 1060 1998 9·
1081 1961 1165 2002 Sept.
1188 1964 1278 2002 1613.
1304 1960 1462 2002 respondit
1492 1962 1570 2004 (8),
1602 1972 1703 2004 neque
1722 1963 1765 1994 ibi
1791 1963 1826 1996 in
1853 1966 1857 1969 '

952 2002 1126 2034 HoIIandia
1143 2002 1291 2034 Feudalia
1308 2001 1396 2043 poffe
1414 2004 1549 2044 retrahi,
1582 2004 1635 2036 ubi
1652 2004 1823 2037 Allodialia

949 2044 1150 2076 retrahuntur
1167 2066 1178 2082 ,
1207 2043 1264 2075 nili
1288 2044 1452 2086 probatum
1473 2045 1528 2084 fit,
1554 2045 1611 2078 usu
1628 2055 1757 2087 quoque
1776 2046 1824 2078 ibi

949 2095 1110 2126 receptum
1135 2085 1197 2117 css'e
1217 2084 1400 2118 Feudalium
1429 2087 1607 2120 retraftum.
1653 2086 1732 2119 Non
1758 2087 1822 2119 dis-

950 2127 1070 2166 lentie,
1093 2126 1115 2158 fi
1131 2128 1255 2159 Statuta
1269 2127 1421 2159 duntaxat
1439 2128 1647 2161 AlIodialium
1672 2129 1823 2162 memine-

949 2170 1033 2208 rint,
1066 2168 1109 2200 fin
1134 2177 1240 2200 autem
1267 2168 1451 2209 fimpliciter
1474 2170 1711 2209 immobilium,
1745 2170 1822 2201 huic

949 2210 1116 2243 sententiae
1143 2210 1241 2242 nolim
1267 2209 1470 2243 subscribere.
1520 2211 1570 2243 Ad
1596 2211 1665 2243 haec
1687 2210 1821 2243 Grotius

949 2253 980 2284 in
997 2251 1083 2284 fatto
1097 2250 1259 2283 consultus
1274 2260 1342 2283 erat
1355 2275 1365 2288 ‚
1388 2262 1427 2284 an
1445 2252 1616 2293 Toparcha
1635 2252 1698 2284 five
1716 2253 1819 2284 domi-

948 2304 1005 2325 nus
1033 2293 1096 2325 Ioci
1115 2292 1213 2335 poffic
1235 2293 1395 2325 retrahere
1409 2293 1426 2324 ἱ)
1457 2294 1487 2325 δι
1509 2303 1594 2326 nunc
1620 2302 1686 2326 non
1707 2293 1819 2335 posse,

948 2345 1025 2367 mox
1044 2335 1146 2366 dicam
1169 2334 1272 2367 latius.

990 2377 1097 2408 Etiam
1114 2375 1147 2407 T
1150 2376 1293 2417 oparchae
1311 2376 1376 2409 five
1394 2377 1539 2409 Iocorum
1554 2376 1687 2409 Domini
1707 2400 1716 2416 ,
1746 2377 1818 2408 Bal-

950 2418 1020 2450 livii
1039 2418 1069 2450 &
1087 2418 1220 2449 Sculteti
1242 2417 1354 2449 multis
1371 2418 1403 2449 in
1420 2418 1498 2449 Iocis
1520 2418 1569 2458 jus
1587 2418 1738 2450 retractus
1760 2417 1818 2450 fibi

949 2459 1112 2490 vindicant
1127 2459 1209 2490 intra
1225 2458 1432 2490 hebdomadas
1449 2458 1502 2490 sex
1521 2458 1593 2499 post
1611 2467 1746 2498 annum,
1763 2459 1817 2500 qui

949 2500 1165 2540 Cognatorum
1188 2499 1386 2540 aliorumque
1408 2499 1554 2531 retractui
1580 2499 1671 2532 datus
1694 2499 1758 2538 est,
1783 2509 1816 2531 e-

947 2541 1065 2581 lapsum
1089 2540 1156 2581 (9).
1191 2539 1287 2580 quue
1303 2540 1445 2572 Balliviis
1466 2541 1496 2572 &
1513 2541 1666 2573 Scultetis
1681 2541 1713 2574 in
1731 2541 1817 2583 Ryn-

946 2582 1050 2615 Iandia
1069 2581 1086 2623 (
1100 2580 1261 2624 Officiers)
1284 2589 1465 2623 competere
1496 2582 1597 2623 palam
1632 2583 1677 2615 ait
1709 2582 1737 2624 §.
1761 2593 1816 2625 35.

949 2623 1078 2665 Comiter.
1097 2623 1252 2664 Rynlamz.
1276 2632 1370 2665 atque
1389 2623 1434 2655 ita
1455 2622 1508 2655 fibi
1526 2633 1651 2665 quoque
1673 2625 1815 2665 iudican-

945 2666 1020 2697 dum
1042 2664 1143 2696 videri
1174 2674 1200 2696 1.
1218 2664 1316 2697 Mart.
1344 2667 1434 2707 1633.
1479 2664 1604 2705 Judices
1625 2665 1817 2708 Rynlandici.

945 2706 1172 2747 responderunt
1197 2705 1286 2747 (10).
1341 2705 1439 2738 Certe
1462 2706 1601 2738 Balliv-io
1624 2706 1814 2746 Rynlandiae

946 2747 977 2779 id
995 2748 1044 2788 jus
1061 2748 1161 2788 palam
1181 2756 1308 2788 quoque
1325 2747 1436 2779 tribuit
1453 2746 1584 2778 Grotius
1603 2745 1764 2778 [nti-odae.
1776 2747 1817 2778 ad

947 2789 1082 2830 Jurispr.
1106 2788 1191 2820 Holl.
1217 2788 1257 2819 L.
1277 2787 1333 2820 III.
1359 2789 1392 2820 C.
1413 2792 1460 2819 16.
1483 2788 1525 2828 ‘ts
1541 2788 1573 2818 in
1589 2787 1744 2828 Rynlancl.
1776 2788 1814 2821 Iu

947 2832 974 2862 d.
1000 2831 1030 2872 ᾗ.
1050 2840 1101 2872 35.
1126 2830 1312 2870 fimpliciter
1329 2829 1446 2860 dicitur
1462 2830 1517 2860 den
1543 2827 1684 2869 Officier‚
1706 2829 1746 2860 de
1765 2838 1814 2860 re-

948 2872 1042 2915 liquis
1062 2872 1207 2905 Balliviis
1233 2871 1263 2903 ὃς
1287 2870 1438 2903 Scultetis
1461 2869 1593 2902 Grotius
1621 2877 1725 2910 tacet,
1750 2879 1816 2901 me-

1746 2920 1815 2944 mo.

998 2971 1046 3010 (5)
1070 2972 1094 3000 a.
1116 2969 1206 3008 Decis.
1228 2969 1317 2999 ert.
1334 2970 1410 2998 ext

976 3013 1048 3049 ,(7)
1069 3011 1152 3047 Apud
1175 3010 1267 3038 Coren
1287 3009 1313 3037 d.
1335 3008 1445 3045 Observ.
1465 3007 1586 3037 XXXII.

988 3051 1050 3087 (ὅ)
1071 3048 1162 3085 Coufil.
1185 3048 1259 3076 Hozt.
1283 3046 1315 3075 T.
1336 3047 1387 3074 111.
1409 3046 1500 3083 Consti.
1523 3054 1588 3074 201.

987 3089 1049 3125 (9)
1071 3087 1187 3115 Grotius
1208 3085 1308 3114 Introd.
1328 3084 1363 3112 ad
1380 3083 1504 3123 Jurispr.
1522 3084 1598 3112 Holl.
1610 3084 1646 3113 L.
1657 3085 1709 3114 111.
1723 3082 1754 3112 C.
1769 3087 1818 3113 16.

948 3125 987 3164 vs.
1000 3127 1027 3154 in
1039 3125 1167 3161 [iynland.
1181 3124 1280 3169 §oren
1296 3122 1404 3161 Observ.
1417 3130 1462 3157 32.
1483 3121 1722 3162 NeostadsDecis.
1735 3122 1815 3159 Supr.

949 3160 1639 3239 ⁸⁸2⁹·ss3⁹·Assl'ist‘vss·L3z3.‡.3·.5⁰'<ls3'3.²322

1225 3274 1320 3318 Ges

1769 147 1838 185 417
1889 159 1892 161 -
