2008 3436
176 94 220 130 68
411 90 812 141 CORNELII

175 178 291 212 negant
307 171 409 203 redire
429 182 628 216 quemquam.
660 172 825 206 Accurfius
841 172 971 204 sortasse
988 181 1045 203 no-

175 211 236 243 ster
256 213 286 245 id
305 213 435 246 honoris
463 214 572 247 habuit
593 214 756 247 Friderico
775 214 813 246 ll.
840 213 895 245 sub
916 223 980 255 quo
1000 214 1044 244 vi-

174 253 250 292 xit,
282 264 336 286 aut
353 254 381 294 fl
405 266 463 287 non
487 256 559 295 ille,
586 258 633 288 dic
653 255 867 296 aliwnfuiffe,
891 265 926 286 ut
949 255 1044 286 liceat

175 294 248 326 heic
263 297 422 338 applicare
435 298 652 336 benedictum,
683 308 747 339 quo
763 296 880 329 alicubi
901 297 1002 328 utitur
1019 296 1043 327 i-

174 337 245 368 dem
273 338 449 371 Accurfius.
500 339 544 371 At
573 349 629 371 cur
655 339 830 371 haesitamus
851 362 860 375 ‚
895 338 1043 370 siverum

174 378 231 418 fit,
255 380 340 420 quod
355 389 457 413 narrat
476 379 664 413 Alvarottus
681 382 801 413 Prooem.
829 379 918 411 Ftwl.
942 389 972 410 n.
996 388 1006 409 1
1012 389 1043 424 jz.

177 430 218 453 ex
236 420 402 453 Odofredo
421 423 457 454 ad
474 422 553 453 auth.
575 423 656 463 Caffiz
684 423 716 454 C.
741 423 773 453 de
794 421 905 461 Sacros.
922 421 1018 465 εεσίε]ἱ
1030 420 1045 450 :2

175 462 276 503 JCtos
293 463 444 495 videlicet
463 463 647 504 papienses,
675 463 756 503 jussu
774 462 927 494 Friderici
947 461 986 492 ΙΙ.
1012 471 1043 492 in

176 505 207 536 S.
225 504 320 536 Petro
337 505 486 544 coa6tos,
510 503 668 536 inseruiffe
684 504 797 536 Codici
809 526 821 542 ,
844 513 919 544 quas
937 502 974 533 ad
989 511 1046 533 eos

177 545 261 578 misit
287 545 547 578 constitutiones:
577 546 661 587 quod
684 545 790 577 nescio
806 555 844 576 an
863 545 957 575 etiam
974 543 1044 575 Bal-

178 587 236 618 dus
253 587 394 619 voluerit
413 588 445 619 in
469 587 597 619 Praelud.
623 587 711 618 Fezccl.
757 586 872 626 Neque
889 594 992 617 tamen
1005 584 1047 630 ¹&

178 626 243 660 hoc
267 629 344 660 mihi
373 628 481 661 videre
506 628 664 669 contigit,
694 628 788 659 verba
803 627 977 664 Odofredi,
1003 635 1047 671 in-

178 669 291 701 voluta
318 670 348 701 &
371 669 524 709 obscura,
559 670 595 701 ad
620 669 770 701 Friderici
791 668 829 700 Il.
850 679 888 701 an
904 668 941 700 ad
956 666 1046 708 justi—

179 711 264 742 niani
281 710 527 743 constitutiones
550 710 710 742 referenda
734 710 793 743 fint
809 732 820 748 ,
840 711 876 742 ad
894 709 1046 741 exbiben-

176 752 251 783 dum
267 762 330 783 non
348 761 437 792 ages,
463 752 538 793 quid
554 752 638 783 enim
656 752 692 783 ad
711 761 776 783 rem
797 749 1005 791 praefentem‘?

222 793 429 834 properemus
447 794 485 825 ad
504 794 655 825 lrnerium
668 817 677 832 ,
702 793 753 825 sed
768 793 945 834 priusquam
965 792 1048 822 hunc

178 835 337 866 auctorem
364 845 539 876 quaeramus
559 858 570 873 ,
600 835 809 867 amovendum
837 835 897 866 erit
920 832 1049 873 aliquod

178 876 417 917 praejudicium,
443 877 528 918 quod
554 876 651 908 miror
679 877 830 908 indictum
851 876 913 913 iis,
934 876 986 915 qui
1006 875 1048 906 Ir-

178 917 301 949 nerium
319 919 450 950 omnino
468 917 650 959 explodunt.
698 916 845 949 Consistit
863 917 925 948 hoc
941 917 974 948 in
989 926 1048 955 eo,

179 968 245 990 non
261 958 360 991 videri
379 960 527 991 nimirum
544 959 706 999 probabile
717 981 728 998 ,
752 958 904 990 lrnerium
924 957 1048 990 Novel-

178 999 279 1031 lai-um
301 998 468 1033 summulas
483 999 650 1041 scripsisse,
673 1000 850 1041 Codicique
864 998 1026 1040 subjecisse
1036 1023 1046 1039 ,

179 1051 253 1072 cum
281 1041 347 1082 ipse
373 1041 528 1074 Novellas
544 1065 553 1078 ‚
585 1052 621 1074 ut
641 1042 775 1083 spurias,
800 1042 956 1082 rejecerit.
1000 1041 1048 1073 Ita

180 1083 219 1114 dc
238 1092 276 1114 eo
296 1083 427 1116 testatur
452 1082 561 1115 Glofl'a
584 1084 622 1116 ad
645 1084 674 1125 §.
695 1095 724 1124 4.
749 1085 782 1114 in
795 1083 851 1124 sin.
873 1081 993 1124 Consta.
1015 1083 1048 1113 cle

182 1126 293 1156 emend.
326 1126 393 1157 Coti.
419 1124 536 1167 ,Ῥω-βίη.
561 1125 614 1156 ubi
645 1126 783 1166 quinque
804 1124 909 1156 lrnerii
931 1126 960 1156 in
981 1134 1048 1155 eam

182 1176 248 1198 rem
267 1175 451 1207 argumenta
468 1165 601 1208 profert.
628 1166 702 1199 Huc
723 1167 817 1197 etiam
839 1165 1049 1206 refert,quod

181 1207 319 1248 joannes
348 1209 380 1240 in
410 1209 520 1239 Smmn.
549 1209 586 1239 ad
603 1208 723 1240 Noroell.
750 1208 811 1238 hoc
831 1207 927 1239 modo
940 1206 1050 1247 praefa-

187 1257 258 1280 tur:
281 1249 384 1291 Hujus
400 1249 469 1280 libri·
488 1250 557 1290 fnit
578 1250 681 1281 author
698 1249 741 1281 D.
759 1246 951 1290 Jnstim'mzus
975 1273 981 1279 .
1009 1273 1018 1280 .
1042 1272 1048 1279 .

188 1291 259 1322 licet
283 1301 301 1321 a
317 1292 485 1331 quibusdam
502 1297 606 1322 temere
613 1290 672 1330 fibi
685 1291 901 1322 blandientibus
918 1289 1050 1335 aliquun-

184 1332 218 1363 do
246 1333 424 1363 contr-arima
447 1342 504 1363 non
522 1332 618 1372 stilum
647 1331 755 1364 (libitam
772 1354 783 1370 ,
805 1331 859 1372 sed
875 1332 964 1362 etiam
974 1332 1051 1371 scri-

179 1380 266 1415 ptum.
285 1373 404 1413 fuerit,
437 1379 469 1404 ut
493 1375 538 1404 ait
560 1373 748 1414 Hyrnerz'us:
770 1374 842 1414 qnod
860 1377 981 1413 apparet
997 1377 1051 1412 per

176 1415 264 1458 fitam
286 1414 416 1446 notulam
443 1416 475 1445 in
510 1415 544 1446 C.
567 1416 600 1446 de
626 1416 737 1446 emend.
775 1411 946 1455 Juflz'nz'an.
982 1414 1050 1445 Cod.

185 1458 267 1488 circa
279 1455 337 1496 fin.
351 1454 474 1496 positam
497 1481 504 1487 .
531 1480 539 1488 .
563 1481 570 1488 .
599 1456 655 1488 Sed
670 1463 767 1488 tamen
792 1457 864 1496 quod
881 1455 1052 1498 Hyr-nerim

179 1498 280 1537 >volm't
298 1498 410 1535 dicere,
432 1507 533 1528 verum
545 1497 594 1538 effi’
608 1496 701 1539 potest
718 1498 809 1540 quoad
825 1498 924 1529 cziota:
938 1497 992 1539 sed
1009 1502 1053 1528 ta-

182 1549 251 1570 men
268 1539 429 1570 authoritas
440 1536 613 1579 Justiniano
638 1541 708 1571 data
716 1540 795 1580 fuit.
840 1539 919 1571 Fere
933 1538 997 1577 est,
1017 1546 1052 1570 ut

181 1590 247 1613 non
264 1579 340 1611 ausit
360 1579 525 1621 Hyrnerio
544 1580 623 1612 hanc
649 1580 833 1614 sententiam
856 1580 1030 1612 adscribere
1042 1603 1053 1619 ,

209 1621 438 1662 nandoquidem
454 1631 526 1653 eum
544 1629 610 1654 tum
627 1622 742 1654 referre
764 1629 887 1655 tantum
898 1645 908 1660 ,
931 1631 1009 1653 mox
1025 1622 1055 1653 <Sc

182 1632 298 1695 {lovere
322 1662 408 1694 dicat
437 1663 498 1695 hoc
523 1664 679 1701 πωμέδοξον,
724 1663 783 1697 Sed
809 1674 866 1696 cur
885 1665 980 1696 timor
1002 1673 1055 1695 ex-

186 1711 317 1745 torquet
337 1705 493 1736 contraria
511 1705 528 1737 ἵ)
563 1706 668 1738 Etiam
696 1705 874 1738 Alexander
894 1707 932 1736 dc
950 1704 1055 1737 saneto

188 1746 305 1786 Egidio
323 1769 333 1785 ,
367 1746 492 1777 auditor
517 1747 655 1786 Azouis,
686 1748 738 1789 qui
758 1757 798 1779 ex
817 1748 883 1787 ejus
903 1756 958 1778 ore
977 1747 1054 1778 Com-

186 1788 362 1820 mentm-ium
378 1789 416 1819 cul
437 1788 502 1820 Coa.
527 1789 648 1830 excipit
667 1789 696 1821 ὅ(
714 1789 811 1821 edidit
835 1788 890 1829 (ut
907 1787 991 1830 ipsus
1011 1788 1055 1819 ait

188 1830 220 1861 in
240 1828 364 1869 Praefat.
394 1829 480 1861 illius
512 1830 689 1872 Commeat.)
725 1833 763 1863 acl
776 1830 870 1872 Confi.
889 1832 922 1862 de
943 1831 1052 1861 emend.

188 1868 304 1912 Justin.
343 1870 410 1902 Cori.
440 1881 469 1902 n.
498 1881 531 1912 5.·
564 1873 630 1904 haec
651 1872 762 1904 nabet:
798 1873 883 1912 Hinc
901 1881 1054 1914 argumen-

189 1923 252 1943 timz
260 1912 354 1952 Jimzit
374 1912 532 1953 szerlus,
553 1924 640 1955 qnare
658 1914 730 1945 liber
745 1915 794 1945 ille
804 1937 816 1953 ,
832 1915 862 1945 id
879 1912 919 1955 eft
935 1914 1054 1944 azamen-

188 1955 300 1991 zicum,
317 1952 358 1992 fit
374 1955 578 1994 repudiandus.
604 1956 634 1987 δε
652 1954 723 1996 post
745 1956 906 1997 expeditas
925 1955 991 1995 eJ'us
1009 1964 1055 1986 ra-

188 1995 293 2026 tiones
318 1995 451 2036 reliquas
480 1996 592 2028 addit:
629 1997 685 2028 Sed
701 1998 793 2038 solva
817 1998 919 2039 gratia
946 1996 1055 2027 domini

190 2036 327 2074 iri-nemi,
357 2037 487 2068 dominus
512 2048 589 2069 meus
619 2038 665 2078 (is
686 2038 731 2070 est
752 2039 840 2080 Azo)
860 2039 934 2070 dicit
954 2044 1055 2069 contra

189 2078 251 2109 dcc.
297 2076 396 2114 Hane
416 2077 524 2110 Irnerii
555 2079 680 2112 haerefin
699 2082 847 2112 narrat&
865 2079 1000 2112 Contius
1024 2078 1054 2110 in

190 2118 308 2158 Profuit
336 2120 374 2149 acl
393 2119 514 2152 Novem.
540 2119 590 2152 sed
603 2129 706 2152 narrat
725 2121 927 2163 simpliciter,
952 2119 1056 2151 aufto-

189 2169 224 2191 re
242 2159 369 2190 laudato
396 2162 536 2199 nemine3
571 2162 600 2193 &
618 2162 702 2202 quod
724 2172 820 2203 pori-0
837 2170 946 2200 notat,
972 2161 1055 2192 lrne-

189 2202 271 2232 rium
287 2199 324 2232 ab
355 2200 466 2233 Azone
495 2203 625 2242 optimis
643 2203 817 2235 rationibus
832 2203 1034 2235 confutatum
1047 2224 1057 2239 ‚

190 2252 251 2274 nec
276 2243 397 2283 repperi
426 2243 457 2274 in
483 2243 579 2282 loco,
611 2254 703 2285 quem
726 2245 821 2276 modo
837 2245 975 2286 protuli,
1000 2253 1057 2275 nec

191 2283 266 2314 alibi
295 2283 326 2314 in
353 2284 562 2315 Commentario
582 2287 634 2317 vel
656 2286 773 2317 Summa
791 2289 828 2318 ad
847 2286 995 2324 codicem,
1020 2284 1057 2316 sit

190 2325 256 2356 hoc
275 2323 384 2356 Contii
402 2325 473 2358 fide.
519 2325 648 2359 interim
666 2326 806 2365 constat,
824 2327 975 2359 Irnerium
987 2350 996 2366 ,
1022 2326 1056 2358 si-

192 2375 233 2396 ve
251 2365 423 2398 refutatum
436 2391 444 2405 ‚
478 2366 540 2398 sive
569 2378 632 2399 non
645 2393 654 2407 ,
680 2368 835 2400 Novellns
853 2375 975 2400 ιοθεοωως
991 2366 1058 2399 insi-

191 2406 338 2446 mulasse,
371 2408 512 2449 adeoque
540 2410 726 2442 censendum
752 2420 814 2441 non
844 2410 943 2441 videri
962 2411 992 2441 in
1009 2418 1058 2440 au-

194 2448 346 2480 thenticis
363 2449 471 2480 aluifl'e
487 2458 628 2490 partum,
653 2461 744 2491 quem
762 2462 825 2483 non
851 2452 1014 2492 adgnovit.

238 2489 325 2535 Quid
340 2490 508 2523 dicemus?
532 2501 568 2522 an
587 2493 672 2533 quod
686 2493 836 2533 =Ioannes,
861 2502 950 2534 quem
973 2492 1047 2524 exlii

192 2531 319 2562 hulmus
340 2553 350 2569 ,
382 2531 533 2564 lrnerium
560 2532 680 2566 senfiss‘e
703 2535 742 2565 dc
770 2534 833 2575 ipsa
850 2534 1059 2566 Novellarum

193 2571 427 2612 compositione
445 2596 454 2612 ,
484 2583 575 2613 quam
607 2584 670 2607 non
696 2574 856 2615 justiniani
875 2575 925 2607 sed
941 2575 1059 2607 Tribo-

194 2613 300 2652 niani,
321 2622 375 2644 aut
392 2614 520 2645 alterius
537 2615 718 2656 cujusquam
733 2617 794 2648 elle
811 2616 969 2658 putass'et‘?
986 2616 1060 2648 stul-

196 2663 266 2692 tus,
298 2654 351 2693 qui
377 2654 545 2686 dubitaret.
592 2656 640 2687 An
671 2657 823 2688 lrnerium
842 2657 1012 2690 refutatum
1032 2659 1061 2689 &

194 2695 380 2726 convicium
400 2696 524 2727 tandem
545 2696 765 2738 1·csipuisse,ac
786 2707 851 2730 tum
868 2701 992 2731 demum
1009 2699 1061 2731 sua

194 2736 407 2769 Novellarum
427 2746 607 2780 argumenta
636 2739 666 2770 in
695 2738 775 2771 Cod.
794 2740 1028 2781 transscripiiile
1046 2741 1062 2772 ἶ)

197 2787 263 2810 non
290 2778 400 2818 liquet.
453 2780 524 2820 Ego
547 2779 637 2810 valde
661 2780 891 2818 dubitaverim,
922 2791 960 2813 an
978 2781 1058 2813 irne-

196 2819 304 2852 nerius
320 2819 400 2851 serio
420 2820 449 2851 ὅ(
465 2821 548 2851 bona
566 2820 627 2851 fide
642 2831 775 2862 unquam
795 2821 969 2861 Novellas,
993 2823 1059 2854 vel-

198 2869 235 2891 ut
264 2860 319 2889 2:32„
343 2863 436 2893 msam
465 2863 593 2898 ἔχοντας,
628 2862 726 2894 fuerit
745 2862 942 2904 aspernatus,
965 2873 1061 2904 quum

197 2911 303 2932 earum
319 2902 539 2934 auctoritatem
558 2901 733 2935 sexcenties
752 2904 807 2945 ipsi
826 2905 855 2936 ἃ
875 2904 904 2936 in
926 2905 1060 2943 Smnmis,

198 2952 268 2984 quae
301 2943 384 2974 inter
412 2944 531 2975 Azouis
559 2944 690 2976 Smmnor
711 2947 748 2976 acl
764 2945 841 2988 Dsg.
863 2946 912 2976 edi
933 2945 1034 2977 solent
1053 2968 1063 2984 ,

201 2985 232 3015 oc
258 2983 339 3024 apud
363 2984 546 3016 Accuriium
573 2986 724 3018 laudatam
744 2987 860 3019 videas.
906 2985 1016 3018 Potuit
1032 2998 1062 3018 e-

199 3024 324 3065 quidem
348 3026 440 3057 animi
459 3049 469 3065 ‚
504 3028 611 3067 potuit
637 3028 753 3069 ingenii
771 3029 870 3069 gratia
886 3028 916 3059 in
937 3036 1061 3060 contra·

198 3065 281 3110 rium
297 3065 473 3108 disputass'e.
521 3067 616 3099 Liber
634 3069 688 3100 ille
711 3069 775 3110 (ita
797 3070 921 3110 jocatur
938 3070 970 3101 in
987 3070 1060 3112 glos-

191 3107 250 3151 Jo,
273 3116 364 3147 quam
384 3108 541 3147 diximus)
564 3118 656 3149 quem
668 3120 727 3141 vos
745 3110 914 3151 profertis,
939 3120 1002 3143 non
1017 3111 1061 3143 di-

197 3153 282 3177 citur
300 3147 432 3180 Novellae
442 3171 454 3187 ,
477 3150 560 3191 quod
578 3150 605 3181 ei
625 3160 738 3183 nomen
758 3151 901 3183 futurum
918 3151 1059 3192 Justinia-

197 3195 257 3219 nus
272 3188 477 3231 praedixerat,
491 3190 547 3233 de
569 3193 780 3225 authentia-mn.
826 3193 932 3234 Atque
947 3192 1017 3226 haec
1030 3202 1059 3225 e-

886 100 995 128 vAN

1071 90 1672 130 BYNKERSHOEK

1086 171 1135 211 ius
1161 172 1261 212 prima
1287 173 1369 204 ratio
1396 183 1460 205 non
1486 174 1569 205 aliud
1597 174 1673 206 mihi
1692 174 1838 215 videtur,
1862 185 1952 218 quam

1087 212 1234 254 sugillare
1260 215 1418 255 vulgatum
1446 215 1530 247 illam
1559 215 1735 247 Anthemicz·
1769 217 1952 258 appellatio·

1087 264 1158 286 nem
1173 278 1185 294 ‚
1215 265 1274 295 qua
1303 255 1413 287 misere
1435 256 1634 296 superbiebat
1659 257 1838 289 Doctorum
1853 259 1950 300 prisca

1088 305 1182 337 gens,
1206 303 1321 327 caetera
1339 307 1402 329 non
1420 297 1601 339 persequor.
1648 298 1736 344 Quid
1750 299 1846 330 etiam
1859 299 1951 335 fihoc

1087 337 1227 368 volucrit
1253 337 1386 370 ltnerius
1403 363 1413 378 ,
1445 339 1617 378 Novellas,
1650 340 1734 381 quod
1750 341 1787 371 ad
1816 347 1953 376 συιηογξ,

1089 378 1119 409 δε
1142 378 1365 410 collefflonem
1384 404 1393 418 ‚
1420 390 1480 421 qua
1499 380 1594 411 hodie
1612 383 1748 416 utimur,
1776 391 1793 413 a
1812 381 1953 422 Justinia-

1088 429 1130 450 no
1145 419 1247 451 editas>
1260 421 1522 463 consti-mutasque
1544 431 1607 453 non
1625 422 1703 454 esse:
1729 422 1794 464 ipse
1810 425 1892 457 enim
1909 425 1953 458 se-

1086 468 1206 501 paratas
1226 462 1351 500 edidit,
1385 472 1480 503 prout
1508 465 1685 496 communis
1713 465 1833 497 utilitas
1851 489 1863 506 ,
1899 468 1954 501 vel
1975 500 1978 502 .

1088 501 1279 534 'fi-iboniani
1306 505 1433 535 avan-itia
1468 503 1523 545 (ut
1547 506 1699 536 mentitur
1725 507 1881 547 graeculus
1903 517 1953 541 au-

1088 542 1168 582 dax)
1191 544 1347 588 exigebat.
1401 545 1478 576 Hoc
1503 556 1602 587 opus,
1627 548 1782 579 incertum
1801 549 1924 589 quando
1939 574 1971 592 ,x

1089 585 1222 625 collegit
1241 607 1252 623 ,
1287 585 1317 617 ὅ(
1346 586 1377 618 in
1403 596 1496 618 unum
1513 588 1633 629 redegit
1647 598 1763 630 corpus
1779 598 1956 633 anonymus

1089 625 1258 666 quispiam,
1285 626 1336 658 sed
1352 628 1414 665 ita,
1427 636 1462 659 ut
1480 628 1650 661 etiamnum
1668 639 1957 672 nonnunquaninm

1089 676 1128 697 va
1143 666 1284 699 Novella
1312 669 1443 708 prodeat
1462 693 1474 707 ,
1505 679 1573 709 quae
1593 681 1756 703 numerum
1774 682 1879 705 earum
1907 673 1954 705 in-

1091 717 1213 739 certum
1239 709 1341 740 reddit
1365 710 1464 741 adbuc
1483 711 1695 744 incertiorem.
1741 712 1817 745 Non
1833 714 1880 746 est
1897 714 1956 756 igi-

1091 757 1142 780 tur
1166 749 1196 780 id
1219 759 1334 790 corpus
1349 774 1358 789 ,
1391 761 1426 782 ea
1453 752 1601 784 coiletlio
1617 752 1799 794 justiniani,
1825 757 1855 787 δε
1872 756 1892 788 si
1911 765 1960 787 ita.
1983 790 1990 796 ,

1091 791 1237 822 exaudire
1251 791 1330 822 velis
1357 791 1526 831 lrnerium,
1559 803 1622 826 non
1642 795 1826 835 intercedo,
1848 806 1956 838 quam·
1999 820 2001 822 -

1092 832 1140 863 vis
1157 832 1332 879 proclivior
1350 833 1404 865 sim
1419 834 1451 865 in
1469 834 1519 874 id,
1544 836 1628 875 quod
1652 836 1736 876 prius
1751 835 1855 869 sumus
1871 847 1956 870 com·

1092 882 1200 905 menti.
1983 907 1987 910 .

1134 915 1239 946 Modo
1257 940 1266 955 ‚
1297 916 1383 956 quod
1411 926 1459 948 rcs
1483 917 1544 957 est,
1574 918 1727 951 Irnerium
1754 929 1883 961 quoque
1902 930 1956 952 au-

1093 956 1249 988 thenticas
1268 957 1382 989 dedisse
1405 958 1622 999 ostendamu83
1657 970 1720 992 non
1740 970 1779 992 eo
1795 971 1956 1003 argumen-
1978 962 1981 965 ’

1092 1005 1147 1036 to,
1178 999 1263 1038 quod
1285 999 1409 1033 illarum
1432 1002 1582 1033 memoria
1606 1002 1643 1033 ab
1669 1003 1736 1042 ejus
1763 1003 1959 1044 temporibus

1091 1039 1281 1080 potiffimum
1297 1040 1430 1079 existet,
1454 1042 1579 1083 ipseque
1597 1042 1694 1074 fuerit
1721 1044 1860 1085 primus,
1883 1045 1959 1086 qui,

1091 1089 1127 1112 ut
1146 1081 1426 1122 Jurisprudenzium
1451 1084 1489 1115 R.
1516 1085 1560 1115 ita
1583 1085 1636 1116 bas
1653 1085 1779 1116 docuit:
1805 1095 1889 1124 non,
1912 1087 1958 1119 in-

1091 1131 1181 1162 quam
1194 1145 1205 1161 ,
1228 1133 1267 1153 eo
1284 1132 1469 1164 argumento
1492 1125 1696 1166 (quamquam
1726 1127 1754 1158 ὃς
1771 1126 1834 1158 hoc
1848 1127 1958 1170 iuvat)

1092 1163 1411 1203 1'edaudorstanbm,
1423 1165 1534 1206 quibus
1550 1166 1704 1208 assurgere
1713 1168 1761 1208 jus
1771 1166 1882 1209 fasque
1900 1171 1957 1202 est.

1093 1205 1294 1237 Primicerius
1319 1205 1354 1237 sit
1385 1206 1454 1238 Azo
1471 1229 1482 1245 ,
1506 1207 1591 1239 testis
1610 1210 1719 1250 utique
1735 1218 1771 1240 ea
1788 1210 1818 1241 in
1838 1219 1871 1241 re
1892 1211 1957 1243 ido-

1093 1256 1169 1278 neus
1181 1269 1191 1284 ,
1216 1254 1280 1277 tam
1295 1247 1328 1278 in
1346 1248 1483 1286 Smmza,
1508 1258 1599 1288 quun
1621 1251 1829 1282 Commentario
1847 1253 1885 1283 ad
1903 1253 1958 1284 Co-

1093 1289 1194 1319 dicem.
1220 1287 1257 1319 In
1274 1288 1382 1319 Surum.
1400 1289 1438 1319 ad
1459 1289 1518 1320 Tit.
1537 1291 1570 1321 cle
1589 1291 1699 1331 Sacross
1721 1292 1831 1333 Eccles.
1856 1303 1888 1326 n.
1908 1304 1956 1335 1‘3.

1088 1335 1176 1370 prope
1188 1328 1246 1369 fin.
1271 1337 1433 1361 enumerat
1449 1339 1556 1370 poenas
1576 1355 1585 1369 ‚
1619 1341 1689 1372 quae
1722 1330 1960 1380 emphyteutam

1093 1378 1241 1409 manent,
1272 1370 1418 1411 siquidem
1450 1372 1518 1411 jure
1532 1373 1622 1404 nullo
1638 1383 1702 1405 rem
1721 1374 1961 1408 ecclesiasticam

1093 1412 1125 1444 in
1140 1411 1356 1454 emphyteusin
1375 1414 1550 1453 acceperit:
1574 1414 1622 1446 Re
1646 1421 1747 1455 caret,
1772 1416 1895 1456 inquit,
1923 1417 1960 1453 ἐξ

1089 1453 1251 1494 penfionem
1258 1453 1374 1495 solvere
1391 1459 1506 1486 tenetur
1515 1454 1644 1498 singulis
1660 1458 1847 1498 temporibus,
1868 1459 1958 1490 etiam

1095 1495 1205 1533 futuris
1223 1519 1232 1534 ‚
1262 1500 1547 1535 proutconventum
1577 1496 1618 1538 est}
1638 1509 1648 1530 .·
1672 1508 1717 1530 ET
1735 1508 1785 1530 sic
1804 1508 1960 1533 VIDETUR

1095 1545 1276 1578 ADJEmssE
1304 1545 1537 1570 GUARNERIUS.
1580 1540 1643 1571 hoc
1664 1539 1710 1572 est
1724 1562 1735 1578 ,
1758 1540 1789 1572 in
1812 1540 1894 1573 auth.
1910 1543 1959 1583 qui

1095 1588 1140 1610 res
1163 1578 1193 1609 C.
1216 1579 1249 1609 cle
1271 1578 1325 1609 SS.
1347 1577 1459 1619 Eccos
1484 1590 1575 1621 quam
1593 1581 1710 1613 ibidem
1727 1590 1849 1613 enarrat
1870 1582 1962 1622 Azo,

1097 1620 1233 1651 Irnerius
1247 1643 1257 1658 ,
1290 1619 1372 1650 ultra
1395 1629 1487 1660 quam
1511 1622 1555 1653 est
1579 1622 1611 1654 in
1635 1621 1796 1661 Novella,
1819 1623 1961 1664 adjecisse

1096 1661 1223 1692 videtur
1241 1660 1272 1691 id
1293 1661 1378 1700 quod
1393 1662 1510 1694 dicitur
1535 1664 1576 1694 dc
1603 1664 1808 1706 emphyteuta
1825 1665 1960 1706 compel-

1096 1703 1191 1734 lendo
1214 1701 1252 1733 ad
1282 1700 1462 1734 solvendam
1489 1705 1694 1744 pensionem,
1732 1707 1828 1737 etiam
1859 1705 1961 1738 futuri

1099 1743 1259 1784 temporis.
1305 1744 1364 1774 Sed
1382 1744 1448 1783 ejus
1464 1746 1510 1777 rei
1528 1746 1620 1778 fidem
1637 1748 1764 1788 requiro
1779 1770 1789 1787 ,
1815 1747 1845 1780 δι
1859 1747 1963 1790 requi-

1097 1793 1167 1817 rent
1193 1793 1302 1816 omnes
1320 1807 1331 1822 ,
1372 1785 1425 1825 qui
1452 1786 1521 1819 diti.
1556 1789 1637 1820 auth.
1670 1789 1865 1821 contulerint
1887 1798 1960 1821 cum

1097 1827 1173 1899 gap.
1199 1835 1246 1858 11.
1272 1826 1392 1858 Novem.
1416 1836 1485 1860 120.
1518 1829 1557 1861 de
1574 1829 1751 1862 Guarnerio
1769 1830 1895 1862 interim
1911 1830 1958 1862 vi-

1119 1877 1161 1900 ες.

1143 1910 1228 1942 Idem
1246 1910 1278 1942 in
1298 1911 1454 1943 Comment.
1475 1913 1513 1944 ad
1531 1916 1615 1946 eund.
1637 1913 1695 1946 Tit.
1715 1916 1749 1947 in
1763 1914 1842 1947 auth.
1888 1913 1957 1946 Hoc

1095 1952 1145 1994 jus
1154 1952 1336 1992 porr-eorm,
1359 1963 1389 1984 π.
1404 1964 1457 1994 45.
1481 1955 1625 1988 Dor-ninus
1647 1957 1678 1988 Y.
1700 1956 1855 1996 (Ii-nerins
1872 1956 1958 1988 vide-

1102 1993 1196 2034 licet)
1219 1999 1357 2034 tanquam
1387 2005 1438 2026 vir
1452 1996 1572 2036 subtilis
1587 1998 1682 2038 policit
1696 1999 1821 2038 quedam
1840 1998 1874 2029 de
1895 1998 1960 2030 Au-

1100 2036 1220 2066 chenric.
1246 2035 1301 2066 illa
1325 2036 1356 2066 in
1386 2035 1491 2076 zfiam,
1523 2038 1558 2073 ὅ)
1579 2041 1624 2070 ita
1640 2049 1676 2069 ex
1687 2037 1834 2078 praedictis
1851 2040 1961 2071 duabus

1100 2076 1292 2107 Anthentz'cis
1309 2077 1384 2107 hanc
1399 2079 1580 2117 compilavit.
1624 2078 1675 2111 De
1684 2079 1802 2110 duabus
1819 2078 1962 2113 Authen·

1101 2118 1172 2149 ticis
1187 2118 1270 2158 quod
1299 2118 1360 2155 ait,
1392 2118 1430 2149 de
1445 2118 1593 2152 Novellis
1611 2121 1787 2161 intelliges,
1817 2120 1878 2152 effe
1894 2120 1962 2154 scil.

1099 2159 1179 2190 auth.
1227 2157 1293 2189 Hoc
1316 2159 1366 2200 jus
1386 2160 1547 2199 porreclum
1563 2185 1572 2200 ,
1597 2162 1728 2204 petitam
1747 2162 1776 2194 &
1794 2161 1965 2196 conflatam

1100 2209 1140 2231 cx
1165 2199 1246 2231 Nov.
1272 2209 1300 2240 7.
1324 2209 1349 2231 e.
1374 2209 1400 2232 1.
1426 2202 1456 2233 ὁὶ
1480 2202 1561 2234 Nov.
1582 2213 1652 2236 120.
1677 2213 1703 2235 c.
1727 2207 1756 2235 6.
1783 2202 1818 2238 ὅ)
1839 2214 1868 2245 7.
1890 2213 1963 2237 nam

1101 2243 1144 2273 ita
1162 2241 1192 2272 se
1210 2250 1258 2272 res
1286 2241 1389 2272 habet.

1435 2241 1510 2275 Non
1534 2245 1626 2276 aliter
1640 2245 1723 2276 auth.
1770 2244 1854 2289 Quas
1872 2245 1961 2278 ablio-

1100 2293 1170 2321 πω,
1205 2283 1286 2314 idem
1312 2282 1342 2313 in
1365 2284 1422 2314 eod.
1459 2285 1615 2318 Comment.
1636 2286 1761 2318 tractam
1776 2288 1827 2329 effe
1844 2296 1962 2319 memo-

1102 2332 1149 2356 rat
1172 2326 1207 2355 ab
1233 2324 1302 2355 aliis
1327 2325 1455 2363 duabus,
1484 2336 1559 2367 quas
1580 2338 1638 2360 nos
1662 2328 1799 2361 diximus
1825 2329 1894 2369 Cap.
1921 2327 1962 2362 ΙΙ.

1101 2365 1147 2397 ast
1163 2365 1200 2396 de
1220 2364 1340 2397 lrnerio
1360 2366 1413 2406 ipsi
1434 2367 1589 2401 silentium
1607 2368 1651 2400 est
1665 2369 1702 2400 ad
1726 2370 1755 2402 d.
1771 2370 1854 2402 auth.
1879 2369 1963 2417 Quas

1101 2407 1226 2439 ausones
1244 2429 1257 2446 ,
1285 2408 1315 2439 &
1342 2409 1424 2439 recte
1442 2431 1452 2446 ,
1483 2419 1612 2451 propter
1637 2411 1853 2450 antiquitatem
1869 2415 1935 2452 ejus
1951 2432 1964 2450 ,

1101 2459 1194 2489 quam
1221 2450 1280 2480 eod.
1315 2450 1386 2490 Cap.
1419 2450 1644 2484 adstruximus:
1666 2451 1761 2483 tracta
1774 2450 1834 2491 eli,
1858 2452 1902 2484 ita
1919 2453 1964 2484 ibi

1104 2491 1246 2531 loquitur
1263 2493 1407 2530 α’νωωμως,
1438 2502 1455 2523 a
1476 2497 1540 2533 quo
1559 2501 1663 2525 autem
1676 2515 1686 2530 ,
1708 2492 1797 2524 illum
1811 2493 1903 2533 juxta
1925 2503 1963 2526 ac

1105 2542 1155 2563 me
1177 2532 1297 2564 latuisse
1312 2533 1432 2574 opinor,
1482 2533 1599 2566 Rursus
1611 2542 1714 2565 tamen
1732 2533 1812 2566 idem
1828 2534 1898 2566 Azo
1915 2544 1962 2566 ro-

1106 2576 1201 2605 tunde
1224 2574 1375 2606 lrncrium
1401 2575 1537 2616 appellat
1562 2576 1592 2606 in
1614 2576 1777 2606 Comment!
1788 2576 1827 2607 ad
1848 2575 1908 2607 Tit.
1928 2577 1963 2608 C.

1104 2617 1137 2646 cie
1153 2616 1215 2646 litis
1235 2614 1352 2656 contest.
1376 2626 1405 2647 n.
1429 2626 1461 2656 5.
1484 2625 1555 2647 cum
1572 2616 1634 2647 ait:
1667 2614 1840 2657 Affignavit
1855 2617 1903 2648 hic
1920 2619 1963 2649 in-

1105 2659 1235 2689 cidenter
1254 2659 1384 2688 dontinus
1404 2658 1453 2689 Ἰν.
1469 2658 1540 2688 duas
1557 2658 1688 2689 authent.
1718 2658 1796 2690 Sunt
1814 2657 1880 2697 hae,
1902 2658 1964 2731 ‚Ps-

1096 2700 1237 2739 feracw‘‚
1264 2700 1293 2730 (St
1318 2699 1484 2735 Libellum,
1507 2697 1651 2738 subjectae
1674 2699 1694 2730 l.
1716 2709 1764 2730 un.
1787 2700 1879 2742 ejusd.
1927 2701 1962 2732 it.

1103 2741 1141 2771 de
1159 2740 1322 2782 affignamii
1339 2740 1516 2777 vocabulo,
1538 2740 1619 2779 quusi
1638 2740 1788 2772 Irnerium
1806 2741 1964 2774 auctorem

1102 2791 1163 2813 non
1186 2781 1335 2819 inferret,
1361 2781 1466 2819 litem,
1493 2781 1578 2821 scio,
1602 2792 1665 2813 non
1693 2781 1858 2822 movebis,
1883 2781 1903 2814 si
1922 2781 1963 2813 A-

1103 2832 1215 2855 zonem
1241 2822 1353 2862 legeris
1373 2844 1382 2861 ,
1415 2823 1444 2854 ὃς
1469 2832 1539 2863 quae
1566 2833 1663 2865 porro
1687 2823 1756 2864 Cap.
1773 2823 1837 2865 seq.
1861 2832 1902 2855 cx
1924 2830 1964 2854 eo

1105 2864 1207 2896 sumus
1223 2863 1414 2905 producturi.

1146 2906 1198 2937 Sic
1224 2906 1254 2936 ἀ
1280 2904 1458 2936 Accurlium
1476 2928 1485 2943 ,
1519 2905 1548 2936 δε
1567 2905 1647 2945 apud
1670 2915 1740 2938 eum
1758 2905 1890 2938 Veteres
1912 2906 1963 2940 vel

1104 2947 1208 2978 decies
1228 2946 1335 2978 Irnerii
1348 2970 1356 2984 ‚
1383 2955 1524 2987 tunquam
1545 2947 1795 2979 authenticarum
1812 2947 1963 2989 compila-

1107 2988 1204 3026 toris,
1226 2986 1398 3018 meminiss'e
1417 2988 1490 3018 milii
1510 2987 1711 3020 observatum
1732 2988 1786 3020 est.
1832 2988 1912 3021 Loci
1930 2988 1962 3021 in

1104 3029 1184 3060 lianc
1211 3037 1275 3059 rem
1301 3026 1358 3059 sint
1386 3029 1415 3060 in
1453 3029 1540 3070 (qule
1563 3030 1601 3060 acl
1620 3030 1702 3062 auth.
1747 3029 1846 3061 Multo
1868 3029 1963 3072 magis

1106 3071 1139 3101 C.
1162 3071 1195 3100 de
1220 3071 1329 3108 Samofi
1356 3070 1467 3110 EccleJL
1491 3071 1571 3102 cnuth.
1618 3070 1681 3118 Qui
1700 3080 1744 3103 res
1770 3072 1801 3102 C.
1824 3072 1883 3102 eod.
1906 3070 1963 3110 (ad

1105 3120 1196 3152 quam
1213 3111 1243 3141 id
1261 3109 1358 3150 ipsum
1375 3111 1482 3143 notavi
1490 3119 1499 3142 t
1523 3111 1631 3144 Glossa
1658 3111 1811 3153 Corporis
1830 3112 1962 3143 canoni-

1103 3152 1131 3183 ci
1164 3152 1192 3183 in
1230 3153 1300 3191 Cup.
1334 3162 1362 3184 2.
1395 3150 1626 3193 (Constitutione
1650 3153 1747 3194 nova)
1782 3152 1854 3193 very:
1901 3150 1964 3199 Qui

1102 3203 1169 3225 veru
1195 3203 1239 3225 ros
1270 3194 1302 3226 C.
1325 3193 1368 3226 X.
1399 3203 1426 3236 q.
1452 3204 1491 3227 2„
1512 3197 1591 3227 ante.
1637 3194 1730 3227 Nunc
1754 3199 1852 3226 autem
1877 3193 1908 3225 C.
1924 3195 1961 3266 ἔς
