2008 3436
259 115 675 157 PRAETERM.
726 109 824 150 AD
872 112 996 149 1..11.
1047 113 1142 152 DE
1192 119 1410 160 ORIG.
1462 126 1614 173 JUR.

1783 136 1850 175 327

65 202 104 233 lis
127 201 231 235 noster
255 200 389 235 Tubero
395 222 408 240 ,
427 199 564 242 plurima
583 195 690 230 facete
709 192 793 226 dixit
802 191 939 226 Budaeus
980 194 1077 226 etiam
1095 195 1143 228 est
1160 197 1294 232 doarina
1311 201 1433 242 fretus,
1467 205 1497 237 ἀ
1510 205 1624 245 fiducia
1643 209 1779 242 doetrinae
1789 210 1857 251 fre-

66 244 102 275 ad
123 244 151 275 b.
173 243 201 285 ᾗ.

353 326 406 359 Ad
449 325 481 367 §.
505 319 640 358 XLVII.
743 330 758 345 ⁶

105 409 204 442 Labeo
223 411 334 449 noluit,
359 419 424 440 cum
437 407 591 449 offerretur
606 404 634 436 ei
652 404 689 435 ab
706 399 932 451 Augusto-Con·

52 451 171 494 sulatus
183 475 194 491 ,
216 462 268 495 quo
280 450 423 493 suffectus
440 449 546 489 fleret,
581 445 617 481 δ’
632 444 929 521 ἱζοηονινέᾏψιρενε.

58 494 97 528 In
125 494 197 526 MS.
225 502 298 525 meo
321 492 383 525 fine
409 489 524 522 Gloffis
541 512 551 527 ,
587 488 721 528 legitur,
797 488 930 533 honorem

50 535 231 578 Jusbiperet,
252 534 343 566 nullo
356 532 423 564 fere
439 529 549 578 sensu,
574 527 626 560 sed
643 528 756 575 procul
777 527 876 560 dubio
894 528 931 575 ἐξ

55 576 212 615 abundat,
236 575 338 614 male,
368 581 402 606 ut
429 572 780 617 videtum-repetitum·
793 579 835 617 ex
856 569 929 602 ulti-

58 627 108 651 ma
133 616 251 659 syllaba
281 617 371 648 vocis
399 613 626 659 praecedentis}
651 612 757 661 malim
773 619 870 654 igitur
893 620 926 643 ο-

55 658 205 698 mittere,
237 665 273 690 ut
300 655 474 690 omiserunt
496 655 623 696 plurimi
645 654 815 693 hditores‚
836 662 927 695 quarn

56 699 227 735 rescribere
254 709 318 732 eum
333 722 344 739 ,
378 706 414 731 ut
439 696 532 729 rescri
558 695 595 728 fit
617 695 765 728 Muretus
782 695 873 742 adsi.
898 693 925 736 §.

57 743 89 776 δι
108 740 281 774 Goveanus
304 741 346 774 L.
370 740 395 774 Ι.
421 739 498 771 Var.
557 737 610 769 ec‘l.
639 737 671 769 C.
696 747 747 783 ²4:
772 736 928 784 Quinimo

53 783 198 818 laborare
215 783 334 815 dixeris
351 782 418 814 inte
455 790 505 827 am
516 803 526 820 ,
544 788 638 821 quam
656 781 845 825 praescripsi,
861 777 926 810 sen-

55 825 297 866 tentiam‚quid
315 824 398 857 enim
426 821 590 864 ignificat‚
611 821 716 852 noluit
725 819 831 866 Labeo
842 819 926 852 Con-

54 866 192 902 sulatum
207 889 220 906 ,
249 866 287 898 ab
309 863 454 907 Augusto
480 863 622 896 oblatum
640 885 650 900 ‚
678 859 850 908 suscipere,
874 871 927 907 quo

46 907 192 952 ficffettus
201 906 315 948 fieret?
336 908 411 940 Scio
422 929 433 946 ‚
458 906 501 937 ita
517 904 585 936 haec
603 903 774 944 explicari,
795 902 927 948 sprevis-

54 950 88 983 se
115 949 297 983 Labeonem
324 949 414 981 illum
438 944 666 983 Consulatum,
698 953 847 991 quo-non
868 943 926 976 nisi

45 990 191 1034 suffetius
203 991 280 1023 effet
322 996 514 1030 nequaquam
537 995 615 1017 vero
645 986 820 1017 ordinarius.
864 985 925 1032 Sed

53 1042 129 1066 cum
157 1042 216 1066 nec
241 1014 358 1074 Capito
375 1054 385 1070 ,
419 1028 474 1061 nifi
492 1026 636 1068 ficffetlus
662 1025 782 1058 Consul
797 1026 897 1059 fuerit
914 1050 924 1066 ,

54 1073 316 1118 quemadmodum
331 1072 364 1104 id
379 1070 463 1103 rec‘te
475 1068 611 1115 ostendit
626 1068 786 1116 Rupertus
806 1069 843 1100 ad
851 1070 884 1115 j).
894 1068 922 1110 ἓ.

52 1124 118 1149 non
139 1113 186 1146 est
212 1113 381 1147 verifimile
397 1134 408 1151 ‚
441 1112 521 1144 hanc
545 1120 574 1141 ei
593 1109 824 1156 fuissevcausain
841 1112 922 1156 iper-

49 1155 143 1190 nendi
160 1154 360 1188 Consulatus.
407 1152 575 1193 Conjicio:
599 1162 650 1193 quo
664 1151 813 1194 suspectus
823 1157 922 1199 ineret,

49 1192 115 1231 hoc
133 1196 200 1237 est,
223 1197 329 1230 noluit
352 1194 509 1241 suscipere
535 1193 689 1225 honorem
703 1216 712 1233 ‚
736 1203 800 1235 quo
820 1193 920 1235 iuspe-

49 1238 117 1272 stus
132 1239 224 1272 fieret
237 1262 248 1278 ,
272 1239 302 1272 δι
320 1237 402 1270 male
418 1237 538 1268 audiret
554 1234 636 1276 apud
653 1234 812 1281 Populum
824 1259 834 1275 ,
853 1245 920 1282 eos-

48 1289 111 1322 que
130 1281 311 1322 Optimates
323 1303 332 1319 ,
363 1279 395 1311 ui
410 1278 511 1310 adhuc
529 1276 649 1323 stabant
665 1285 682 1307 a
697 1277 838 1323 partibus
848 1277 921 1310 Rei-

47 1321 206 1365 publicae,
227 1329 323 1363 atque
356 1332 367 1354 i
393 1329 525 1361 nempe,
547 1327 587 1349 eo
603 1327 665 1358 Jam
686 1318 841 1365 benencio
857 1318 920 1352 Au—

95 1364 142 1395 sso
157 1363 322 1397 devinftus
332 1387 343 1404 ,
364 1361 526 1402 corrumpi
543 1368 706 1402 pateretur
724 1366 921 1402 incorruptam

61 1407 235 1446 ibertatem,
258 1415 337 1447 qua,
361 1410 397 1436 ut
417 1402 554 1435 Tacitus
569 1401 612 1433 ait
624 1425 634 1441 ,
647 1401 755 1433 Labeo
775 1410 848 1434 cum
858 1412 919 1435 ma-

47 1447 136 1480 xime
154 1447 392 1485 celebrabatur,
411 1444 442 1477 &
458 1453 518 1486 qua
532 1442 635 1490 fretus
654 1441 799 1489 Augusto
821 1453 838 1476 a
862 1443 892 1476 se
908 1466 920 1484 ,

46 1488 144 1521 etiam
168 1498 242 1521 cum
267 1487 482 1530 indignatione
500 1509 510 1525 ,
555 1483 747 1532 dissentienti
781 1494 922 1528 regerere

47 1529 153 1562 fuerat
175 1530 283 1571 ausus,
297 1530 384 1572 suum
413 1537 548 1570 quemque
567 1527 715 1569 Judtczum
735 1528 862 1574 habere,
885 1536 920 1560 ut

45 1572 218 1604 Suetonius
237 1572 299 1604 hoc
318 1571 429 1604 retulit
442 1571 474 1602 in
492 1566 639 1615 Augusto.
695 1568 774 1600 Rem
794 1568 891 1610 ipsam
907 1593 918 1610 ,

46 1622 139 1654 quam
167 1613 220 1646 hic
243 1621 347 1646 narrat
370 1612 567 1652 Pomponius
582 1634 592 1649 ,
605 1610 654 1656 ‚de
669 1609 847 1643 Consulatu
862 1611 918 1644 La-

45 1654 141 1687 beoni
168 1655 279 1688 oblato
297 1679 308 1695 ,
340 1654 476 1692 vellem,
501 1662 541 1684 ne
557 1651 917 1700 quidam-interpretes,

43 1695 108 1729 fine
128 1696 240 1729 idonea
255 1696 465 1735 auctoritate,
487 1694 541 1726 vel
563 1692 717 1734 suspecti,
751 1696 802 1726 vel
817 1703 916 1728 omni—

43 1746 87 1770 no
105 1736 172 1771 falfi
191 1737 405 1781 postulassent.
472 1779 477 1785 ·

91 1779 193 1811 Totum
211 1791 322 1812 annum
343 1782 390 1812 ita
411 1778 573 1820 diviserat,
597 1783 630 1809 ut
653 1777 820 1825 Romaesex
837 1788 915 1827 men—

36 1818 116 1860 fibus
133 1831 198 1853 cum
214 1821 353 1861 Studiosis
367 1820 444 1862 effet.
468 1821 504 1853 In
521 1820 620 1853 Libro
636 1818 826 1866 Florentino
840 1820 917 1861 fuit,

41 1862 189 1902 Romani,
212 1864 299 1906 quod
315 1863 451 1896 retinuit
468 1861 673 1902 Taurellius‚
708 1861 850 1909 etiamsi,
871 1870 914 1910 te-

40 1903 87 1937 ste
103 1905 322 1945 Brenkmano,
355 1905 483 1947 antique
505 1903 647 1936 deletum
665 1902 711 1936 fit.
758 1903 847 1950 Huic
869 1915 916 1952 in—

41 1945 182 1979 ductioni
207 1956 289 1989 puto
315 1947 536 1985 tribuendum,
566 1944 652 1991 quod
671 1954 707 1991 ea
723 1955 791 1977 vox
806 1955 838 1978 in
862 1946 914 1979 Li-

40 1987 105 2020 bris
123 1989 308 2030 quibusdam
325 1988 537 2027 desideretur,
561 1995 658 2019 etiam
679 1996 711 2018 in
724 1986 797 2020 MS.
822 1987 914 2020 Cam-

40 2029 125 2103 pelii}
156 2082 190 2103 ue
211 2073 331 2114 reliquit
357 2073 574 2115 quadringinta
595 2070 756 2118 volumina.
802 2072 840 2105 In
862 2082 915 2105 eo-

40 2082 209 2146 demaiVlS.
242 2124 314 2146 meo
333 2137 343 2154 ,
376 2114 448 2147 XL.
469 2114 643 2152 volumina,
668 2114 721 2146 led
736 2113 848 2156 sequor
868 2115 912 2148 le-

41 2153 178 2186 ctionem
195 2154 422 2189 Florentinum.
767 2199 773 2204 ,

86 2194 185 2226 Labeo
203 2197 319 2239 ingenii
335 2198 477 2238 qualitate
499 2197 536 2233 ὅ)
545 2197 660 2238 fiducia
681 2196 818 2230 doftrinae
828 2221 840 2238 ,
861 2201 911 2242 qui

40 2235 79 2271 ὅ)
92 2238 201 2268 ceteris
215 2239 308 2278 operis
317 2240 472 2280 sapientire
489 2246 600 2279 operam
621 2239 757 2280 dederat,
777 2241 910 2281 plurima

39 2279 184 2310 innovare
204 2278 346 2320 instituit.
391 2279 512 2321 Ingenii
533 2280 696 2327 qualitate,
721 2289 758 2328 ut
769 2282 908 2323 legitur,

39 2319 207 2361 legendum
219 2321 266 2353 est
276 2343 287 2360 ,
309 2331 373 2354 non
385 2345 394 2361 ‚
418 2330 454 2352 ut
468 2320 601 2353 Budaeus
620 2321 761 2369 restituit
768 2345 780 2361 ,
797 2324 906 2364 facili-

39 2366 119 2400 tate,
142 2362 212 2401 vel,
235 2371 270 2394 ut
286 2363 454 2402 Muretus,
477 2365 623 2400 acritate3
646 2372 762 2410 ingenii
778 2366 908 2411 qualitas

37 2401 82 2435 est
98 2403 215 2444 ingenii
232 2404 429 2445 praestantia,
454 2414 515 2446 qua
533 2405 660 2436 valebat
677 2406 831 2438 Antistius
848 2407 906 2439 La-

38 2444 110 2477 beo.
161 2444 232 2477 Hac
255 2455 360 2477 autem
375 2469 386 2485 ,
417 2447 447 2478 δε
464 2445 579 2486 fiducia
598 2446 754 2493 doctrina,
774 2448 819 2479 ait
835 2458 908 2496 eum

37 2485 172 2528 plurima
188 2487 371 2525 innovass'e,
394 2487 587 2528 doCtrinam,
613 2496 649 2520 ut
665 2489 810 2529 Videtur,
834 2491 907 2522 inde

37 2527 200 2567 derivans,
223 2530 308 2569 quod
336 2529 373 2564 ὅ)
396 2532 505 2561 caeteris
520 2530 776 2571 operissapientiae
791 2539 906 2578 operam

36 2569 163 2601 dederat.
209 2568 334 2603 Durum
361 2571 390 2603 ὅ(
418 2575 563 2604 κακόφωνοι
577 2571 622 2603 est
642 2572 739 2612 illud,
761 2578 853 2613 operis
875 2574 906 2606 δι

36 2617 153 2652 operam
165 2632 176 2648 ‚
199 2611 248 2642 bis
259 2621 319 2644 una
337 2614 367 2645 ὅ(
384 2613 537 2645 continua
556 2613 702 2645 oratione
719 2615 902 2655 repetitum.

35 2651 141 2684 Satius
155 2659 281 2691 putem,
304 2652 397 2686 semel
413 2661 527 2696 operam
541 2654 668 2694 ludere,
694 2655 724 2688 ἃ
739 2656 819 2687 hanc
836 2657 902 2703 cul-

36 2701 109 2734 pam
132 2691 277 2725 Librario
293 2718 302 2733 ‚
335 2696 415 2727 male
434 2697 564 2729 eandem
585 2705 700 2729 vocem
716 2705 874 2744 repetenti
890 2721 901 2737 ,

36 2733 232 2772 adscribere3
257 2743 350 2776 atque
367 2737 411 2769 ita
425 2738 456 2770 in
476 2736 640 2780 Campensi
658 2738 730 2771 MS.
759 2739 875 2780 legitur
889 2763 899 2778 ,

37 2777 88 2816 qui
104 2773 140 2809 {5⁹
156 2776 189 2805 in
207 2777 315 2807 coeteris
334 2782 445 2816 operam
456 2778 614 2819 sapientiae
638 2781 765 2812 dederat.
810 2780 913 2813 Now·

35 2815 116 2848 nulli
134 2815 280 2848 Editores
298 2817 330 2849 id
346 2817 466 2860 sequuti
484 2820 574 2860 sunt,
599 2822 694 2853 etiam
706 2820 902 2861 Haloander,

36 2857 91 2898 qui
119 2864 222 2888 tamen
247 2866 286 2888 eo
309 2868 374 2891 non
399 2869 568 2894 contentus
592 2872 651 2904 pro
671 2865 720 2905 qui
739 2863 775 2899 δ’
791 2867 902 2896 caeterz's

38 2898 190 2936 exhibet,
220 2899 292 2939 quod
313 2905 374 2939 prae
394 2904 510 2934 cateris.
555 2904 736 2937 Bachovius
751 2906 813 2938 hoc
830 2916 901 2947 pro-

35 2941 111 2978 bat,
131 2947 212 2980 eg0‚
237 2939 290 2971 ubi
307 2940 405 2980 maior
423 2944 505 2974 ratio
524 2954 588 2978 non
609 2945 676 2986 est,
696 2956 761 2979 non
776 2957 900 2989 pi·ooo;

35 2981 88 3013 scd
104 2980 207 3011 minus
231 2980 333 3012 adhuc
355 2983 572 3025 probaverim,
603 2988 687 3028 quod
701 2988 836 3021 Budaeus
859 2990 900 3022 le-

35 3023 83 3064 git
94 3044 104 3060 ,
123 3027 156 3053 ut
171 3022 220 3062 qui
238 3023 346 3054 caeteris
363 3026 550 3064 temporibus,
569 3029 621 3060 vel
636 3029 721 3070 quod
736 3029 898 3070 Muretus,

35 3065 104 3096 auia
131 3064 258 3102 exceptis
282 3065 400 3104 operi53
433 3064 503 3097 sunt
523 3067 591 3100 haec
619 3078 775 3110 portenta.
822 3071 899 3104 Non

33 3099 246 3137 damnaverim
265 3111 368 3137 tamen
381 3106 512 3147 fimplex
528 3110 595 3148 quia
608 3119 667 3151 pro
676 3113 725 3152 qui
732 3112 809 3150 ,nisi
821 3122 898 3154 prae-

32 3146 171 3179 feramus
187 3154 242 3186 qua
251 3155 264 3182 ,-
283 3145 498 3179 duriusculum
514 3152 557 3179 eit
574 3150 653 3183 illud
669 3154 737 3193 qui,
760 3161 899 3187 attamen

34 3188 154 3229 poterit
169 3186 317 3226 retineri,
340 3187 362 3220 fi
379 3189 449 3230 quis
471 3190 602 3222 omnino
616 3191 660 3223 ita
677 3194 767 3225 velit.
813 3195 899 3227 Inter

38 3229 192 3261 variantes
205 3227 357 3262 lectiones
373 3229 465 3271 hujus
480 3230 546 3263 loci
565 3239 623 3273 pro
634 3231 749 3274 fiducia
763 3235 900 3271 doctrine

979 241 1048 275 tus,
1068 235 1121 268 sed
1139 239 1169 271 ὅ(
1188 239 1259 272 liaec
1274 243 1444 283 rejicienda
1463 246 1546 279 sunt.
1627 252 1678 284 uid
1701 252 1757 284 fibi
1774 252 1855 284 velit

978 276 1177 320 Pomponius
1191 305 1202 322 ,
1233 281 1307 316 satis
1329 293 1438 326 aperte
1461 287 1613 329 fignificat
1632 314 1642 330 ,
1672 293 1855 326 Labeonem

977 328 1050 351 nem
1074 329 1093 351 e
1108 321 1205 355 etiam
1225 324 1315 364 aliis,
1336 335 1452 367 praeter
1468 328 1770 374 jurisprudentiam,
1794 335 1854 367 Di-

935 368 944 378 ·
977 359 1044 402 scip
1060 361 1119 394 inis
1134 362 1228 397 fuisse
1242 366 1420 410 eruditum,
1443 370 1473 403 ὃς
1492 370 1552 403 hac
1566 381 1693 415 quoque
1705 383 1772 407 arte
1782 377 1851 418 plu-

976 403 1056 435 rima
1073 403 1246 440 innovass'e.

1019 444 1182 480 Caeterum
1201 457 1318 490 praeter
1330 450 1514 495 Labeones,
1546 464 1668 497 patrem
1685 459 1715 491 δε
1731 459 1831 492 filium
1842 483 1853 499 ‚

975 489 1086 520 ambos
1115 487 1216 528 JCtos
1230 513 1242 530 ,
1277 502 1414 534 quorum
1435 497 1581 530 meminit
1600 499 1797 542 Pomponius
1821 502 1853 534 in

974 526 1002 568 §.
1026 538 1079 570 44.
1108 532 1138 561 <Sc
1167 531 1196 563 h.
1225 533 1255 574 ᾗ.
1275 544 1326 575 47.
1357 535 1536 577 persuasum
1567 540 1646 573 milii
1667 541 1734 582 est,
1757 542 1852 575 fuiss‘e

973 570 1004 600 &
1028 570 1125 603 alium
1149 571 1354 616 Labeonem,
1404 586 1458 611 uta
1487 579 1619 614 Theolo
1644 594 1705 616 um.
1753 584 1852 617 Certe

972 609 1145 652 Labeonis,
1163 623 1275 657 quein,
1300 626 1336 650 ut
1359 587 1591 663 lpheologurn,
1635 620 1785 666 esciribit,
1807 626 1852 658 di.

971 650 1054 684 serta
1085 657 1208 687 mentio
1236 660 1281 690 eil
1311 661 1393 701 apud
1421 662 1633 704 Augustinum
1655 669 1690 699 cle
1716 669 1849 700 civitate

972 692 1034 726 Dei
1068 695 1108 727 L.
1132 695 1173 729 ΙΙ.
1204 709 1228 731 c.
1264 709 1313 733 11.
1360 702 1468 745 Atque
1498 705 1573 738 liuic
1595 707 1772 752 Tlieologo
1797 711 1851 742 triv

972 734 1114 777 buerim,
1137 741 1223 779 quod
1243 741 1435 778 Scholiastes
1456 746 1522 788 Vii·⁸
1538 748 1607 787 ilii,
1641 752 1696 793 qui
1720 753 1850 785 Servius

969 777 1112 817 dicitur,
1134 780 1172 812 ad
1198 782 1322 817 AEneid.
1345 785 1387 818 L.
1411 787 1435 819 Ι.
1459 789 1492 819 in
1513 757 1650 824 issuldens.
1669 799 1701 834 p.
1714 797 1766 836 36.
1792 793 1852 826 La-

972 819 1105 852 beonem
1126 821 1225 855 refert
1248 825 1406 858 tradidiffe
1436 829 1476 860 de
1506 829 1579 864 Diis
1599 833 1769 868 Penatibus
1794 835 1849 867 ΖΕ·

969 870 1056 900 neae,
1079 861 1235 909 Neptuno
1260 868 1290 899 ὃ(
1314 867 1477 909 Apolline.
1521 872 1610 906 Huic
1635 877 1688 918 ipsi
1711 878 1850 910 tribuen-

969 902 1027 934 dos
1050 904 1229 938 existimem
1252 908 1334 941 duos
1362 911 1442 944 alios
1472 913 1583 955 locos,
1631 927 1742 950 uorum
1767 921 1847 951 alter

969 943 1015 975 est
1047 946 1129 987 apud
1157 949 1291 981 eundem
1321 951 1517 987 Scholiasten
1541 958 1574 989 de
1633 961 1670 991 iis
1693 960 1845 993 Animam

969 987 1042 1025 bus,
1063 988 1144 1020 alter
1167 990 1248 1030 apud
1270 991 1476 1034 Fulgentiurn
1497 999 1531 1029 de
1555 1000 1735 1042 Disciplinis
1758 1003 1847 1035 Etru-

959 1027 1033 1068 scis.
1058 1029 1201 1071 Uterque
1223 1033 1316 1065 locus
1339 1045 1532 1070 memoratus
1557 1040 1601 1072 est
1621 1043 1776 1086 Menagio
1801 1045 1847 1077 A-

969 1071 1079 1102 moenit.
1104 1071 1270 1118 JunCiv.
1299 1075 1331 1106 C.
1354 1075 1436 1110 XX.
1459 1078 1528 1120 sed,
1554 1089 1589 1113 ut
1611 1084 1755 1126 videtur,
1779 1096 1847 1128 pera

968 1119 1072 1151 peram
1095 1111 1271 1155 adscriptus
1291 1114 1433 1150 Labeoni
1453 1119 1557 1161 JCto,
1579 1132 1673 1165 quem
1691 1126 1756 1168 ipse
1773 1137 1846 1160 cum

969 1152 1143 1196 'l'lieologo
1161 1155 1353 1198 confundit,
1377 1162 1752 1201 quemadmodum&hos
1770 1179 1846 1201 cone

965 1192 1051 1226 fudit
1071 1198 1261 1230 bertrandus
1281 1199 1313 1231 in
1335 1201 1481 1235 Labeone.
1517 1204 1676 1240 Labeonis
1699 1208 1845 1242 Theolo‘

965 1237 996 1277 gi
1019 1246 1148 1279 quoque
1169 1239 1231 1271 else
1254 1240 1405 1284 videtur,
1431 1246 1517 1286 quod
1540 1247 1649 1282 Festus
1672 1259 1713 1282 ex
1736 1262 1777 1283 eo
1799 1261 1845 1284 re=

964 1279 1044 1309 citat
1068 1280 1099 1311 in
1122 1280 1160 1312 V.
1185 1281 1269 1313 Nam
1293 1286 1377 1329 odor,
1403 1286 1443 1318 V.
1464 1288 1609 1331 Penatis,
1631 1291 1671 1324 V.
1697 1292 1843 1332 Prosiinu-

962 1320 1059 1360 rium,
1085 1322 1114 1353 <Si
1139 1322 1178 1353 V.
1204 1324 1340 1367 remzffio,
1365 1330 1509 1369 quamvis
1533 1339 1638 1367 tamen
1661 1333 1694 1367 id
1712 1335 1846 1378 praeci'se

963 1370 1028 1394 non
1051 1372 1188 1404 urgeam.

988 1403 1099 1450 ·Atejo
1120 1406 1256 1453 Capitoni
1272 1408 1437 1453 Maffurius
1459 1416 1586 1449 Sabinus
1591 1417 1738 1462 succeffit.
1760 1419 1845 1452 Sci-12

964 1444 1050 1477 bitur
1083 1448 1113 1479 ὅ(
1140 1448 1294 1490 Masurius
1324 1463 1399 1487 cum
1428 1454 1560 1499 simplici
1587 1461 1621 1493 S.
1641 1463 1738 1494 etiam
1761 1462 1845 1503 apud

964 1486 1102 1520 Persium
1127 1490 1192 1522 Sat.
1216 1491 1256 1524 V.
1277 1495 1350 1537 vers
1376 1506 1426 1534 90.
1453 1508 1640 1542 quamquam
1658 1502 1721 1534 hoc
1737 1512 1843 1535 metro

963 1528 1029 1561 dari
1049 1529 1162 1572 poss'et.
1187 1533 1247 1565 Sed
1266 1536 1297 1567 dc
1314 1541 1474 1573 Μασέενῶ·
1490 1541 1535 1573 est
1553 1543 1635 1584 apud
1652 1543 1843 1578 Athenaeum

963 1570 1005 1602 L.
1017 1571 1109 1604 XIV.
1138 1574 1170 1606 C.
1181 1580 1213 1615 5.
1238 1576 1268 1609 ὅ(
1292 1579 1376 1619 apud
1398 1580 1568 1617 Arrianurn
1592 1585 1693 1627 Epio.
1719 1585 1762 1618 L.
1782 1586 1840 1619 IV.

963 1612 995 1645 C.
1020 1624 1051 1655 3.
1074 1615 1107 1645 in
1126 1614 1183 1655 fin.

1004 1656 1112 1701 Adbuc
1144 1668 1192 1690 eas
1215 1660 1396 1702 diffinswnes
1425 1673 1582 1701 auxerunt.
1632 1668 1746 1702 Sensus
1778 1670 1842 1702 erit

960 1696 1084 1738 planior
1112 1698 1140 1730 ἃ
1168 1701 1314 1743 plenior,
1339 1705 1382 1744 fi,
1408 1716 1443 1738 ut
1460 1707 1505 1740 est
1524 1709 1556 1741 in
1572 1710 1717 1752 plurimis
1737 1711 1839 1744 Editt.

961 1739 992 1771 &
1012 1739 1136 1772 duobus
1153 1741 1247 1775 MSS.
1274 1746 1371 1787 meis,
1384 1755 1419 1780 ut
1438 1750 1467 1781 ἃ
1482 1749 1664 1794 Campensi,
1685 1753 1837 1794 legamus,

959 1789 1009 1821 qui
1028 1782 1121 1813 adbuc
1131 1805 1143 1822 ‚
1166 1786 1196 1817 <Sc
1216 1786 1347 1828 reliqua.
1394 1790 1469 1823 Sine
1488 1794 1638 1835 exemplo
1650 1803 1754 1828 tamen
1771 1805 1837 1829 non

961 1822 1032 1854 sunt
1046 1823 1201 1863 ejusmodi
1219 1827 1361 1871 abruptae
1380 1831 1573 1867 locutiones.

1001 1864 1124 1908 Publice
1148 1869 1262 1908 primus
1275 1871 1417 1913 scripsit5
1446 1874 1600 1918 posteaque
1615 1877 1665 1908 hoc
1687 1880 1772 1920 coepit
1791 1880 1835 1911 be-¹

959 1907 1096 1946 neficium
1111 1909 1178 1940 dari
1195 1920 1215 1941 a
1237 1911 1353 1944 Tiberio
1376 1914 1492 1957 CoeJare.
1515 1918 1565 1949 hoc
1588 1925 1685 1951 tamen
1710 1921 1759 1951 illi
1768 1931 1834 1951 con·

959 1947 1061 1990 ceffum
1075 1955 1150 1982 erat.
1195 1951 1232 1983 In
1247 1953 1330 1985 liunc
1349 1955 1457 1989 locum
1475 1959 1610 1992 Budaeus
1632 1961 1835 2002 primumim-

956 1998 1067 2031 petum
1088 1989 1169 2023 fecit
1180 2015 1191 2031 ‚
1217 1992 1389 2028 secundum
1408 1999 1438 2030 <Sc
1457 2001 1588 2032 tertium
1605 2002 1712 2034 Zafius
1731 2003 1836 2036 &Co-

956 2030 1059 2063 ratius.
1106 2033 1167 2065 Sed
1177 2035 1258 2068 nihil
1274 2046 1340 2069 erat
1356 2037 1597 2081 solicitandum,
1623 2044 1837 2086 omniapisce

957 2071 1078 2105 saniora
1094 2073 1186 2115 sunt,
1207 2078 1309 2110 nolim
1326 2079 1445 2122 singula
1459 2082 1596 2123 referre,
1620 2094 1655 2116 ut
1676 2085 1832 2120 refellam.

957 2114 1080 2156 Scripsit
1096 2118 1192 2149 etiam
1207 2118 1287 2152 bene
1313 2121 1408 2154 habet
1426 2147 1437 2163 ‚
1459 2131 1524 2157 non
1539 2125 1702 2167 refiripfit‚
1727 2137 1834 2169 quamv

955 2156 1005 2188 vis
1025 2162 1055 2188 oc
1072 2157 1118 2189 ita
1132 2158 1169 2191 fit
1189 2160 1220 2192 in
1238 2161 1312 2195 MS.
1337 2173 1411 2196 meo
1428 2189 1438 2205 ,
1470 2169 1526 2199 abs
1551 2177 1590 2199 ue
1606 2167 1741 2209 Gloffis‚
1766 2180 1832 2204 non

953 2198 1099 2239 respondit
1117 2221 1130 2238 ,
1159 2204 1304 2242 quamvis
1327 2205 1358 2237 ἃς
1379 2215 1415 2238 ea
1443 2217 1512 2241 vox
1570 2209 1714 2242 lorentiae
1730 2212 1832 2245 addita

952 2239 1008 2280 sit,
1034 2249 1069 2273 ut
1087 2251 1128 2273 ex
1143 2252 1220 2276 nota
1236 2244 1393 2279 Taurellii
1404 2257 1554 2291 apparet,
1575 2249 1664 2283 forte
1683 2261 1724 2284 ex
1735 2252 1834 2286 Glos-

952 2280 983 2313 sa
1002 2282 1136 2324 alicujus
1159 2285 1364 2329 interpretis,
1387 2290 1509 2333 scripfic
1534 2292 1680 2331 scilicet,
1706 2293 1834 2336 respon-

951 2323 988 2355 fis
1011 2324 1106 2357 editis
1126 2349 1138 2365 ,
1169 2337 1240 2361 nam
1267 2339 1303 2361 ea
1326 2330 1365 2362 de
1390 2341 1425 2363 re
1440 2334 1553 2375 agitur.
1599 2333 1721 2366 Nescio
1740 2360 1750 2375 ‚
1771 2345 1829 2369 cur

950 2364 1179 2407 interpretibus
1188 2371 1343 2411 placuerit
1357 2372 1410 2404 hic
1435 2382 1499 2408 tam
1527 2374 1622 2407 anxie
1637 2376 1763 2418 tricari,
1789 2387 1829 2411 ne

951 2406 1085 2448 Cujacio
1103 2410 1230 2451 quidem
1245 2420 1394 2454 exceptO.

998 2447 1210 2492 lestabantur,
1233 2455 1283 2496 qui
1298 2455 1364 2486 illos
1381 2458 1577 2500 consulebant.
1624 2461 1674 2493 An
1683 2460 1822 2502 Judices,

949 2500 988 2522 an
1004 2500 1083 2522 vero
1099 2493 1207 2527 Partes
1231 2496 1424 2532 testabantur
1441 2500 1459 2533 ἱ)
1489 2501 1635 2535 alterutri
1655 2502 1726 2535 sane
1743 2503 1825 2544 juris

949 2532 1093 2565 auctores
1107 2535 1325 2570 consulebant.
1372 2539 1516 2583 Opinor,
1538 2545 1662 2583 neutri,
1684 2554 1755 2576 nam
1772 2546 1828 2586 Jw‘

949 2574 1054 2614 dices,
1070 2584 1111 2621 ‘ut
1129 2576 1168 2608 de
1183 2578 1257 2619 Jure
1274 2579 1386 2614 fierent
1403 2585 1577 2625 certiores,
1606 2596 1662 2618 eos
1678 2586 1804 2619 adibant
1811 2609 1824 2625 ‚

949 2617 979 2648 ἀ
1007 2619 1195 2651 teuirnoniis
1220 2621 1361 2655 Partium
1383 2634 1478 2657 nemo
1504 2634 1577 2659 tuto
1604 2628 1726 2660 fideret.
1772 2627 1822 2660 In-

949 2657 1061 2699 telligo
1082 2658 1146 2692 hoc
1170 2661 1451 2699 detestationibus
1480 2666 1620 2709 ipsorum
1638 2669 1791 2710 JCtorum
1808 2692 1820 2707 ,

948 2700 978 2731 ὅτ.
1001 2709 1170 2741 propterea
1188 2704 1261 2746 lego
1279 2727 1291 2744 ,
1323 2706 1506 2748 testabantur
1519 2732 1531 2748 ‚
1553 2710 1593 2741 de
1609 2710 1683 2750 Jure
1705 2710 1814 2742 videli-

945 2749 1018 2779 cet,
1041 2752 1107 2785 quos
1121 2745 1169 2776 illi
1188 2746 1393 2788 consulebant,
1413 2759 1478 2782 non
1504 2752 1553 2792 qui
1580 2752 1655 2784 illos.
1700 2751 1818 2784 Praeter

946 2792 1042 2816 unum
1060 2784 1228 2820 Muretum
1257 2787 1310 2820 hic
1330 2789 1421 2822 filent
1449 2791 1660 2833 interpretes,
1685 2802 1765 2838 quos
1781 2803 1819 2840 *e*

944 2833 987 2865 go
1006 2826 1171 2867 consului,
1195 2827 1248 2861 sed
1265 2829 1400 2870 vellem,
1425 2832 1478 2863 vel
1493 2832 1596 2871 aliud,
1613 2842 1706 2873 quain
1720 2834 1817 2875 dixit,

944 2866 1072 2900 dixisset
1090 2868 1262 2909 Muretus,
1284 2871 1338 2902 vel
1354 2871 1421 2912 ipse
1438 2882 1566 2913 quoque
1582 2873 1719 2906 siluisset.

989 2908 1035 2941 Ut
1058 2910 1151 2952 major
1172 2910 1261 2952 Juris
1279 2911 1439 2944 austeritas
1448 2914 1613 2945 haberetur.
1659 2915 1694 2948 In
1713 2915 1812 2948 Libro

943 2958 1016 2981 meo
1034 2951 1106 2983 MS.
1129 2960 1223 2991 quem
1241 2953 1387 2993 proxime
1402 2954 1527 2986 laudavi
1540 2977 1552 2994 ,
1574 2961 1607 2986 ut
1624 2958 1742 3000 majoris
1760 2969 1810 2991 aa·

942 2990 1088 3023 &oritanis
1104 2992 1258 3024 baberetur
1301 2992 1353 3025 sed
1367 2994 1448 3026 nihil
1463 2996 1647 3029 mutandum
1666 2999 1720 3030 est.

987 3032 1060 3064 Viri
1079 3032 1226 3065 Praetorz'i.
1255 3017 1322 3066 Hic
1339 3035 1435 3067 etiam
1451 3038 1479 3066 τὶ
1497 3039 1606 3069 ἁκίνηπν
1628 3042 1739 3080 namq
1763 3052 1809 3073 re-

943 3073 992 3104 dte
1007 3073 1060 3103 alii
1078 3072 1287 3107 defenderunt
1303 3075 1384 3107 hanc
1400 3075 1587 3119 scripturam
1606 3089 1718 3114 contra
1734 3084 1811 3116 Μω-

942 3114 1003 3145 reti
1022 3113 1217 3154 Jurisperiti,
1241 3116 1271 3148 ὅς
1291 3115 1409 3150 Corafii
1426 3118 1499 3151 Viri
1514 3122 1616 3160 periti.

984 3154 1068 3186 Huic
1089 3155 1222 3198 succeffit
1245 3158 1342 3200 Gajus
1368 3158 1475 3201 Caffius
1491 3161 1656 3204 Longinus.
1702 3164 1820 3198 Masuz

941 3196 991 3228 rio
1018 3206 1144 3237 quoque
1174 3197 1309 3230 Caffiuni
1345 3200 1432 3232 addit
1461 3202 1611 3236 Arrianus
1652 3205 1751 3246 Epjti.
1783 3209 1809 3238 cl.

941 3238 984 3271 L.
1007 3237 1065 3271 IV.
1088 3239 1121 3271 C.
1142 3249 1173 3281 3.
1197 3241 1231 3273 in
1246 3239 1307 3282 fin.
1349 3241 1437 3276 Mox
1465 3244 1549 3277 liunc
1569 3245 1705 3279 Caffium
1729 3259 1812 3279 :cti-2

1775 3291 1815 3321 tl}
