2008 3436
388 105 787 144 CORNELII

152 196 331 233 subfisterc,
360 205 419 227 nec
440 195 532 226 ctiam
560 193 696 226 substitit
721 193 871 230 Senatus,
904 199 1014 222 omnes

153 239 271 278 quippe
290 238 472 274 Senatores,
498 246 561 268 uno
580 244 716 274 excepto
730 257 737 267 .
764 233 848 272 Cajae
871 232 1013 263 volunta-

154 288 217 309 tem
235 278 436 318 posteriorem
457 278 526 309 idco
545 277 698 308 habebant
713 284 769 314 pro
787 283 861 304 vera
881 274 910 304 ἃ
922 273 1014 304 finec-

155 330 206 358 ra,
230 320 313 360 quod
336 319 420 351 nulla
439 318 562 350 finisti-:e
578 315 777 358 persuasionis
805 314 937 354 suspicio
965 322 1013 343 ca-

156 361 242 392 deret
263 361 293 391 in
313 369 391 397 ⁴308,
417 360 447 392 in
465 369 596 400 quorum
612 358 741 399 gratiam
763 356 928 386 conditum
950 361 1016 384 erat

155 401 343 443 postremum
359 400 593 436 testamentum,
617 408 678 430 non
697 404 782 427 certe
802 398 832 427 in
859 395 1015 430 sororem,

157 453 228 474 narn
253 442 274 474 fi
293 443 360 474 liaec
382 442 522 483 improbe
541 438 727 481 persuafiffct
749 436 901 478 posterius
927 434 1017 466 testa-

157 493 322 522 mentum,
356 484 463 524 utique
491 480 681 522 persuaiillct
706 479 735 509 in
762 488 827 509 rem
852 477 954 513 suam,
988 476 1016 506 ἃ

159 525 256 566 probe
273 524 425 562 curasset,
450 531 485 553 ut
505 522 570 553 sola
596 521 782 553 scriberetur
803 520 909 554 lieres,
933 525 1017 547 nunc

158 575 261 598 autem
276 566 315 596 ad
334 565 484 597 summum
501 562 669 594 Falcidiam
686 560 819 591 habebat
833 560 958 591 salvam.
984 556 1017 587 ld

158 606 260 648 ipsum
283 607 356 638 dico
379 607 418 637 dc
443 605 571 644 reliquis
593 601 768 643 legatariis,
791 608 907 642 praeter
931 598 1019 630 niari-

159 654 248 685 tum,
271 656 371 687 neque
389 647 472 677 enim
491 646 609 684 fingere
632 644 724 681 licet,
747 651 856 673 omnes
882 640 955 672 illos
979 640 1021 670 le-

161 690 297 729 gatarios
314 688 464 728 improba:
481 685 664 725 persuasioni
677 692 802 724 operam
820 680 953 714 navass'e.
980 680 1022 711 Et

159 730 234 773 quid
254 729 393 760 dicemus
413 728 453 758 de
479 728 589 768 legatis
613 727 649 757 ad
670 726 740 766 pios
770 722 867 755 usus}>
890 732 928 754 an
955 721 1022 752 liztc

161 771 256 802 etiam
273 769 405 801 extorsit
422 768 557 809 ipsorum
576 776 766 808 pauperum,
789 772 942 796 eorumve
961 762 1023 793 Cu-

159 820 300 843 ratorum
321 810 437 842 sinistra
453 809 632 850 persuasio?
656 814 863 848 cave,putes.
890 804 938 836 Ad
955 803 1024 834 haec

157 852 401 893 proferebantur
422 851 505 881 varia
535 850 730 885 testimonia,
762 857 802 878 ex
822 846 934 886 quibus
960 844 1023 874 effi-

160 894 321 933 ciebatur,
347 892 473 932 Cajtim,
501 891 570 933 post
589 892 674 932 prius
697 889 916 920 testamentum
931 910 940 924 ,
965 884 1024 916 Ca-

162 934 222 974 jain
245 944 306 965 nou
322 933 434 974 asperis
449 934 545 965 modo
559 932 681 970 verbis,
703 930 753 962 sed
772 930 801 961 ὃς
819 929 899 969 saepe
917 928 1026 957 verbe-

162 975 249 1007 ribus
266 974 456 1008 auinontiiss‘e
472 997 484 1014 ,
508 976 561 1016 qui
577 974 688 1006 modus
704 982 768 1004 non
788 969 868 1002 solet
887 976 1027 1001 numera-

749 1060 1023 1098 CAPU

154 122 222 155 390
860 114 920 140 VA
945 113 970 139 N

1046 99 1647 137 BYNKERSHOEK

1057 189 1083 220 ri
1105 189 1185 220 inter
1204 198 1277 226 eos,
1300 186 1412 229 quibus
1432 186 1656 218 benevolentia
1672 186 1833 219 retinetur.
1857 189 1917 221 Sed

1057 230 1128 270 quia
1148 230 1214 261 haec
1232 228 1322 260 causa
1340 236 1406 258 erat
1424 236 1566 268 perorata
1584 227 1613 258 in
1632 227 1786 260 auditorio
1805 230 1914 269 majori

1058 272 1204 309 Senatus,
1231 269 1416 302 testimoniis
1434 268 1496 299 illis
1510 268 1587 299 nihil
1611 269 1762 300 tributum
1780 268 1843 307 est,
1858 280 1915 303 nce

1061 312 1154 342 tribui
1176 320 1320 352 poterat,
1344 320 1415 341 cum
1433 310 1470 341 lis
1490 318 1550 339 non
1569 309 1643 339 ess'et
1665 310 1784 341 redacta
1802 310 1834 341 in
1845 309 1915 343 smi-

1060 352 1141 393 ptis‚
1166 362 1224 383 nec
1242 351 1335 383 testes
1363 351 1458 382 auditi
1482 352 1512 380 in
1528 350 1647 390 forma,
1674 360 1706 380 ut
1727 351 1831 390 ajunt,
1850 358 1914 392 pro·

1061 394 1153 424 banci.
1179 393 1222 424 Ut
1238 394 1269 424 id
1286 393 1393 430 fieret,
1416 393 1547 423 Senatus
1564 392 1688 431 putavit
1706 401 1769 423 non
1785 391 1846 423 esse
1863 402 1914 424 ne-

1062 433 1244 472 cessarium,
1275 442 1378 470 ratus,
1400 442 1440 464 ex
1465 432 1539 463 solis
1567 431 1773 471 testamentis,
1806 439 1835 464 ot
1860 434 1916 472 iis,

1061 485 1137 514 quas
1158 475 1311 511 recitavi,
1342 473 1636 514 praesumptionibus
1662 473 1782 506 causam
1807 482 1918 507 contra

1061 515 1313 597 Czijtini(tle)finii·i
1331 514 1415 555 poss‘e
1428 538 1438 554 ,
1462 522 1498 546 ut
1520 515 1614 546 etiam
1630 513 1774 545 definivit
1794 515 1917 556 30.Ju1.

1065 567 1099 597 17
1124 567 1155 596 5.
1198 566 1217 595 5
1241 580 1247 586 .

1116 598 1279 643 {ishquae
1295 598 1334 629 de
1354 597 1497 630 Clausula
1516 596 1713 637 derogatoria
1732 596 1810 628 dicta
1828 597 1858 630 δε
1874 597 1918 638 ju-

1062 639 1165 670 dicata
1183 640 1268 677 lunt,
1293 639 1353 670 rite
1367 639 1518 676 excuffis,
1540 637 1627 669 forte
1645 647 1706 669 non
1723 638 1837 670 alienus
1861 639 1919 671 eris

1063 691 1080 712 a
1099 680 1270 717 sententia,
1294 689 1384 720 quam
1399 680 1460 719 jam
1483 679 1605 717 extuli,
1627 679 1794 719 optandum
1812 689 1879 711 nem
1892 689 1922 712 ie

1065 721 1126 752 effe
1140 743 1150 758 ,
1174 729 1210 752 ut
1226 720 1379 762 Principis
1394 720 1580 752 auctoritate
1599 720 1701 751 omnis
1723 721 1768 751 vis
1794 719 1869 752 Clau
1888 732 1918 753 u-

1066 763 1103 794 1ae
1122 762 1329 803 derogatoriae
1346 762 1543 799 aboleretur,
1568 761 1621 792 nifi
1633 784 1642 799 ,
1654 761 1703 801 qui
1724 770 1758 792 ea
1773 760 1803 794 se
1817 762 1922 794 desen-

1065 804 1112 835 dit
1127 828 1134 838 ,
1157 804 1319 843 probaret,
1345 802 1528 843 praesentem
1546 811 1663 833 metum
1676 825 1687 841 ,
1710 802 1838 833 aliamve
1853 813 1922 835 cau-

1069 845 1131 876 sam
1151 845 1302 876 sontitain
1323 845 1350 875 ei
1368 843 1488 875 causam
1505 842 1684 880 dediffe,ut
1700 853 1758 873 ein*
1779 843 1808 874 in
1822 843 1922 884 facto,

1068 886 1151 926 quod
1172 885 1418 916 commcmoraxi
1437 886 1485 915 hoc
1505 886 1575 925 Cap.
1599 884 1641 925 ‘qli
1669 885 1724 915 Sed
1739 884 1818 923 noli,
1839 893 1921 916 cete-

1070 928 1181 968 roquin
1204 927 1382 968 simpliciter
1407 926 1613 964 statueretur,
1635 925 1815 966 posterioris
1836 924 1924 958 testa-

1070 969 1169 1000 menti
1190 967 1309 1010 semper
1328 968 1485 1008 potiorem
1503 966 1563 999 ess'e
1580 965 1713 998 causam.

1075 1060 1110 1094 T
1209 1060 1382 1096 VIII.

647 1134 700 1169 De
726 1132 799 1175 his,
833 1130 885 1175 qm·
904 1127 971 1172 fibi
997 1127 1179 1176 adscribunt
1205 1130 1238 1164 in
1263 1127 1463 1175 testamento.

234 1235 278 1267 ibi
297 1243 389 1275 quem
409 1234 439 1266 in
458 1232 643 1265 testamento
661 1230 736 1270 quid
755 1228 928 1260 adscribere
946 1226 1031 1267 pessi-

168 1295 185 1315 ι
246 1276 290 1309 mi
305 1276 441 1316 exempli
469 1284 515 1306 res
538 1273 603 1311 est;
626 1272 704 1302 adeo
728 1271 757 1301 id
780 1268 940 1309 displicuit
961 1268 1032 1307 jure

166 1320 330 1354 Romam,
363 1325 396 1347 ut
414 1325 478 1346 non
499 1323 619 1345 tantum
644 1312 696 1343 fibi
718 1310 873 1350 adscripta
889 1318 946 1349 pro
970 1317 1031 1340 non

166 1359 292 1400 scriptis
312 1358 505 1393 habeantur,
529 1354 580 1386 sed
599 1354 628 1385 &
646 1353 687 1390 is,
712 1352 765 1392 qui
781 1351 836 1383 fibi
854 1349 1034 1390 adscripsit,

167 1411 206 1433 ex
223 1399 310 1431 SCto
327 1397 507 1428 Liboniano
525 1395 642 1427 incidat
661 1394 693 1425 in
712 1402 838 1434 poenam
855 1391 933 1423 falfi.
974 1390 1031 1430 lpfi

164 1442 286 1475 scilicet
304 1439 484 1474 testatores,
509 1436 711 1477 simpliciores
726 1443 813 1465 certe
825 1457 834 1472 ,
855 1431 1031 1476 testamenti

166 1482 210 1515 sui
234 1480 356 1512 faciunt
380 1480 563 1517 minimum,
593 1476 709 1509 astutus
731 1476 760 1507 ἃ
784 1475 902 1516 peritus
931 1472 1033 1504 scriba

168 1523 248 1557 facit
264 1522 453 1559 maximum,
478 1529 564 1552 tanta
579 1520 626 1550 vis
649 1517 694 1549 est
717 1516 851 1553 calami,
875 1524 968 1556 quem
989 1522 1033 1545 re-

168 1565 216 1607 git
239 1563 331 1595 dotta
356 1572 484 1600 manus,
506 1571 594 1602 quae.
621 1559 643 1592 fi
667 1558 755 1590 simul
775 1558 812 1589 fit
831 1555 994 1597 improba,
1019 1564 1035 1585 a

169 1606 248 1638 dolo
265 1605 293 1635 ἃ
311 1603 352 1635 fal
360 1603 391 1634 so
410 1604 518 1644 ingens
536 1611 647 1634 metus.
691 1599 767 1631 Non
786 1608 893 1630 omnes
909 1606 1035 1634 autem,

170 1647 224 1690 qui
243 1645 298 1678 fibi
315 1644 511 1680 adscribunt,
536 1644 566 1675 in
582 1651 705 1684 poenam
722 1640 789 1672 falfi
812 1639 970 1677 incidere,
986 1646 1035 1668 res

172 1686 291 1729 oppido
311 1693 398 1717 certa
412 1685 467 1718 est.
503 1686 534 1718 Si
558 1684 680 1722 servus,
704 1681 869 1714 mandante
884 1680 1034 1716 domin0‚

172 1730 226 1764 fibi
255 1728 432 1759 libertatem
459 1725 672 1768 adscripserit,
703 1723 824 1755 inutilis
849 1721 975 1763 quidem
994 1719 1037 1752 est

174 1769 364 1810 adscriptio,
392 1768 443 1800 sed
461 1768 586 1806 servus,
611 1767 697 1806 cujus
713 1765 759 1796 est
777 1764 897 1796 domini
917 1763 960 1794 sui
977 1760 1037 1802 jus-

174 1812 207 1845 sa
230 1810 385 1851 capessere
398 1834 407 1849 ,
432 1819 449 1841 a
464 1819 557 1851 poena
576 1808 644 1841 falfi
661 1805 825 1849 excusatur
842 1806 863 1837 l.
883 1805 938 1836 ult.
955 1804 988 1835 C.
1005 1803 1039 1833 de

177 1854 240 1886 His
255 1854 302 1893 qui
314 1851 371 1891 fibi
388 1851 512 1892 adscrib.
529 1853 562 1882 in
580 1848 692 1891 testam.
736 1846 912 1879 Excusatur
928 1846 959 1878 ὅ(
984 1844 1039 1876 mi-

177 1896 223 1928 les
238 1894 259 1925 b.
277 1903 306 1934 5.
319 1894 351 1925 C.
374 1893 447 1924 Eod.
472 1894 543 1934 quia
558 1892 696 1923 creditur
707 1890 807 1932 ⁴magis
825 1898 917 1920 errore
929 1912 937 1924 ‚
955 1896 1041 1928 quam

180 1936 298 1968 malitia
315 1934 444 1975 incidiffe
468 1936 500 1966 in
518 1935 612 1976 legem
631 1931 802 1964 Corneliam.
848 1929 891 1961 Et
917 1936 1040 1970 genera-

176 1978 250 2010 liter
269 1977 464 2017 putaverim,
487 1974 654 2017 nequidem
668 1972 740 2011 Jure
756 1972 899 2004 Romano
918 1978 1042 2011 poenam

178 2017 245 2050 falfi
263 2016 454 2056 obtinuisse,
478 2017 531 2049 ubi
557 2016 620 2048 sola
639 2013 684 2046 est
700 2012 904 2053 subscriptio,
928 2010 980 2042 sed
996 2009 1041 2041 fa-

179 2059 230 2091 Cta
249 2058 363 2099 absque
388 2059 453 2090 ullo
474 2059 550 2091 dolo
576 2057 670 2088 malo.
716 2056 747 2087 Si
767 2055 860 2085 dolus
886 2052 1041 2096 adfuerit,

179 2109 215 2133 ut
240 2099 262 2131 fi
288 2099 418 2131 testator
437 2101 539 2131 minus
559 2098 697 2135 dixerit,
721 2098 751 2127 ὅ(
770 2095 869 2129 scriba
893 2095 963 2134 plus
987 2092 1041 2124 fibi

180 2140 394 2181 adscripserit,
427 2141 469 2171 ob
491 2139 689 2172 commissum
710 2136 821 2169 falsum
847 2135 934 2167 SCto
957 2135 1045 2165 locus

181 2190 254 2214 erit.
276 2183 374 2218 Sunt,
397 2181 451 2221 qui
467 2180 606 2212 scribunt
620 2179 679 2220 (1)
695 2178 835 2209 moribus
848 2185 972 2217 poenam
987 2174 1044 2206 fal-

181 2223 205 2256 fi
228 2221 421 2264 exolevisse,
444 2221 620 2260 adsentior,
645 2220 666 2252 fi
681 2218 791 2251 falsum
816 2227 880 2249 non
900 2217 937 2249 fit
959 2226 1045 2248 com-

183 2264 330 2302 missum,
362 2262 385 2295 fi
407 2262 464 2302 fit,
489 2263 552 2295 fine
578 2263 701 2294 ratione
718 2261 748 2292 &
776 2259 963 2291 auctoritate
988 2267 1048 2299 ego

183 2315 250 2338 non
269 2305 364 2336 aufim
385 2304 468 2345 leges
493 2304 652 2345 abrogare.

230 2346 341 2388 Quaeri
361 2354 465 2377 tamen
483 2345 598 2384 video,
621 2355 659 2376 an
676 2353 738 2375 non
755 2342 848 2375 hodie
866 2341 1049 2382 simpliciter

185 2388 333 2425 valeant,
354 2396 425 2427 quaa
444 2387 511 2427 quis
528 2386 580 2418 fibi
598 2385 776 2426 adscripsit,
801 2384 974 2424 abrogato,
994 2383 1050 2413 hac

184 2436 292 2472 parte,
314 2428 399 2459 omni
417 2427 490 2467 Jure
507 2427 678 2460 Romano?
711 2427 753 2458 Et
768 2426 901 2457 relatum
918 2423 1049 2464 est(2),

187 2471 230 2504 fic
252 2467 400 2510 J'udicasse
419 2468 546 2501 Curiam
570 2467 749 2500 Hollandice
773 2477 821 2507 27.
846 2466 912 2506 jan.
941 2466 971 2498 δι
994 2466 1050 2496 ite-

188 2521 259 2544 rum
276 2521 307 2552 3.
327 2509 403 2551 Apr.
435 2513 526 2550 1648.
550 2510 580 2542 &
603 2510 751 2542 Senatum
775 2508 997 2540 brabantinum
1020 2511 1050 2540 8.

186 2553 287 2585 Mart.
311 2555 400 2590 1641.
448 2551 608 2592 Atqueita
624 2559 749 2591 quoque
768 2549 796 2581 in
817 2547 926 2588 causa,
949 2548 1001 2581 ubi
1012 2547 1051 2578 dc

189 2600 303 2625 mutuo
329 2591 507 2633 Conjugurn
533 2591 720 2623 testamento
744 2591 920 2632 agebatur,
953 2590 1051 2621 nubes

188 2633 460 2674 Pragmaticorum
475 2633 592 2672 dejure
612 2632 771 2672 respondit
793 2641 840 2672 13.
858 2631 942 2670 Sept.
960 2634 1048 2671 1655.

189 2675 250 2717 (3)
272 2672 356 2706 Alibi
375 2673 504 2704 relatum
523 2673 568 2704 est
593 2672 670 2713 (4),
695 2673 842 2704 Senatum
865 2672 1050 2712 Supremum

191 2720 240 2749 16.
260 2716 326 2757 Jan.
355 2717 444 2754 1664.
468 2713 615 2754 judicasse
632 2723 689 2754 pro
706 2722 768 2744 non
789 2712 910 2752 scriptis
936 2711 1050 2743 haben-

187 2758 245 2796 da,
276 2765 345 2798 quae
370 2756 439 2796 quis
464 2755 517 2787 sibi
539 2753 714 2795 adscripsit,
749 2754 778 2784 o‘t
805 2753 900 2794 ipsam
926 2762 1052 2793 quoquc

189 2798 318 2831 Curiam
335 2796 516 2828 Hollandiae
543 2805 589 2828 10.
608 2796 694 2835 Sept.
716 2797 806 2826 1666.
829 2793 867 2824 ad
882 2793 1051 2833 delegatio-

190 2849 262 2872 nem
284 2838 440 2870 Ordinum
468 2835 667 2868 Generalium
681 2860 690 2875 ,
721 2835 907 2867 confirmata
924 2835 1054 2866 Senatus

191 2879 348 2912 Flandrici
367 2878 531 2910 sententia.
578 2877 679 2918 Atque
696 2877 744 2913 ita¹
764 2884 890 2917 quoque
903 2875 961 2906 alia
983 2875 1052 2905 Pra-

191 2921 402 2962 gmaticorum
427 2920 524 2951 nubes
550 2918 711 2960 respondit
740 2927 765 2949 1.
791 2925 822 2956 5.
850 2917 880 2948 ὅ(
902 2920 930 2950 8.
954 2916 1054 2948 Mart.

233 3042 293 3079 (5)
317 3041 428 3080 Oli-[nv.
451 3039 567 3070 Tumult.
593 3040 624 3069 T.
640 3041 719 3070 xm.
741 3050 768 3069 η.
786 3048 869 3074 29¹4·

234 3082 295 3117 (1)
318 3083 531 3116 Groenewegen
548 3080 578 3108 de
594 3080 656 3108 LL.
675 3081 776 3117 Abrog.
790 3079 824 3107 czd
843 3077 898 3106 Tit.
915 3075 944 3105 C.
957 3076 986 3105 de
1001 3076 1056 3105 His

187 3118 421 3196 ngsslzibzcgczis.
450 3117 475 3146 ἀ
493 3119 568 3165 Voest
590 3119 624 3146 tc!
643 3118 697 3147 Tit.
707 3117 747 3156 ff.
764 3118 794 3147 de
815 3117 871 3147 His
885 3125 937 3154 quae
951 3122 995 3153 pro
1007 3124 1056 3145 non

233 3193 293 3231 (ι)
314 3193 405 3231 Confil.
424 3165 460 3224 Ξῖ.
484 3194 555 3227 Tom.
570 3196 607 3226 11.
626 3194 719 3233 Confi!-
735 3203 761 3230 3.

1078 1231 1168 1268 1667.
1185 1226 1244 1266 (5)
1266 1224 1367 1256 rursus
1387 1225 1418 1255 in
1436 1224 1465 1255 s*
1487 1225 1535 1256 cie
1548 1226 1644 1257 mutui
1664 1225 1797 1258 duorum
1814 1225 1931 1267 Coniu-

1075 1278 1144 1309 guin
1168 1265 1355 1298 testamenti.
1402 1267 1440 1296 Se
1479 1267 1657 1306 priusquam
1679 1267 1754 1298 alias
1769 1268 1932 1299 auctori-:a-

1077 1319 1122 1341 tes
1143 1308 1250 1340 addam
1265 1330 1274 1345 ‚
1299 1307 1330 1338 dt
1347 1306 1420 1346 quid
1447 1307 1502 1337 usu
1531 1306 1673 1338 obtineat
1687 1329 1697 1344 ,
1719 1317 1813 1348 porro
1839 1317 1934 1349 expos

1075 1360 1167 1388 nam,
1191 1350 1222 1380 in
1243 1348 1425 1380 memoriam
1451 1349 1626 1379 revocanda
1650 1347 1719 1378 sunt
1735 1348 1798 1379 duo
1822 1358 1933 1388 genera

1075 1391 1355 1423 testamentorum.
1391 1397 1459 1427 quae
1494 1397 1565 1419 cum
1591 1390 1727 1420 maxime
1757 1390 1848 1420 ‘nodie
1874 1389 1935 1422 fre-

1075 1440 1286 1473 quentantur,
1310 1429 1442 1460 alterum
1458 1452 1467 1467 ,
1489 1429 1573 1471 quod
1591 1439 1606 1460 a
1623 1430 1749 1471 privato
1774 1428 1936 1470 scribitur,

1075 1475 1138 1508 five
1160 1474 1186 1504 is
1210 1472 1247 1504 fit
1268 1471 1330 1513 ipse
1356 1470 1503 1509 testator,
1529 1470 1592 1502 five
1616 1471 1695 1502 alius
1709 1474 1778 1511 quis
1802 1481 1842 1503 ex
1871 1472 1937 1512 ejus

1077 1515 1244 1552 mandam,
1267 1512 1433 1555 quodque,
1457 1522 1474 1543 a
1486 1511 1632 1543 testatore
1650 1511 1874 1554 subscriptum,
1888 1515 1933 1545 in—

1077 1557 1219 1589 volvitur
1237 1553 1540 1594 invo'luC1·o‚figillis
1553 1553 1706 1585 clauditur
1726 1554 1756 1586 δι
1775 1554 1936 1595 superscri-

1078 1599 1184 1636 bitur,
1214 1595 1342 1628 solemni
1367 1594 1523 1633 formula,
1555 1604 1572 1625 a
1599 1593 1728 1636 persona
1762 1596 1884 1636 publica
1907 1596 1938 1628 ἐξ

1077 1639 1200 1671 duobus
1212 1638 1249 1668 ad
1266 1637 1429 1668 minimum
1452 1634 1592 1668 testibus.
1617 1636 1757 1668 Alterum
1771 1646 1866 1678 genus
1876 1636 1938 1677 est,

1080 1681 1164 1722 quod
1189 1689 1230 1710 ex
1253 1687 1309 1710 ore
1335 1677 1492 1710 testatoris
1520 1685 1707 1718 exceptum,
1729 1687 1747 1708 a
1772 1679 1939 1711 tabellione

1081 1723 1132 1754 vel
1160 1720 1258 1754 scriba
1282 1720 1411 1761 publico
1440 1719 1471 1750 in
1496 1717 1678 1760 scripturam
1703 1718 1851 1761 redigitur
1868 1743 1878 1759 ,
1909 1719 1942 1752 ὀί

1081 1763 1237 1795 redaCtum
1265 1759 1405 1792 testatori
1431 1761 1631 1801 praelegitur.
1655 1759 1768 1798 cuique
1789 1761 1941 1800 testator,

1082 1805 1214 1836 tabellio
1233 1803 1285 1834 vel
1309 1801 1406 1833 scriba
1421 1824 1432 1841 ,
1462 1801 1492 1833 ὅτ.
1516 1802 1554 1833 ad
1577 1801 1739 1845 minimum
1761 1802 1825 1834 duo
1850 1801 1942 1834 testes

1081 1845 1290 1878 subscribunt.

1125 1887 1232 1919 Priora
1252 1884 1438 1918 testamenta
1453 1891 1606 1917 vocantur
1626 1886 1691 1917 clau
1704 1896 1741 1924 α,
1763 1885 1794 1917 &
1811 1895 1884 1917 cum
1900 1894 1941 1917 ex

1083 1928 1230 1961 mandato
1246 1926 1403 1958 testatoris
1415 1927 1523 1967 quiqui
1543 1927 1656 1966 privati
1671 1937 1707 1958 ea
1725 1926 1857 1958 scribere
1871 1924 1941 1967 pos-

1081 1971 1162 2009 sint,
1188 1970 1220 2001 in
1234 1969 1281 2001 his
1299 1977 1390 2008 quem
1411 1967 1584 1999 adscribere
1607 1969 1752 2009 exemplo
1770 1977 1862 2009 grave
1877 1965 1942 2005 est,

1085 2013 1115 2043 ἃ
1134 2010 1240 2042 eadem
1258 2009 1481 2050 prohibitionis
1503 2009 1603 2048 ratio,
1627 2019 1695 2050 quae
1713 2009 1781 2049 jure
1799 2009 1944 2041 Romano
1995 2034 1997 2036 .

1085 2053 1218 2084 valebat.
1268 2051 1332 2081 [mo
1356 2058 1419 2082 non
1436 2048 1500 2088 est,
1526 2051 1671 2090 inquiunt
1694 2050 1833 2082 nonnulli
1858 2048 1942 2082 Con-

1085 2094 1217 2126 sultores
1239 2091 1317 2133 (6),
1350 2093 1422 2132 quia
1442 2090 1504 2122 sola
1525 2090 1711 2132 subscriptio
1731 2090 1887 2123 testatoris
1907 2100 1942 2122 o-

1088 2144 1192 2167 mnem
1212 2133 1330 2165 fraudis
1347 2131 1552 2173 suspicionem
1573 2133 1733 2170 excludit,
1762 2133 1791 2165 δ(
1811 2132 1841 2164 in
1864 2132 1944 2164 hane

1089 2186 1154 2208 rem
1172 2185 1211 2206 ex
1228 2173 1295 2216 ipso
1312 2174 1383 2215 jure
1398 2174 1543 2205 Romano
1557 2174 1700 2207 adferunt
1718 2174 1737 2204 l.
1762 2183 1788 2205 1.
1808 2173 1836 2215 §.
1855 2178 1885 2208 8.
1901 2172 1943 2214 ff.

1090 2220 1123 2250 de
1144 2217 1185 2250 L.
1197 2216 1308 2248 Cornel.
1327 2217 1360 2247 de
1377 2215 1453 2256 Falsl
1472 2215 1522 2248 sed
1538 2225 1629 2256 quam
1639 2215 1760 2256 prolixe
1775 2214 1946 2253 falluntur,

1091 2260 1249 2299 intelliges
1266 2267 1306 2288 ex
1326 2257 1431 2288 verbis
1457 2257 1625 2288 Marciani.
1656 2254 1863 2296 Incerfilium,
1885 2255 1944 2294 ait,

1092 2301 1257 2342 &servum
1279 2298 1314 2334 ἐξ)
1340 2304 1527 2336 extranetmz,
1559 2296 1945 2339 testamentariascribentes,

1092 2344 1142 2373 hoc
1160 2338 1296 2381 interest,
1313 2341 1385 2381 quod
1399 2341 1432 2369 in
1449 2345 1584 2370 extraneo
1598 2337 1811 2379 ,Jispecicilicer
1826 2337 1945 2378 subscri-

1090 2385 1151 2424 ptio
1160 2382 1248 2422 facia
1265 2379 1325 2422 esi,
1340 2380 1470 2426 QUOD
1491 2380 1574 2412 lLLl
1592 2379 1779 2412 DlC'sAVl
1799 2374 1860 2411 ET
1878 2377 1945 2411 RE-

1095 2422 1415 2462 C()GNOVl‚poena
1429 2421 1558 2462 ceffat&
1575 2423 1640 2462 capi·
1654 2417 1761 2461 potest,
1779 2418 1882 2459 infilio
1896 2419 1946 2450 vel

1085 2466 1175 2508 servo
1192 2465 1239 2495 vel
1255 2464 1402 2506 generalis
1404 2464 1575 2505 Juhj'criptz‘o
1584 2461 1695 2504 sufficit
1705 2483 1716 2498 ,
1731 2460 1766 2495 ὅ)
1781 2462 1817 2491 ad
1829 2466 1946 2500 poenam

1093 2507 1264 2538 evitandam
1290 2505 1325 2540 ὃ)
1343 2506 1380 2535 ad
1403 2506 1582 2546 capiendam.
1633 2502 1726 2534 Vides
1746 2501 1776 2533 in
1797 2509 1949 2532 exrraneo

1093 2548 1188 2580 solam
1214 2545 1468 2586 subscriptionem
1496 2555 1558 2577 non
1576 2543 1732 2579 sufficere,
1754 2542 1809 2574 nisi
1832 2542 1949 2582 adjece-

1094 2590 1134 2621 rit
1150 2588 1301 2626 testator,
1326 2587 1375 2624 sc,
1400 2587 1483 2625 quod
1498 2585 1567 2626 quis
1581 2584 1632 2616 fibi
1650 2583 1827 2625 adscripsit,
1852 2586 1882 2615 ὁ(
1902 2584 1948 2614 ‹Ii-

1094 2630 1175 2671 &ciffe
1194 2630 1223 2660 ὃ(
1242 2626 1451 2670 recognovijffe,
1474 2626 1558 2667 quod
1581 2634 1643 2656 non
1661 2633 1725 2655 crat
1747 2625 1899 2664 adjestum
1917 2624 1949 2656 in

1094 2671 1217 2711 specie,
1243 2670 1281 2700 de
1297 2679 1356 2711 qua
1370 2666 1593 2707 respondebant
1611 2666 1656 2697 illi
1673 2664 1887 2698 consultores.
1914 2665 1949 2698 In

1092 2713 1161 2744 filio
1186 2710 1238 2741 vel
1259 2710 1350 2742 servo
1377 2708 1492 2746 solam,
1515 2707 1578 2739 sive
1619 2707 1791 2747 generalem
1822 2706 1949 2739 subscri-

1094 2753 1236 2794 ptionem
1263 2751 1400 2783 sufficere
1420 2748 1559 2780 efficeres
1582 2757 1622 2779 ei(
1646 2749 1672 2779 d.
1701 2748 1723 2779 l.
1744 2757 1767 2779 1.
1791 2747 1820 2789 §.
1842 2753 1872 2782 8.
1898 2746 1950 2780 sed
1974 2757 1989 2762 *⁴

1095 2803 1152 2825 nec
1167 2802 1203 2824 ea
1220 2793 1251 2823 in
1271 2791 1359 2822 servo
1379 2790 1491 2822 sufficit
1505 2799 1544 2820 ci<
1562 2789 1848 2821 Constitutioniuus
1865 2789 1949 2821 Prin-

1097 2835 1222 2875 cipum,
1243 2833 1298 2864 nifi
1315 2831 1484 2871 adscriptio
1504 2831 1556 2862 siat
1571 2832 1723 2867 dictante,
1750 2830 1840 2871 idque
1858 2829 1951 2871 profi·

1098 2883 1185 2906 tente
1208 2872 1354 2904 testatore
1371 2872 1390 2903 l.
1419 2881 1466 2911 15.
1490 2871 1518 2913 ᾗ.
1541 2882 1570 2903 2.
1589 2871 1623 2906 &J
1638 2882 1666 2913 3.
1686 2870 1725 2911 ff.
1751 2871 1825 2902 Eud.
1850 2871 1879 2902 iu
1898 2879 1952 2902 ex-

1098 2923 1205 2947 tranco
1229 2914 1323 2945 ctiam
1348 2914 1527 2954 recognitio
1551 2913 1740 2944 derium-atur
1763 2912 1783 2944 l.
1807 2922 1836 2953 3.
1865 2912 1951 2985 CXI-ile

1928 2961 1953 2984 rs

1214 3035 1239 3064 d.
1262 3034 1352 3072 Confil.
1375 3043 1400 3070 3.

1220 3074 1311 3111 Confit.
1334 3073 1366 3102 Β.
1392 3072 1423 3101 Τ.
1438 3074 1460 3102 1.
1482 3072 1573 3110 Consti.
1592 3080 1634 3108 15.

1220 3113 1293 3141 lbid.
1317 3111 1408 3149 Con-fil.
1434 3121 1475 3147 14.
1494 3112 1579 3146 8415.

1217 3151 1290 3182 llild.
1314 3149 1345 3179 T.
1367 3153 1401 3180 ll.
1424 3150 1515 3189 Covfil.
1534 3157 1558 3184 3.
