2008 3436
410 105 816 146 CORNELII
891 115 1002 142 van

162 113 235 156 436

769 229 1123 267 CAPUT

1074 90 1677 141 eYNKERsHoEK

1222 228 1332 265 V11.

231 333 315 382 Quae
339 330 381 379 fit
407 332 590 382 captatoria
618 330 780 374 institutio
805 330 944 376 respenu
968 329 1084 372 tercii,
1110 328 1152 363 ad
1182 328 1223 363 L.
1250 338 1308 373 71.
1335 325 1367 374 §-
1396 336 1427 361 1.
1452 322 1491 361 ff.
1517 324 1560 361 de
1586 326 1730 362 Haered.
1757 326 1864 364 instit.

220 431 350 465 uecedat
382 426 410 473 ἕ.
441 441 466 463 1.
500 433 626 475 ejusdem
653 428 692 461 L.
730 427 786 458 Sed
811 426 904 463 illud,
928 424 1031 465 inquit

240 473 354 505 Paulus
366 496 378 512 ,
401 475 488 514 qna’rt'
499 471 593 514 potest
602 495 614 511 ,
637 480 678 500 an
693 469 768 499 idem
776 468 960 510 servandam
970 464 1011 504 fit
1019 487 1032 503 ,

165 516 239 558 qaod
264 515 388 546 Senatus
413 514 524 555 censuit
539 537 551 553 ,
581 508 694 548 etiamst
717 511 749 540 in
775 508 1032 553 aliampeiyonam

161 558 325 599 captionem
352 555 529 587 direxerit?
558 554 653 586 velati
669 549 698 589 fi
717 552 762 581 ita
773 549 948 591 scripserit:
970 546 1031 578 T1-

161 608 240 631 ‘rins
270 607 299 629 sr
329 597 496 629 MAEva
526 601 672 628 TABULIS
712 598 942 622 TESTAMENTI
976 597 1030 619 sm

163 647 349 672 HAEREDEM
367 647 389 669 A
407 646 443 669 se
464 645 639 669 SCRIPTUM
657 640 881 664 OSTENDERH'
908 638 1030 661 rsona-

162 688 365 720 vERiTQUE,
397 687 518 710 HAEREs
550 686 647 709 asro,
693 672 780 719 Qnod
802 675 835 704 in
849 671 1031 712 sententiam

164 723 239 754 sca·
256 721 384 752 incidere
399 729 457 750 non
474 717 516 759 est
530 718 657 750 clabiam.
704 720 764 749 stro
782 715 944 754 captionem
960 710 1031 743 sunt

162 762 252 795 Libri
273 783 285 799 ,
315 761 367 801 qui
393 759 509 791 habent
534 760 730 800 captationem
749 778 761 794 ,
793 755 884 787 &ita
905 761 1033 795 quoque

163 804 236 836 MS.
262 811 350 834 meus
374 801 436 834 fine
462 800 598 839 Gloffis,
622 799 675 842 qui
695 799 760 841 ipse
774 795 900 836 insuper
918 793 1031 839 habet,

164 845 361 885 captationem
383 844 500 874 duxerit
515 865 526 881 ‚
559 841 611 874 sed
639 841 752 873 melius
774 837 819 870 est
843 837 1032 874 Florennae,

164 887 327 926 captionem
345 885 497 916 direxerit.
546 883 697 925 Captionis
719 889 804 919 vox,
830 879 861 911 in
880 887 948 908 eam
967 875 1033 922 sen-

162 927 295 959 tentiam
310 949 320 965 ,
353 925 398 958 est
419 935 546 967 quoque
569 924 652 966 apud
671 923 824 956 Auftores
853 918 978 951 nostros
1001 927 1034 949 m

163 970 184 1001 l.
207 978 234 1000 1.
254 973 300 1009 pr.
320 966 361 1008 ff.
381 969 415 999 de
431 966 547 998 Μίηον.
559 967 589 998 &
606 966 626 998 l.
642 975 692 1007 34.
712 963 754 1006 ff.
773 964 806 995 cle
816 960 1032 1006 Attion.empt.

162 1009 208 1043 est
234 1010 264 1041 &
291 1008 373 1050 apud
396 1008 476 1040 alios
495 1031 506 1048 ,
540 1017 613 1040 non*
633 1007 752 1048 JCtos‚
776 1013 856 1046 quos
875 1009 954 1048 tanti
968 1010 1034 1048 non

164 1051 229 1089 est,
252 1058 288 1081 ut
307 1049 488 1082 adscribam.
534 1048 589 1081 Est
608 1057 713 1080 autem
739 1046 901 1087 captionem
923 1043 1034 1083 dirige-

163 1104 194 1125 re
214 1094 246 1124 z'n
261 1091 353 1123 aliam
371 1091 544 1133 perfimam,
566 1091 644 1122 dolo
658 1089 742 1121 malo
763 1087 795 1119 id
809 1094 919 1127 agere,
944 1091 980 1129 ut
991 1083 1033 1114 al-

164 1134 263 1167 terius
283 1131 435 1174 persona,
466 1132 629 1173 captandae
651 1128 847 1166 haereditati,
874 1123 1035 1170 substltua3

165 1185 236 1218 tur3
260 1173 346 1216 quod
365 1183 458 1216 quam
476 1174 561 1205 varie
578 1173 655 1211 fiat,
680 1181 757 1204 mox
776 1176 944 1214 exponam.
968 1165 1035 1213 Qui

165 1218 199 1250 id
213 1215 349 1254 feeerit,
374 1215 517 1257 quamvis
535 1224 599 1247 non
618 1215 650 1246 in
667 1212 783 1251 verba,
807 1213 840 1242 in
851 1211 1036 1252 sententiam

168 1266 272 1291 tamen
293 1257 366 1288 SCti
386 1257 513 1287 incidere
531 1256 644 1288 Paulus
662 1255 754 1286 dixit.
799 1251 835 1284 In
852 1251 972 1290 Legum
989 1257 1035 1278 in-

168 1297 451 1341 terpretationibus
477 1297 637 1339 saepisfime
664 1295 737 1336 JCti
772 1291 870 1325 nostri
905 1297 1037 1321 utuntur

166 1342 216 1375 his
231 1338 505 1377 distinctionibus,
529 1347 564 1370 ut
586 1337 670 1369 aliud
686 1336 723 1368 fit
740 1335 771 1366 in
786 1332 850 1374 ipsa
867 1331 963 1378 verba
980 1328 1037 1361 Le-

167 1383 215 1425 gis
241 1381 440 1423 impingere,
470 1380 556 1411 aliud
584 1380 615 1410 in
639 1378 733 1418 Legis
759 1375 975 1417 sententiam,
1008 1370 1039 1402 &

166 1423 329 1457 neeeffitas
346 1424 391 1453 ita
407 1421 521 1453 docuit
535 1421 724 1460 distinguere
739 1440 751 1456 ,
781 1416 853 1457 quia
871 1414 977 1460 omnia
994 1410 1040 1443 fa-

166 1466 216 1498 Cta
232 1473 326 1496 nemo
343 1461 439 1494 facile
464 1460 528 1504 ipsa
552 1461 638 1502 Lege
664 1456 951 1500 comprehenderit.
996 1453 1037 1485 A·

165 1505 292 1544 nunde,
317 1504 349 1536 in
368 1513 402 1535 re
419 1503 558 1544 liquida,
580 1501 725 1542 exempla
744 1509 808 1531 non
828 1496 949 1542 adfero.

210 1546 376 1588 Captionis
397 1553 523 1583 autem,
546 1545 578 1576 in
596 1544 689 1576 aliam
705 1540 873 1583 personam
891 1537 1038 1575 directae,

167 1590 246 1621 hanc
274 1586 410 1628 speciem
436 1587 588 1627 proponit
615 1583 749 1617 Paulus:
777 1582 893 1619 Titius,
911 1577 942 1625 fi.
961 1578 1036 1625 Μιε-

167 1632 270 1669 viam,
295 1629 326 1661 &
341 1628 483 1668 reliqua,
507 1637 578 1669 quae
593 1626 646 1659 hic
667 1624 808 1657 exhibui.
853 1620 977 1667 Basilici
995 1619 1036 1666 L.

166 1670 314 1705 XXXV.
343 1669 377 1701 T.
397 1669 456 1701 IX.
492 1669 523 1701 C.
545 1678 595 1710 71·
628 1667 758 1700 eandem
790 1664 976 1697 sententiam
995 1669 1040 1693 ita

169 1712 329 1746 referunt:
355 1716 392 1742 Οὐ
406 1713 495 1750 μόνον,
515 1710 726 1752 inquiunt‚el;
741 1709 769 1738 τὶ
786 1708 913 1744 πρόσωπτι
931 1707 963 1732 ἰἒ
982 1704 1037 1734 δικ,-

170 1757 283 1793 emim,
312 1754 387 1783 ἀλλὰ
414 1753 457 1788 ιῑέᾳ
481 1755 516 1785 εἰς
540 1754 615 1790 ἕπρόν
640 1752 736 1786 vlvmq
753 1750 767 1781 ἦ
785 1749 870 1785 χέων
890 1744 1039 1780 &patiemim

168 1799 275 1828 ἐ’νςῖισις,
321 1793 398 1832 Οἷον,
425 1795 467 1824 ἰὰ,
496 1795 604 1831 ιἸὲ-ινρθἸ
633 1791 733 1831 ’γύψῃ
752 1795 852 1820 Παῦλον
871 1789 1039 1826 κληρονὸμον,

169 1840 214 1869 ’em
235 1851 271 1871 με
287 1838 459 1873 universae».
542 1834 604 1866 uod
623 1833 668 1866 est
686 1842 726 1865 ex
741 1830 884 1864 verfione
898 1828 922 1860 F
925 1828 1038 1860 abroti:

172 1880 246 1913 Non
254 1878 350 1920 stilum
372 1879 404 1909 in
424 1876 577 1918 personam
593 1873 738 1917 testatoris
749 1897 759 1913 ,
774 1873 829 1915 sed
846 1871 882 1907 &³
898 1872 931 1902 in
947 1870 1041 1902 aliam

169 1922 313 1963 dirigitur
333 1916 478 1960 institutio
491 1941 501 1958 ,
539 1920 672 1961 gratiam
687 1922 821 1956 captans.
867 1912 996 1950 Veluti,
1012 1909 1041 1950 fi

171 1963 278 1995 Petrus
294 1961 422 1992 Paulam
438 1960 575 1992 ha‘redem
582 1958 756 2000 scripserit,
773 1957 861 1988 hares
878 1953 944 1995 esto.
968 1963 1040 1995 quae

173 2002 238 2045 ipsa
257 2001 354 2034 verba
374 2001 492 2033 Graece
509 2000 657 2033 exhibuit
674 1997 932 2037 Harmenopulus
946 1995 987 2027 L.
1000 1995 1040 2027 V.

171 2054 258 2083 Προχ.
285 2043 319 2074 Τ.
337 2042 424 2075 VIII.
444 2049 494 2083 pr.
547 2041 726 2075 Ollendunt
747 2048 825 2071 vero
851 2038 918 2069 haec
937 2046 1042 2068 exem-

173 2087 242 2128 pla,
267 2084 363 2116 etiam
379 2083 523 2116 fraudem
536 2083 605 2116 fieri
620 2082 727 2121 SCto‚
750 2081 773 2113 fi
789 2080 858 2127 quis
872 2088 927 2120 per
945 2079 1041 2110 inter-

171 2127 304 2169 poiitam
320 2123 483 2167 personam
509 2132 616 2166 captet
633 2146 644 2162 ,
667 2133 731 2155 non
750 2121 806 2154 fib1
823 2120 965 2159 scilicet,
989 2118 1042 2151 sed

173 2167 248 2207 alii,
274 2174 329 2206 ut,
355 2164 384 2205 fi
414 2166 526 2198 Titium
555 2166 603 2197 vel
621 2165 744 2196 Petram
757 2164 894 2195 haeredem
904 2161 1043 2202 scribat,

168 2208 197 2248 fi
213 2209 354 2251 alteruter
361 2207 479 2249 scribat
496 2207 641 2240 Mcevium
657 2204 705 2236 vel
726 2205 855 2237 Paulum
865 2227 876 2243 ‚
901 2202 956 2235 fibi
974 2202 1041 2234 for·

174 2260 206 2282 te
218 2249 405 2282 carissimum
414 2271 425 2287 ,
445 2249 517 2290 quia
526 2248 610 2281 filius
626 2246 671 2279 est
683 2270 693 2286 ,
712 2247 783 2288 quia
800 2254 901 2286 nepos
916 2253 957 2276 ex
973 2244 1042 2276 filio

173 2292 226 2323 vel
242 2291 326 2330 filia,
366 2289 416 2321 uia
431 2289 548 2329 frater,
574 2290 646 2331 quia
664 2289 783 2320 amicus
800 2288 851 2318 vel
868 2285 1042 2318 familiaris.

174 2331 311 2371 Rursus,
351 2341 381 2370 1,
407 2338 442 2362 ut
459 2332 538 2363 mihi
557 2339 683 2372 captem
701 2328 915 2361 baereditatem
939 2327 1043 2365 Titii,

177 2384 242 2406 non
261 2372 390 2404 Titium
414 2371 465 2404 sed
485 2373 645 2405 Maevium
661 2395 671 2410 ‚
694 2370 790 2402 Titio
808 2369 894 2401 forte
911 2369 1043 2409 conjun-

174 2416 277 2453 stum,
309 2413 361 2445 vel
383 2414 575 2455 cognatione
594 2436 604 2453 ,
629 2412 683 2444 vel
708 2412 883 2450 affinitate,
908 2410 959 2441 vel
984 2419 1045 2452 qua

176 2457 237 2489 alia
246 2454 468 2487 neceffitudine
479 2478 491 2494 ,
508 2455 664 2487 haeredem
680 2452 833 2494 scripsero
845 2476 854 2492 ,
873 2452 979 2484 eadem
996 2461 1046 2483 ca—

176 2497 296 2540 ptionis
314 2496 417 2534 ratio,
435 2497 485 2528 sed
504 2497 534 2529 δε
552 2496 718 2536 idemjuris
735 2495 861 2532 erit3ut
876 2493 898 2526 fi
914 2493 1043 2525 dixero:

183 2539 280 2571 Titius
288 2559 300 2575 ‚
302 2535 331 2575 st
339 2547 382 2568 me
393 2536 675 2578 tabulisteftamenti
685 2536 737 2578 siti
753 2536 888 2567 haredem
899 2545 917 2566 a
926 2535 1044 2576 sestri-

176 2587 258 2622 ptam
275 2578 430 2620 ostenderit
444 2580 667 2620 probaveritqae
684 2600 695 2616 ,
727 2577 856 2609 Jlffaevias
875 2577 962 2607 haeres
979 2574 1045 2617 esto.

178 2622 233 2654 Sic
258 2621 343 2651 enim
369 2627 464 2660 capto
493 2619 708 2651 haereditatem
733 2618 817 2650 Titii
852 2618 883 2649 in
916 2617 1047 2658 persona

178 2661 294 2695 Maevii
311 2683 322 2699 ‚
357 2660 453 2692 Titio
477 2659 564 2692 forte
586 2659 740 2691 cariffimi.
786 2659 900 2690 Paulus
921 2659 1046 2700 quidem

178 2704 211 2736 in
242 2703 270 2734 d.
303 2703 324 2734 l.
350 2711 400 2743 71.
431 2702 459 2744 §.
489 2711 514 2733 1.
547 2701 577 2733 id
595 2701 775 2741 exemplum
791 2709 855 2731 non
875 2700 1046 2740 proponit,

180 2744 233 2777 sed
249 2754 288 2776 ex
306 2753 368 2782 eo,
391 2743 476 2784 quod
491 2743 591 2781 dicit,
619 2741 798 2783 captionem
825 2741 856 2772 in
875 2741 965 2772 aliam
981 2749 1047 2781 per-

182 2786 289 2818 sonam
314 2795 379 2817 non
404 2785 488 2816 reste
521 2784 646 2824 dirigi,
678 2781 751 2813 satis
782 2790 925 2822 apparet,
951 2782 1047 2812 etiam

181 2828 261 2859 hanc
288 2826 423 2867 speciem
448 2835 487 2857 eo
512 2826 689 2866 pertinere,
720 2832 791 2855 nam
821 2832 884 2854 uno
899 2822 1047 2863 exemplo

182 2868 365 2909 propoiito,
390 2876 425 2898 ut
449 2866 603 2908 proponit
620 2866 677 2897 hac
694 2863 853 2901 formula,
875 2864 988 2902 velati,
1019 2873 1047 2893 a·

183 2911 224 2941 lia
248 2919 312 2941 non
336 2909 548 2940 excluduntur
568 2931 578 2946 ,
611 2917 682 2949 quae
699 2905 836 2946 ejusdem
854 2905 944 2946 plane
962 2913 1049 2946 pote-

183 2951 270 2993 statis
288 2950 370 2982 sunt.
393 2950 486 2981 Unde
504 2950 533 2981 ὅ(
550 2948 619 2980 haec
638 2947 814 2985 inllitutiO,
839 2956 879 2978 cx
899 2945 1051 2978 sententia

187 2991 274 3029 SCU,
291 2991 412 3023 inutilis
430 2989 589 3036 eritzan
598 2999 634 3021 ex
646 2994 732 3030 parte
746 2988 840 3020 Titius
852 2988 1050 3028 Sempronium

187 3034 322 3063 haredum
330 3033 500 3073 scripserit,
524 3042 561 3062 ex
578 3041 612 3062 ea
629 3037 713 3071 parte
733 3028 946 3061 mihistffaeviar
965 3030 1050 3060 haeres

189 3081 251 3108 eno.
297 3074 500 3114 ¹&enipronius
515 3081 626 3113 nempe
641 3072 717 3103 mini
730 3080 818 3103 carus
830 3094 839 3109 ‚
865 3072 896 3102 δι
913 3070 1051 3102 Maevius

191 3112 304 3152 'l'iti03
328 3124 390 3155 quo
412 3114 468 3153 fit,
493 3121 527 3145 ut
544 3112 653 3155 captio
669 3112 822 3154 dirigatur
842 3111 872 3143 in
892 3111 1050 3151 duplicem

1074 422 1258 470 personam,
1280 433 1351 457 nam
1367 433 1447 466 ego,
1472 429 1603 465 propter
1612 422 1759 463 Titium,
1784 423 1938 460 haeredem

1074 464 1207 497 lnstltuo
1234 466 1412 504 Maevium,
1446 475 1481 497 ut
1506 465 1579 504 ille,
1604 472 1734 505 propter
1750 474 1820 504 me,
1843 466 1938 499 haere·

1074 506 1145 537 dem
1171 506 1314 538 instituat
1338 507 1568 548 Sempronium.
1622 505 1666 537 Ut
1691 506 1792 537 verbo
1808 507 1909 540 dicam
1926 524 1940 548 ³

1075 556 1139 579 tres
1163 546 1279 588 species
1304 547 1374 579 sunt
1400 548 1579 588 captionis,
1611 547 1643 579 in
1664 547 1755 579 aliam
1774 547 1939 589 personam

1074 588 1219 620 clirectae:
1245 589 1297 620 vel
1307 597 1402 629 capto
1421 589 1473 620 alii
1485 609 1495 625 ,
1517 598 1585 620 mea
1603 589 1722 630 gratia,
1746 597 1778 620 te
1795 596 1940 631 propter*

1073 638 1110 660 ea
1141 629 1297 661 haeredem
1320 629 1485 667 scribens3
1524 630 1576 661 vel
1604 639 1698 672 capto
1720 631 1816 671 mihi,
1841 632 1940 664 alium

1074 679 1263 712 propterea,
1287 678 1341 702 tua
1357 671 1477 711 gratia,
1502 670 1657 703 haeredem
1684 671 1840 712 scribens3
1863 674 1938 714 vel,

1074 712 1160 758 quod
1186 720 1354 753 utrumque
1378 712 1601 752 complectitur
1618 733 1628 752 ,
1658 721 1752 754 capto
1774 714 1845 754 alii,
1870 724 1942 747 mea

1074 761 1193 795 gratia,
1216 753 1313 784 alium
1331 751 1455 790 rursus,
1480 760 1533 784 tua
1551 753 1668 793 gratia,
1692 755 1846 787 haeredem
1864 755 1940 788 scri-

1074 796 1160 826 bens.
1215 793 1252 826 In
1278 802 1339 835 qua
1362 794 1519 834 postrema
1539 793 1662 835 specie,
1686 797 1828 835 quamvis
1845 798 1875 829 ἃ
1890 807 1941 829 ca-

1077 835 1230 882 ptatoris,
1262 835 1293 867 ἂ
1317 835 1435 876 captati
1461 834 1592 875 petsona
1614 835 1653 867 ab
1670 835 1802 868 haeredis
1818 838 1941 870 institu-

1077 886 1166 909 tione
1190 883 1311 908 remota
1335 876 1373 909 fit
1389 899 1401 915 ,
1431 886 1496 908 non
1516 885 1619 908 tamen
1636 885 1758 909 remota
1774 877 1819 910 est
1837 879 1941 912 omnis

1076 918 1232 951 calliditas
1248 941 1258 958 ,
1296 916 1421 949 fallacia
1435 941 1444 956 ,
1487 917 1680 950 machinatio
1705 918 1743 950 ad
1766 920 1943 952 circumve-

1076 960 1225 1033 rssignduin
1233 981 1246 998 ‚
1273 957 1446 992 fallendum
1462 983 1472 999 ,
1504 959 1725 1001 decipiendum
1740 960 1874 994 alterurn
1890 961 1943 994 ad*

1101 1012 1108 1033 1
1135 1009 1188 1032 ita.

1120 1043 1325 1088 Quapropter
1345 1040 1503 1074 adsentior
1521 1042 1675 1083 Cujaci0‚
1691 1043 1729 1075 de
1739 1043 1943 1086 tribus,quas

1077 1085 1164 1123 dixi,
1191 1083 1352 1125 speciebus
1368 1083 1479 1115 eodem
1496 1083 1564 1116 fere
1582 1085 1678 1116 modo
1701 1083 1873 1125 disputanti
1899 1085 1940 1118 L.

1077 1125 1170 1159 XVI.
1198 1125 1321 1167 Ol3serv.
1348 1125 1373 1157 C
1408 1134 1457 1156 11.
1482 1125 1512 1157 dc
1530 1125 1567 1156 ad
1598 1125 1708 1166 Papin.
1734 1126 1774 1157 L.
1801 1125 1855 1158 VI.
1884 1126 1942 1158 Re-

1068 1166 1167 1209 spons]
1200 1167 1232 1198 in
1266 1167 1286 1197 l.
1304 1175 1354 1207 70.
1381 1166 1423 1207 ff.
1446 1167 1480 1197 de
1504 1166 1622 1198 Haered.
1651 1165 1745 1208 instit.
1769 1166 1944 1200 dummodo

1078 1209 1116 1240 ad
1135 1207 1301 1241 secundam
1320 1207 1454 1248 speeiem
1477 1217 1541 1238 non
1567 1206 1741 1247 referatur,
1762 1216 1797 1240 ut
1814 1208 1879 1250 ipse
1895 1218 1944 1240 re-

1078 1249 1164 1287 fert,
1188 1248 1352 1288 ambigua,
1378 1248 1426 1286 δι,
1451 1255 1487 1279 ut
1502 1247 1578 1279 mihi
1593 1247 1661 1279 fere
1679 1249 1824 1289 videtur,
1847 1250 1946 1282 vitio-

1080 1290 1110 1323 sa
1125 1290 1213 1322 Pauli
1231 1288 1385 1329 scriptura
1402 1289 1434 1320 in
1457 1290 1485 1321 d.
1511 1289 1531 1320 l.
1561 1298 1612 1329 71.
1631 1295 1678 1329 pr.
1724 1289 1859 1322 Aliunde
1874 1290 1946 1323 sane

1080 1342 1129 1365 res
1147 1331 1192 1363 est
1211 1330 1347 1371 liquida,
1369 1330 1464 1362 etiam
1481 1340 1521 1362 ex
1538 1329 1601 1361 hoc
1619 1329 1687 1371 ipso
1718 1330 1746 1372 §.
1767 1341 1795 1363 1.
1818 1331 1889 1372 qui,
1908 1340 1946 1364 ut:

1081 1374 1170 1412 dixi,
1194 1381 1321 1404 omnem
1345 1371 1527 1412 captionem
1544 1395 1554 1410 ‚
1587 1371 1619 1403 in
1635 1372 1765 1404 alterius
1782 1372 1947 1414 personam

1082 1415 1247 1453 directam,
1272 1412 1432 1454 prohibet.
1475 1413 1587 1445 Utitur
1606 1413 1636 1444 <St
1651 1413 1683 1445 in
1704 1413 1784 1445 hanc
1803 1423 1867 1446 rem
1885 1413 1948 1446 Cu-

1078 1457 1177 1498 jaeius
1200 1462 1404 1496 argumento,
1436 1454 1522 1496 quod
1569 1453 1667 1486 raebet
1691 1455 1711 1487 l.
1731 1466 1761 1487 2.
1780 1462 1830 1496 pr.
1847 1455 1888 1497 ff.
1912 1457 1948 1487 de

1081 1498 1200 1530 Haered.
1217 1494 1312 1543 instit.
1336 1496 1484 1538 quodque
1502 1496 1534 1537 ip
1549 1506 1566 1526 e
1582 1496 1740 1536 prolixius
1758 1506 1889 1528 enarrat.
1903 1497 1948 1529 Et

1080 1540 1186 1578 reete,
1209 1548 1241 1570 ni
1254 1537 1374 1576 fallor,
1396 1548 1466 1570 nam
1486 1537 1676 1570 veriffimum
1686 1538 1751 1578 est,
1776 1548 1840 1570 non
1857 1539 1950 1571 aliam

1081 1582 1125 1613 ibi
1149 1579 1276 1622 probari
1301 1579 1561 1618 institutionem,
1591 1579 1624 1611 in
1640 1580 1768 1612 alterius
1785 1578 1948 1621 personam

1080 1623 1228 1655 direttam
1246 1644 1257 1661 ,
1287 1630 1379 1662 quam
1404 1630 1475 1661 quae
1502 1621 1699 1662 praeteritum
1724 1620 1852 1661 respicit
1871 1645 1882 1661 ‚
1912 1630 1951 1653 ex

1081 1675 1139 1707 qna
1153 1670 1240 1705 parte
1258 1673 1302 1694 me
1323 1663 1419 1694 Titius
1443 1663 1579 1694 heredem
1597 1661 1736 1704 scripsit,
1761 1664 1845 1705 Sejus
1863 1663 1950 1694 haeres

1082 1704 1159 1747 esto,
1183 1705 1245 1737 hoc
1262 1704 1347 1736 enim
1362 1705 1511 1745 exemplo
1529 1704 1630 1735 utitur
1652 1705 1814 1746 Ulpianus.
1860 1704 1893 1737 Si
1901 1703 1951 1736 fu-

1083 1756 1190 1780 turum
1214 1745 1382 1789 respiceret
1399 1769 1411 1785 ‚
1445 1756 1482 1778 ex
1509 1755 1565 1787 qna
1586 1752 1673 1786 parte
1690 1756 1733 1778 me
1754 1745 1850 1778 Titius
1864 1746 1951 1777 hoere-

1082 1791 1147 1821 dem
1155 1788 1329 1830 scripserit,
1361 1788 1445 1830 Sejas
1468 1788 1554 1819 haerer
1576 1786 1654 1828 esto,
1678 1787 1851 1829 captatoria
1871 1786 1949 1818 effer:

1082 1833 1112 1863 d.
1135 1831 1156 1862 l.
1181 1839 1231 1871 71.
1251 1835 1301 1871 pr.
1326 1829 1437 1861 Valeat
1465 1829 1562 1870 igitur
1590 1832 1621 1860 ὥς
1636 1829 1688 1861 hic
1706 1834 1946 1871 argumentum,

1083 1872 1169 1914 quod
1194 1882 1213 1902 a
1234 1872 1378 1902 contrario
1401 1878 1521 1902 vocant
1539 1893 1551 1909 ,
1587 1870 1734 1911 quodque
1758 1869 1837 1910 forti
1859 1879 1947 1900 imum

1083 1913 1222 1955 appellat
1245 1912 1433 1953 Papinianus
1456 1912 1488 1944 in
1520 1912 1542 1944 l.
1570 1922 1596 1944 1.
1617 1918 1666 1953 pr.
1683 1911 1725 1954 ff.
1747 1913 1781 1942 cie
1808 1909 1893 1953 Offic.
1919 1920 1947 1942 e-

1078 1957 1129 1998 jus
1145 1955 1192 1986 cai
1212 1955 1310 1985 mand.
1329 1952 1369 1994 est
1384 1954 1491 1996 jurisd.

1126 1996 1172 2029 Ut
1187 2003 1292 2027 autem
1310 1998 1438 2036 captio,
1463 2004 1532 2036 quae
1550 1995 1582 2027 in
1607 1994 1697 2026 aliam
1722 1993 1886 2036 personam
1903 1993 1949 2026 di·

1083 2038 1198 2079 rigitur
1216 2060 1226 2076 ,
1259 2036 1331 2067 ideo
1358 2036 1518 2078 prohibita
1542 2038 1587 2068 est
1606 2059 1616 2075 ,
1648 2037 1732 2076 quod
1760 2036 1792 2067 in
1805 2035 1949 2068 fraudem

1084 2080 1179 2120 Legis
1204 2078 1277 2116 fiat,
1301 2078 1344 2109 ita
1370 2078 1484 2110 &alias
1502 2077 1727 2119 prohibentur,
1754 2087 1843 2118 quae,
1865 2076 1949 2108 frau-

1083 2120 1175 2152 dandi
1191 2120 1316 2157 animo,
1340 2128 1395 2159 per
1417 2119 1631 2159 interpolitam
1659 2118 1821 2159 personam
1841 2118 1922 2150 fiunt
1937 2138 1949 2157 ,

1084 2162 1168 2193 utin
1190 2160 1416 2192 donationibus
1440 2160 1550 2191 vetitis
1574 2169 1638 2191 non
1669 2167 1790 2191 tantum
1810 2159 1950 2201 ipsorum

1085 2203 1286 2244 Conjugum,
1309 2200 1361 2233 sed
1378 2202 1408 2233 ὅς
1426 2210 1536 2232 eorum
1553 2201 1695 2232 omnium
1717 2224 1726 2239 ,
1750 2200 1789 2232 ad
1805 2210 1885 2242 quos
1901 2199 1950 2232 illi

1085 2245 1245 2286 pertinent
1264 2252 1273 2281 ;
1304 2252 1340 2273 ea
1363 2252 1477 2284 nempe
1498 2243 1640 2280 ratione,
1663 2252 1722 2283 qua
1741 2242 1770 2273 id
1791 2250 1951 2282 argumen-

1088 2295 1155 2317 tum
1172 2283 1354 2325 exsequitur
1373 2284 1525 2325 Ulpianus
1547 2284 1577 2315 in
1609 2283 1629 2315 l.
1655 2293 1686 2325 3.
1711 2282 1738 2324 §.
1765 2293 1794 2315 2.
1820 2283 1902 2324 &se
1921 2292 1949 2324 q.

1082 2327 1123 2370 ff.
1140 2328 1174 2358 cle
1191 2325 1354 2358 Donation.
1374 2327 1453 2356 inter
1475 2325 1515 2357 V.
1536 2324 1572 2360 ὅ)
1594 2324 1635 2356 U.
1679 2325 1758 2356 Sunt
1776 2325 1805 2356 ὗε
1823 2324 1883 2356 alia
1898 2291 1950 2363 jqu-

1089 2370 1131 2400 ris
1147 2368 1271 2409 capita,
1293 2376 1362 2408 quae
1379 2374 1490 2399 vetant
1505 2376 1568 2398 non
1594 2366 1685 2398 nobis
1702 2366 1872 2402 duntaxat,
1897 2363 1949 2396 sed

1088 2411 1118 2443 ὅ(
1138 2409 1226 2448 aliis,
1258 2409 1311 2450 qui
1340 2408 1377 2440 ad
1403 2417 1460 2439 nos
1487 2408 1646 2449 pertinent
1664 2429 1674 2445 ,
1697 2405 1809 2447 pacisci
1832 2405 1883 2437 vel
1899 2414 1950 2436 ae-

1087 2451 1228 2492 quirere,
1253 2459 1384 2488 verum,
1415 2449 1446 2481 in
1463 2458 1495 2481 re
1518 2449 1655 2490 liquida,
1678 2457 1713 2479 ea
1727 2447 1832 2478 omnia
1849 2445 1950 2478 adfer-

1088 2503 1142 2531 re,
1166 2491 1271 2524 nimiae
1291 2491 1463 2532 diligentiae
1480 2489 1541 2521 effe
1556 2498 1673 2531 putem.

1131 2533 1211 2565 Dixi
1239 2533 1278 2564 de
1307 2531 1526 2573 captionibus,
1551 2540 1620 2571 quae
1640 2529 1730 2570 plane
1746 2529 1775 2560 δι
1794 2529 1950 2561 omnimo-

1088 2575 1131 2607 do
1156 2576 1188 2607 in
1214 2575 1306 2606 aliam
1323 2572 1485 2614 personam
1505 2572 1692 2612 diriguntur.
1736 2570 1951 2602 'santumdem

1089 2617 1202 2659 procul
1227 2615 1325 2646 dubio
1348 2616 1408 2645 erit
1426 2637 1436 2652 ,
1468 2613 1488 2645 ii
1514 2612 1584 2653 quis
1611 2611 1662 2643 alii
1682 2612 1711 2642 δε
1731 2611 1761 2642 se
1779 2610 1878 2652 ipsum
1899 2611 1951 2644 ad-

1090 2658 1223 2694 scribat,
1247 2664 1282 2687 ut
1293 2654 1322 2694 fi
1340 2656 1451 2686 Titium
1471 2654 1606 2685 heredem
1623 2650 1780 2693 instituat,
1804 2651 1832 2691 ft
1847 2653 1897 2684 ille
1913 2661 1951 2685 sE

1089 2709 1156 2731 VEL
1174 2699 1340 2730 MAEva
1359 2694 1540 2736 instituerit,
1571 2702 1664 2734 atque
1691 2694 1734 2735 ita
1756 2693 1787 2725 in
1805 2693 1953 2726 omnibus

1089 2739 1268 2782 speciebus,
1293 2746 1367 2777 quas
1383 2744 1472 2777 iupra
1489 2734 1657 2777 proposui,
1682 2735 1811 2766 mutatis
1830 2743 1952 2767 tantum

1088 2781 1246 2814 formulis.
1291 2779 1368 2811 Non
1392 2778 1488 2809 modo
1514 2778 1619 2808 eadem
1648 2784 1723 2807 tunc
1741 2798 1752 2814 ,
1777 2775 1827 2808 sed
1845 2777 1876 2808 ὅ(
1891 2785 1953 2808 ma-

1089 2824 1138 2863 jor
1154 2822 1260 2863 captio
1283 2820 1423 2861 pellucet
1442 2841 1453 2856 ,
1485 2826 1582 2859 utque
1598 2817 1666 2848 haec
1687 2817 1893 2856 excludatur,
1918 2825 1951 2847 o-

1091 2871 1199 2905 portet
1228 2862 1367 2893 dicamus
1387 2883 1398 2899 ,
1429 2859 1581 2899 ejusmodi
1604 2857 1834 2890 institutionem
1852 2858 1953 2890 adhuc

1092 2905 1188 2945 magis
1216 2904 1247 2934 in
1264 2902 1448 2934 sententiam
1473 2900 1550 2933 SCti
1569 2899 1715 2931 incidere.
1761 2901 1878 2932 Omnes
1900 2908 1954 2930 vc-

1092 2955 1128 2977 ro
1153 2945 1314 2985 captiones
1332 2966 1341 2982 ,
1377 2951 1448 2983 quae
1474 2951 1527 2983 per
1558 2941 1771 2982 interpositam
1792 2941 1952 2982 personam

1092 2987 1192 3024 fiunt,
1218 2994 1252 3016 ut
1268 2985 1299 3017 in
1316 2983 1570 3022 haereditatibus,
1594 2982 1638 3013 ita
1658 2982 1687 3013 &
1709 2981 1738 3013 in
1759 2982 1867 3023 legatis
1884 2990 1951 3011 vcr-

1092 3027 1148 3059 sari
1170 3025 1255 3068 posse
1272 3050 1282 3065 ,
1313 3034 1407 3057 nemo
1431 3024 1625 3056 dubitaverit
1642 3032 1651 3059 3
1676 3024 1756 3053 unde
1772 3026 1801 3054 ὁ(
1820 3022 1923 3054 omnia
1941 3044 1950 3059 ‚

1092 3078 1160 3110 quae
1181 3077 1219 3099 eo
1238 3067 1417 3108 pertinent,
1439 3066 1478 3097 de
1498 3065 1607 3107 legatis
1626 3063 1760 3104 repetita
1779 3064 1889 3103 linito,
1911 3070 1952 3093 ex

1093 3110 1199 3151 regula
1222 3109 1242 3140 l.
1266 3113 1316 3149 64.
1337 3107 1377 3150 ff.
1402 3109 1436 3139 cle
1460 3108 1570 3149 Legat.
1597 3105 1618 3138 I.
