2008 3436
172 117 243 158 384
443 104 846 144 CORNELII

170 197 297 229 Curiam
307 195 465 234 moverit,
488 205 551 228 non
568 194 612 227 est
624 217 633 233 ,
651 202 685 226 ut
702 193 804 225 dicam
815 215 824 231 ,
843 191 931 223 forte
949 190 1033 231 quod

172 239 211 269 de
231 237 455 278 subscriptione
476 236 578 269 Titiae
594 245 656 268 non
672 235 743 266 satis
762 232 917 265 constaret
929 255 937 270 ,
962 241 1032 262 nam

171 280 203 311 ἃ
230 280 262 310 id
282 278 439 318 objectum
462 277 516 310 est.
566 277 626 310 Sed
653 284 749 317 quum
778 274 858 315 apud
884 274 1033 305 Senatum

171 319 358 361 subscriptio
377 320 472 360 magis
490 320 527 352 ad
543 318 692 358 l³quidum
708 315 783 347 esset
799 314 963 354 perducta,
981 313 1033 344 Se-

173 368 265 392 natus
281 366 310 395 8.
324 361 380 401 Jul.
403 370 491 402 1712.
517 360 589 401 (3)
613 357 736 399 paribus
750 355 903 396 suffragiis
918 354 1032 395 judica-

173 402 224 433 vit
249 403 367 443 legata,
392 401 544 443 potestate
567 398 712 431 clausulae
734 396 950 428 reservatoriae
964 404 1033 436 pro-

172 443 299 484 pinquis
318 444 387 475 data
409 444 531 481 valere,
564 440 615 473 sed
635 448 699 471 non
728 439 830 470 valere
839 449 855 477 ν,
886 446 956 478 quae
978 435 1032 467 fibi

172 483 375 525 adscripscrat
389 483 519 516 Maevia.

215 526 366 566 Sequatur
381 525 440 556 alia
457 524 581 565 species.
605 521 787 563 Sempronia
805 520 923 560 16.]ul.
941 521 1031 554 1686.

172 566 304 598 condito
322 566 506 597 testamento
523 565 605 605 legat
623 563 732 595 Luciae
749 585 759 600 ,
783 569 925 603 cognatae
944 559 1006 592 suae
1022 581 1033 597 ,

173 617 243 648 quae
262 609 291 639 in
309 607 395 640 India
409 606 562 638 Orientali
582 612 656 636 tunc
672 603 828 643 haerebat,
839 603 948 634 decem
963 600 1032 631 mil-

172 649 234 688 lia,
259 649 401 687 Maevio‚
435 646 582 687 Cognato
606 645 661 677 suo
679 668 690 683 ‚
720 644 888 676 duodecim
917 641 1034 680 millia,

175 690 206 721 ὃς
222 700 262 721 ex
277 690 398 729 reliqua
414 688 586 719 hereditate
602 687 745 718 heredem
767 685 876 719 scribit
885 684 1010 715 Titium
1023 705 1033 721 ,

174 731 267 763 alium
284 738 451 771 cognatum
474 727 582 766 suum,
606 728 649 759 ita
672 735 796 765 tamen,
819 735 855 757 ut
880 725 1033 766 supellex,

198 782 266 803 uam
291 772 480 811 relinqueret
498 793 507 808 ,
537 770 619 801 inter
638 768 768 800 Luciam
785 791 794 807 ‚
831 767 987 799 Maevium
1005 765 1035 796 &

173 812 180 820 '
195 813 300 844 ‘itium
318 812 414 852 aequis
433 811 573 851 partibus
588 810 798 847 divideretur,
822 808 844 840 fi
861 816 964 839 tamen
975 806 1035 838 Lu-

172 854 224 884 cia
241 861 383 894 tempore
402 851 512 884 mortis
529 851 588 884 suae
607 851 709 883 adhuc
728 851 759 882 in
786 850 872 881 India
892 848 1036 884 haereret,

171 902 209 926 ut
228 895 323 927 triens
342 893 556 935 supellectilis,
581 902 670 934 quam
685 889 748 933 ipsa
763 890 897 931 praesens
914 888 1035 920 habuis-

135 955 136 959 «
173 935 222 982 set
238 958 248 974 ,
272 936 399 967 cederet
420 934 515 966 Titio
533 933 741 972 „numeratis
765 931 875 964 Luciae
897 940 955 971 pro
979 929 1037 960 illo

173 985 289 1008 triente
310 986 384 1017 500.
410 976 493 1008 Mox
514 975 654 1007 omnium
675 973 895 1015 legatariorum
909 972 937 1003 ὅ(
952 971 1037 1002 here-

173 1018 220 1049 dis
242 1018 287 1049 sui
313 1018 429 1051 liberos
453 1016 632 1058 parentibus
656 1015 715 1048 suis
739 1014 909 1056 vulgariter
930 1009 1038 1044 substi-

174 1059 255 1098 tuit,
280 1059 310 1091 &
332 1058 516 1091 testamento
532 1064 645 1095 cavet,
669 1065 703 1088 ut
723 1056 792 1096 jure
814 1055 938 1096 optimo
954 1053 1037 1084 vale-

175 1108 224 1132 ret
238 1123 249 1139 ,
272 1100 482 1141 quodcunque
506 1099 636 1137 deinde,
670 1098 763 1129 ctiam
785 1097 910 1137 privato
933 1094 1037 1125 chiro-

174 1141 294 1183 grapho
307 1165 316 1180 ‚
342 1142 535 1182 praeciperet.
581 1139 763 1179 Sempronia
778 1138 832 1169 diu
850 1136 1037 1169 testamento

174 1183 231 1215 suo
258 1182 433 1223 supervivit
451 1205 460 1217 ,
491 1181 520 1213 &
538 1190 574 1211 ea
594 1180 668 1212 viva
682 1178 847 1211 defunctus
864 1176 909 1208 est
928 1175 1038 1208 Titius

173 1224 284 1263 heres,
316 1223 431 1256 relictis
451 1222 556 1255 liberis
571 1243 583 1260 ‚
612 1220 778 1253 defunctus
798 1218 940 1250 Maevius
956 1217 1036 1256 lega-

174 1266 288 1305 tarius,
325 1264 441 1297 relictis
469 1264 561 1294 etiam
592 1262 711 1293 duobus
730 1260 852 1298 liberis,
878 1257 928 1289 sed
947 1257 1037 1288 valde

173 1307 297 1338 minore
313 1306 414 1337 adhuc
434 1312 547 1341 aetate,
579 1303 609 1334 &
625 1301 746 1333 reversa
765 1310 805 1332 ex
823 1299 909 1332 India
925 1297 1035 1329 Lucia.

175 1348 259 1392 Quae
276 1357 347 1379 cum
365 1344 566 1383 accidiffent‚
590 1341 772 1383 Sempronia
794 1352 824 1379 9.
843 1340 920 1379 Maj.
946 1348 1034 1379 1704.

174 1389 300 1430 privato
326 1385 535 1426 chirographo
559 1384 720 1425 praecipit:
752 1384 803 1414 dat
828 1383 860 1412 de
885 1380 1037 1412 Kinderen

176 1440 239 1461 van
256 1431 328 1460 haar
345 1428 430 1468 Neef
448 1426 577 1458 Maevius
593 1435 658 1456 eens
674 1435 741 1456 voor
762 1425 835 1455 haar
855 1423 954 1454 beiden
971 1430 1038 1452 zorc-

176 1473 232 1502 den
250 1475 359 1501 moeten
376 1474 403 1500 te
423 1469 530 1500 vreden
547 1477 604 1508 zyiz
621 1472 678 1497 met
696 1475 769 1506 500.
796 1474 878 1496 rizaar
895 1465 946 1494 dat
963 1463 1037 1493 haar

175 1512 259 1554 Nigr
281 1511 380 1543 Lucia
404 1515 462 1542 met
483 1510 517 1541 de
541 1509 692 1541 Kimieren
714 1517 776 1538 van
793 1507 865 1538 haar
887 1503 972 1544 Neef
990 1503 1037 1534 Τι’-

175 1556 234 1585 zius
251 1559 278 1584 te
287 1553 392 1594 samen
418 1552 526 1583 zouden
552 1550 667 1587 deilen,
689 1549 720 1580 in
744 1546 919 1580 continenti
936 1553 1039 1577 tamen

173 1595 336 1636 excipiens
350 1593 450 1625 varias
468 1591 586 1634 species
609 1590 830 1631 supellectilis,
853 1597 928 1629 quas
945 1585 1040 1618 variis

174 1636 307 1679 legabat.
353 1634 471 1673 Lucia,
496 1632 565 1673 post
586 1640 722 1664 mortem
747 1629 940 1671 Semproniae
955 1651 965 1667 ,
989 1627 1040 1658 de-

175 1678 280 1713 fendit
298 1701 309 1717 ,
347 1676 426 1709 hanc
449 1675 634 1716 scripturam
650 1697 659 1713 ,
693 1672 834 1714 quamvis
860 1670 1011 1712 privatam
1028 1691 1038 1707 ‚

175 1719 310 1763 pendere
338 1727 379 1750 ex
406 1717 593 1750 testamento
612 1737 623 1753 ,
656 1721 751 1755 atque
773 1713 851 1745 adeo
883 1711 948 1752 ejus
972 1710 1041 1750 jure

176 1760 339 1795 subsistere
355 1783 365 1799 ,
398 1760 428 1792 &
454 1767 551 1800 porro
574 1756 736 1794 defendit,
758 1754 906 1795 adempto
925 1750 1040 1784 Maevii

175 1803 283 1836 liberis
307 1801 412 1843 legato
435 1799 603 1831 duodecim
631 1797 764 1829 millium
781 1820 791 1835 ,
823 1795 855 1827 se
880 1794 944 1832 his,
970 1801 1041 1833 quae

176 1843 325 1881 exhibui,
347 1841 474 1879 verbis,
497 1849 554 1882 pro
575 1837 694 1871 semisse
714 1837 901 1869 coheredem
916 1834 978 1866 esse
993 1833 1042 1864 da-

175 1895 242 1919 tam
261 1884 369 1917 liberis
394 1883 500 1921 Titii,
530 1881 604 1922 quia
626 1880 748 1918 dixerat
766 1877 967 1919 Sempronia,
992 1875 1043 1905 dat

178 1938 216 1969 zy
233 1933 260 1959 te
281 1935 383 1958 zamerz
404 1924 512 1956 zozcden
529 1923 625 1954 deilen
637 1944 648 1960 ,
676 1921 760 1962 quod
778 1929 842 1952 non
859 1918 960 1960 poffet
978 1925 1043 1948 non

178 1968 314 2009 intelligi
333 1967 388 1999 nisi
404 1966 442 1997 de
460 1965 583 2006 integra
598 1963 769 1994 hereditate
781 1984 792 2000 ,
803 1960 855 1992 sed
863 1959 954 1992 liberi
972 1966 1045 2003 cum

174 2010 312 2047 Maevii,
337 2017 404 2039 tum
430 2006 515 2038 Titii
544 2004 732 2042 defendunt,
756 2012 795 2035 ex
819 2011 874 2040 ea,
897 2010 966 2042 quae
983 1999 1046 2031 illis

175 2050 279 2083 verbis
294 2050 434 2088 additur,
468 2046 659 2088 exceptione
678 2068 690 2083 ,
719 2045 792 2077 satis
809 2042 967 2079 constare,
993 2040 1046 2071 illa

177 2092 330 2124 duntaxat
344 2089 501 2129 pertinere
514 2112 525 2127 ,
545 2088 584 2119 ad
600 2087 785 2119 divisionem
801 2081 1023 2125 suppellectilis
1034 2104 1044 2120 ,

176 2132 413 2173 Semproniam,
444 2139 515 2170 quae
533 2128 596 2170 ipsa
623 2126 863 2168 chirographum
884 2124 937 2156 sua
953 2131 1046 2155 manu

176 2173 339 2215 scripserat
355 2194 366 2210 ‚
396 2171 497 2202 minus
521 2177 666 2201 accurate
690 2167 781 2200 fuiffe
802 2168 962 2207 loquutam
977 2186 988 2202 ,
1011 2170 1046 2194 ut

179 2217 210 2248 &
226 2215 327 2246 minus
349 2220 494 2244 accurate
510 2212 641 2252 loquuta
665 2217 730 2241 erat
749 2209 779 2240 in
799 2208 868 2239 aliis
887 2207 969 2238 illius
982 2205 1048 2236 chi-

178 2256 325 2298 rographi
341 2253 497 2295 partibus,
524 2251 575 2284 sed
594 2260 657 2283 non
678 2248 840 2282 exclusisse
855 2248 970 2281 liberos
987 2246 1045 2278 Ti-

180 2299 219 2330 tii
244 2308 261 2329 a
290 2304 358 2328 tota
385 2294 558 2325 hereditate
574 2317 584 2332 ,
615 2292 667 2323 vel
691 2292 806 2324 liberos
823 2289 953 2327 Maevii,
978 2287 1044 2329 qui-

178 2341 310 2372 buscum
333 2336 453 2376 semper
483 2335 584 2367 amice
607 2334 751 2370 vixerat,
773 2342 790 2363 a
805 2333 910 2372 legato
928 2329 1044 2361 duode-

178 2381 242 2412 cim
258 2378 410 2416 millium,
433 2375 646 2417 Semproniam
670 2375 823 2405 duntaxat
838 2371 988 2409 voluisse,
1005 2378 1046 2401 ne

177 2421 272 2455 liberi
291 2419 426 2456 Maevii,
454 2418 528 2459 qui,
551 2424 663 2458 utpote
686 2415 774 2447 valde
793 2413 930 2445 minores
944 2411 1044 2452 supel-

178 2463 285 2496 1061110
310 2470 373 2493 non
402 2459 602 2499 indigebant,
627 2458 693 2498 ejus
710 2457 856 2488 trientem
879 2454 1046 2490 haberent,

179 2514 217 2536 ut
236 2502 424 2535 testamento
437 2501 562 2541 J'uss'erat
573 2522 585 2538 ,
608 2497 660 2530 sed
683 2498 756 2530 loco
776 2496 899 2529 trientis
916 2502 1045 2526 conten-

181 2546 206 2578 ti
225 2544 325 2576 essent
340 2553 413 2583 500.
440 2551 519 2584 quos
532 2541 614 2583 ipsos
631 2540 757 2578 Luciae,
770 2539 791 2571 fi
807 2539 839 2571 in
861 2537 949 2569 India
960 2545 1045 2567 man-

178 2586 279 2623 fiffec,
310 2594 367 2624 pro
391 2583 446 2617 suo
473 2583 589 2615 triente
611 2582 787 2623 legaverat,
810 2581 839 2612 &
856 2587 981 2610 omnem
999 2576 1045 2608 su-

179 2626 369 2670 peilestilem
394 2634 478 2656 nunc
501 2624 680 2655 dividerent
701 2622 801 2654 Lucia
827 2621 856 2653 dc
880 2618 1046 2652 1111011Τί-

180 2669 231 2701 tii.
277 2665 360 2698 Haec
389 2664 582 2706 Semproniae
608 2673 696 2695 mens
721 2663 814 2694 etiam
830 2661 955 2693 aliunde
974 2658 1046 2690 affa-

182 2711 241 2741 tim
260 2705 444 2745 constabat,
469 2705 536 2737 3111
553 2705 592 2736 de
607 2713 642 2736 ea
659 2713 723 2735 non
742 2703 813 2735 satis
837 2701 1045 2738 constitiffet,

183 2752 215 2783 ἃ
241 2749 343 2792 palam
369 2746 550 2788 Sempronia
578 2745 636 2778 illo
658 2743 867 2785 chirographo
895 2741 1048 2774 semiffem

181 2789 366 2824 hereditatis
379 2811 390 2827 ,
411 2788 517 2820 liberis
535 2787 618 2819 Titii
647 2785 847 2826 ademptum,
870 2782 978 2814 Luciae
996 2790 1047 2813 co-

180 2840 285 2874 gnatae
304 2829 453 2868 dedisset,
477 2829 599 2870 prolixe
619 2825 810 2867 disputatum
827 2823 889 2863 est,
914 2823 1046 2863 ejusmo-

181 2875 214 2906 di
232 2873 404 2912 scriptura,
427 2870 513 2902 omni
529 2868 728 2901 solemnitate
739 2866 906 2903 destituta,
928 2872 1048 2905 partem

182 2913 386 2949 hereditatis,
417 2921 478 2944 non
503 2917 685 2948 vacantem,
723 2917 781 2940 nec
795 2907 888 2939 adimi
906 2914 965 2937 ncc
982 2904 1046 2936 dari

180 2954 328 2996 potuisse.
374 2953 472 2985 Lucia
500 2952 606 2993 copias
628 2950 695 2982 suas
712 2957 823 2981 contra
845 2946 1019 2988 explicabat
1036 2968 1046 2984 ‚

179 2996 233 3028 sed
248 2996 385 3028 minores
402 3002 532 3029 numero
555 2993 585 3025 &
610 2991 757 3033 pondere.
803 2986 936 3031 Repulsa
953 2987 1048 3028 igitur

184 3037 230 3068 est
244 3037 323 3077 apud
340 3035 466 3075 Judices
491 3031 816 3070 Rotterdammenses,
842 3030 894 3063 ubi
934 3029 1045 3061 rimum

185 3078 226 3110 lis
242 3078 307 3109 atta
331 3083 416 3115 erat,
450 3085 500 3115 24.
519 3075 593 3117 Apr.
617 3083 707 3115 1710.
732 3074 763 3106 δε
778 3082 817 3107 011
835 3070 1045 3115 appelatione

893 112 969 140 ‘VA
994 113 1018 139 N

224 3190 287 3229 (3)
307 3189 416 3230 observ.
442 3190 559 3225 Tumult.
582 3189 615 3225 T.
630 3190 682 3223 lv.
702 3198 729 3222 n.
746 3191 809 3225 870·

1080 101 1687 139 BYNKERSHOEK

1075 190 1156 231 apud
1182 189 1305 222 Curiam
1331 199 1360 226 9.
1386 188 1484 220 Mart.
1513 192 1600 229 1716.
1637 188 1667 220 &
1694 189 1773 228 apud
1787 189 1931 225 Senatum

1075 232 1256 271 Supremum
1282 234 1313 262 6.
1336 230 1437 262 Mart.
1467 239 1555 270 1720.
1582 228 1651 269 (4).
1696 231 1812 263 Omnes
1828 240 1932 266 autem

1075 273 1240 305 Senatores
1262 281 1324 304 uno
1352 280 1405 302 ore
1427 269 1620 302 affirmabant
1637 293 1647 308 ‚
1679 270 1717 302 de
1732 270 1874 304 Clausula
1891 283 1934 305 re-

1075 313 1261 353 servatoria‚
1284 312 1338 345 nifi
1355 311 1438 352 quod
1455 311 1491 342 ad
1509 312 1643 351 legatum
1655 310 1851 352 supellectilis
1863 337 1871 350 ‚
1885 314 1937 346 liic

1075 355 1277 386 laborandum
1295 364 1359 385 non
1378 352 1459 390 effe,
1481 352 1510 384 ἂ
1529 353 1567 382 110
1583 351 1691 392 legatis
1703 353 1807 384 valere
1821 354 1935 388 totiens

1075 404 1158 426 1111110
1180 396 1350 435 judicatum
1370 393 1453 431 effe,
1477 400 1511 424 ut
1527 392 1641 425 frustra
1662 393 1699 424 fit
1714 403 1749 424 ea
1767 394 1806 425 de
1820 404 1853 426 re
1874 405 1934 427 am·
1963 389 1965 392 ⁴

1074 436 1156 482 plius
1175 436 1268 468 verba
1284 435 1430 476 perdere,
1455 442 1594 465 ceterum
1607 457 1617 472 ,
1649 433 1671 465 fi
1690 434 1729 465 de
1748 444 1834 475 parte
1849 436 1934 468 here-

1074 477 1179 508 ditatis
1195 485 1337 518 ageretur
1353 499 1362 514 ,
1398 485 1505 507 omnes
1527 474 1759 516 significabant,
1781 485 1847 508 eam
1871 487 1935 511 non

1075 517 1213 550 sufficere
1242 518 1279 549 ad
1303 517 1490 548 coheredem
1515 517 1647 548 dandum
1665 539 1674 554 ,
1706 515 1756 548 sed
1781 518 1857 549 tanti
1877 518 1937 551 esse

1075 568 1139 591 non
1164 560 1313 600 putabant
1331 580 1343 597 ,
1375 565 1410 589 ut
1439 567 1524 590 nunc
1548 558 1685 589 rationes
1701 556 1762 589 suae
1777 557 1934 593 sententie

1075 601 1281 641 explicarent.

1119 641 1236 673 Lucius
1262 641 1371 674 Titius
1396 651 1444 683 27.
1473 641 1543 681 Jun.
1568 649 1657 681 1719.
1682 649 1787 672 coram
1802 639 1936 675 Notario

1077 685 1107 716 dt
1124 682 1247 714 duobus
1261 682 1387 715 testibus
1407 706 1418 722 ,
1449 681 1636 713 testamento
1659 682 1808 721 condito,
1838 683 1937 716 decla-

1077 733 1146 764 rat,
1178 723 1208 755 se
1235 733 1306 756 eum
1332 734 1427 756 eosve
1444 723 1589 754 heredem
1605 722 1771 754 heredesve
1786 724 1936 764 scribere,
1963 722 1966 727 ’

1078 768 1123 798 die
1140 768 1175 807 hy
1189 775 1241 796 een
1256 766 1347 796 nader
1367 765 1442 797 Abte
1453 787 1464 802 ,
1486 770 1538 804 ayt
1553 765 1656 805 kragte
1675 774 1735 795 van
1750 766 1782 796 de
1803 765 1935 802 Clausule

1078 807 1251 849 reservatoir
1267 831 1276 846 ,
1309 807 1371 838 hier
1392 817 1432 837 na
1454 812 1480 837 te
1502 805 1667 845 insereren,
1691 807 1775 837 zoude
1791 808 1889 838 komen
1906 813 1934 839 te

1078 858 1206 881 noemen.
1258 848 1343 880 Mox
1370 847 1477 888 adjicit
1497 845 1664 878 clausulam
1684 846 1936 888 reservatoriam,

1081 891 1111 922 &
1138 888 1241 921 mense
1266 889 1427 930 sequenti,
1451 897 1561 928 nempe
1579 891 1629 919 26.
1650 887 1709 927 Jul.
1728 897 1817 928 1719.
1838 889 1938 929 priva-

1081 931 1359 978 to.chirographo‚
1393 930 1477 971 quod
1494 928 1556 969 ipse
1575 938 1667 960 manu
1695 927 1747 960 1113
1761 928 1940 970 scripserat,

1080 982 1192 1014 01110110
1211 981 1326 1004 nomen
1345 971 1432 1003 suum
1451 969 1692 1011 subscripserat,
1716 970 1941 1012 Semproniam,

1082 1014 1256 1054 Cognatam
1288 1014 1397 1052 suam,
1439 1012 1580 1043 nominat
1611 1011 1781 1050 heredem,
1817 1012 1846 1043 ὅ(
1873 1012 1941 1044 aliis

1081 1055 1252 1095 Cognatis,
1277 1064 1362 1094 aeque
1381 1053 1542 1093 ceteroqui
1558 1052 1596 1083 ab
1616 1052 1763 1084 intestato
1779 1053 1806 1084 ei
1823 1053 1943 1085 succes-

1080 1096 1174 1134 suris,
1199 1095 1298 1126 varias
1318 1095 1449 1127 summas
1467 1095 1558 1134 legat.
1605 1092 1678 1125 Post
1701 1102 1835 1126 mortem
1851 1093 1944 1126 Lucii

1079 1136 1239 1182 Titii-alii
1264 1136 1308 1168 illi
1334 1136 1492 1177 Cognati,
1522 1135 1592 1165 data
1609 1135 1750 1175 apocha,
1773 1135 1873 1176 legata
1889 1133 1942 1166 sua

1080 1178 1261 1218 accipiunt,
1286 1177 1336 1208 sed
1349 1177 1419 1218 post
1435 1176 1620 1208 nonnullum
1638 1176 1786 1218 temporis
1814 1176 1945 1207 1136111111

1081 1219 1136 1251 fibi
1159 1217 1340 1258 persuadent
1359 1241 1370 1256 ‚
1405 1227 1444 1248 eo
1472 1217 1598 1257 privato
1625 1217 1832 1258 chirographo
1855 1217 1942 1248 here-

1081 1259 1152 1290 dem
1164 1259 1326 1304 ⁸nominari
1347 1268 1411 1290 non
1427 1256 1577 1295 potuiss'e,
1603 1257 1633 1288 δι
1652 1257 1701 1296 se,
1719 1258 1944 1298 301103οὃ001-

1079 1308 1221 1346 proniam
1235 1322 1244 1336 ,
1268 1299 1306 1330 ab
1322 1298 1469 1330 intestato
1495 1297 1660 1330 succedere
1679 1307 1825 1339 oportere
1841 1297 1944 1330 Lucio

1079 1341 1184 1373 Titio.
1231 1339 1279 1372 Ex
1304 1339 1519 1371 conventione
1548 1339 1681 1377 partium
1700 1338 1787 1371 causa
1801 1339 1837 1370 ad
1855 1339 1946 1371 Sena-

1081 1391 1149 1414 tum
1163 1379 1321 1420 defertur,
1347 1381 1377 1413 &
1394 1380 1506 1421 reliqui
1525 1379 1572 1411 illi
1590 1378 1726 1420 Cognati
1743 1380 1944 1412 00111138οω-

1080 1423 1222 1465 proniam
1244 1431 1339 1463 agunt
1359 1423 1396 1454 ad
1421 1430 1541 1463 partes,
1575 1420 1628 1452 sibi
1646 1421 1682 1452 ab
1701 1419 1848 1452 intestato
1864 1421 1946 1454 debi-

1082 1474 1128 1497 tas
1148 1487 1159 1502 ,
1189 1464 1218 1495 &
1249 1463 1337 1496 simul
1361 1464 1532 1504 implorant
1559 1461 1790 1494 restitutionem
1813 1463 1844 1494 in
1866 1463 1945 1494 inte-

1081 1515 1170 1548 grum
1188 1512 1299 1536 contra
1316 1505 1468 1545 apochas,
1483 1503 1594 1545 quibus
1616 1503 1772 1544 privatum
1789 1503 1864 1536 illud
1879 1504 1945 1536 chi-

1081 1546 1268 1588 rographum
1289 1554 1502 1587 31111011013111,
1526 1545 1556 1576 &
1583 1544 1683 1585 legata
1698 1544 1747 1577 sua
1762 1543 1793 1577 se
1809 1545 1946 1586 accepis-

1082 1590 1112 1622 se
1130 1587 1256 1629 professi
1272 1594 1369 1619 erant.
1422 1585 1603 1628 Sempronia
1630 1585 1774 1626 petitioni
1793 1585 1948 1618 contradi-

1082 1631 1138 1663 cit.
1184 1628 1359 1671 Quaefitum
1378 1627 1443 1667 est,
1476 1627 1551 1669 quid
1573 1627 1674 1667 juris?
1697 1625 1789 1658 Hanc
1827 1626 1947 1660 uaestio-

1082 1681 1154 1704 nem
1181 1672 1243 1704 ess'e
1263 1670 1480 1711 explicandam
1504 1678 1542 1700 ex
1569 1668 1684 1708 regulis
1709 1667 1789 1708 Juris
1845 1667 1949 1700 omani

1083 1713 1214 1755 probavi
1235 1712 1304 1752 Cap.
1319 1717 1406 1752 praec.
1422 1711 1453 1743 &
1467 1720 1507 1742 ex
1526 1710 1563 1742 iis
1579 1709 1693 1748 effeci,
1709 1709 1865 1741 codicillis
1883 1709 1950 1751 qui-

1084 1756 1154 1786 dem
1175 1755 1205 1787 61
1222 1752 1437 1793 chirographis
1463 1761 1583 1783 novum
1612 1751 1754 1782 heredem
1773 1749 1865 1783 scribi
1884 1759 1949 1783 non

1084 1794 1191 1838 posse,
1225 1794 1278 1828 sed
1300 1793 1388 1835 poss'e
1414 1793 1548 1834 exprimi
1571 1801 1686 1824 nomen
1704 1791 1823 1823 heredis
1842 1791 1951 1824 velle-

1085 1837 1193 1879 gatarii
1203 1859 1214 1875 ,
1236 1835 1335 1877 priori
1353 1833 1542 1866 testamento
1559 1833 1596 1864 ad
1611 1832 1814 1864 hereditatem
1832 1832 1884 1864 vel
1904 1832 1949 1864 10-

1086 1886 1193 1920 gatum
1212 1877 1329 1908 vocati.
1376 1876 1411 1908 ln
1426 1876 1483 1908 hac
1501 1874 1604 1916 specie
1622 1874 1725 1906 nullus
1744 1873 1831 1905 lieres
1847 1873 1949 1905 nomi-

1085 1920 1184 1952 natim
1205 1918 1338 1959 scriptus
1360 1925 1427 1949 erat
1453 1916 1545 1957 priori
1562 1914 1767 1952 testamento,
1789 1914 1950 1955 alioquin,

1087 1960 1172 2002 quod
1197 1959 1378 1992 solemniter
1403 1958 1503 1990 36111111
1525 1956 1590 1995 est,
1615 1955 1746 1988 rescindi
1768 1965 1830 1988 non
1851 1955 1950 1997 poffet

1087 2002 1210 2044 privata
1234 2000 1404 2041 scriptura,
1429 2008 1461 2031 at
1484 1998 1668 2039 fimpliciter
1686 1998 1711 2030 is
1739 2004 1805 2029 erat
1829 1995 1950 2028 institu-

1088 2052 1154 2082 tus,
1177 2042 1262 2082 cuius
1276 2050 1390 2073 nomen
1406 2040 1519 2072 deinde
1538 2039 1781 2080 exprimeretur,
1799 2037 1899 2079 quod,
1916 2046 1952 2070 ut

1088 2085 1178 2125 supra
1195 2083 1282 2121 dixi,
1306 2082 1401 2121 licet,
1424 2081 1519 2112 etiam
1537 2090 1601 2112 non
1618 2080 1752 2111 multum
1777 2078 1951 2120 refragante

1089 2126 1255 2158 Advocato
1278 2123 1373 2164 partis
1397 2121 1543 2154 adversae.
1590 2121 1674 2158 Sed,
1699 2120 1856 2162 inquiebat
1871 2121 1949 2160 ille,

1089 2168 1119 2200 δε
1143 2176 1221 2199 1111113
1246 2173 1370 2206 quoque
1394 2163 1475 2205 apud
1499 2172 1556 2195 nos
1588 2163 1740 2199 Senator,
1771 2161 1802 2192 id
1825 2161 1951 2202 quidem

1089 2208 1234 2239 obtinere
1257 2208 1290 2238 in
1315 2204 1506 2238 testamentis
1533 2203 1677 2244 scriptis,
1699 2202 1738 2234 de
1752 2202 1863 2243 quibus
1878 2201 1952 2234 solis

1089 2247 1307 2288 intelligebant
1333 2246 1433 2287 Leges
1455 2246 1612 2277 Romanas
1636 2245 1668 2276 in
1687 2244 1749 2275 hoc
1766 2251 1948 2284 argumento

1086 2290 1246 2328 adductas,
1271 2287 1357 2321 secus
1375 2294 1480 2318 autem
1494 2285 1556 2318 esse
1571 2287 1602 2318 in
1629 2284 1820 2316 testamentis
1836 2293 1952 2317 nuncu-

1087 2331 1202 2372 pativis
1215 2355 1224 2368 ,
1248 2330 1280 2361 in
1296 2329 1407 2370 quibus
1427 2328 1516 2359 heres
1534 2327 1634 2368 palam
1652 2325 1698 2357 est
1717 2326 1950 2366 nuncupandus,

1087 2373 1130 2405 sic
1144 2379 1180 2403 ut
1194 2381 1211 2402 a
1227 2370 1356 2402 testibus
1378 2369 1517 2402 exaudiri
1535 2367 1628 2409 poffit
1649 2367 1670 2398 l.
1685 2376 1734 2398 21.
1755 2372 1803 2407 pr.
1821 2365 1862 2407 ff.
1885 2365 1950 2413 Qui

1088 2411 1200 2455 testam.
1218 2413 1285 2453 fac.
1303 2410 1371 2452 poff.
1397 2411 1426 2442 &
1445 2409 1549 2442 nostra
1565 2408 1764 2446 testamenta,
1786 2416 1850 2439 non
1869 2409 1952 2438 clau-

1087 2455 1138 2493 sa,
1160 2464 1218 2496 pro
1234 2452 1456 2493 nuncupativis
1473 2451 1534 2482 eise
1550 2449 1706 2487 habenda,
1730 2447 1770 2480 fic
1785 2447 1866 2479 enim
1881 2447 1950 2479 vul-

1088 2506 1130 2538 go
1155 2495 1285 2534 haberi,
1327 2494 1358 2525 in
1382 2491 1601 2533 nuncupativis
1625 2488 1813 2521 testamentis
1836 2486 1951 2520 frustra

1089 2536 1201 2569 referri
1224 2536 1261 2568 ad
1285 2535 1437 2576 privatam
1464 2532 1642 2573 scripturam
1660 2553 1670 2568 ‚
1701 2536 1736 2559 ut
1762 2537 1802 2560 ex
1817 2537 1853 2559 ca
1874 2529 1950 2570 quid

1088 2579 1193 2610 valeat
1213 2601 1222 2617 ,
1254 2585 1326 2608 cum
1350 2575 1457 2615 utique
1478 2574 1595 2615 privata
1621 2569 1770 2610 scriptura
1785 2569 1863 2601 nihil
1882 2569 1952 2610 plus

1089 2620 1179 2662 poffit
1195 2618 1333 2656 efficere,
1358 2624 1448 2657 quam
1463 2612 1561 2655 ipsum
1579 2609 1816 2649 testamentum,
1832 2609 1863 2642 in
1875 2619 1952 2651 quo,

1089 2660 1239 2702 quicquid
1256 2657 1451 2700 praecipitur,
1474 2664 1491 2686 a
1503 2651 1631 2684 testibus
1651 2652 1877 2683 exaudiendum
1895 2649 1952 2691 est,

1091 2703 1246 2744 privatum
1263 2707 1367 2731 autem
1386 2693 1625 2736 chirographum
1642 2692 1722 2724 solet
1739 2692 1830 2724 scribi
1847 2701 1948 2725 remo-

1091 2744 1131 2775 tis
1149 2741 1284 2774 testibus.
1330 2739 1433 2778 Atque
1455 2736 1521 2767 haec
1538 2743 1621 2765 nova
1637 2742 1748 2765 contra
1775 2732 1951 2766 Clausulam

1090 2781 1339 2816 Reservatoriam
1365 2776 1500 2817 objectio
1523 2774 1577 2806 est.
1633 2774 1728 2806 Nova
1744 2773 1848 2805 fateor
1862 2796 1874 2813 ,
1896 2772 1947 2806 sed

1091 2834 1154 2856 non
1169 2824 1261 2854 bona.
1306 2819 1382 2852 Non
1398 2817 1523 2850 memini
1545 2816 1634 2853 sanc,
1657 2825 1706 2848 me
1727 2824 1819 2847 unum
1838 2814 1952 2846 Aucto-

1091 2875 1157 2897 rem
1173 2862 1329 2904 reperire,
1372 2859 1422 2897 ui,
1446 2857 1531 2899 quod
1545 2857 1583 2888 110
1605 2856 1748 2889 Clausula
1768 2854 1950 2887 Refer-vato-

1090 2906 1153 2944 ria,
1176 2904 1237 2937 slve
1256 2903 1335 2934 benc
1366 2909 1415 2933 ive
1438 2899 1537 2937 male,
1567 2898 1736 2939 placuerit,
1761 2897 1851 2928 unice
1869 2896 1950 2929 refe-

1090 2955 1138 2978 rat
1154 2946 1191 2977 ad
1208 2943 1390 2975 testamenta
1405 2939 1505 2972 clausa
1517 2964 1526 2979 ‚
1544 2949 1619 2978 1100,
1641 2939 1662 2971 11
1679 2947 1784 2970 verum
1800 2947 1951 2978 amamus,

1090 2988 1127 3019 ad
1155 2996 1191 3018 ea
1219 2985 1310 3016 unice
1335 2981 1532 3014 referendum
1548 2979 1593 3012 est
1606 3003 1616 3018 ,
1639 2978 1740 3012 nostra
1756 2980 1838 3009 enim
1856 2977 1946 3010 testa-

1089 3035 1213 3064 menta,
1243 3024 1360 3056 etiamsi
1388 3032 1451 3054 non
1467 3021 1587 3060 clausa,
1612 3021 1742 3053 omnino
1763 3018 1831 3050 sunt
1854 3019 1948 3052 mixti

1086 3068 1206 3112 generis
1225 3090 1235 3106 ,
1268 3066 1348 3098 uude
1371 3064 1400 3096 δι
1419 3063 1520 3095 forma
1539 3064 1569 3095 &
1591 3060 1788 3102 jurejurando
1805 3059 1950 3093 Notario-

1516 3112 1520 3116 ·
1883 3111 1948 3134 rum

1131 3182 1192 3221 (4)
1215 3180 1323 3222 Obfirv.
1347 3178 1462 3210 Tumult.
1485 3177 1598 3209 T.V11.
1617 3176 1747 3206 N.1611.
