2008 3436
395 125 806 162 CORNELII
872 134 979 161 VAN

141 212 332 243 frumentum
348 207 496 245 corrodi,
523 207 551 238 ὅ(
568 207 612 237 ita
628 206 660 237 in
681 205 819 251 reliquis.
865 205 944 244 Sed,
970 212 1005 236 ut

142 252 226 289 dixi,
251 259 313 280 11011
339 256 436 289 usque
458 248 535 279 adeo
559 247 659 286 reste,
685 256 756 278 nam
781 246 914 287 lpeciem
932 255 1005 277 cum

137 293 273 322 dicimus
290 313 299 328 ,
331 289 459 320 eandem
490 289 695 328 intelligimus
712 311 721 326 ‚
753 287 860 318 eadem
883 287 1005 319 bonita-

139 342 190 370 te,
216 340 279 362 non
304 338 502 371 corruptam,
527 338 654 360 centum
678 329 774 359 modii
798 328 837 359 V.
857 326 897 358 G.
924 328 1005 359 triti-

140 373 170 403 ci
191 371 292 403 Africi
303 372 448 413 optimi,
475 372 527 412 qui
553 370 573 401 fi
596 369 660 400 dati
684 369 762 408 fint,
795 378 830 399 ea
853 367 917 414 ipsa
942 367 1006 408 spe-

140 413 189 444 cie
213 412 332 454 semper
356 421 474 453 queunt
498 411 600 449 reddi,
627 410 687 441 hoc
712 409 775 448 est,
801 410 945 440 bonitate
959 418 1007 439 ea-

140 454 212 486 dem
228 478 238 493 ,
270 463 422 494 corrupto
454 461 586 492 namque
617 450 798 489 frumento,
822 450 917 481 etiam
942 448 1006 490 spe-

137 497 202 527 cies
225 496 453 535 corrumpitur,
479 501 572 533 atque
595 492 672 523 adeo
705 501 740 522 ea
769 491 853 523 reddi
878 491 1005 532 nequit,

136 539 257 579 proprie
279 538 356 567 enim
380 538 494 566 dicitur
523 544 571 565 res
597 543 654 564 non
675 534 794 564 reddita
811 555 822 571 ,
846 543 909 572 quse
927 537 1004 564 aete-

137 581 203 611 τίον
225 579 364 609 redditur
394 579 414 608 l.
431 588 461 617 13.
493 577 520 616 §.
543 585 568 606 1.
594 575 636 616 ff,
659 575 802 606 Commod.
847 574 947 614 Igitur
970 584 1006 605 ea

140 620 263 651 ratione
292 628 355 649 non
387 619 463 649 licet
493 618 597 648 dicere
615 639 626 655 ,
657 615 823 657 fungibilia
851 615 949 656 magis
972 615 1005 646 in

138 670 268 702 genere,
302 669 393 700 quam
421 658 522 700 specie
543 657 735 690 solucionem
757 658 920 697 recipere,
953 654 1005 686 sed

143 144 188 179 30

762 754 1115 791 CAPU'T

1042 123 1653 161 BYNKERSHOEK

1049 203 1127 235 illud
1141 205 1239 245 magis
1255 202 1300 235 est
1317 212 1357 234 ex
1373 201 1429 234 usu
1447 202 1477 234 <St
1499 202 1755 235 contrahentium
1778 204 1893 236 animo.

1092 243 1197 285 Atque
1218 254 1259 276 ex
1280 245 1328 276 his
1352 244 1466 285 opinor
1490 243 1651 282 constare,
1683 244 1832 284 Jacobum
1849 244 1917 276 Go-

1051 284 1233 317 thofredum
1250 286 1335 318 Libr.
1352 289 1386 317 de
1408 285 1516 316 Eune.
1538 285 1574 320 ὅ)
1601 286 1707 326 oequal.
1728 288 1760 317 in
1781 294 1854 319 mut.
1879 287 1917 318 ad

1051 328 1080 358 h.
1109 327 1130 357 l.
1157 336 1186 358 2.
1219 328 1247 368 §.
1268 336 1294 358 1.
1324 334 1356 368 p.
1378 331 1428 361 28.
1461 327 1601 368 &seqq.
1634 336 1692 368 pro
1715 330 1918 370 quamspecie

1051 377 1212 409 perperam
1238 369 1340 410 legere
1363 379 1384 399 ae
1407 379 1476 400 uam
1486 369 1588 410 specie
1606 391 1615 407 ,
1651 368 1715 400 five
1747 379 1830 411 aeqzca
1847 371 1917 410 spe-

1051 411 1094 440 cie
1107 419 1118 446 3
1140 419 1175 440 ac
1198 409 1218 442 fi
1244 409 1370 441 dixisset
1419 410 1524 450 aulus,
1559 420 1624 442 rem
1639 418 1751 442 mutuo
1768 412 1870 443 datam
1885 412 1919 443 in

1051 460 1163 491 genere
1185 451 1246 482 esse
1269 451 1454 483 reddendam
1478 452 1508 483 ὅ(
1531 451 1720 495 equaspecie
1742 453 1760 484 i.
1776 462 1803 484 e.
1829 463 1855 484 ze
1880 462 1920 484 ue

1051 492 1142 523 bona.
1188 492 1264 532 Ejus
1294 493 1355 523 viri
1386 492 1596 526 eruditionem
1628 492 1764 536 suspicio
1794 495 1823 525 δε
1883 503 1916 524 11-

1050 542 1130 574 peO,
1162 531 1215 568 sed
1245 535 1277 565 in
1302 543 1337 565 ea
1360 541 1448 574 parte
1480 533 1636 573 Critices‚
1663 545 1731 576 quae
1756 536 1787 567 in
1811 545 1914 567 emen-

1049 574 1157 606 dandis
1180 574 1389 614 Ausim-ibus,
1415 585 1487 606 cum
1510 576 1641 614 nostris,
1667 584 1734 607 tuin
1755 577 1840 616 aliis,
1865 577 1917 607 ab·

1047 614 1200 688 {olvit-ur,
1225 615 1292 648 fere
1315 615 1377 656 est,
1402 625 1437 648 ut
1461 617 1669 651 infeliciffime
1692 616 1850 650 versatum
1863 626 1918 649 au-

1060 665 1102 687 lln
1148 666 1240 689 icere,

1213 755 1298 792 XI.

466 846 520 880 Ad
548 845 588 879 L.
619 855 673 890 15.
713 842 744 891 §.
773 843 832 878 ult.
870 843 911 876 L.
938 843 992 877 16.
1025 841 1061 877 ἃ
1096 843 1137 878 L,
1166 852 1221 889 17.
1253 854 1305 891 pr.
1332 843 1372 880 ff.
1398 844 1442 880 de
1467 842 1583 880 Usufr.

228 941 334 973 ifficile
358 943 404 979 δε,
436 951 472 973 ut
495 943 644 982 videtur,
677 948 863 982 corruptum
887 949 923 971 ac
946 948 1011 970 tur-

248 982 355 1015 batum
373 983 433 1023 est,
459 985 611 1025 quicquid
628 984 745 1025 legitur
762 983 792 1013 in
817 983 836 1013 l.
859 992 906 1020 15.
930 980 957 1019 §.
980 990 1008 1020 7.

140 1028 161 1058 l.
180 1027 267 1058 16.&
280 1025 299 1056 l.
318 1035 363 1067 ¹7·
384 1026 478 1067 pr.ff.
491 1029 524 1058 de
539 1026 650 1066 Usufr.
674 1025 728 1057 Ait
745 1023 899 1068 Ulpianus
918 1023 1012 1067 Libro

139 1067 262 1100 XVIII.
282 1070 319 1098 ad
334 1068 477 1099 Sabinum
491 1068 521 1100 in
541 1074 589 1107 pr.
608 1067 634 1108 ἓ.
648 1077 675 1107 7.
698 1072 939 1107 proprietarium
950 1064 1009 1093 ler-

139 1109 277 1140 vitutem
294 1109 438 1141 amittere
458 1119 522 1141 non
544 1109 649 1150 posse,
675 1107 759 1148 quod
776 1115 887 1136 verum
902 1103 962 1142 est,
977 1103 1009 1135 .fi

141 1151 303 1182 amittendi
319 1151 477 1182 vocabulo
494 1151 707 1191 intelligamus
722 1149 870 1185 adimere,
892 1147 1010 1192 tollere,

140 1191 402 1233 quemadmodum
416 1193 448 1224 in
473 1193 491 1222 l.
510 1196 539 1220 6.
552 1191 588 1225 ὅ)
606 1202 634 1231 7.
650 1197 698 1231 pr.
708 1190 749 1230 ff.
766 1190 800 1219 de
819 1189 918 1229 Capit.
936 1196 1009 1217 min.

138 1233 203 1264 alio
227 1234 280 1264 uin
299 1234 443 1264 amittere
456 1233 543 1274 posse
561 1231 700 1270 constat,
719 1232 748 1262 ὃς
765 1230 843 1261 dicit
863 1230 913 1260 hie
929 1228 1012 1260 idem

140 1274 169 1314 §.
203 1243 302 1306 gorro
333 1275 376 1305 ait
407 1275 582 1315 Ulpianus,
609 1273 693 1314 quod
718 1281 767 1303 res
792 1270 854 1310 est,
880 1271 931 1302 vel
955 1279 1011 1310 po-

142 1315 205 1347 tius
219 1325 283 1348 non
300 1314 358 1347 est:
385 1316 588 1357 Proprietatis
616 1316 752 1346 dominus
769 1313 925 1354 nequidem
943 1320 1013 1342 con-

132 1356 288 1397 sentiente
310 1358 486 1395 frueluario
506 1358 692 1396 servitutem
723 1357 871 1395 imponere
895 1351 1012 1394 potest,

143 1399 268 1430 &mox
284 1399 397 1431 Paulus
419 1400 450 1432 in
474 1401 494 1431 l.
523 1404 569 1431 16.
612 1397 686 1437 Nifi
706 1407 764 1438 qua
787 1397 916 1428 deterior
936 1396 1010 1435 fru-

144 1440 257 1472 &ilarii
282 1443 410 1472 conditio
436 1452 493 1473 non
511 1440 590 1481 fiat3
618 1438 756 1478 velutifi
772 1439 863 1470 talem
874 1437 1013 1478 servitu-

144 1487 204 1513 tem
218 1484 319 1514 vicino
339 1483 526 1524 corzcefferit,
559 1484 612 1526 jus
627 1481 686 1520 fibi
701 1491 758 1513 non
773 1481 826 1522 effe
847 1481 942 1511 altius
960 1479 1014 1509 tol-

142 1524 203 1555 lere
219 1535 230 1561 ,-
252 1523 355 1555 rursus
373 1524 543 1566 Ulpianus,
568 1526 664 1556 eodem
681 1524 776 1555 Libro
791 1524 829 1554 ad
846 1522 990 1553 Sabinum
1003 1543 1013 1559 ‚

142 1565 174 1596 in
200 1566 220 1596 l.
249 1575 297 1605 17.
329 1567 442 1597 Locum
466 1573 566 1598 antem
597 1565 769 1607 religiosum
786 1565 894 1605 facere
919 1561 1015 1604 potest

143 1607 343 1646 consentiente
373 1608 613 1649 Usufrnftuario
629 1631 638 1647 ,
666 1607 702 1642 {9⁹
719 1609 772 1638 hoc
787 1616 893 1638 verum
909 1605 951 1647 est
963 1606 1013 1643 fa·

143 1658 216 1680 vore
231 1650 399 1690 religionis.
444 1650 500 1682 Sed
513 1652 666 1682 interdum
682 1649 718 1685 ὅ)
724 1649 812 1689 solm
818 1648 1015 1689 proprietatis

143 1692 279 1723 dominns
297 1692 390 1722 locum
404 1692 574 1733 religiosum
580 1693 687 1732 facere
697 1691 795 1732 potest
806 1690 906 1732 3finge
921 1692 1014 1729 enim,

143 1743 210 1765 eum
225 1732 393 1774 testatorem
410 1735 548 1773 inferre,
578 1745 644 1766 cuni
666 1743 724 1765 non
745 1732 811 1773 effet
831 1739 893 1763 tani
913 1738 1011 1772 oppor-

143 1781 216 1806 tune
239 1798 248 1811 ‚
284 1776 334 1806 ubi
351 1775 546 1815 sepeliretur.
601 1775 697 1821 Quod
722 1774 785 1814 ait,
810 1774 1013 1815 proprietatis

142 1817 322 1855 dominum,
348 1817 399 1848 vel
416 1817 641 1849 *consentiente
663 1815 855 1855 fructuario,
880 1815 1012 1847 servitu-

144 1867 209 1889 tem
234 1858 395 1899 imponere
418 1868 482 1890 non
505 1858 610 1900 posse,
636 1865 699 1888 tam
724 1867 796 1888 cum
813 1857 898 1888 omni
916 1857 1012 1888 ratio-

143 1908 182 1930 ne
213 1907 331 1940 pugnat
346 1923 354 1938 ‚
387 1909 478 1939 quam
502 1900 586 1940 quod
610 1899 765 1937 maxime,
791 1899 820 1930 δε
843 1898 944 1939 palam
968 1898 1015 1929 ni-·

143 1941 199 1972 hili
225 1940 312 1979 sunt,
338 1950 406 1981 quae
431 1947 517 1971 tanta
535 1940 697 1981 diligentia
714 1948 776 1970 tam
793 1940 920 1970 exiliter
934 1935 1013 1970 inul-

144 1983 167 2013 ti
202 1981 274 2012 huic
304 1981 464 2022 paradoxo
495 1981 692 2013 defendendo
728 1980 1010 2021 conquteiiverunt.

143 2023 210 2054 Cur
234 2032 298 2054 non
315 2031 453 2063 ,uterque
475 2023 523 2063 jus
547 2022 636 2054 suum
659 2022 744 2053 reete
765 2022 938 2053 remittat?
978 2031 1011 2051 11-

143 2064 286 2105 triusque
299 2061 389 2095 causa
403 2064 522 2105 agitur,
555 2072 656 2106 neque
672 2063 803 2094 alterius
819 2063 1011 2104 cujusquam.

143 2106 223 2137 Sane
245 2105 344 2144 rotie,
377 2105 397 2137 ii
422 2104 636 2144 consentiant,
667 2105 717 2145 jus
740 2103 829 2135 vsuum
852 2105 1013 2135 remittere

143 2145 291 2178 discimus
315 2156 356 2177 ex
380 2145 495 2185 servis,
521 2157 623 2188 quos,
655 2154 793 2187 utroque
817 2144 1011 2176 consentien-

145 2197 196 2227 te,
228 2188 409 2219 manumitti
434 2187 520 2228 poll'e
539 2187 663 2219 constat
682 2196 722 2219 ex
746 2189 768 2218 1.
786 2197 814 2219 2.
830 2188 872 2228 ff.
888 2188 921 2218 de
943 2186 1010 2218 Ma-

144 2240 227 2261 num.
259 2231 346 2260 vind.
378 2230 408 2260 ἃ
432 2230 453 2259 l.
477 2238 500 2260 1.
525 2230 557 2261 C.
581 2230 688 2261 Conzm.
711 2231 745 2260 de
761 2228 924 2268 manunziff.
969 2228 1013 2259 Si-

145 2271 264 2302 militer
287 2279 418 2311 uterque
440 2271 489 2310 jus
513 2270 601 2302 suum
631 2271 663 2303 in
695 2269 796 2302 fundo
819 2270 985 2302 remittunt
1002 2293 1011 2308 ,

145 2313 316 2351 minuunt,
356 2313 423 2343 aliis
450 2322 487 2343 ue
510 2312 652 2352 cedunt,
692 2311 778 2353 quod
817 2311 1016 2353 aquteduetus

144 2354 292 2393 exemplo
310 2354 423 2384 demon
454 2361 500 2385 rat
514 2353 629 2386 Paulus
652 2354 684 2385 in
709 2356 729 2385 l.
753 2363 785 2390 9.
816 2353 844 2393 §.
862 2363 889 2384 2.
916 2352 958 2384 D.
981 2354 1015 2383 de

145 2395 208 2436 Aq.
232 2395 267 2428 &a
288 2405 336 2435 aq.
358 2396 445 2433 pliiv.
468 2395 609 2436 itemque
626 2395 779 2436 Ulpianus
798 2395 828 2426 in
853 2395 874 2425 l.
889 2398 918 2434 8.
940 2394 1014 2425 Eocl.

145 2446 205 2469 nec
229 2436 414 2477 ambigitur,
440 2437 515 2478 quin
537 2437 586 2476 jus
609 2446 697 2477 aquae
720 2436 869 2467 ducendae
885 2459 895 2474 ,
921 2435 1014 2466 servi—

145 2487 272 2517 tutem,
298 2487 357 2517 qua
388 2478 425 2508 de
456 2478 496 2509 ibi
530 2478 633 2518 agitur
652 2502 661 2517 ,
695 2478 777 2509 recte
809 2477 876 2508 aliis
900 2476 1014 2508 consti-

147 2527 256 2557 tuant,
280 2518 397 2559 sibique
421 2519 499 2550 adeo
523 2519 649 2550 demant
674 2520 704 2551 &
727 2519 891 2556 dominus,
918 2519 947 2549 ὃς
962 2517 1014 2549 0111

149 2560 284 2592 servitus
306 2569 393 2600 aquic
417 2560 606 2591 debebatur:
634 2559 684 2591 sed
709 2561 770 2591 1100
793 2560 836 2590 ait
860 2559 1015 2600 Ulpianus

145 2602 179 2633 in
203 2603 231 2632 d.
253 2602 275 2632 l.
293 2606 323 2636 8.
349 2602 378 2633 ὃς
408 2601 521 2632 Paulus
546 2601 576 2632 in
601 2603 631 2632 ci.
665 2602 684 2632 l.
705 2611 733 2638 9.
763 2601 905 2632 omnium
938 2610 1014 2640 quo-

145 2652 217 2674 rum
241 2642 360 2674 utilitas
384 2642 542 2682 versatur,
567 2642 751 2674 consensum
774 2641 952 2678 desiderari,
970 2650 1014 2672 at-

148 2693 210 2724 que
241 2684 284 2714 ita
313 2684 379 2723 ejus
397 2707 406 2722 ,
438 2684 473 2714 ad
507 2693 601 2724 quem
625 2683 818 2715 ususfrufitus
842 2681 1017 2713 servitusve

146 2725 283 2764 pertinet
301 2748 310 2764 ,
345 2725 374 2756 &
398 2724 485 2756 iimul
509 2725 575 2764 ejus
594 2749 603 2764 ,
636 2726 673 2756 ad
697 2735 788 2772 quem
812 2724 859 2763 ius
883 2723 1016 2755 solidum

147 2765 285 2797 recidere
308 2765 431 2806 potest,
457 2765 487 2796 id
511 2765 574 2805 est,
600 2766 729 2797 domini.
777 2766 819 2797 Et
843 2765 903 2796 1100
921 2765 1014 2795 ratio-

149 2815 220 2837 nem
234 2807 345 2846 habet,
372 2807 553 2848 probatam,
579 2816 613 2838 ut
636 2807 781 2846 videtur,
805 2807 899 2837 etiam
918 2805 1015 2837 Paulo

150 2846 182 2877 in
207 2849 233 2878 l).
256 2849 275 2878 l.
299 2852 345 2879 16.
367 2858 501 2889 namque
533 2849 574 2879 ibi
607 2848 765 2889 permittit
796 2847 925 2879 domino
942 2846 1013 2888 jim-

149 2895 266 2931 ponerc
289 2889 490 2927 servitutem,
517 2889 612 2920 modo
630 2899 692 2921 non
710 2889 861 2921 inferatur
879 2889 1013 2920 fruetuu-

150 2935 199 2957 rio
223 2929 358 2970 iniquior
382 2931 536 2962 conditio.
585 2931 681 2971 Atqui
711 2940 820 2961 verum
850 2930 911 2967 est,
937 2938 1014 2960 nun-

151 2976 242 3006 quam
266 2970 343 3002 1111ηο
369 2971 476 3003 inferri
500 2972 718 3003 consentiente
740 2971 932 3010 fructuario,
948 2972 1015 3003 nul·

153 3009 211 3037 lam
231 3012 305 3042 enini
321 3013 414 3052 potest
435 3015 535 3044 videri
558 3015 706 3053 injuriam
731 3015 883 3052 accipere,
906 3013 1014 3054 quise·

153 3049 209 3078 mel
230 3051 324 3096 voliiit
336 3076 345 3091 ,
365 3063 399 3085 ut
416 3055 445 3085 in
462 3055 523 3086 hoc
543 3054 609 3096 ipso
626 3063 811 3096 argumento
835 3055 916 3086 dixit
934 3056 1016 3086 idem,

153 3087 266 3133 Paulus
281 3101 309 3123 in
333 3096 361 3126 d.
386 3095 404 3125 l.
422 3104 450 3131 9.
473 3095 500 3136 §.
519 3105 542 3126 1.
569 3099 602 3127 de
617 3096 677 3137 Aq.
700 3096 736 3130 ὅ)
751 3106 797 3135 aq.
814 3097 898 3135 plur.
925 3098 1013 3143 Quo-

153 3138 237 3175 circa
252 3135 397 3174 exceptio
422 3138 446 3166 Ι),
474 3138 493 3166 l.
516 3140 561 3166 16.
588 3137 748 3168 subvertet
766 3138 902 3177 regul-ain
921 3139 937 3168 l.
967 3147 1013 3176 15.

154 3168 243 3208 infin
275 3172 344 3216 dum
377 3175 442 3206 hzee
473 3186 589 3215 negat,
622 3178 675 3208 illa
707 3178 772 3216 ait,
797 3177 1014 3210 consentiente

154 3209 323 3244 si·u6tiiai·io
346 3216 428 3249 reete
453 3216 635 3250 {errantem
658 3219 787 3259 imponi.
836 3219 952 3254 Rursus
970 3228 1012 3251 ta-

1054 948 1125 971 men
1142 940 1280 982 regulam
1294 941 1479 982 confirmat,
1512 952 1581 984 quse
1604 954 1663 975 una
1678 944 1755 976 serie
1777 942 1920 982 additur,

1054 981 1074 1011 l.
1100 990 1148 1027 ‚¹7·
1169 989 1217 1022 pr.
1239 982 1312 1013 Eod.
1335 992 1406 1014 nam
1421 983 1580 1022 viantem,
1604 986 1689 1026 quod
1715 985 1757 1017 ibi
1781 983 1827 1016 cst
1844 1008 1855 1024 ,
1884 983 1923 1016 fi-

1054 1023 1204 1063 gnificare
1226 1032 1317 1064 putes
1331 1049 1340 1064 ,
1366 1034 1434 1065 quae
1459 1025 1647 1066 sequuntur,
1679 1025 1832 1059 adversari
1856 1025 1895 1057 iis
1909 1049 1923 1065 ‚

1055 1073 1124 1104 quae
1148 1064 1365 1104 praeeefferant
1378 1089 1388 1105 ,
1421 1066 1451 1097 &
1473 1068 1517 1098 ait
1542 1067 1604 1098 hoe
1627 1068 1658 1100 in
1682 1078 1718 1099 ea
1741 1067 1842 1109 specie
1865 1076 1924 1098 ex«

1056 1105 1174 1136 torliss'e
1185 1107 1328 1146 favorem
1348 1108 1524 1148 religionis,
1546 1109 1741 1150 praecipuum
1764 1108 1861 1150 igitur
1883 1109 1921 1141 il-

1054 1146 1108 1177 lud
1132 1146 1177 1178 est
1199 1155 1311 1180 contra
1333 1149 1392 1180 alia
1413 1149 1494 1189 Juris
1517 1150 1644 1181 decreta
1665 1151 1698 1182 in
1720 1150 1799 1182 aliis«

1097 1187 1172 1234 Vidi
1194 1189 1299 1230 plures
1321 1190 1596 1230 interpretationes
1618 1201 1724 1223 earum
1752 1191 1824 1223 LL.
1853 1192 1924 1233 plu-

1054 1238 1103 1260 res
1128 1238 1204 1261 item
1227 1231 1461 1263 emendationes
1475 1256 1483 1271 ‚
1516 1232 1566 1263 sed
1596 1242 1725 1273 quarum
1748 1234 1834 1265 nulla
1856 1242 1926 1265 erat

1054 1271 1148 1316 bona,
1160 1271 1219 1303 alia
1229 1272 1288 1303 alia
1299 1272 1396 1312 pejor.
1424 1273 1587 1319 Quicquid
1597 1281 1702 1304 autem
1711 1273 1828 1306 dixeris
1837 1299 1846 1313 ,
1858 1284 1924 1308 non

1056 1313 1264 1344 extricaveris
1289 1313 1429 1353 causam,
1454 1315 1508 1346 nisi
1526 1315 1606 1346 velis
1625 1314 1797 1347 sollicitare
1814 1315 1924 1347 lectio-

1056 1361 1145 1398 nem,
1171 1363 1263 1394 quam
1285 1354 1443 1396 alioquin,
1468 1355 1590 1395 fateor,
1620 1357 1763 1398 exceptis
1786 1357 1926 1389 minutu-

1057 1394 1097 1426 lis
1120 1395 1304 1440 quibusdam
1321 1420 1331 1436 ,
1362 1397 1394 1427 in
1426 1398 1572 1429 omnibus
1601 1397 1706 1429 Libris
1729 1397 1926 1431 constantem

1057 1444 1180 1481 reperi,
1205 1437 1235 1468 ὃς
1258 1437 1473 1470 confirmatam
1497 1449 1514 1470 a
1537 1438 1683 1471 Bafilicis.
1716 1438 1776 1471 Nae
1800 1439 1927 1471 hiemi-

1058 1476 1091 1508 111
1115 1477 1206 1509 valde
1229 1478 1333 1519 placet
1363 1480 1541 1512 emendatio
1573 1480 1642 1512 Viri
1667 1480 1820 1512 clariffimi
1845 1480 1926 1512 Cor-

1058 1518 1133 1549 nelii
1157 1529 1217 1551 van
1242 1519 1328 1560 Eck,
1353 1520 1561 1563 Praeceptoris
1585 1522 1663 1553 olim
1685 1522 1748 1553 mei
1762 1522 1794 1554 in
1813 1521 1930 1563 Dispu-

1060 1561 1193 1599 tatione,
1216 1571 1309 1603 quam
1333 1561 1495 1603 Ultrajeeti
1520 1563 1630 1595 habuit
1653 1573 1735 1596 anno
1754 1567 1842 1605 1697.
1867 1573 1928 1606 pro

1058 1606 1213 1645 nequidem
1239 1604 1270 1636 in
1294 1605 1324 1635 d.
1356 1604 1378 1635 l.
1403 1614 1450 1645 15.
1477 1605 1505 1646 §.
1526 1605 1584 1636 ult.
1615 1604 1748 1647 legentis
1772 1607 1928 1646 equidem3

1058 1647 1161 1687 placet
1192 1647 1286 1679 etiam
1302 1670 1313 1686 ,
1346 1647 1568 1688 exceptionem
1599 1646 1687 1678 Pauli
1715 1646 1748 1679 in
1772 1650 1801 1679 d.
1825 1647 1846 1679 l.
1875 1650 1927 1680 16.

1058 1688 1282 1721 exaudiendam
1313 1688 1374 1720 esse
1403 1689 1442 1720 de
1471 1687 1624 1720 consensu
1650 1687 1830 1729 ιρι-1161113111,
1864 1689 1930 1721 1100

1058 1730 1178 1762 modo:
1211 1730 1414 1772 proprietatis
1441 1731 1586 1762 dominus
1616 1728 1801 1762 servitutem
1824 1731 1926 1772 impo-

1057 1781 1130 1802 nere
1162 1772 1289 1813 potest,
1321 1772 1371 1803 sed
1401 1771 1618 1804 consentiente
1648 1770 1820 1804 frue'tuario
1836 1795 1846 1812 ‚
1870 1771 1927 1804 nist

1057 1823 1117 1854 qua
1140 1813 1278 1845 deterior
1301 1815 1367 1854 ejus
1393 1814 1536 1845 conditio
1560 1823 1624 1845 non
1648 1812 1718 1851 fiat,
1744 1821 1820 1845 tunc
1842 1813 1927 1845 enim

1057 1854 1109 1885 vel
1133 1855 1332 1886 diffentiente
1353 1854 1526 1886 fruttuario
1550 1854 1734 1886 servitutem
1759 1855 1845 1886 reste
1869 1854 1927 1886 irn-

1056 1896 1157 1936 ponit.
1205 1897 1264 1928 Sed
1288 1904 1408 1936 tamen,
1439 1897 1511 1937 quia
1534 1895 1657 1927 servato
1681 1896 1851 1927 verborum
1875 1905 1927 1926 01·-

1057 1936 1148 1977 dine,
1180 1938 1233 1979 qui
1264 1948 1347 1969 nunc
1379 1937 1443 1977 est,
1477 1938 1627 1984 exceptio
1651 1939 1679 1969 cl.
1704 1937 1725 1968 l.
1755 1941 1803 1969 16.
1828 1937 1926 1978 magis

1057 1979 1195 2018 pertinet
1227 1979 1262 2009 ad
1292 1979 1525 2020 impositionem
1549 1978 1709 2011 iervitutiS
1725 2002 1734 2018 ‚
1760 1989 1829 2020 quie
1853 1987 1925 2019 pro-

1056 2019 1143 2050 xime
1165 2020 1334 2061 preeceffit,
1360 2030 1451 2061 quam
1475 2020 1512 2051 ad
1535 2019 1719 2051 consensum
1742 2019 1924 2057 fructuarii,

1058 2060 1109 2101 qui
1136 2061 1259 2102 longius
1277 2060 1382 2099 abest,
1404 2071 1464 2102 ego
1482 2070 1558 2102 pace
1576 2061 1643 2093 Viri
1661 2060 1843 2099 Clariffimi,
1865 2069 1924 2091 tra-

1056 2102 1144 2142 Jettis
1167 2102 1311 2134 nonnihil
1335 2103 1516 2141 vocabulis,
1543 2102 1585 2133 ita
1610 2102 1759 2144 legerem:
1784 2103 1928 2142 Proprie·

1058 2144 1134 2174 z-atis
1149 2143 1475 2182 dominnsservz'tutem
1495 2145 1640 2183 imponere
1652 2143 1766 2185 potest:
1790 2145 1926 2185 equidem

1058 2186 1255 2224 consentiente
1270 2186 1469 2227 frustumio,
1497 2185 1554 2224 nifi
1576 2196 1636 2227 qna
1664 2186 1723 2217 &e.
1769 2186 1821 2217 Sic
1845 2185 1929 2216 bene

1057 2227 1196 2258 cohaeret
1225 2228 1374 2269 exceptio
1392 2251 1400 2266 ‚
1433 2236 1524 2268 quam
1555 2227 1775 2268 caetcroquin‚
1806 2226 1852 2265 fi,
1889 2233 1927 2257 ut

1057 2278 1111 2309 par
1135 2268 1197 2308 est,
1223 2269 1259 2300 ad
1283 2268 1467 2300 consensum
1489 2268 1651 2300 fructuarii
1674 2267 1810 2307 referas,
1834 2267 1928 2298 valde

1053 2310 1220 2349 oportebit
1245 2318 1393 2351 torquere
1416 2310 1446 2341 δι
1469 2309 1576 2341 durius
1598 2309 1754 2341 attollere.

1101 2350 1223 2383 Deinde
1240 2352 1271 2383 in
1295 2355 1323 2383 ci.
1357 2353 1377 2382 1.
1405 2361 1451 2391 17.
1482 2361 1541 2393 pro
1565 2357 1663 2382 autem
1691 2351 1762 2392 lego
1779 2350 1868 2382 item.
1893 2349 1927 2382 ὃς

1058 2391 1102 2422 ita
1127 2392 1312 2434 transpono:
1337 2394 1451 2425 Locum
1469 2395 1538 2424 item
1561 2391 1729 2433 religiosum
1742 2392 1850 2431 facere
1875 2399 1925 2432 po—

1059 2433 1114 2474 test
1125 2457 1133 2472 ‚
1158 2436 1354 2474 consentiente
1370 2434 1608 2475 usiifrufluario.
1651 2433 1706 2464 Sed
1721 2435 1872 2465 interdum
1887 2433 1925 2468 δ’

1049 2475 1134 2515 solus
1151 2479 1348 2517 proprietatis
1371 2477 1506 2507 dominus
1524 2476 1617 2506 locum
1638 2475 1807 2515 religiosum
1818 2477 1925 2515 facere

1052 2517 1174 2558 poteJl3
1205 2517 1242 2552 ὅ)
1263 2519 1313 2548 hoc
1333 2527 1438 2549 verum
1453 2516 1495 2557 eft
1510 2517 1623 2556 ,favore
1644 2517 1820 2557 religionis:
1839 2517 1924 2559 finge

1057 2561 1135 2591 enim
1154 2559 1217 2594 &a
1260 2559 1365 2591 Poss'es
1387 2559 1481 2590 etiam
1505 2557 1626 2590 servare
1640 2558 1787 2590 voculam
1803 2565 1926 2598 autem,
1962 2583 1963 2587 ,

1058 2600 1130 2642 quia
1153 2610 1216 2632 non
1240 2599 1431 2631 adversando
1454 2599 1572 2641 semper
1597 2598 1710 2637 servit,
1736 2599 1787 2631 sed
1809 2600 1839 2631 ὅ(
1855 2600 1922 2632 fim-

1059 2642 1184 2682 pliciter
1217 2640 1426 2681 transeundo,
1467 2649 1501 2672 ut
1533 2641 1658 2671 memini
1691 2639 1926 2673 Grammaticos

1060 2681 1243 2721 observare3
1266 2683 1406 2724 alioquin
1420 2682 1571 2714 facillima
1587 2681 1788 2713 cstmumtio
1810 2687 1843 2710 τε
1868 2693 1925 2713 (ηι-

1061 2731 1118 2755 tem
1135 2726 1163 2757 in
1182 2727 1264 2756 item.
1309 2724 1353 2755 Ea
1379 2731 1492 2765 praeter
1515 2723 1599 2760 nihil
1617 2730 1725 2761 mute,
1740 2723 1804 2765 „nisi
1821 2723 1924 2755 rursus

1060 2767 1229 2798 verborum
1246 2765 1405 2805 ordinem,
1432 2764 1589 2796 turbatum
1604 2772 1712 2802 antea,
1736 2773 1794 2795 nec
1813 2765 1864 2805 qui
1883 2774 1924 2796 ex

1057 2806 1130 2846 Jure
1152 2806 1276 2839 defendi
1301 2806 1417 2846 polilt:
1449 2815 1518 2838 nam
1543 2804 1564 2836 1“1
1587 2804 1763 2836 consentiat
1786 2805 1922 2837 ususfru-

1058 2849 1209 2886 ctuarius,
1235 2847 1311 2879 nihil
1337 2847 1504 2888 quicquam
1527 2846 1588 2877 11110
1613 2846 1750 2886 pertinet
1768 2845 1861 2878 favor
1876 2857 1921 2878 re-

1058 2889 1207 2929 ligionis3
1237 2896 1268 2919 at
1298 2888 1317 2919 11
1351 2888 1525 2927 distendat,
1557 2887 1617 2926 jam
1641 2897 1675 2918 ea
1699 2887 1780 2917 ratio
1804 2888 1923 2929 poterit

1058 2931 1211 2962 obtinere.
1257 2929 1363 2969 Atque
1388 2930 1459 2968 lias,
1490 2938 1554 2960 non
1573 2928 1646 2959 dico
1669 2928 1845 2967 literarum,
1872 2927 1922 2960 sed

1058 2972 1152 3002 etiam
1170 2980 1285 3001 vocum
1303 2971 1332 3001 dt
1348 2968 1568 3001 sententiarum
1585 2969 1782 3009 traiectiones
1800 2969 1829 3000 in
1845 2969 1921 3001 Pan-

1058 3013 1154 3044 dettis
1185 3010 1375 3042 Florentinis
1410 3010 1471 3041 esse
1507 3010 1766 3051 frequentissimas
1804 3011 1922 3042 totiens·

1057 3054 1139 3085 dixit
1172 3052 1328 3083 Antonius
1357 3051 1567 3091 Auwustimis,
1593 3059 1627 3083 ut
1644 3052 1684 3083 'in
1708 3051 1790 3082 hune
1814 3052 1919 3084 locum

1057 3103 1223 3126 excurrere
1238 3102 1320 3123 nunc
1335 3075 1477 3133 equidem
1489 3100 1550 3123 non
1563 3100 1665 3124 vacet.
1692 3092 1739 3124 Ita
1749 3092 1920 3129 malumus,

1060 3145 1151 3177 quam
1181 3134 1392 3165 correctiones
1408 3157 1417 3172 ‚
1448 3144 1512 3165 11011
1545 3133 1616 3165 satis
1639 3133 1838 3172 commodas,
1863 3133 1916 3164 ob-

1060 3176 1181 3207 trudere
1206 3178 1234 3206 d.
1259 3175 1279 3206 l.
1300 3183 1347 3215 ¹5·
1372 3175 1421 3206 vel
1446 3175 1538 3206 etiam
1563 3177 1592 3206 d.
1617 3175 1637 3205 l.
1660 3183 1706 3214 17.
1731 3174 1761 3205 &
1784 3174 1827 3205 ita
1841 3183 1915 3218 quo-

1058 3227 1118 3259 que
1150 3215 1286 3250 iiibsistet
1309 3216 1553 3257 Jurisprudentia
1590 3215 1751 3255 utriusque
1788 3214 1916 3261 capitis,
