2008 3436
165 144 210 181 86
401 140 801 178 CORNELII
876 149 986 176 VAN

163 218 287 252 abunde
304 220 382 253 dixi.
429 221 527 266 Quod
552 222 572 254 fi
595 231 669 253 vero
694 230 734 252 cx
752 220 789 252 iis
803 243 812 259 ,
837 229 906 260 quae
924 220 967 251 ita
986 219 1031 250 di-

163 261 343 302 stinguunt,
357 261 473 295 Gloffis
490 264 646 295 constaret
664 262 805 303 liquido,
825 270 859 292 ut
877 270 939 292 non
959 270 1032 292 con-

162 302 243 342 stat,
266 303 418 336 Irnerium
438 305 493 344 iis,
515 305 629 345 quibus
648 304 686 335 dc
701 311 818 344 agunt,
841 302 1032 333 authenticis

165 353 231 376 non
247 344 303 376 nisi
319 345 506 377 emblemata
539 346 657 377 uaedam
671 344 723 375 sua
739 343 908 382 intrusisse,
924 343 1046 383 utique.

165 384 261 417 staret
287 386 492 418 nihilominus
525 386 666 418 ententia
691 385 813 423 nostra,
838 393 906 424 quae
928 385 1031 423 hujus-

165 426 252 458 modi
274 427 535 469 interpolationes
554 438 616 460 non
637 437 739 468 negat.
787 426 818 458 Si
837 425 895 456 tibi
912 434 1030 456 memo-

166 469 231 550 gia,
257 478 345 510 aeque
355 479 397 549 Jc
416 479 522 507 mens,
534 469 686 506 deficiat,
697 468 761 499 vid.
777 465 1032 508 C<1p.111.Dz·azr.

189 534 196 540 .
230 509 263 540 ed
297 512 347 541 uid
374 521 391 542 1.

208 512 371 582 {setigerum
385 561 424 583 ne
440 552 478 583 sis
493 550 829 591 sollicitus3s1quidem
846 549 929 581 enim
940 547 1032 580 Glos—

167 590 315 633 saS‚quae
333 592 427 634 Legis
444 593 524 624 inter
543 592 572 624 ὅ(
593 592 700 623 lrnerii
721 591 815 622 verba
826 590 1033 631 distinguunt,

166 642 233 665 non
259 632 332 665 satis
356 641 446 674 putes
476 633 639 665 consulere
663 632 803 671 Irncrio,
828 642 888 673 qua
915 631 1035 662 auctori

167 674 295 707 illarum
314 675 576 706 Authenticarum
595 674 692 704 unico
704 683 787 711 ,non
809 673 1036 714 probabis,me

167 716 225 746 tibi
243 715 296 746 has
320 716 352 748 in
371 715 449 746 hanc
478 715 664 747 sententiam
689 714 871 753 obtrufiffe,
896 713 947 745 sed
970 721 1036 744 tan-

168 764 254 794 tum,
278 765 343 797 quo
355 756 532 795 efficerem,
555 765 627 787 eum
643 755 882 797 compositionis
893 754 1033 786 Authen-

167 798 301 829 ticarum
313 819 324 835 ,
345 798 392 829 uti
415 807 499 829 nunc
518 805 711 836 occurrunt,
735 796 828 828 fuisse
847 796 1048 837 participem*

169 840 201 870 <Sc
223 841 341 878 συιεςςέν.
386 838 500 870 Addidi
522 847 648 878 tamen,
678 839 748 879 quia
776 837 954 878 hujusmodi
974 846 1036 868 em-

167 880 342 911 blematum
368 879 510 911 facinora
539 881 621 911 inter
647 879 901 920 componendum
926 878 1036 909 admit-

169 929 281 953 tuntur
300 921 442 953 crebrius
457 922 487 953 ὅ(
498 922 630 960 melius,
641 920 721 952 nasci
745 921 819 952 hinc
834 919 1038 953 fortissimum

167 971 388 1004 argumentum
404 972 462 1003 pro
482 962 622 1001 Irnerio,
643 972 704 1002 qua
718 961 787 993 soio
805 962 932 993 auctore
953 961 1038 993 illius

167 1003 394 1043 Authenticae,
418 1004 455 1036 ad
480 1013 573 1045 quam
595 1011 746 1035 notantur
763 1004 792 1035 ὃς
812 1009 984 1043 arguuntur
1002 1001 1037 1033 il-

167 1045 230 1077 lius
247 1046 280 1073 πὶ
298 1048 392 1077 οἰκεῖα.
409 1045 452 1077 Et
472 1053 539 1077 tum
555 1045 682 1077 demum
694 1045 772 1076 hanc
781 1043 1038 1085 praesumtionem

170 1086 268 1118 eiides
279 1109 290 1125 ,
301 1086 478 1119 fidocueris
490 1086 593 1127 ‚quod
608 1086 738 1117 docebis
755 1095 911 1126 nunquam
920 1108 929 1123 ,
941 1084 1038 1116 alium

169 1136 239 1160 eam
258 1127 406 1170 scripfiss'e
421 1128 666 1167 Authenticam,
692 1126 844 1159 Irnerium
871 1135 948 1157 vero
967 1135 1038 1157 ean-

171 1169 243 1200 dem
259 1169 299 1201 de
322 1169 398 1209 suo,
422 1170 497 1208 vel,-
514 1170 586 1210 quia
604 1176 640 1200 tu
658 1168 690 1201 id
705 1169 824 1208 mavis,
849 1177 890 1199 ex
899 1166 1039 1198 Novella

173 1210 291 1242 dedisse
307 1211 560 1251 locupletiorem.

215 1251 335 1284 Verum
352 1262 416 1283 non
435 1253 512 1283 adeo
531 1251 609 1283 mihi
633 1259 723 1282 curta
741 1250 785 1283 cst
802 1250 982 1292 suppellex,
1007 1257 1044 1281 ut

172 1303 238 1325 non
263 1303 304 1325 ex
327 1294 438 1325 eodem
454 1293 603 1325 Accursio
627 1293 808 1324 adduxerim
826 1293 906 1331 alia,
932 1290 1045 1332 quibus

171 1334 348 1373 Rhenum,
373 1335 468 1366 etiam
486 1344 526 1365 ex
544 1333 605 1365 asse
625 1334 890 1365 Authenticarum
908 1342 1040 1373 quarun-

170 1375 243 1408 darn
267 1376 427 1408 austorem
445 1399 454 1415 ,
486 1374 724 1406 vindicaverim.
771 1373 848 1406 Non
864 1374 970 1415 placet
983 1373 1040 1405 sin-

171 1417 245 1458 gula
263 1416 424 1459 persequi,
449 1416 550 1448 adhuc
568 1416 636 1457 lege
653 1414 796 1447 Glossam
810 1415 847 1447 ad
863 1415 944 1446 auth.
990 1415 1043 1445 uod

166 1458 237 1499 fieri
265 1460 296 1490 C.
324 1459 358 1488 de
384 1458 519 1489 dilation.
543 1457 594 1488 ubi
617 1458 678 1489 ita:
703 1456 776 1488 Haec
798 1457 970 1488 azithentica
987 1465 1044 1487 non

172 1502 241 1532 hene
270 1505 391 1540 aptarier
415 1501 453 1530 ad
485 1499 506 1530 l.
541 1500 679 1537 Codicis,
708 1504 795 1540 prout
821 1498 951 1530 Irnerius
982 1507 1046 1529 eam

167 1540 273 1582 posuit.
318 1540 406 1585 Quid
426 1540 508 1572 ultra
522 1549 641 1581 pugnas
658 1541 756 1572 homo
773 1539 916 1573 effrons?
933 1548 1047 1571 annon

172 1583 216 1614 ibi
228 1581 404 1623 fimpiiciter
422 1582 558 1620 dicitur,
591 1582 676 1623 quod
700 1589 734 1614 tu
754 1591 866 1623 negas,
892 1581 1045 1613 Irnerium

169 1623 288 1665 posuzffe
310 1624 394 1655 illam
410 1623 622 1655 Azizlveizticam
647 1625 685 1654 ad
710 1624 730 1655 l.
752 1623 890 1655 Codicis?
913 1632 978 1655 non
992 1622 1043 1653 ad-

171 1666 336 1699 ditamenta
355 1665 493 1706 quaedam
510 1664 582 1704 sua,
606 1665 867 1705 quemadmodum
885 1672 921 1696 tu
937 1665 986 1696 vis
1004 1672 1046 1695 ex

173 1706 281 1739 nescio
307 1716 367 1748 qua
395 1707 524 1739 occulta
552 1706 780 1748 significatione
804 1706 932 1738 voculae
948 1711 1042 1746 prout.

173 1748 303 1783 Evolve
324 1747 512 1789 Calepinum
531 1755 620 1780 tuum
634 1771 644 1787 ,
675 1749 705 1780 ἃ
723 1749 879 1790 reliquos,
904 1757 983 1788 quos
999 1746 1044 1778 so-

173 1789 220 1822 les
244 1788 429 1829 consulere,
460 1789 628 1822 asellorum
646 1797 778 1831 pontes,
803 1790 832 1822 ἃ
849 1789 974 1830 explica
990 1797 1044 1820 no-

174 1830 224 1863 bis
242 1832 310 1864 haec
329 1832 439 1873 orgia3
462 1841 542 1873 eg0,
567 1831 620 1872 qui
637 1831 816 1872 hujusmodi
834 1830 927 1862 sacris
944 1830 1046 1862 initia-

177 1880 227 1905 tus
249 1882 315 1906 non
334 1872 419 1912 sum,
442 1872 646 1905 exaudiebam
660 1873 741 1905 hanc
759 1872 907 1904 voculam
922 1871 960 1903 de
969 1880 1046 1902 con-

176 1921 286 1955 cepta,
309 1922 346 1947 ut
368 1924 452 1946 nunc
472 1913 587 1955 legitur
607 1936 619 1953 ,
649 1913 863 1953 Authentica3
887 1922 946 1946 nec
962 1912 1045 1954 quis-

177 1965 291 1997 quam,
315 1966 347 1988 te
363 1963 497 1997 praeter,
523 1955 672 1996 caligabit
692 1956 723 1987 in
744 1964 830 1987 tanta
847 1956 930 1988 luce.

219 1997 268 2029 Ad
292 1997 491 2030 Odofredum
523 1997 687 2038 postquam
719 1997 900 2039 perveneris
917 2021 927 2036 ,
970 2005 1048 2028 mox

177 2048 250 2070 eum
272 2038 430 2076 dimittis,
453 2048 492 2070 ne
509 2039 698 2079 imperitiam
719 2048 804 2071 tuam
823 2038 945 2080 prodas,
983 2038 1046 2069 Ex-

173 2080 278 2122 preffie,
307 2080 429 2120 inquis,
454 2080 504 2111 ille
512 2079 634 2120 separat
651 2081 741 2111 vei-ha
757 2079 867 2112 Irnerii
880 2080 915 2111 ah
926 2080 1047 2111 authen-

179 2124 241 2154 tica
253 2144 264 2160 ,
285 2119 402 2152 vellem
426 2121 572 2160 dixisses,
603 2122 638 2152 ab
657 2122 891 2153 aiathenticarum
910 2121 1047 2162 Corpore3

177 2163 224 2195 ita
240 2161 395 2195 Odofredi
417 2162 522 2193 verbis
545 2161 654 2193 fuisses
680 2161 751 2194 usus
763 2186 772 2201 ,
799 2163 829 2195 δι
845 2162 947 2203 palam
965 2170 1047 2193 attu-

179 2204 263 2237 l-isl'es
281 2212 386 2235 tecum
407 2203 530 2234 corium
555 2203 585 2235 dt
611 2202 769 2244 flagellum
787 2215 794 2235 ε
819 2213 890 2235 nam
905 2203 989 2243 quod
1014 2203 1050 2234 ad

181 2246 265 2277 hunc
281 2243 381 2286 ipsum
406 2243 562 2276 Odofredi
592 2244 700 2276 locum
717 2245 746 2276 in
772 2245 858 2276 Vers.
904 2245 995 2276 Porro
1013 2245 1051 2275 ad

181 2288 257 2318 hanc
269 2309 280 2325 ‚
302 2286 430 2327 praecise
456 2294 644 2326 negaveras,
677 2293 708 2317 te
728 2295 782 2326 per
803 2286 1051 2317 Authenzicczrzmz

185 2329 292 2369 Corpus
310 2327 488 2368 intelligere
506 2326 705 2358 Auchenticas
727 2328 857 2366 Codicis,
893 2327 923 2358 ὅ(
947 2334 1050 2358 tamen

181 2369 259 2401 adeo
274 2367 392 2410 fungus
411 2370 440 2400 ἃ
459 2367 553 2408 stipes
581 2377 634 2407 es,
659 2376 694 2399 ut
713 2369 758 2399 tui
776 2368 895 2399 oblitus
914 2367 944 2399 id
966 2378 1051 2400 nune

179 2409 298 2449 facias,
330 2419 393 2450 quo
417 2409 584 2442 velificeris
610 2409 773 2441 sententiae
799 2419 862 2441 tuae
877 2409 915 2440 de
932 2409 1051 2441 Irnerio

179 2451 442 2484 Authenticarum
465 2451 695 2491 interpolatore
728 2458 860 2483 tantum.
922 2450 1052 2482 Scilicet

181 2493 245 2524 hoc
262 2491 328 2531 est,
351 2492 436 2533 quod
453 2492 484 2524 in
504 2492 590 2523 Vers.
646 2492 868 2530 &marchatum
892 2491 1053 2531 dixeram,

182 2535 215 2566 ni
237 2543 310 2565 cum
325 2533 492 2565 Strauchio
513 2533 761 2565 Authemicarmn
782 2535 888 2573 Corpus
906 2533 988 2565 idem
1007 2542 1053 2565 cs-

183 2574 215 2606 se
239 2573 337 2615 fingas
361 2584 432 2605 cum
459 2575 635 2606 authenticis
662 2576 774 2606 Codicis
790 2598 800 2614 ,
838 2572 1005 2606 destituere
1023 2582 1055 2606 te

185 2614 384 2648 Odofredum
397 2637 408 2653 ‚
432 2614 556 2646 Glossas
574 2616 602 2647 ὃ(
624 2615 774 2656 quicquid
796 2616 835 2647 de
852 2615 994 2647 additore
1011 2615 1053 2647 Ir-

183 2656 274 2688 nerio
294 2655 351 2687 tibi
371 2665 499 2696 usquam
525 2654 570 2687 est
592 2656 733 2696 praesidii.
780 2657 938 2688 Caeterum
958 2657 1054 2688 homo

183 2696 336 2729 obscurus
350 2696 434 2728 ferre
453 2706 517 2728 non
547 2695 651 2737 potest
668 2697 769 2728 lucem
782 2721 791 2736 ,
816 2707 908 2738 quam
926 2698 993 2729 dedi
1010 2698 1053 2729 O-

185 2738 328 2770 dofredo.
375 2738 405 2770 Is
423 2738 506 2769 enim
526 2747 601 2769 cum
615 2737 659 2768 ait
676 2737 713 2768 ad
732 2739 810 2769 auth.
862 2737 922 2769 Oui
939 2750 993 2770 res.
1020 2740 1051 2771 C.

185 2781 218 2811 de
254 2780 310 2811 SS.
339 2779 451 2820 Ecclesl
499 2778 647 2823 Quosdam
671 2779 772 2809 babere
787 2769 907 2819 plus'iii
934 2779 989 2820 ista
1005 2790 1055 2811 au-

188 2821 340 2864 thentica,
365 2820 425 2853 hoc
445 2819 629 2861 superdicit:
653 2820 708 2860 sed
728 2818 784 2860 ista
809 2822 898 2852 verba
915 2821 1055 2861 nonsunt

188 2860 273 2902 Justi
295 2884 305 2900 ,
337 2863 405 2903 qicicz
430 2872 486 2892 non
503 2862 577 2901 sitiit
601 2863 633 2892 in
661 2862 778 2901 Corpore
795 2861 1053 2893 Acttbenzicarum.

188 2903 277 2948 Quid
297 2903 356 2935 sint
375 2905 466 2934 verba
483 2901 568 2943 Justz·
597 2902 665 2933 dixi
689 2902 764 2934 mihi
784 2911 846 2934 non
865 2903 1002 2943 liquere,
1025 2912 1053 2933 a·

187 2945 310 2985 deoque
325 2943 412 2975 forte
431 2943 643 2984 reponendum
659 2943 720 2975 ess'e
731 2941 813 2985 justa
825 2966 835 2981 ,
859 2952 894 2974 ut
913 2942 984 2975 sens
982 2953 1030 2974 um
1042 2967 1051 2982 ,

187 2985 264 3016 licet
279 2984 462 3023 barbarum,
485 2985 671 3024 eliciamus;
694 2986 744 3016 vel
759 2985 946 3023 dicendum,
966 2984 1049 3024 quod

187 3026 284 3065 magis
310 3026 473 3066 placebat,
503 3026 654 3066 &placet
671 3026 790 3065 adhuc,
812 3025 896 3067 Justz·
910 3025 1050 3057 dimidia-

189 3073 220 3097 te
237 3066 387 3107 scriptum
407 3067 469 3099 esse
483 3076 540 3108 pro
560 3065 748 3107 Jufiiniani:
769 3068 864 3098 verba
878 3067 1027 3098 videlicet
1039 3088 1051 3105 ,

189 3106 301 3146 quibus
321 3108 358 3139 de
377 3109 460 3148 agit,
486 3108 646 3148 justiniani
664 3119 726 3141 non
748 3107 829 3146 ell'e,
855 3108 927 3148 quia
943 3108 974 3139 in
985 3106 1051 3139 No-

187 3147 280 3179 vellis
293 3157 357 3180 non
373 3151 578 3189 reperiuntur.
631 3150 714 3182 Haec
735 3149 913 3188 conjectura
932 3148 989 3180 tibi
1009 3156 1052 3179 te-

187 3187 329 3234 nebrioni
347 3191 528 3234 probetur,
562 3200 621 3222 nec
643 3201 699 3230 ne,
724 3199 830 3232 parum
848 3189 946 3221 refert
963 3198 1029 3220 mea
1039 3199 1050 3229 3

188 3228 242 3266 alii
255 3228 403 3261 viderint,
446 3231 527 3269 Sed,
549 3230 688 3266 Domine
706 3230 869 3270 inlustris,
889 3230 964 3273 quid
981 3229 1050 3264 sunt

1063 135 1663 176 BYNKERSHOEK

1075 220 1162 250 verba
1181 215 1265 259 Jufti
1283 219 1364 260 apud
1382 217 1579 251 Odofredum
1590 219 1607 252 ?
1628 221 1679 252 vel
1691 219 1778 253 adfer
1794 220 1869 261 quid
1877 230 1942 256 me»

1076 260 1155 299 lius,
1180 260 1232 291 vel
1249 269 1339 299 tace3
1362 260 1406 292 sin
1423 268 1526 292 autem
1550 268 1653 293 tacere
1673 272 1737 293 non
1754 263 1867 303 poss'ss,
1889 271 1939 296 nd-

1076 300 1098 331 li
1126 309 1202 333 tunc
1228 301 1373 332 damnare
1391 323 1402 339 ,
1433 301 1518 342 quod
1535 311 1599 333 non
1628 304 1799 345 intelligis,
1825 304 1855 336 ἃ
1873 307 1940 346 quia

1076 341 1174 373 libros
1201 340 1428 382 manuscriptos
1461 341 1560 383 legisti
1587 352 1741 385 nunquam
1760 367 1771 383 ,
1812 345 1842 377 ὅ(
1872 347 1942 386 quia

1076 382 1229 414 Criticam
1250 392 1314 414 non
1345 382 1481 422 novisti,
1515 384 1570 416 nisi
1589 383 1676 416 forte
1694 386 1822 418 nomine
1843 394 1940 420 tenus.

1118 423 1246 461 Miror,
1270 431 1302 454 tc
1318 424 1455 455 nondum
1497 425 1645 466 ercepiffe
1661 435 1798 458 mentem
1815 423 1943 460 Abbati*

1075 463 1292 510 Urspergenfis
1311 488 1321 504 ,
1354 465 1408 497 ubi
1433 434 1637 498 VVErnerium
1662 468 1705 500 ait
1725 468 1833 500 Libros
1849 469 1942 511 legum

1076 507 1244 551 renovasse,
1268 504 1304 540 ἐξ
1317 508 1421 546 paucis
1429 507 1512 547 forte
1529 510 1624 539 verbis
1643 509 1752 541 alicubi
1773 510 1946 550 interpositis

1077 547 1250 588 dzstz‘nsciſjm
1295 546 1524 588 interpretatus
1546 548 1611 581 sum
1629 550 1806 590 Abbatern,
1830 551 1944 584 refuta-

1079 590 1120 620 tis
1138 588 1315 671 omnibug,
1336 589 1389 629 qui
1417 589 1567 622 haetenus
1589 600 1662 624 eum
1680 592 1805 633 pessime
1819 602 1946 634 accepe-

1078 637 1167 667 rant,
1192 639 1251 661 nee
1288 639 1432 670 uicquam
1452 639 1486 661 tu
1504 633 1693 665 contradicis
1711 634 1945 675 interpretatio-

1079 671 1112 703 ni
1128 680 1225 708 meae,
1251 671 1281 702 ὅ(
1298 678 1402 702 tamen
1424 671 1518 703 audes
1549 675 1776 715 pronunciare,
1801 675 1879 707 mihi
1895 674 1947 707 hit':

1080 721 1190 753 aquam
1207 711 1344 750 haerere3
1366 713 1507 744 nondum
1526 723 1612 754 genae
1630 722 1692 747 tuae
1719 717 1858 748 rubent?
1876 721 1947 756 pau-

1079 764 1114 784 ca
1130 755 1240 791 verba,
1263 762 1331 794 quae
1350 753 1454 786 Abbas
1470 754 1549 786 dicit
1575 755 1727 788 Irnerium
1745 757 1948 799 interposuis-

1078 794 1128 834 se,
1153 794 1295 835 nunquid
1311 803 1346 825 ea
1363 794 1551 835 interposuit
1577 796 1796 830 Aurhentz'cis?
1819 799 1948 830 minime

1079 836 1242 877 gentium,
1266 834 1317 867 sed
1337 835 1440 866 Libris
1461 836 1568 879 legum.
1622 837 1670 870 An
1690 839 1892 871 Authenticae
1911 841 1948 871 ti-

1080 878 1110 909 bi
1138 876 1208 908 sunt
1236 877 1326 908 Libri
1349 877 1446 919 legum
1464 878 1481 908 ἱ)
1512 878 1562 910 An
1583 879 1792 912 Authenticas
1811 878 1948 921 distinxit

1081 918 1188 958 paucis
1205 917 1396 959 interpositis
1414 918 1431 950 ⁸?
1463 917 1624 952 Facessant
1644 930 1744 962 nugae.
1791 921 1871 953 Vult
1887 922 1947 954 Ab·

1081 960 1155 998 bas,
1177 959 1330 991 Irnerium
1362 959 1535 992 distinxisse
1563 961 1715 994 Codicem
1729 985 1739 1001 ,
1761 962 1949 1003 interjectis,

1104 1011 1157 1032 uas
1183 1000 1304 1072 fl'yecerat
1320 1024 1330 1040 ,
1364 1001 1555 1034 authenticis
1571 1025 1582 1042 ,
1612 1010 1648 1034 ut
1677 1003 1771 1036 latius
1790 1003 1890 1037 disces
1910 1014 1950 1038 ex

1118 1043 1189 1073 iatri
1208 1052 1236 1074 a.
1893 1070 1896 1072 .

1122 1083 1229 1124 Pergit
1245 1083 1427 1117 insanientis
1445 1084 1603 1127 sapientiae
1619 1086 1784 1120 consultus
1792 1088 1829 1120 ad
1837 1088 1952 1121 Marti-

1081 1135 1156 1157 num
1181 1126 1211 1157 ὅ(
1232 1124 1396 1165 Azonem,
1428 1136 1508 1167 quos
1534 1128 1575 1159 Ca
1597 1152 1605 1160 .
1636 1128 1692 1160 IV.
1718 1128 1853 1161 Diatrib.
1901 1139 1950 1162 ro-

1083 1167 1125 1198 bo
1145 1165 1346 1199 Authenticis
1365 1177 1492 1208 quoque
1511 1168 1559 1200 fui
1588 1178 1605 1200 e
1624 1178 1782 1210 operatos.
1827 1171 1867 1203 Se
1899 1171 1952 1204 hic

1085 1206 1189 1239 rursus
1212 1216 1320 1248 crepat
1346 1209 1391 1240 nil
1414 1208 1471 1240 nisi
1493 1219 1600 1242 eorum
1621 1211 1796 1243 additiones
1817 1212 1847 1244 ὅτ
1866 1212 1952 1253 loci,

1087 1258 1180 1290 quem
1197 1247 1332 1286 habent,
1356 1249 1582 1290 assignationes.
1620 1251 1715 1298 Quasi
1731 1261 1808 1284 vero
1827 1252 1952 1294 Gloss'a,

1088 1299 1161 1321 cum
1189 1289 1226 1320 ad
1254 1290 1273 1320 l.
1307 1289 1427 1322 Fratres
1458 1301 1508 1331 27.
1545 1292 1578 1323 C.
1601 1294 1634 1324 de
1657 1292 1761 1334 inoffiC.
1783 1291 1894 1335 testam.
1919 1297 1953 1327 in

1080 1330 1137 1372 fin.
1160 1331 1264 1362 notari
1295 1331 1387 1370 vult,
1418 1332 1595 1364 Martinum
1619 1333 1662 1364 ibi
1673 1333 1790 1375 posuiffi
1807 1336 1954 1375 quandam

1085 1372 1303 1412 authenticam,
1323 1372 1354 1404 id
1372 1380 1493 1405 tantum
1510 1374 1610 1415 accipi
1628 1382 1794 1415 oporteret
1810 1375 1850 1407 de
1867 1377 1954 1416 loco,

1086 1423 1150 1455 quo
1167 1412 1232 1455 ipse
1247 1414 1376 1446 alterius
1394 1414 1620 1448 Authenticam
1631 1416 1805 1457 digessisset.
1848 1417 1955 1450 Advo⁴

1088 1464 1126 1486 ca
1143 1455 1300 1488 medicum
1313 1479 1323 1495 ,
1355 1456 1408 1497 qui
1431 1455 1489 1487 tibi
1516 1466 1627 1489 venam
1645 1458 1830 1498 pertundat,
1853 1467 1890 1490 ut
1910 1459 1955 1492 in·

1089 1496 1186 1529 sanias
1201 1498 1346 1538 quietius.
1393 1497 1502 1540 Quum
1524 1499 1574 1539 ajo
1584 1521 1596 1538 ‚
1628 1507 1660 1531 te
1675 1498 1745 1540 post
1759 1497 1956 1541 Disputatio-

1088 1548 1160 1570 nem
1178 1539 1330 1580 quandam
1349 1539 1512 1581 vulgarem
1532 1541 1650 1582 pcyiciffi
1667 1540 1841 1582 vegrande,
1872 1541 1956 1582 quod

1089 1580 1245 1619 exhibui,
1284 1581 1473 1613 Corollarium
1490 1603 1501 1620 ,
1535 1589 1573 1613 an
1595 1591 1660 1614 non
1679 1582 1743 1614 hoc
1758 1581 1825 1623 ipso
1844 1590 1876 1614 te
1890 1583 1955 1624 ejus

1088 1622 1248 1654 auctorem
1270 1622 1332 1654 esse
1353 1622 1532 1664 profiteor?>
1557 1624 1685 1664 ponendi
1703 1624 1894 1656 vocabulum
1917 1624 1956 1656 de

1088 1662 1154 1696 sola
1177 1664 1242 1696 loci
1265 1664 1477 1707 adsignatione
1501 1671 1569 1696 tum
1596 1665 1722 1697 demum
1737 1665 1821 1697 recte
1840 1665 1955 1698 intelli-

1087 1716 1141 1748 ges
1152 1729 1162 1746 ,
1183 1706 1205 1738 si
1221 1705 1313 1738 nobis
1330 1705 1490 1738 auftorem
1507 1705 1592 1738 illius
1616 1706 1819 1739 Authenticae
1835 1706 1956 1739 dederis

1088 1747 1202 1787 alium3
1226 1749 1280 1780 vel
1295 1748 1421 1780 aliunde
1435 1747 1550 1788 probes
1561 1770 1573 1786 ,
1582 1747 1759 1780 Martinum
1769 1771 1780 1788 ,
1792 1748 1958 1787 Irnerium,

1088 1789 1250 1828 Azonem,
1275 1789 1414 1831 reliquos
1430 1789 1461 1820 id
1480 1789 1583 1821 aetatis
1595 1813 1605 1829 ,
1635 1789 1843 1822 Authenticas
1858 1790 1956 1822 locas-

1089 1831 1120 1864 se
1140 1830 1211 1863 sede
1229 1830 1301 1870 sua,
1324 1841 1444 1873 neque,
1469 1838 1604 1872 excepta
1627 1829 1713 1862 forte
1737 1830 1955 1872 interpolatio-

1090 1882 1149 1911 ne,
1180 1872 1264 1904 aliud
1290 1873 1458 1914 quicquam
1481 1872 1574 1905 fuisse
1590 1873 1729 1904 molitos.
1772 1871 1828 1903 Tu
1850 1879 1956 1904 autem

1089 1923 1190 1955 neque
1208 1913 1271 1945 hoc
1285 1914 1383 1953 facis,
1410 1922 1511 1955 neque
1531 1914 1584 1945 vel
1601 1914 1692 1954 hujus
1705 1913 1757 1945 vel
1774 1913 1957 1954 quusquam

1089 1955 1219 1988 alterius
1244 1955 1446 1988 Authenticae
1471 1956 1595 1987 laudare
1620 1954 1678 1987 scis
1705 1954 1861 1986 auctorem
1880 1976 1892 1991 ,
1923 1954 1955 1986 &

1091 2006 1195 2029 tamen
1210 1998 1345 2038 opponis
1371 2005 1402 2028 te
1428 1997 1493 2029 luci
1515 2004 1577 2028 tam
1596 1997 1698 2028 clarae.
1745 1995 1790 2027 Ut
1815 2002 1953 2034 taceam,

1090 2038 1224 2071 Martini
1252 2038 1496 2077 Authenticam,
1528 2047 1586 2079 qua
1609 2038 1649 2068 de
1665 2035 1804 2077 loquitur
1824 2034 1957 2074 Glosl'a,

1091 2081 1122 2111 in
1140 2079 1261 2112 Codice
1277 2079 1347 2120 post
1370 2081 1397 2111 d.
1421 2080 1442 2111 l.
1467 2089 1517 2120 27.
1546 2088 1605 2110 nec
1622 2078 1715 2110 hodie
1731 2076 1874 2116 exstare,
1897 2086 1956 2109 nec

1091 2121 1185 2152 etiam
1210 2119 1362 2152 exstitiss'e
1388 2129 1459 2151 :evo
1483 2119 1623 2152 Accursii
1640 2143 1650 2158 ,
1677 2128 1713 2150 ut
1740 2117 1812 2150 satis
1840 2118 1881 2150 ibi
1902 2117 1956 2150 suo

1091 2161 1196 2204 prodit
1215 2160 1417 2199 testimoni03
1441 2169 1540 2202 utque
1555 2162 1598 2192 ita
1614 2159 1777 2192 absurdum
1796 2158 1834 2191 sit
1848 2165 1957 2200 ponen-

1093 2205 1123 2235 di
1140 2202 1270 2234 verbum
1296 2212 1368 2234 cum
1392 2203 1574 2234 lavernione
1599 2200 1806 2242 Groningano
1823 2200 1894 2232 heic
1908 2210 1955 2232 re·

1092 2243 1242 2285 stringere
1266 2244 1302 2275 ad
1330 2244 1455 2282 locum,
1488 2253 1580 2284 quem
1607 2243 1680 2274 huic
1697 2241 1900 2274 Authenticae
1924 2242 1956 2274 in

1093 2285 1215 2317 Codice
1234 2284 1363 2316 dedisset
1379 2285 1548 2317 Martinus.
1953 2295 1956 2298 ’

1134 2325 1190 2358 Est
1208 2326 1304 2367 igitur
1321 2326 1374 2357 ille
1390 2326 1519 2357 omnino
1546 2326 1654 2358 auctor
1671 2327 1819 2367 integrae,
1845 2324 1886 2372 Q.
1911 2323 1957 2357 D<

1091 2368 1129 2400 A.
1154 2368 1363 2406 authenticae3
1395 2366 1440 2398 est
1467 2368 1584 2406 etiam,
1613 2367 1734 2406 fateor,
1759 2366 1955 2399 additorAu-

1092 2409 1242 2441 thenticae
1269 2409 1422 2447 aliorum,
1456 2418 1520 2440 non
1540 2408 1626 2440 secus
1649 2418 1686 2440 ac
1704 2409 1789 2440 Azo:
1813 2408 1853 2439 de
1871 2414 1958 2438 utro⁴

1095 2460 1156 2492 que
1173 2451 1262 2490 plura
1277 2450 1348 2481 loca
1360 2451 1477 2490 protuli
1491 2473 1501 2488 ,
1524 2460 1593 2490 quaa
1617 2459 1680 2482 non
1701 2456 1857 2495 repetam,
1883 2457 1954 2479 curn

1095 2492 1158 2523 hoc
1179 2492 1327 2532 largiatur
1342 2491 1443 2522 bellus
1462 2490 1629 2523 Professor.
1675 2490 1779 2522 Velim
1797 2497 1898 2521 tamen
1914 2498 1956 2521 ex

1095 2533 1134 2565 iis
1152 2533 1231 2564 illud
1251 2531 1368 2571 discat,
1393 2532 1568 2564 additiones
1586 2532 1615 2563 ὅ(
1631 2531 1764 2563 Martini
1787 2530 1818 2562 ὃς
1836 2530 1958 2562 Azouis

1095 2572 1290 2606 constituere
1312 2573 1478 2614 aliquando
1500 2572 1759 2604 Authenticarum
1774 2595 1784 2611 ‚
1816 2579 1849 2603 ut
1871 2581 1955 2603 nunc

1096 2614 1187 2654 sunt,
1211 2622 1331 2655 partem
1352 2614 1661 2654 potiffimam‚atque
1681 2613 1758 2644 adeo
1777 2613 1844 2645 haec
1862 2613 1956 2644 omit-

1098 2664 1165 2687 tere
1179 2665 1238 2688 nec
1259 2655 1411 2696 potuisse,
1437 2664 1494 2686 nce
1514 2654 1671 2691 debuisse,
1695 2655 1746 2696 qui
1776 2654 1806 2686 in
1832 2654 1906 2685 uirit
1924 2654 1957 2686 in·

1097 2706 1202 2728 eanum
1227 2696 1386 2728 auctorem
1413 2695 1605 2726 auctoresve.
1651 2695 1751 2727 Porro
1775 2696 1805 2727 ὃ(
1830 2704 1883 2726 ioc
1904 2695 1955 2726 de-

1096 2739 1216 2770 clarant
1237 2737 1291 2768 illa
1315 2736 1515 2775 testimonia,
1544 2745 1606 2767 non
1635 2736 1817 2778 simpliciter
1843 2736 1956 2768 Μαι-τὺ

1097 2788 1172 2810 num
1197 2779 1228 2810 &
1251 2777 1392 2809 Azonem
1421 2779 1489 2818 quid
1513 2776 1644 2819 adjeciffi
1662 2802 1671 2817 ,
1701 2777 1871 2819 appositiffe,
1888 2779 1957 2818 pin‘

1097 2821 1183 2862 gaius
1200 2819 1237 2854 ὅ)
1251 2819 1340 2849 latius
1356 2817 1531 2858 eazraxill'e,
1553 2826 1584 2849 at
1605 2819 1652 2851 his
1672 2821 1858 2860 quandoque
1873 2818 1955 2850 addi-

1099 2861 1159 2898 tis,
1181 2861 1261 2891 ultra
1286 2869 1371 2900 quam
1396 2857 1437 2900 est
1462 2862 1494 2889 in
1520 2860 1591 2891 libro
1619 2860 1746 2898 lrnerz'i,
1768 2861 1857 2892 lazius
1870 2869 1957 2901 quam

1097 2901 1229 2934 Irmrius
1246 2901 1443 2931 authenticam
1454 2903 1586 2932 extraxit
1596 2925 1605 2940 ,
1625 2902 1654 2933 <Sc
1666 2911 1736 2942 qua:
1750 2900 1820 2933 sunt
1836 2901 1958 2933 similia-1

1096 2942 1183 2984 Quin
1200 2944 1229 2973 δι’
1250 2942 1424 2973 Alexander
1438 2942 1476 2972 de
1494 2941 1598 2974 s'anCto
1607 2942 1720 2983 Egidio
1739 2942 1777 2974 ad
1796 2939 1956 2980 auth.lV.¹fi

1091 2985 1197 3016 ro‘rati.
1220 2983 1251 3014 C.
1275 2984 1312 3013 ad
1325 2983 1433 3014 SCtum
1452 2982 1574 3014 Trebell.
1606 2983 1703 3015 refert
1715 3008 1724 3024 ‚
1743 2983 1902 3015 Dominum
1919 2982 1956 3014 Y.-

1093 3025 1108 3066 (
1121 3008 1313 3065 Ῠτηεγὶυηῑ)
1335 3026 1463 3055 breviter
1478 3035 1541 3056 eam
1559 3024 1705 3067 affignaffe
1716 3048 1725 3064 ,
1733 3024 1787 3066 sed
1797 3024 1955 3056 Dominam

1085 3066 1171 3107 suum
1193 3064 1210 3105 <
1224 3065 1394 3106 Azonem)
1416 3066 1485 3107 quia
1508 3066 1673 3108 plerumque
1689 3067 1825 3107 quceritur
1841 3067 1874 3097 cle
1892 3075 1951 3096 mci-

1095 3107 1170 3138 1eri‘a
1185 3104 1260 3146 ista,
1284 3105 1320 3141 ἑὸ)
1337 3110 1405 3148 qnia
1417 3107 1502 3147 plene
1518 3106 1661 3139 tractatur
1670 3108 1702 3138 in
1719 3107 1838 3148 Corpore
1856 3106 1949 3138 Auth.

1095 3147 1226 3188 acljeciſj'e
1244 3148 1303 3179 &tx
1329 3148 1426 3180 Vides
1441 3157 1482 3179 cx
1499 3148 1557 3187 iis,
1580 3147 1601 3180 si
1619 3147 1692 3188 quid
1711 3149 1768 3179 tibi
1787 3147 1954 3179 oculorum·

1094 3191 1156 3229 est,
1180 3188 1351 3220 acutislimc
1376 3189 1562 3221 Anteceffor
1579 3211 1589 3226 ,
1619 3188 1790 3227 lrnerium,
1814 3187 1895 3229 quod
1919 3194 1952 3217 tu

1093 3231 1118 3263 is
1139 3230 1257 3263 iiineias
1275 3252 1287 3269 ‚
1320 3230 1454 3272 integras
1479 3239 1603 3272 quoque
1625 3229 1830 3262 Authenticas
1852 3235 1949 3299 eqt‘tlra-

1853 3278 1895 3300 xi.
1912 3277 1929 3298 e
1943 3291 1955 3302 ,
