2008 3436
195 109 260 145 108
450 103 849 140 CORNELII
925 113 1032 140 VAN

193 191 356 233 respondit
373 191 447 223 viva
462 200 561 223 voce:
586 190 683 232 igitur
708 191 821 222 melius
839 188 884 222 est
902 190 1065 231 respondit,

196 233 398 274 &optimum
416 234 505 265 dixit.
550 232 729 273 Utrumque
754 231 962 269 vocabulum,
987 240 1063 271 quo-

196 280 322 315 cunque
346 272 377 305 se
402 284 450 306 res
474 273 618 306 habuerit
643 272 760 311 modo,
791 272 909 304 retium
933 271 997 310 est,
1021 270 1065 303 ast

194 315 269 347 ideo
283 315 396 347 rectius
411 317 490 347 dixit
501 339 511 354 ,
534 315 607 356 quia
622 314 762 346 solemne
779 314 809 346 ὅ(
826 313 1002 355 legitimum
1019 312 1064 344 est

196 356 342 400 ibn-attis,
365 357 478 398 quibus
502 356 540 388 ab
558 366 597 387 eo
623 355 674 397 qui
694 354 861 396 cognoscit
880 354 1065 395 &partibus

197 398 329 439 prolatae
346 399 513 439 opiniones
533 397 737 428 continentur
754 397 783 428 ἃ
799 395 974 428 sententiae.
1011 395 1063 427 Sic

195 437 243 470 est
266 439 298 471 in
323 439 464 471 aetorum
493 438 651 477 reliquiis,
678 447 752 478 quas
776 437 923 468 habemus
942 437 972 467 in
987 436 1008 467 l.
1032 446 1063 477 3.

194 480 237 521 ff.
259 482 292 512 de
318 481 363 512 his
390 491 450 522 qnae
475 482 507 511 in
523 478 634 520 testam.
672 479 777 510 delent.
804 479 823 510 i.
853 487 901 519 13.
920 477 962 518 ff.
993 477 1064 518 quod

199 527 267 553 met.
292 521 378 562 cauff.
400 523 419 553 l.
446 532 474 562 7.
490 520 530 561 ff.
552 522 590 551 ad
610 520 650 551 L.
673 519 741 560 Jnl.
765 521 797 551 de
818 520 944 559 vipriv.
968 518 988 549 l.
1011 527 1063 549 21.

194 562 234 604 ff.
260 564 293 594 de
316 563 423 594 crucior.
449 562 485 596 ὦ)
507 561 580 602 confi
606 566 659 592 ent.
685 561 704 591 l.
729 571 760 602 3.
787 562 817 592 C.
843 562 875 591 cle
903 557 1060 605 Qgcaejiiorz.

201 604 339 644 Inscript.
371 605 390 635 l.
422 614 467 635 12.
497 604 528 634 C.
553 603 586 633 de
605 608 680 642 poen.
714 602 734 632 l.
761 612 789 633 2.
818 602 849 632 C.
878 602 910 631 de
934 600 1061 640 excuset.

199 655 310 678 muner.
336 645 472 685 Inscript.
498 645 517 675 l.
529 647 559 675 6.
585 644 617 675 C.
635 644 668 673 (Ie
688 643 802 683 usucap.
821 649 875 683 pro
895 647 980 681 enipi.
1005 641 1060 673 Su-

198 684 327 727 persunt
348 687 376 717 &
403 685 662 717 Declamatorum
685 693 836 722 Drc‘rA,
855 693 924 724 quae
943 683 1068 721 Seneca

199 728 232 758 in
248 727 291 758 X.
317 725 578 767 Controverfinrznn
594 725 715 764 Libris,
739 726 769 756 ἃ
787 725 986 765 811α]ὸ1·ἱι1ν1ι111
1003 722 1060 761 sin-

199 768 298 810 gulari
311 768 348 799 ad
363 768 502 799 actorum
514 791 522 807 ‚
549 767 662 808 quibus
679 776 752 797 vera
766 766 868 808 litigia
884 763 1059 797 refereban-

199 818 251 840 tur
262 831 272 847 ,
292 810 472 850 exemplum
487 808 617 850 digeffit.

243 850 325 893 Quae
350 851 530 882 Antoninus
552 850 654 887 dixit,
678 850 747 881 haec
762 847 853 881 sunt:
884 847 944 883 Ἐγὲ
969 845 1010 883 1313
1039 846 1062 877 g:

199 892 284 926 >idm
301 895 382 928 κύριος
409 892 470 923 ἃς.
515 890 666 929 Causam,
691 900 782 931 quam
798 891 834 921 ad
851 899 923 920 eum
940 888 1059 919 detule-

198 940 264 972 rat,
288 943 351 965 non
379 933 448 965 finit
466 932 660 973 Imperator,
683 931 734 963 sed
754 932 793 963 de
814 931 915 972 gloria
940 929 1062 971 imperii

199 975 366 1015 magnifice
398 973 549 1015 praefatus
583 973 737 1005 incertum
770 973 997 1004 Eudaemonem
1025 970 1062 1001 ad

200 1016 318 1057 Legem
335 1016 489 1047 Rhodiam
504 1015 639 1046 remittit
651 1024 805 1055 ‚nonquo
822 1013 877 1045 fiet
892 1011 1061 1050 incertior,

199 1056 252 1089 sed
270 1067 333 1098 quo
352 1058 404 1089 lex
419 1056 593 1095 maritima,
618 1065 686 1097 quae
701 1056 794 1087 maris
812 1054 900 1093 sunt,
923 1053 1061 1085 definiat.

194 1098 248 1131 Ex
264 1108 303 1130 eo
326 1106 453 1137 autem,
477 1098 560 1138 quod
586 1106 650 1129 non
676 1097 755 1128 certi
775 1096 850 1137 quid
867 1094 1063 1136 responderit

201 1141 406 1178 Antoninus,
426 1139 510 1170 16616
535 1137 646 1170 inferri
671 1145 761 1179 putat
782 1136 888 1178 Jacob.
936 1134 1063 1167 Gotho-

199 1181 328 1220 fredus,
349 1181 388 1212 de
405 1180 587 1212 publicanis
610 1180 660 1210 hic
678 1189 694 1210 a
720 1179 726 1210 i
746 1188 809 1211 non
825 1177 929 1219 poffe,
951 1184 1065 1217 urpote

200 1223 240 1255 de
254 1223 367 1264 quibus
392 1231 440 1254 res
461 1221 653 1253 definitionis
669 1223 698 1252 e1
713 1221 747 1251 'et
764 1227 868 1251 certae.
892 1227 1062 1259 perperam.

199 1265 308 1302 Nemo
325 1264 460 1301 dixerit,
481 1262 562 1294 certi
578 1262 733 1294 incertive
749 1261 825 1301 juris
843 1259 924 1297 esse,
947 1259 986 1289 de
1003 1267 1065 1298 quo

200 1305 344 1349 queritur
369 1304 561 1341 Eudaemon3
584 1309 698 1342 nemo,
732 1311 818 1342 aequa
841 1310 880 1332 an
895 1300 1001 1340 iniqua
1028 1298 1066 1330 sit

199 1351 304 1387 ᾅξῑωσ-ις
315 1370 326 1385 ,
351 1353 384 1377 ut
402 1346 503 1386 Capite
513 1346 645 1384 proximo
663 1343 784 1374 abunde
800 1342 916 1374 dietum
933 1340 987 1372 est.
1013 1339 1066 1372 De

201 1388 383 1423 Publicanis
407 1386 429 1418 fi
448 1392 576 1426 agatur,
599 1394 663 1416 non
683 1384 836 1416 continuo
846 1386 860 1422 ,¹
880 1391 916 1414 ut
938 1382 993 1413 ille
1012 1390 1066 1422 pu-

201 1430 305 1469 tabat,
328 1426 450 1460 necesse
466 1425 510 1458 est
527 1436 582 1458 eos
603 1433 728 1467 raptum
743 1424 881 1463 venisse,
903 1423 985 1465 quod
1003 1422 1068 1454 exi-

200 1470 356 1504 stimarint
373 1471 403 1497 πὶ
420 1468 526 1502 vanam
545 1472 593 1498 τῶν
616 1473 725 1498 wama»
741 1465 823 1505 εῗιιᾳς
846 1471 1020 1507 potuerunt
1037 1473 1067 1495 a-

200 1514 264 1551 lio,
287 1512 317 1543 &
331 1510 453 1542 meliori
472 1510 540 1550 jure
555 1507 713 1550 naufragis
730 1507 894 1550 negotium
907 1505 1067 1538 facessere.

200 1553 319 1596 Finge,
341 1551 421 1584 nihil
437 1551 521 1583 enim
544 1558 635 1582 vetat
656 1552 687 1582 in
705 1559 738 1581 re
761 1557 823 1581 tam
840 1546 989 1587 obscura,
1012 1555 1066 1587 pu-

201 1596 345 1630 blicanos
361 1591 518 1634 repetiiss'e
534 1591 713 1633 {impliciter
729 1588 882 1632 impensas
899 1589 932 1621 in
944 1589 1066 1620 naufra-

199 1637 242 1679 gii
265 1635 488 1668 collectionem
511 1632 608 1664 factas
653 1633 705 1664 vel
722 1631 823 1674 ipsum
840 1630 1067 1663 Eudaemonem

200 1677 399 1719 naufragium
420 1674 582 1716 collegiffe
608 1655 719 1713 fuum,
748 1672 800 1705 sed
828 1679 863 1703 ut
889 1672 955 1713 ejus
984 1672 1066 1703 dam-

200 1730 276 1753 num
295 1718 491 1759 aliquatenus
508 1714 690 1755 resarciret,
715 1724 855 1753 merces,
877 1723 1066 1754 quamquam

200 1760 384 1801 naufragas,
408 1756 580 1800 profess'um
598 1767 661 1789 non
686 1756 796 1796 fuiffe,
821 1755 873 1786 vel
891 1754 913 1787 fi
927 1755 1001 1795 quid
1019 1755 1067 1786 his

200 1802 250 1836 ⁴est
266 1801 380 1840 limile,
404 1798 489 1841 quod
509 1797 612 1830 litium
630 1798 792 1830 materiem
810 1796 890 1828 solet
909 1795 1066 1827 sufficere:

204 1843 285 1877 nihil
321 1842 358 1873 ad
384 1841 436 1872 has
463 1839 583 1881 species
615 1839 767 1877 Antonini
793 1836 1067 1875 Constitutiones,

202 1884 316 1927 quibus
334 1892 406 1914 cum
422 1882 517 1919 alias,
543 1889 609 1912 tum
625 1881 655 1912 in
673 1881 693 1912 l.
722 1890 746 1912 1.
773 1880 804 1911 C.
829 1880 862 1910 de
886 1879 988 1919 nansr.
1012 1888 1066 1919 pu-

199 1927 396 1964 blicanorum
413 1931 467 1955 aut
487 1921 554 1954 fisci
572 1922 734 1953 avaritiam
750 1920 855 1961 fregit.
901 1919 1026 1951 Deinde
1046 1919 1066 1951 s1

201 1968 254 1999 vel
270 1965 437 2006 naufragos
462 1963 521 1996 fint
538 1962 660 2002 adorti,
686 1963 760 2003 quia
776 1961 1021 1999 adoriebantur,
1045 1960 1066 1992 si

202 2009 296 2041 unice
320 2007 463 2038 venerint
486 2014 574 2036 more
599 2004 802 2045 praedonum,
825 2003 847 2035 11
870 2012 953 2035 mera
968 2001 1066 2033 fuerit

201 2048 347 2087 Aioegmyri
361 2071 370 2085 ‚
393 2055 428 2078 ut
448 2056 516 2085 eam
537 2046 673 2087 appellat
693 2045 887 2083 Eudaemon,
911 2044 1012 2084 deque
1030 2043 1064 2074 il-

199 2093 230 2125 la
246 2091 266 2123 li
292 2089 364 2120 ui'do
379 2086 556 2119 constiterit
574 2087 756 2125 Antonino,
781 2086 888 2127 quidni
908 2086 940 2117 in
958 2094 990 2115 re
999 2094 1063 2115 cer-

201 2142 234 2165 ta
259 2142 275 2162 a
318 2131 367 2171 jus
390 2137 510 2160 certum
525 2151 536 2166 ,
557 2127 596 2158 ad
618 2127 731 2168 Legem
751 2127 925 2164 Rhodiam,
949 2125 1061 2167 suppli-

201 2180 327 2206 cantem
354 2170 580 2202 Eudaemonem
605 2168 772 2209 ablegass'et
796 2167 995 2209 Imperator?
1021 2168 1064 2198 ita

201 2212 385 2257 praestabat,
408 2220 499 2252 quarn
523 2219 635 2250 magno
662 2209 789 2249 ingenio
813 2209 936 2249 dejure
955 2216 1064 2250 aperto

200 2254 397 2296 respondere.
444 2251 490 2283 Ut
526 2258 646 2282 taceam
660 2274 671 2290 ,
708 2253 827 2284 Sanam&
859 2251 931 2282 illos
961 2259 1065 2281 tamen

202 2296 295 2329 fuisse
311 2293 499 2332 audiendos,
520 2301 578 2323 nec
595 2292 713 2333 semper
728 2291 849 2323 vacass'e
866 2291 1065 2332 Principibus

205 2336 354 2371 Romanis
380 2335 418 2366 de
436 2334 543 2365 cauffis
572 2332 784 2377 cognoscere,
807 2332 973 2373 aliquando
1000 2333 1064 2364 illi:

204 2380 264 2412 Vos
278 2379 390 2410 habetis
409 2376 532 2417 Jndices
550 2372 676 2414 vestros,
699 2374 959 2412 quemadmodum
979 2374 1065 2405 Mar-

202 2431 258 2452 cus
285 2419 464 2451 Antoninus
485 2416 659 2448 Advocatis
686 2414 752 2447 fisci
778 2415 861 2447 dixit
876 2415 907 2446 in
927 2415 946 2446 l.
973 2426 1002 2457 3.
1024 2415 1064 2456 ff.

203 2464 236 2493 de
254 2462 299 2493 his
316 2470 375 2501 quae
391 2461 423 2490 in
438 2456 549 2499 testam.
574 2457 679 2488 delent.

246 2503 318 2540 Ait,
342 2500 372 2533 se
388 2500 450 2532 csse
465 2513 548 2533 ›Laws‹
561 2503 669 2535 novor,
690 2499 790 2529 mnndi
805 2499 960 2530 dominznn.
1005 2498 1066 2530 Eu-

202 2545 326 2577 daemon
345 2541 525 2582 simpliciter
553 2540 674 2571 dixerat
692 2543 776 2573 Moe
790 2546 922 2578 namen,
961 2540 1068 2571 addito

204 2586 299 2617 etiam
313 2607 322 2623 ,
345 2591 381 2613 ut
406 2581 591 2613 familiarius
608 2581 768 2611 videretur
785 2590 896 2622 agere,
918 2581 1067 2613 Antonini

204 2626 350 2663 nomine;
374 2623 449 2665 quid
466 2621 632 2653 dicemus?
655 2621 819 2653 nescivisse
839 2622 996 2653 hominem
1017 2632 1067 2664 pe-

203 2667 361 2709 regrinum
373 2689 382 2704 ,
404 2663 614 2696 adulationem
631 2662 898 2703 ambitionemque
911 2663 972 2702 jam
991 2673 1066 2695 con-

203 2707 318 2741 ceffiss‘c
336 2708 367 2739 in
385 2704 506 2737 causam
523 2704 712 2742 Romanam,
734 2702 898 2735 nesciviffe
914 2706 998 2738 nugis
1010 2715 1066 2735 vo-

202 2750 348 2783 cabulum
369 2748 498 2788 vulgare
513 2744 607 2777 nimis
624 2743 685 2776 esse
712 2744 741 2775 δε
760 2745 927 2784 protritum
941 2768 950 2783 ,
975 2755 1068 2786 quam

203 2801 239 2823 ut
265 2800 304 2822 eo
330 2789 479 2821 utendum
505 2786 541 2819 sit
567 2786 598 2818 in
630 2785 850 2826 compellando
876 2785 1067 2826 Imperatore

203 2831 375 2865 Romano?
394 2839 431 2861 an
449 2829 520 2860 ideo
536 2827 752 2866 Antoninum,
773 2826 1065 2867 quasiindignabun-

202 2874 298 2912 dum,
324 2881 359 2904 ut
383 2869 519 2903 hominis
544 2867 750 2900 rusticitatem
776 2876 922 2906 notaret,
947 2867 1009 2899 sese
1036 2879 1066 2899 e-

204 2915 330 2956 quidem
354 2916 441 2947 κύωον
464 2910 576 2943 dixisse
593 2933 602 2948 ,
626 2908 677 2941 sed
702 2908 724 2940 ff
747 2911 836 2946 κᾴσμκ
860 2909 973 2942 nomer?
999 2908 1067 2940 sunt

203 2956 250 2988 hae
267 2954 475 2996 inspectiones
492 2952 563 2984 satis
580 2950 810 2989 incertiffimae,
832 2950 861 2982 ὅς
881 2948 950 2982 sane
963 2950 1065 2990 hujus-

202 2997 309 3035 modi,
334 3003 370 3027 ut
394 2994 518 3036 longius
537 2992 601 3025 illis
627 2992 788 3024 immorari
810 2991 840 3023 ὅ(
859 2991 955 3025 bonas
976 2991 1067 3022 horas

203 3038 331 3078 perdere
352 3036 512 3108 indignum
528 3034 574 3067 fit.
620 3033 654 3065 Id
672 3033 782 3075 utique
799 3031 941 3072 constat,
965 3032 1064 3064 Anto-

203 3079 310 3110 ninum
323 3077 378 3110 fibi
396 3087 413 3108 a
436 3077 570 3109 scribere
588 3075 616 3103 π’
632 3075 719 3110 ,μάσμα
738 3074 848 3113 ,εὔφη
871 3075 915 3105 ita
935 3083 1066 3115 nempe,

204 3120 346 3161 quamvis
369 3127 490 3150 tantum
512 3115 668 3155 abfuerit,
692 3125 727 3148 ut
752 3116 861 3148 orbem
889 3123 991 3147 totum
1009 3125 1063 3147 un-

204 3168 295 3202 quam
315 3160 417 3191 vitlor
432 3159 592 3191 Romanus
614 3157 777 3196 habuerit,
800 3165 835 3189 ut
850 3165 890 3188 ne
912 3156 1063 3188 decimam

201 3200 327 3242 quidem
343 3200 410 3240 ejus
426 3199 595 3240 poss'ederit
617 3207 754 3240 partem:
781 3207 883 3231 tamen
908 3197 991 3239 quod
1009 3206 1063 3238 po·

1107 101 1713 139 BYNKDRSHOEK
1990 98 2008 159 i'}

1110 190 1207 222 tentia
1223 197 1380 221 armorum
1405 198 1468 221 non
1483 190 1615 231 potuit,
1637 190 1806 222 verborum
1825 194 1966 232 procacia
1993 185 2008 227 'i

1108 231 1204 262 Orbis
1223 231 1390 271 imperium
1405 230 1458 263 fibi
1480 231 1649 272 arrogavit.
1687 230 1779 264 Hanc
1798 233 1966 270 vanitatem
1994 229 2008 268 (i

1107 272 1139 304 in
1158 271 1346 303 Constantio
1368 271 1556 312 imperatore
1571 272 1771 313 reprehendit
1789 272 1966 309 Ammianus

1107 313 1316 344 Marcellinus
1342 313 1413 344 Dib.
1432 312 1508 345 XV.
1528 319 1557 353 p.
1577 323 1616 345 m.
1634 317 1684 346 60.
1709 313 1785 344 dum
1803 313 1880 346 adeo
1897 324 1967 353 eum

1107 363 1124 385 a
1143 363 1220 385 vero
1237 354 1267 385 ἅ
1285 353 1417 386 honesto
1433 353 1601 386 declinaffe
1623 354 1782 395 prodidit,
1803 361 1836 386 ut
1850 356 1907 397 ipse
1923 357 1964 389 di-

1107 394 1208 440 ‹Sitando
1223 394 1431 436 scribendoque
1452 397 1573 435 propria
1597 406 1686 427 manu
1717 405 1816 428 orzms
1844 405 1970 442 Tor-lug
2003 393 2006 403 ‘

1098 438 1132 476 Je
1149 435 1332 468 DOMINUM
1357 437 1534 477 appellaret,
1556 438 1628 478 quod
1653 438 1816 468 dicentibus
1840 438 1970 475 aliising
2002 441 2007 455 '¹

1107 478 1267 518 dignanter
1283 478 1433 509 admodum
1442 479 1527 518 ferre
1545 479 1674 518 deberet,
1700 479 1730 510 δι
1746 487 1817 519 quae
1838 477 1971 520 sequunq
2003 485 2008 509 1

1106 525 1166 549 tur.
1212 518 1255 549 At
1273 519 1304 550 in
1324 517 1511 556 Constantio
1526 518 1546 551 fi
1564 521 1633 560 quis
1647 520 1677 551 id
1693 518 1798 557 ferat,
1817 529 1883 553 non
1898 521 1972 556 idem
2005 542 2008 549 ·

1105 558 1189 590 feret
1215 559 1246 590 in
1277 560 1440 591 Antonino
1464 561 1515 591 vel
1539 560 1598 592 Pio
1617 561 1668 592 vel
1696 559 1911 602 Philosopho,
1929 562 1973 601 <h
2004 556 2008 599 ἰ

1105 609 1237 640 quorum
1253 601 1408 632 alterutro
1429 609 1531 632 tamen
1547 602 1618 634 heic
1635 601 1680 634 est
1695 600 1806 635 sermo.
1845 603 1973 639 Vellem

1105 641 1235 687 liceret,
1259 642 1346 687 quod
1360 651 1424 673 non
1441 642 1534 680 licet,
1559 643 1737 685 intelligere
1753 644 1976 685 potiusAntoz

1103 691 1212 714 ninum
1225 682 1360 723 aliquem
1374 692 1526 723 nequam,
1548 683 1738 717 Caracallam
1747 686 1799 717 vel
1817 685 1956 727 Helioga

1103 723 1230 762 balum,
1253 723 1366 769 quibus
1381 724 1474 764 digna
1497 735 1563 756 vox
1585 726 1678 758 ess'et:
1704 727 1763 763 Ἐμὲ
1782 726 1824 765 p&
1845 727 1864 758 g,
1883 731 1930 761 κέν
1956 735 1958 737 ’

1105 766 1205 803 κόμης
1229 774 1284 810 yn<
1309 774 1391 797 emm
1415 764 1481 803 est,
1504 775 1539 797 ut
1562 766 1716 798 sententia
1741 767 1794 799 illa
1810 767 1956 808 proficise

1105 813 1199 847 queat
1214 805 1268 837 11111
1286 816 1303 837 a
1324 815 1408 837 mera
1431 806 1567 845 insania,
1588 817 1642 839 aut
1664 809 1802 848 nequitia
1819 809 1972 843 adulantis·

1104 857 1179 885 um,
1200 856 1269 887 quae
1289 846 1419 886 superba
1438 848 1492 878 illa
1510 849 1634 880 nomina
1654 859 1812 890 peperere.
1859 849 1973 887 Sedan

1104 888 1173 934 haec
1188 888 1435 929 exspectabimus
1450 889 1487 920 ab
1506 889 1552 921 his
1562 912 1571 927 ,
1591 891 1704 931 quibus
1719 899 1813 922 nemo
1828 891 1977 932 graviusg

1105 930 1256 968 lantftius,
1281 929 1450 961 modestius
1473 932 1515 961 rei
1543 932 1694 963 Romanae
1718 931 1876 972 praefuit‘?
1897 931 1974 968 fera

1105 970 1169 1010 est,
1195 980 1231 1002 ut
1244 970 1403 1016 moi-esi).
1431 971 1478 1002 Pii
1496 974 1544 1002 vel
1568 973 1671 1004 Marci
1685 973 1840 1012 ejusmodi
1852 967 1981 1018 adsupff

1105 1013 1274 1053 plicantem
1306 1012 1485 1053 relponi‘um
1514 1023 1575 1045 non
1602 1014 1768 1046 videantur
1797 1014 1987 1051 admittere,¹

1107 1053 1149 1086 Et
1168 1052 1333 1094 profecto,
1355 1053 1388 1085 ni
1417 1063 1451 1085 ea
1469 1055 1561 1086 animi
1584 1055 1786 1096 magnitudo,
1810 1056 1911 1088 dicam
1933 1064 1973 1092 atr

1108 1094 1249 1135 superbia
1273 1095 1423 1126 Romanis
1449 1094 1526 1126 esset
1547 1097 1669 1136 propria
1690 1105 1726 1127 ac
1752 1097 1795 1128 ita
1814 1097 1903 1128 velut
1925 1096 1970 1129 inq.

1106 1144 1201 1175 nata,
1225 1144 1259 1167 ut
1279 1136 1488 1182 veloptimos
1507 1146 1649 1177 quosque
1670 1136 1836 1177 infecerit,
1858 1135 1974 1172 frustra

1107 1176 1220 1215 simus,
1244 1176 1265 1208 fi
1292 1177 1374 1221 hune
1397 1186 1428 1208 m
1453 1177 1500 1208 his
1527 1178 1724 1218 Principibus
1746 1185 1902 1210 tumorem
1920 1179 1972 1210 den

1108 1217 1287 1249 fendamus:
1314 1218 1361 1248 led
1381 1227 1444 1248 non
1466 1227 1545 1249 unus
1568 1218 1662 1250 hodie
1680 1229 1824 1252 nummus
1841 1219 1973 1258 vifitur,

1109 1259 1163 1299 qui
1184 1257 1385 1299 repraesentat
1413 1259 1441 1290 ὃς
1472 1257 1513 1289 D.
1533 1259 1642 1298 Pium,
1668 1261 1699 1292 δι
1721 1261 1889 1300 Marcum,
1912 1260 1974 1292 Or-

1108 1300 1179 1331 bem
1200 1308 1459 1336 terraruinmanu
1476 1307 1618 1331 tenentes
1635 1299 1698 1332 sua.
1741 1301 1829 1346 Quin
1846 1303 1877 1334 &
1898 1300 1972 1333 Rei-

1109 1340 1245 1382 publicae
1266 1348 1409 1381 tempore
1425 1340 1464 1371 de
1486 1348 1635 1372 terrarum
1657 1341 1752 1373 Orbis
1771 1343 1974 1383 omniumque

1113 1381 1266 1413 Gentium
1284 1382 1417 1422 imperio
1432 1381 1614 1422 jactitarunt
1629 1382 1784 1422 Romani3
1807 1383 1881 1414 vide
1891 1382 1972 1419 Tu1÷

1112 1424 1190 1456 lium
1205 1423 1234 1461 in
1251 1423 1337 1455 Orat.
1349 1428 1448 1459 contra
1459 1423 1583 1455 Rullum
1595 1425 1632 1455 aci
1641 1423 1716 1464 Pop.
1727 1424 1796 1466 Cap.
1806 1422 1970 1458 XXXIII.

1112 1466 1143 1497 &
1159 1470 1212 1505 pro
1236 1464 1328 1496 Domo
1356 1465 1424 1505 Cap.
1443 1463 1516 1497 XC.

1153 1506 1186 1538 T
1189 1505 1400 1547 emperabitur
1418 1513 1519 1538 tamen
1535 1506 1589 1539 ille
1605 1505 1722 1545 fastus,
1734 1506 1756 1540 fi
1772 1517 1828 1549 per
1835 1510 1970 1543 mundum

1111 1548 1141 1580 &
1166 1550 1259 1579 orbem
1283 1546 1495 1590 intelligamus
1520 1547 1686 1580 Romanum
1700 1548 1876 1590 duntaxat,
1909 1560 1971 1593 quo

1110 1589 1195 1621 orbis
1219 1589 1380 1621 Romanus
1406 1598 1471 1620 non
1487 1588 1546 1627 fit,
1570 1598 1630 1630 qua
1653 1599 1757 1630 mare,
1805 1601 1844 1623 ua
1859 1592 1989 1632 tellus,·

1132 1640 1169 1663 ua
1191 1629 1271 1662 fidus
1294 1630 1394 1661 currit
1418 1637 1608 1671 utrumque,
1642 1630 1694 1663 sed
1717 1601 1972 1673 quaqkomanum

1127 1672 1280 1713 mperium
1302 1670 1428 1703 sistitur.
1472 1671 1523 1703 Sic
1546 1672 1635 1703 Orbis
1659 1672 1810 1706 Romanus
1831 1675 1972 1708 occurrit

1108 1715 1140 1746 in
1163 1714 1183 1745 l.
1206 1722 1253 1753 17.
1269 1712 1310 1754 ff.
1334 1714 1367 1744 de
1384 1710 1469 1752 statu
1487 1713 1595 1745 homin.
1620 1714 1640 1746 l.
1663 1723 1689 1747 1.
1716 1715 1750 1747 C.
1773 1717 1807 1748 de
1831 1715 1969 1749 Eunuch.

1108 1755 1189 1797 apud
1207 1754 1405 1786 Ammianum
1416 1754 1640 1786 Marcellinum
1660 1755 1729 1788 Lib.
1739 1756 1860 1790 XVI.a
1893 1759 1969 1789 rinc.

1110 1797 1146 1832 &2³
1166 1795 1272 1828 XVll.
1293 1802 1322 1836 p.
1341 1806 1382 1844 m.¹
1404 1804 1471 1842 }74·
1502 1795 1538 1830 &⁹
1568 1796 1662 1828 XIX.
1685 1803 1717 1837 p.
1744 1807 1814 1838 244.
1838 1764 1969 1839 &3270

1110 1837 1326 1869 Caffiodorum
1352 1836 1448 1877 Epist.
1471 1836 1525 1868 III.
1550 1839 1587 1868 ad
1609 1837 1708 1876 Fauii.
1730 1838 1824 1879 Praep.
1855 1839 1885 1871 ὅ(
1916 1840 1969 1871 de-

1108 1879 1204 1920 nique
1219 1879 1300 1919 apud
1315 1877 1455 1910 Leonem
1474 1878 1628 1919 Magnum
1642 1880 1772 1920 sermone
1785 1879 1826 1912 II.
1843 1882 1876 1912 de
1887 1879 1970 1926 Qua·

1109 1918 1281 1962 dragefimn.
1328 1919 1429 1951 Immo
1451 1919 1540 1950 Orbis
1566 1921 1596 1952 ὅς
1611 1925 1651 1953 τῆς
1672 1921 1810 1959 oin-piune
1837 1923 1985 1963 appella-1

1111 1962 1157 1993 tio
1179 1960 1360 2002 simpliciter
1387 1970 1450 1992 non
1477 1959 1570 1993 semel
1595 1961 1739 1994 Romano
1762 1962 1897 2004 Imperio
1917 1964 1972 1995 tri-

1109 2002 1227 2034 buitur.
1272 2001 1405 2033 Grotius
1431 2002 1464 2032 de
1489 2001 1524 2042 J.
1555 2002 1589 2034 B.
1616 2002 1652 2038 ἐξ
1670 2003 1706 2034 P.
1739 2003 1809 2035 Lib.
1831 2003 1869 2035 II.
1896 2006 1968 2044 Cap.

1109 2042 1220 2075 XXII.
1243 2053 1273 2074 n.
1289 2052 1337 2084 13.
1363 2043 1392 2076 ἃ
1411 2042 1463 2073 alii
1485 2052 1555 2074 eum
1570 2044 1621 2084 qui
1639 2044 1859 2084 praeceil‘erunt
1877 2046 1908 2077 δε
1929 2045 1970 2078 se-

1108 2085 1199 2126 quuti
1222 2083 1314 2121 sunt,
1339 2092 1400 2114 tam
1424 2082 1505 2123 saepe
1531 2084 1560 2115 id
1586 2093 1734 2125 egerunt,
1765 2094 1800 2116 ut
1820 2095 1855 2118 ea
1875 2087 1914 2117 dc
1937 2095 1970 2119 re

1107 2125 1203 2157 verba
1216 2124 1322 2156 facere
1340 2123 1564 2164 supervacuum
1581 2126 1668 2158 ell'et.
1704 2126 1851 2159 Attamen
1871 2128 1970 2160 tutius

1108 2166 1257 2199 &melius
1267 2164 1309 2197 D.
1323 2164 1565 2208 chrysostomus
1578 2166 1713 2199 Humilia
1729 2169 1762 2199 in
1777 2179 1876 2211 magn.
1891 2169 1969 2201 Heb-

1107 2211 1180 2240 (ium.
1225 2207 1434 2248 Imperatores
1458 2215 1521 2239 non
1555 2211 1649 2241 ἁπλᾶς
1674 2217 1769 2242 vocat
1791 2213 1905 2245 Rama,
1930 2210 1971 2244 ,ῖς

1108 2247 1256 2288 aufidus,
1277 2248 1328 2280 sed
1354 2257 1433 2279 velo
1450 2253 1494 2278 ’τῆς
1514 2251 1581 2277 καθ’
1609 2251 1677 2284 {uir
1698 2249 1828 2288 οἰκεμῖιής
1842 2274 1852 2290 ,
1877 2251 1969 2292 Impe-

1107 2297 1217 2324 ratores
1237 2290 1327 2321 Orbis
1348 2287 1456 2335 nostri,
1478 2289 1530 2321 vel
1559 2290 1647 2322 Orbis
1665 2293 1715 2332 qui
1733 2294 1813 2324 circa
1840 2303 1889 2324 nos
1911 2291 1970 2334 est,

1109 2333 1180 2371 vel,
1202 2338 1237 2362 ut
1260 2329 1447 2371 Justimanus
1472 2330 1503 2361 id
1527 2332 1667 2370 extulit,
1699 2333 1789 2365 Orbis
1811 2339 1989 2373 terrarum„

1109 2375 1157 2416 qni
1173 2373 1305 2405 Romano
1322 2371 1446 2412 Imperio
1454 2371 1616 2413 simposiius
1630 2373 1671 2414 est
1684 2374 1705 2407 l.
1717 2384 1747 2406 2.
1762 2375 1792 2406 C.
1804 2375 1968 2418 dejztrejur.

1105 2421 1225 2456 propcer
1249 2414 1375 2445 column.
1422 2413 1470 2444 An
1489 2423 1592 2446 autem
1613 2418 1713 2450 κε’σμος
1733 2415 1887 2454 Ilffundus,
1909 2424 1970 2456 qua

1109 2466 1192 2488 voce
1216 2455 1318 2486 utitur
1344 2454 1520 2486 Maecianus
1541 2454 1660 2494 noster,
1684 2456 1774 2487 ullibi
1797 2456 1971 2497 accipiatur

1109 2507 1167 2539 pro
1186 2496 1272 2529 Orbe
1296 2495 1462 2533 Romano,
1485 2505 1549 2527 non
1569 2496 1633 2527 scio
1651 2506 1666 2528 a
1683 2505 1839 2537 quoquam
1857 2496 1968 2538 proba-

1111 2548 1179 2570 tum
1198 2537 1268 2568 ess‘e.
1315 2536 1428 2568 Rarior
1445 2535 1488 2567 cst
1504 2546 1539 2567 ea
1555 2537 1640 2569 illius
1659 2537 1746 2568 verbi
1764 2537 1968 2579 significatio,

1110 2579 1255 2620 usurpata
1286 2586 1389 2609 tamen
1418 2577 1455 2608 ab
1482 2576 1672 2617 Imperatore
1702 2577 1907 2611 Diocletiano
1938 2580 1969 2614 in

1109 2621 1232 2658 edicito,
1256 2619 1340 2659 quod
1366 2628 1423 2658 pro
1445 2621 1557 2648 tuenda
1574 2619 1726 2661 religione
1751 2621 1878 2661 antiqua
1895 2630 1968 2652 con-

1111 2671 1158 2693 tra
1183 2660 1379 2694 Manicliaeos
1399 2681 1409 2696 ‚
1442 2658 1533 2689 nobis
1562 2658 1698 2691 servavit
1722 2660 1916 2700 Judaicarum
1939 2661 1969 2694 ἀ

1111 2704 1320 2734 Romanarum
1340 2700 1459 2740 Legum
1470 2700 1614 2731 collator
1634 2701 1693 2732 Tit.
1709 2701 1784 2734 XV.
1808 2702 1967 2749 Quoniam,

1110 2744 1236 2785 inquit,
1258 2742 1423 2773 audivimus
1447 2750 1490 2770 eos
1508 2743 1669 2781 nuperrime
1684 2744 1765 2773 velut
1784 2753 1859 2774 nova
1875 2744 1967 2784 inopi·
1989 2759 1991 2762 ⁴

1110 2791 1183 2816 nata
1193 2783 1330 2824 prodigia
1346 2783 1377 2812 in
1393 2781 1467 2812 bunc
1489 2791 1645 2814 munuum
1666 2785 1699 2815 cle
1719 2782 1966 2824 I'erfica,izciver-

1100 2826 1185 2867 fizria
1200 2826 1277 2855 nobis
1299 2824 1412 2861 Gente,
1432 2824 1577 2864 progr*qu
1601 2825 1649 2855 vel
1667 2831 1729 2856 orla
1746 2825 1815 2867 effe,
1837 2825 1875 2857 ab
1891 2829 1969 2858 orbe

1110 2867 1234 2900 Pei-fico
1251 2866 1283 2896 in
1301 2864 1409 2895 orbem
1430 2864 1606 2897 Romanum
1621 2867 1744 2898 venerit
1762 2867 1816 2898 illa
1836 2866 1966 2905 haerefis,

1111 2909 1141 2940 ὅ(
1157 2908 1238 2938 hunc
1262 2905 1444 2946 iimplicitcr
1462 2915 1556 2937 vocat
1578 2908 1723 2938 mundum.
1771 2907 1861 2949 Apud
1883 2906 1969 2940 Grae-

1109 2959 1164 2980 cos
1182 2948 1246 2992 ejus
1266 2946 1438 2978 locutionis
1464 2948 1642 2988 ert-nmium
1662 2948 1738 2980 mihi
1757 2947 1837 2980 haud
1847 2947 1967 2981 succur-

1108 2991 1169 3028 rit,
1195 2997 1268 3029 qum
1285 2997 1342 3018 nec
1362 2988 1445 3018 aliud
1462 2989 1542 3027 apud
1560 2988 1699 3022 Latinos.

1151 3030 1232 3062 Illud
1257 3038 1333 3060 vero
1362 3028 1559 3069 Imperatoris
1589 3030 1723 3063 Romani
1745 3031 1907 3073 imperium
1937 3031 1967 3064 &

1109 3072 1135 3101 ῃ)
1155 3084 1232 3106 ,mm
1247 3070 1506 3115 queinmimndum
1521 3071 1715 3111 interpretari
1726 3081 1873 3114 oporteat
1884 3083 1966 3116 quae-

1108 3122 1181 3145 runt
1212 3112 1290 3148 hie,
1321 3112 1370 3142 1611
1394 3110 1514 3150 otiose,
1549 3112 1749 3153 interpretes.
1795 3113 1889 3153 Vidi,
1913 3113 1966 3156 qui

1106 3164 1176 3186 eum
1196 3153 1297 3184 mnndi
1308 3176 1315 3189 ‚
1343 3152 1392 3184 scd
1417 3153 1565 3184 muliebris
1587 3162 1707 3185 tantum
1728 3154 1888 3186 dominum
1905 3154 1967 3187 61111Ι

1106 3195 1256 3228 adfirmet.
1304 3194 1363 3226 Sed
1382 3193 1457 3225 abiit
1478 3195 1596 3235 Satyra.
1633 3194 1737 3240 Quam
1755 3195 1839 3228 16616
1856 3195 1967 3229 Munda·

1918 3239 1964 3269 do-
