2008 3436
211 114 281 149 354-
445 104 1026 140 CORNELIINAN

210 190 332 229 quando
357 190 515 228 donatur,
546 191 681 222 deduc‘to
717 189 840 221 Doario
859 212 869 228 ,
900 190 937 221 ad
967 189 1070 230 legiti-

208 240 290 262 mam
315 231 470 263 sufficeret
497 233 624 271 liberis,
650 232 669 263 11
699 231 750 271 qui
775 231 996 268 nascerentur,
1019 240 1070 270 pa-

210 272 308 304 rentis
334 274 587 313 patrimonium?
622 282 716 313 grave
754 271 799 302 est
815 295 824 310 ,
859 280 894 303 ut
921 273 1069 304 dicamus.

208 313 288 344 Sane
306 313 327 345 fi
340 314 393 354 Jus
407 313 556 346 Graecum
575 314 736 354 sequamur
751 313 782 344 in
799 312 920 347 -ξτηέόλῳ
932 335 942 351 ,
966 312 1069 353 0000,

208 363 246 384 ut
270 354 365 393 dixi,
396 365 468 386 eum
507 355 628 387 Doario
663 353 733 384 fere
765 353 848 387 idem
873 353 949 392 est,
978 353 1067 385 dimi-

207 395 298 426 nutio
327 397 505 437 patrimonii
545 395 631 427 uxori
661 395 712 426 vel
745 395 849 426 viduae
879 394 1068 435 0111110010-

208 446 299 476 quam
318 438 509 478 praejudicat.
555 438 606 469 Sic
630 434 675 466 est
693 436 773 476 apud
795 435 1069 476 Harmenopulum

210 479 298 514 Πρόχ.
332 479 372 510 L.
404 478 460 510 lV.
495 479 553 509 Tit.
586 477 630 508 X.
663 476 691 516 ἓ.
726 487 772 509 11.
797 487 838 509 ex
865 477 981 509 Leonis
1004 476 1068 507 No-

208 520 280 549 vell.
304 519 414 551 XXII.
435 519 552 551 etiamsi
567 522 599 554 τῷ
616 518 735 554 *afficite
754 519 784 550 in
803 527 925 550 tantum
941 518 1069 549 minutae

208 560 266 592 sint
283 559 449 593 facultates
465 561 542 599 viri,
568 568 601 592 ut
617 559 722 592 liberis
739 560 819 592 nihil
836 559 1070 601 superfuturum

210 602 258 634 fit.
554 604 555 608 ’

251 644 327 675 Non
346 644 470 685 quidem
487 643 570 683 quod
593 643 630 675 ad
656 643 845 684 legitimam,
871 642 921 674 sed
941 641 1000 673 alia
1019 650 1071 672 oc-

210 686 331 717 casione
356 686 504 716 acerrime
530 683 721 724 disputatum
741 683 785 715 est
804 685 886 715 inter
915 683 1069 715 celebrio-

208 736 256 757 res
274 728 456 758 Advocatos
469 749 479 763 ‚
500 735 536 756 an
563 725 717 756 Doarium
745 735 803 766 pro
823 726 932 763 luero,
956 734 994 755 an
1012 732 1069 764 pro

209 777 270 798 aere
285 768 389 799 alieno
404 766 481 798 ell'et
498 767 669 798 habendum
680 767 696 797 .9
712 766 793 798 Cum
810 766 894 797 Titii
913 767 996 797 bona
1011 774 1069 806 pro

207 808 327 840 semisse
351 808 584 840 fideicommissa
608 807 730 844 ell'ent,
755 809 798 840 ita
825 816 948 845 tamen,
970 815 1005 838 ut
1031 806 1070 837 de

207 850 352 882 omnibus
369 851 396 880 ei
417 850 526 889 liceret
542 848 693 888 statuere,
717 855 743 880 te
758 849 980 887 verals'eneren,
1004 858 1070 879 ver-

207 892 350 923 hcmcieleiz
364 915 372 929 ,
396 896 565 928 vei-tmen,
589 901 671 922 maur
696 892 758 922 niet
775 893 811 932 hy
832 891 912 931 gifte
933 890 1020 921 oncler
1036 890 1069 920 de

208 933 328 964 levenffle
355 933 387 973 os
409 929 585 971 tellement,
618 932 647 963 δε
675 931 794 973 sponsae
821 933 902 971 suae,
930 930 1070 962 adhibita

208 983 290 1006 voce
319 974 530 1011 vemlleneert,
553 972 684 1004 dedisset
706 974 738 1005 in
764 973 919 1005 Doarium
943 972 1067 1010 omnia,

207 1025 277 1055 quae
296 1017 503 1056 relinqueret,
529 1015 657 1046 servatis
683 1014 757 1046 solis
781 1014 856 1052 sibi,
879 1013 1067 1045 0111300113-

208 1057 292 1089 tibus
308 1057 403 1098 longe
419 1056 627 1097 amphffimis,
655 1065 779 1087 100000
800 1055 962 1093 Florenis,
987 1064 1067 1096 quae⁴

208 1097 300 1130 situm
320 1098 385 1136 est,
409 1108 447 1129 an
463 1098 564 1134 10610,
589 1097 673 1138 quod
691 1097 728 1127 ad
748 1096 926 1129 semissem?
950 1095 989 1127 de
1011 1095 1068 1126 hac

207 1139 380 1177 quaeffione
413 1140 504 1170 aliter
543 1146 636 1180 atque
669 1138 760 1169 aliter
794 1137 977 1179 responsum
1012 1134 1066 1167 est.

207 1180 312 1225 Quam
332 1181 474 1221 plurimis
493 1180 630 1220 placuit,
655 1179 759 1209 valere
788 1178 880 1218 (5),
903 1177 955 1210 sed
981 1176 1070 1214 aliis,

207 1232 273 1254 non
297 1223 403 1254 valere
429 1222 512 1262 (6).
537 1221 568 1252 Si
595 1220 732 1251 rationes
754 1219 785 1250 in
814 1227 979 1259 utramque
1001 1227 1068 1257 par-

207 1271 272 1294 tem
293 1271 497 1301 excuterem,
520 1263 550 1293 &
573 1261 611 1291 de
634 1260 682 1291 his
709 1260 855 1291 omnibus
882 1259 1069 1291 sententiam

205 1304 367 1342 adderem,
384 1313 458 1335 mox
474 1302 657 1341 exsurgeret
671 1301 785 1341 grande
801 1301 972 1338 volumen,
1001 1309 1069 1332 ran-

206 1346 267 1383 de,
290 1352 325 1376 ut
346 1345 389 1375 ait
412 1344 486 1381 ille,
511 1343 636 1374 malum.
662 1342 737 1375 Dixi
757 1342 845 1383 supra
863 1341 1068 1382 compendio,

205 1385 371 1458 0011001101
390 1384 493 1416 sedeat
504 1404 525 1423 ‚-
539 1393 597 1416 nec
616 1392 745 1425 repeto,
769 1394 840 1425 quae
854 1384 917 1425 J'am
936 1392 1071 1423 occupa-

206 1436 236 1458 ta
269 1437 336 1459 unt.

247 1469 357 1500 Potius
385 1478 493 1510 quaero
512 1491 522 1507 ,
556 1478 593 1500 an
622 1478 687 1500 non
710 1467 770 1499 alia
794 1467 877 1499 ratio
904 1465 1068 1508 suppetat,

205 1520 265 1550 003
281 1510 409 1542 obviam
431 1510 469 1541 iri
488 1509 581 1551 poflit
603 1509 726 1541 Doario
748 1510 891 1541 omnium
911 1509 1070 1540 bonorum

204 1552 302 1583 etiam
323 1551 537 1583 futurorum?
571 1551 648 1583 Sane
665 1574 675 1589 ‚
700 1550 786 1591 quod
815 1550 854 1582 ad
877 1550 1070 1591 legitimam,

204 1593 306 1624 301100
330 1593 498 1624 dicendum
522 1592 568 1625 est
583 1616 592 1632 ,
627 1593 731 1624 valere
747 1614 758 1630 ,
781 1591 802 1624 fi
830 1592 900 1633 quis
924 1590 1068 1623 universa

202 1634 256 1667 sua
273 1634 305 1666 in
324 1633 480 1666 Doarium
506 1634 649 1673 dederit,
674 1643 766 1672 nam,
789 1633 875 1674 quod
894 1633 939 1664 ita
960 1632 1065 1671 dedit,

203 1686 270 1708 non
288 1676 375 1707 dedit
394 1676 426 1708 in
442 1675 585 1709 fraudem
607 1676 797 1713 liberorum,
821 1675 893 1715 qui,
916 1681 951 1707 ut
971 1674 1066 1706 modo

203 1717 346 1749 dicebam
358 1739 368 1755 ,
392 1717 471 1750 nulli
488 1725 576 1749 erant
588 1741 598 1757 ‚
638 1717 788 1757 uibusque
803 1716 874 1748 ideo
892 1716 1067 1758 legitimam

203 1759 310 1790 deberi
337 1758 419 1800 fingi
438 1759 560 1799 nequit.
605 1727 697 1791 §fulli
723 1758 832 1799 utique
853 1766 941 1790 erant
970 1757 1001 1789 in
1032 1767 1067 1789 ea

203 1799 331 1842 specie,
356 1809 449 1841 quam
470 1800 512 1833 fic
527 1801 633 1832 retuli.
677 1800 738 1832 Sed
758 1799 812 1841 qui
836 1799 991 1831 Doarium
1015 1798 1066 1830 ha-

204 1842 281 1874 bent
299 1852 357 1884 pro
377 1851 461 1873 mera
476 1842 648 1874 donatione
661 1865 670 1880 ‚
693 1841 790 1872 etiam
816 1841 888 1873 inde
913 1849 975 1873 tam
996 1849 1069 1881 pos-

201 1884 270 1918 sent
295 1883 490 1922 rescindere,
515 1884 600 1924 quod
626 1884 707 1915 inter
725 1881 823 1923 JCtos
847 1883 944 1924 vulgo
968 1882 1069 1922 place-

201 1934 254 1964 at,
277 1924 477 1966 praesentium
494 1934 533 1956 ac
548 1924 731 1956 futurorum
747 1924 951 1956 donationem
976 1922 1070 1955 nulli-

202 1977 240 1998 us
257 1966 318 1998 0110
337 1967 510 2005 momenti,
536 1975 572 1998 ut
590 1966 673 1998 reete
690 1965 826 2006 disputat
842 1966 943 2007 Julius
960 1964 1070 1996 Clarus

203 2008 233 2049 §.
260 2008 391 2039 Domitio
412 2007 521 2052 Qcaest.
549 2017 597 2045 19.
621 2007 705 2049 quod
720 2007 750 2038 ὅτ.
765 2006 917 2040 Hollandi
935 2006 1070 2047 probant

202 2049 249 2090 (7
266 2050 291 2090 ).
317 2049 408 2094 Unde
426 2051 524 2091 magis
547 2050 671 2088 miror,
694 2047 774 2081 nihil
792 2049 859 2088 ejus
881 2049 928 2080 rei
951 2047 1070 2080 venisse

203 2091 237 2122 in
255 2098 394 2123 mentem
410 2091 467 2128 iis,
488 2091 541 2131 qui
561 2090 645 2122 Titii
674 2090 831 2122 Doarium
854 2090 997 2122 omnium
1012 2089 1069 2120 bo-

203 2141 315 2164 norum
333 2132 428 2164 tantis
449 2131 560 2163 animis
579 2131 801 2173 impugnabant
822 2130 908 2172 (8).
933 2130 994 2163 Sed
1009 2130 1070 2161 hoe

203 2172 291 2205 forte
318 2172 356 2204 ab
382 2173 420 2205 iis
451 2171 658 2205 transmissum
682 2172 726 2205 est
745 2195 755 2211 ‚
780 2172 865 2213 quod
887 2173 985 2213 vulgo
1008 2172 1071 2213 pla-

204 2223 275 2246 ceat
294 2228 304 2253 3
335 2222 423 2255 parte
440 2214 597 2246 bonorum
619 2213 775 2246 reservata
792 2236 803 2252 ‚
833 2221 1013 2245 ceterorum
1038 2222 1072 2244 0-

202 2257 325 2289 mnium
342 2256 544 2288 donationem
562 2255 686 2295 valere,
711 2256 752 2288 fic
768 2255 851 2287 enim
878 2255 986 2287 scribit
1007 2254 1073 2294 ipse

202 2299 258 2331 1110
284 2298 383 2338 Julius
413 2297 522 2329 Clarus
542 2299 569 2330 cl.
597 2296 704 2344 Qcoest.
725 2307 773 2334 19.
797 2307 826 2329 η.
840 2301 869 2331 8.
894 2296 925 2329 &
941 2296 982 2328 fic
1000 2296 1073 2334 alii,

204 2349 284 2380 0003
306 2339 348 2370 ibi
366 2338 518 2372 Auum-es
541 2340 657 2371 laudat.
703 2339 822 2371 Verum
841 2347 905 2370 non
933 2338 1024 2368 aliter
1042 2337 1073 2368 id

204 2380 434 2412 admittendum
451 2380 518 2420 est,
543 2390 637 2422 quam
664 2380 702 2412 de
727 2387 815 2421 parte
840 2379 979 2417 ineerta,
1002 2387 1074 2410 nam

205 2432 269 2454 non
290 2422 381 2453 aliam
398 2422 440 2452 ob
466 2422 586 2455 causam
607 2431 671 2453 non
700 2420 832 2454 subfistit
852 2421 993 2452 omnium
1020 2419 1076 2451 bo-

204 2472 339 2502 norum,
363 2463 459 2495 etiam
483 2463 666 2496 futurorum
685 2487 697 2502 ,
729 2462 858 2496 donatio
877 2483 889 2500 ‚
918 2470 1011 2502 quam
1036 2470 1076 2494 ne

791 2553 1068 2589 CAPU

1102 103 1701 141 BYNKERSHOEK

1114 190 1183 231 quis
1203 213 1214 229 ,
1244 190 1281 222 ad
1305 189 1466 223 servitutis
1493 190 1628 232 speeiem
1651 193 1790 226 redactus
1810 218 1820 233 ,
1847 197 1965 241 dempta
2006 210 2008 220 v

1114 232 1200 264 omni
1217 232 1261 263 rei
1280 232 1359 264 bene
1378 232 1522 273 gerendae
1544 232 1597 273 spe
1616 234 1646 266 δε
1661 235 1894 276 emolumento,
1915 249 1962 272 00-
2002 251 2005 260 s

1114 282 1203 313 gatur
1222 272 1463 314 obtorpeseere,
1488 273 1545 305 soli
1567 274 1731 306 donatario
1754 276 1964 320 laboraturus,

1114 314 1325 355 quodeunque
1360 314 1568 355 acquisiverit.
1624 314 1738 357 Neque
1769 318 1845 350 adeo
1875 321 1963 355 etiam

1111 364 1220 396 magna
1233 364 1365 396 excepta
1384 355 1501 388 summa
1522 356 1683 397 proderit,
1707 366 1743 388 ut
1758 368 1866 401 magna
1888 361 1962 394 sum·

1112 404 1162 427 ma
1188 397 1252 441 erit
1268 418 1279 433 ‚
1301 406 1394 437 quam
1419 397 1472 430 fibi
1495 397 1707 430 reservaverat
1729 398 1838 432 Titius
1862 401 1892 434 in
1913 411 1965 443 ea,

1112 445 1207 482 quam
1222 437 1304 475 dixi,
1329 436 1453 479 specie,
1477 449 1547 470 nam
1568 440 1598 472 ἀ
1623 448 1689 470 eam
1712 440 1861 482 integram
1879 442 1964 476 habe-

1113 477 1160 509 brt
1177 487 1284 518 p1ger,
1307 488 1409 520 neque
1429 480 1597 520 majorem,
1619 480 1640 512 fi
1661 480 1802 514 strenuus
1818 482 1918 517 instet.

1156 518 1322 565 110οο104
1333 529 1357 551 1.
1375 521 1560 561 promiserat
1576 521 1716 564 Dynasta
1732 522 1884 565 Orangius
1899 533 1965 567 pac·

1113 566 1148 591 to
1175 560 1311 601 nuptiali,
1331 561 1444 593 Mai-ize
1468 562 1580 604 Anglae
1614 565 1646 594 10
1671 562 1825 596 Doarium
1859 574 1963 600 10000.

1113 600 1224 647 Libras
1250 601 1453 634 sterlinoicas
1480 603 1565 644 (9),
1595 605 1646 636 cui
1680 603 1865 638 testamento
1886 607 1964 641 addi-

1113 642 1162 674 dit
1187 650 1282 681 5000.
1307 650 1343 674 ut
1379 653 1409 675 1c
1431 646 1598 684 quotannis
1625 655 1750 687 caperet
1777 656 1884 687 15000.
1913 647 1964 682 Li-

1113 683 1183 715 bras
1216 683 1425 725 Sterlingieas.
1481 684 1575 718 Curia
1609 686 1790 720 Hollandiae
1819 697 1871 730 31.
1902 688 1965 736 Jan.

1117 728 1216 766 1653,
1242 724 1420 770 &Senatus
1439 727 1608 766 Supremus
1632 738 1664 768 4.
1688 729 1763 770 Apr.
1790 733 1880 772 1653.
1902 731 1966 765 illas

1116 775 1226 798 10000.
1251 764 1359 799 Libras
1380 767 1593 807 adjudicarunt
1610 768 1814 810 simpliciter,
1835 772 1967 804 illas've-

1113 816 1149 838 ro
1183 815 1278 846 5000.
1311 806 1419 840 Libras
1436 831 1448 847 ,
1482 815 1622 849 quatenus
1655 812 1790 853 legitima
1821 818 1968 853 paterent

1113 847 1227 894 (10),
1253 847 1307 894 etsi
1333 848 1416 881 filius
1443 850 1520 882 esset
1546 852 1723 891 obaeratus,
1747 854 1778 885 ὅ(
1800 863 1903 894 parurn
1927 863 1968 888 ex

1112 889 1205 920 00013
1222 888 1282 921 suis
1303 891 1500 932 perciperet,
1524 893 1553 924 ὅ(
1576 902 1726 934 praeterea
1746 895 1824 926 aviae
1848 894 1970 929 deberet

1111 939 1227 977 50000.
1252 930 1389 963 florenos
1412 942 1550 973 annuos,
1574 943 1668 974 atque
1691 936 1735 967 ita
1757 935 1900 976 absorpta
1924 945 1969 969 es·

1113 974 1159 1018 set
1180 978 1249 1003 tota
1266 973 1408 1018 legitima
1432 973 1496 1015 (11
1512 975 1538 1016 ).
1585 976 1703 1015 Vides,
1728 984 1888 1018 utramque
1911 976 1970 1011 Cu-

1111 1022 1189 1044 riam
1221 1012 1397 1053 Doarium,
1419 1025 1461 1047 ex
1485 1016 1575 1056 pasto
1603 1017 1800 1058 profectum,
1823 1018 1876 1050 aeri
1899 1019 1969 1051 alie-

1110 1063 1171 1092 no,
1195 1062 1237 1100 ex
1261 1054 1446 1088 testamento
1471 1057 1649 1098 profectum
1670 1083 1679 1098 ,
1705 1059 1885 1092 liberalitati
1913 1060 1968 1093 im·

1111 1094 1231 1136 putasse
1248 1095 1423 1128 100000001-
1432 1107 1487 1137 03,
1511 1108 1580 1139 quae
1602 1100 1663 1139 jam
1681 1101 1768 1141 supra
1782 1100 1950 1142 disputavi.

1153 1135 1290 1182 Sponsus
1304 1136 1453 1183 secundas
1473 1140 1597 1180 nuptias
1617 1141 1832 1174 000113610103
1845 1165 1854 1180 ,
1880 1141 1970 1183 spon-

1113 1176 1172 1215 sae,
1194 1177 1216 1208 fi
1241 1186 1270 1207 01
1293 1177 1371 1210 01101
1396 1179 1567 1220 superstes,
1589 1182 1621 1213 in
1647 1181 1975 1224 Doarium‘promittit

1117 1226 1229 1256 11500.
1251 1216 1396 1263 flore—nos.
1430 1221 1540 1252 Stante
1555 1223 1756 1254 matrimonio
1773 1224 1872 1262 duos,
1894 1233 1973 1265 quos

1112 1258 1266 1304 habebat,
1289 1259 1373 1290 111103
1393 1269 1432 1292 ex
1448 1260 1512 1293 sola
1533 1262 1674 1302 legitima
1698 1262 1806 1295 scribit
1835 1263 1972 1297 heredes.

1112 1298 1157 1331 Hi
1168 1321 1179 1337 ,
1205 1308 1295 1340 patre
1310 1299 1461 1333 defuneto
1472 1324 1483 1340 ,
1506 1302 1546 1333 de
1562 1304 1703 1344 legitima
1719 1303 1878 1344 disputant
1893 1305 1971 1346 apud

1112 1340 1262 1387 Senatum
1277 1341 1461 1388 Supremum
1473 1365 1483 1381 ,
1509 1343 1539 1375 ὃς
1553 1353 1626 1375 0001
1643 1345 1868 1385 obtinuissent,
1885 1346 1916 1380 in
1928 1347 1972 1388 ju-

1113 1382 1198 1414 01010
1217 1384 1440 1428 esecutionis,
1464 1394 1548 1416 nova
1565 1385 1698 1426 quaestio
1714 1395 1824 1419 exorta
1850 1387 1912 1427 est,
1935 1397 1972 1422 an

1112 1433 1226 1464 nempe
1242 1424 1320 1456 illud
1338 1423 1495 1458 Doarium
1518 1435 1630 1466 11500.
1653 1426 1844 1460 florenorum
1862 1428 1971 1462 haben-

1113 1464 1284 1511 dumeffet
1310 1475 1369 1506 pro
1388 1476 1478 1508 parte
1501 1467 1685 1501 hereditatis
1708 1469 1740 1502 in
1764 1471 1971 1511 computanda

1112 1506 1273 1548 legitima,
1297 1517 1334 1539 an
1358 1517 1436 1539 vero
1464 1518 1505 1542 ex
1532 1509 1725 1549 hereditate,
1748 1520 1808 1552 qua
1829 1521 1871 1544 aes
1900 1512 1972 1544 alie-

1112 1557 1209 1586 num,
1231 1548 1483 1582 detrahendum?
1508 1549 1694 1591 Hereditas,
1718 1551 1757 1583 de
1783 1562 1841 1594 qua
1867 1552 1918 1584 hic
1941 1562 1970 1585 a·

1111 1588 1244 1630 ‘gebatur
1261 1612 1273 1628 ,
1294 1597 1360 1622 erat
1383 1592 1503 1632 oppido
1527 1591 1688 1624 luculenta
1702 1617 1712 1632 ,
1744 1593 1785 1626 fic
1811 1602 1846 1626 ut
1871 1593 1972 1627 viduae

1111 1640 1152 1662 ex
1179 1630 1301 1677 Doaijio
1325 1631 1404 1665 nihil
1425 1634 1593 1674 quiequam
1618 1634 1783 1666 decederet
1796 1658 1807 1674 ,
1829 1635 1862 1667 in
1881 1643 1972 1676 quam

1110 1680 1230 1713 partem
1249 1673 1310 1719 „illa
1339 1672 1469 1719 quaestio
1498 1673 1706 1716 definiretur,
1745 1675 1796 1708 sed
1823 1675 1845 1708 fi
1867 1675 1972 1709 secun-

1109 1714 1183 1746 dum
1210 1713 1295 1746 filios
1314 1715 1487 1755 judicatum
1512 1715 1587 1747 ess'et
1605 1739 1616 1755 ,
1646 1717 1677 1748 id
1709 1717 1872 1755 decederet
1902 1717 1972 1750 reli-

1103 1755 1180 1795 0013
1198 1755 1323 1796 scriptis
1340 1756 1515 1790 heredibus.
1561 1758 1622 1790 Me
1636 1758 1786 1791 Senatore
1809 1758 1878 1790 haec
1901 1767 1971 1791 cau-

1111 1797 1143 1829 sa
1160 1798 1332 1843 occupavit
1350 1798 1519 1838 Senatum,
1544 1799 1575 1831 &
1600 1800 1722 1840 prolixe
1746 1799 1883 1833 discuss‘ae
1902 1798 1973 1832 sunt

1112 1847 1253 1885 rationes
1270 1862 1280 1877 ‚
1313 1849 1388 1880 quas
1416 1839 1506 1881 supra
1538 1840 1570 1872 in
1596 1848 1759 1883 utramque
1790 1841 1975 1873 sententiam

1113 1880 1225 1919 attuli,
1250 1889 1291 1911 ex
1319 1890 1435 1913 novem
1462 1889 1568 1913 autem
1595 1882 1797 1915 Senatoribus
1814 1905 1826 1921 ‚
1874 1882 1904 1914 ui
1927 1882 1972 1915 rei

1111 1921 1286 1963 J'udicandae
1313 1921 1505 1961 intererant,
1534 1930 1597 1955 tres
1617 1923 1835 1956 existimabant
1885 1923 1972 1955 oarit)

1112 1963 1284 2004 augendam
1309 1963 1371 1995 effe
1399 1963 1606 1996 hereditatem
1624 1989 1634 2003 ‚
1667 1965 1697 1997 ὅτ.
1721 1965 1761 1997 fic
1790 1971 1972 2011 computan-

1112 2006 1183 2036 dam
1201 2004 1398 2045 legitimam,
1421 2003 1473 2036 sed
1501 2004 1555 2037 sex
1580 2006 1633 2038 alii
1659 2007 1720 2038 alia
1738 2005 1888 2038 sententia
1905 2014 1972 2038 ute-

1112 2046 1228 2078 bantur
1246 2068 1255 2082 ,
1288 2045 1319 2076 &
1341 2045 1511 2079 secundum
1542 2046 1600 2079 hos
1625 2047 1795 2088 judicatum
1824 2057 1853 2079 2.
1884 2045 1972 2080 Nov.

1118 2096 1209 2128 1712.
1233 2086 1250 2127 (
1265 2095 1278 2118 1
1291 2087 1341 2128 2).

1158 2128 1267 2174 Quum
1291 2136 1397 2170 partes
1423 2129 1504 2161 inter
1527 2131 1626 2163 varias
1650 2129 1837 2172 quaestiones
1855 2152 1868 2169 ‚
1920 2137 1973 2162 uas

1115 2179 1154 2202 ex
1180 2171 1388 2202 contentione
1409 2171 1447 2202 ad
1482 2172 1631 2204 Senatum
1655 2171 1833 2213 judicandas
1853 2172 1892 2203 de
1909 2179 1973 2203 ere·

1115 2211 1192 2243 bant
1210 2235 1221 2250 ‚
1245 2212 1341 2242 etiam
1363 2212 1444 2244 hanc
1468 2213 1665 2253 tractassent,
1687 2212 1790 2246 rursus
1814 2211 1975 2245 sententiis

1114 2252 1323 2293 discrepatum
1344 2252 1412 2290 est,
1436 2252 1489 2285 sed
1514 2254 1674 2297 plerisque
1695 2254 1896 2287 senatoribus
1925 2261 1972 2285 12.

1114 2294 1193 2335 Maj.
1233 2298 1322 2334 1718.
1354 2294 1452 2336 (13)
1482 2295 1596 2327 iterum
1627 2296 1771 2337 placuit,
1803 2293 1976 2332 Doarium,

1115 2335 1154 2367 ad
1178 2334 1271 2367 instar
1301 2335 1370 2367 aeris
1395 2336 1517 2374 alieni,
1546 2346 1586 2368 ex
1615 2337 1787 2368 hereditate
1809 2336 1893 2376 prius
1914 2332 1976 2365 esse

1114 2376 1357 2416 deducendum,
1390 2377 1420 2409 ἃ
1455 2377 1566 2410 deinde
1601 2376 1840 2419 computandam
1871 2374 1974 2417 legiti-

1116 2428 1210 2450 marn.

1120 2551 1156 2586 T
1255 2550 1426 2587 VIII.

206 2620 260 2654 An
285 2617 432 2655 Ὓπέέολεν
447 2618 520 2664 five
546 2618 703 2653 Doarimn
733 2619 870 2665 Conjugi
885 2617 1057 2666 superstiti
1081 2619 1185 2663 pastis
1209 2617 1485 2662 antenuptialibus
1514 2612 1710 2660 promissum,
1745 2614 1836 2659 exigi
1858 2611 1974 2662 pofflt,

529 2669 677 2714 quamvis
693 2665 861 2714 separatio
884 2667 963 2713 quod
984 2669 1027 2702 ad
1052 2668 1175 2702 thorum
1200 2664 1242 2705 ὅ)
1268 2664 1408 2710 mensam
1432 2665 1657 2698 intervenerit.

316 2807 402 2829 mum
422 2796 541 2828 Gentes
558 2795 576 2836 ζ
588 2795 653 2836 1),
677 2796 722 2826 ita
745 2796 776 2828 ὅς
795 2795 876 2836 apud
896 2794 952 2826 Ilo
969 2795 1075 2828 landos

319 2837 386 2870 fuit
401 2839 478 2870 olim
492 2861 502 2877 ,
527 2837 557 2870 &
574 2846 658 2869 nune
675 2845 800 2878 quoque
818 2835 864 2867 est
875 2859 885 2875 ‚
908 2835 1074 2869 Paetorum

205 2880 469 2921 antenuptialium
485 2878 624 2920 potestas
637 2878 732 2919 longe
758 2877 915 2917 maxima,
939 2876 1018 2908 adeo
1035 2885 1072 2909 ut

205 2754 541 2857 Quemadmodum
565 2754 646 2796 apud
671 2753 762 2793 alias,
787 2753 936 2785 Bai-baras
975 2753 1071 2785 011111-

245 3005 307 3041 (5)
328 3005 444 3034 Illorum
459 3004 602 3042 Responsa
616 3005 704 3034 habes
724 3004 817 3043 Consti.
832 3004 869 3033 B.
885 3003 1074 3034 Tom.11.c0n-

200 3043 436 3116 fil·(}<3·2g·omm
455 3081 599 3118 Responsa
617 3082 724 3111 exstant
739 3082 765 3111 d.
776 3081 848 3111 Tom.
862 3082 898 3111 ΙΙ.
917 3090 962 3118 30.
978 3079 1014 3117 δ’
1028 3089 1074 3116 31.

245 3119 308 3154 (7)
329 3121 420 3157 Confil.
441 3121 516 3148 Han.
541 3120 612 3149 Tam.
634 3123 656 3149 I.
679 3120 770 3157 Confil.
795 3124 857 3154 169.

243 3156 305 3192 (8)
328 3155 421 3194 Cwnfil.
442 3159 477 3186 B.
502 3157 632 3195 Tam.,11.
654 3158 745 3195 Confil.
769 3166 813 3193 30.
835 3156 872 3192 {9⁹
894 3167 940 3195 31.

238 3193 304 3231 (9')
324 3195 453 3227 Aitzema
475 3195 577 3232 Histor.
599 3196 634 3227 L.
656 3198 740 3226 XXI.
757 3206 785 3235 p.
809 3199 876 3228 168.

1115 2753 1174 2784 vix
1195 2751 1289 2784 ullam
1317 2758 1379 2784 tam
1412 2748 1546 2782 validam
1582 2748 1809 2789 obligationem
1833 2748 1974 2781 invenire

1116 2795 1230 2832 liceat,
1255 2794 1286 2825 δε
1310 2791 1384 2833 0010
1411 2791 1543 2828 mirum,
1569 2790 1606 2821 iis
1632 2791 1734 2827 euim,
1757 2798 1824 2830 quae
1848 2788 1889 2820 ibi
1910 2789 1974 2830 pla-

1115 2843 1249 2866 cuerunt
1271 2857 1282 2873 ,
1313 2831 1549 2864 conditionibus
1584 2830 1683 2871 ipsum
1712 2830 1945 2863 matrimonium
1962 2852 1975 2869 ,

1115 2885 1164 2908 res
1186 2875 1265 2907 tanti
1295 2873 1477 2912 momenti,
1501 2872 1700 2904 contrahitur
1714 2893 1726 2910 ,
1756 2870 1838 2911 quod
1863 2871 1976 2918 absque

1938 2921 1975 2944 m

1154 3001 1233 3039 (ιο)
1255 3000 1333 3029 Idem
1355 2998 1457 3037 Hzslior.
1479 2998 1514 3028 L.
1535 2997 1668 3028 XXXIII.
1688 3006 1715 3034 p.
1738 2999 1873 3032 895-897.
1974 3036 1976 3039 ι

1155 3041 1236 3078 (11)
1256 3040 1333 3068 Idem
1343 3038 1572 3074 L.XXXVll.p.
1588 3040 1652 3072 989.
1673 3034 1762 3072 infin.
1778 3034 1976 3073 &992er-

1155 3079 1236 3127 (122
1256 3077 1366 3116 Oliserv.
1390 3077 1507 3105 Tmnulc.
1532 3076 1563 3105 Τ.
1584 3077 1634 3104 lV.
1654 3084 1680 3103 n.
1701 3082 1768 3108 902.

1155 3120 1235 3153 (13)
1256 3116 1365 3154 Oberv.
1389 3115 1505 3143 Tumult.
1530 3114 1561 3143 T.
1583 3115 1633 3143 VI.
1654 3123 1680 3141 n.
1704 3121 1786 3147 1440.

1156 3155 1170 3192 (
1182 3164 1192 3184 1
1205 3156 1218 3192 )
1241 3154 1336 3192 Zypaei
1357 3154 1458 3183 Hiatus
1471 3152 1578 3190 Casani
1593 3149 1729 3194 obstructus
1751 3151 1815 3179 1,.1.
1828 3151 1857 3180 C.
1870 3158 1896 3184 4.
1925 3169 1930 3177 .
1944 3146 1976 3176 In

1118 3195 1200 3223 dotem
1217 3193 1328 3225 dacione.
1352 3193 1446 3224 Sande
1460 3190 1550 3229 Decis.
1564 3190 1630 3229 Fris.
1650 3189 1684 3219 L.
1695 3190 1732 3218 ll.
1749 3187 1779 3218 T.
1794 3191 1830 3218 11.
1851 3187 1891 3216 De
1903 3196 1937 3216 m.
1948 3194 1977 3221 4.
