2008 3436
195 119 266 154 254
440 108 839 146 CORNELII
914 117 1022 144 vAN

194 188 226 220 in
245 187 322 219 hanc
340 198 403 220 rcm
420 189 503 222 fatto
528 199 574 222 12.
595 190 671 230 Mai.
695 194 782 231 1663.
806 188 896 229 (14).
921 188 962 219 Et
980 196 1051 217 curn

195 229 306 274 Petrus
318 253 326 268 ‚
350 230 427 262 alius
442 230 649 263 Moschorum
667 231 857 271 Imperator,
875 229 976 260 nostra
988 237 1050 258 me-

196 278 312 308 moria,
346 271 442 302 fimile
465 281 575 303 munus
598 272 727 312 pellium
750 271 858 302 iisdem
883 268 1052 302 Ordinibus

194 319 249 351 per
267 310 400 351 Legatos
419 312 487 344 suos
503 312 682 350 obtulisset,
707 321 770 343 non
789 319 911 341 tanturn
928 318 1052 349 accepe-

195 359 289 388 runt,
314 353 363 383 sed
381 353 524 386 &mense
541 353 672 384 Octobri
692 355 779 391 1697.
804 352 886 382 inter
902 350 932 382 se
948 349 1054 391 partiti

196 391 280 423 sunt.
335 393 415 425 Cum
438 395 568 435 denique
589 393 668 424 haud
699 393 742 423 ita
764 392 882 432 pridem
907 391 1055 430 Princeps

194 432 415 473 Tripolitanus
434 434 550 475 septem
576 443 672 474 equos
694 433 845 464 Arabicos
871 432 979 463 iisdem
997 429 1052 462 Or-

194 474 317 507 dinibus
341 474 545 507 Generalibus
564 475 649 505 dono
674 473 817 511 miiiffet,
843 472 977 504 Ordines
1006 476 1053 505 18.

196 515 294 547 Mart.
325 522 413 557 1735.
437 517 661 550 decreverunt.
686 514 764 546 inter
784 513 900 554 septem
927 512 1055 544 Provin-

196 556 314 587 ciarum
334 557 503 598 Delegatos
525 555 606 587 sorte
627 556 850 586 dividerentur.
902 552 1054 600 Quamvis

197 605 302 628 autem
326 597 391 629 liaec
412 600 453 628 ita
471 596 665 638 placuerint,
686 595 791 626 nescio
811 604 932 632 tamen,
957 602 994 624 an
1010 592 1052 624 sa-

197 638 238 668 tis
256 638 323 677 jure
339 637 514 670 subsistant:
540 644 609 668 nam
628 637 713 678 quod
730 636 900 668 Ordinibus
916 634 1052 665 Genera-

195 678 277 710 libus
306 679 464 717 donatur,
497 678 634 718 Principi
664 677 813 708 donatum
842 676 1054 716 intelligeres,

195 729 297 760 neque
314 719 390 750 adeo
405 720 466 751 illis
482 719 640 760 personis,
664 727 732 758 quae
749 727 813 749 non
836 717 890 749 nifi
906 726 961 758 pro
981 724 1056 747 tem-

195 768 273 800 pore
299 759 474 801 Principem
499 759 731 800 repraesentant.
775 757 872 790 Nunc
896 758 948 796 hi,
972 765 1056 788 nune

196 801 248 831 alii
274 810 313 831 eo
334 809 460 832 munere
483 800 678 841 funguntur,
709 809 768 831 nec
795 808 867 840 erga
892 797 1054 839 personas,

194 841 248 872 sibi
272 842 452 882 plerumque
479 842 619 882 ignotasg
644 842 705 873 ulla
729 840 882 880 Principis
911 838 1057 870 donantis

196 881 321 914 affectio
342 884 485 923 praesumi
508 883 634 924 poterit.
681 882 778 925 Quod
800 880 938 921 Principi
963 879 1055 910 relin-

197 924 320 963 quitur,
349 922 487 964 personae
509 922 651 955 relitium
677 933 741 954 non
768 921 925 962 intelligi,
959 919 1056 960 Gaius

194 973 252 995 nos
266 964 410 996 docuerit
423 965 453 996 in
472 965 493 996 l.
512 968 562 1005 56.
581 964 620 1005 ff.
641 965 674 995 de
687 964 796 1006 Legat.
818 962 859 994 ΙΙ.
882 968 953 993 nam
969 961 1055 992 Prin-

196 1005 267 1045 cipe
283 1003 433 1037 defunc‘to
445 1029 456 1044 ,
478 1014 641 1047 antequam
658 1005 724 1036 dies
741 1004 835 1045 legati
856 1003 965 1041 cedat,
991 1001 1056 1033 suc-

197 1045 308 1077 ceffori
329 1046 464 1086 legatum
490 1046 611 1078 tribuit.
656 1046 698 1077 Et
720 1045 822 1077 minus
847 1043 932 1075 forte
948 1043 1056 1084 proba-

197 1087 245 1117 bis
256 1111 266 1125 ,
290 1089 374 1127 quod
391 1088 561 1120 Ordinibus
580 1085 785 1118 Generalibus
802 1085 938 1126 placuit,
961 1083 983 1116 fi
999 1082 1056 1114 tibi

197 1127 377 1167 succurrat,
402 1129 604 1166 donationes,
629 1137 703 1168 quas
726 1127 772 1158 illi
787 1125 930 1164 faciunt,
952 1123 1058 1169 facere

199 1178 236 1202 ex
256 1170 364 1201 aerario
381 1170 526 1210 publico:
550 1168 818 1210 contemplatione
839 1174 943 1198 autem
966 1173 1058 1197 unius

798 1264 1154 1308 CAPUT

1094 103 1690 143 BYNKERSHOEK

1094 187 1290 233 eiusdemque
1311 186 1406 217 officii
1434 186 1635 218 donationem
1662 185 1803 226 accipere
1825 186 1855 217 in
1885 192 1946 222 rem
1992 200 1994 204 ·

1094 237 1267 269 privatam,
1298 228 1327 259 <St
1352 227 1457 258 facere
1479 227 1517 258 de
1541 227 1668 268 publico
1684 248 1693 264 ‚
1730 226 1820 257 habet
1845 227 1947 261 nescio
1985 233 1988 241 “

1095 267 1168 310 quid
1185 268 1287 308 injusti
1300 290 1310 306 ,
1332 276 1418 299 certe
1435 277 1497 299 non
1521 267 1672 299 convenit
1690 267 1803 308 regulae
1819 267 1896 306 Juris
1917 270 1946 301 in
1982 279 1983 283 ¹

1094 311 1114 340 l.
1131 318 1177 341 10.
1194 309 1234 350 ff.
1252 310 1284 340 (le
1301 309 1340 339 R.
1354 309 1389 349 J.
1414 307 1543 340 Abstine
1560 307 1749 345 commodo,
1773 306 1793 337 fi
1806 308 1946 341 damnum

1097 350 1228 388 metuis,
1260 349 1323 391 ipsa
1346 349 1426 389 Juris
1450 347 1620 387 Gentium,
1651 358 1715 379 non
1741 346 1803 378 sola
1826 348 1949 389 Ulpiani

1097 400 1163 422 vox
1182 389 1227 421 est
1241 391 1272 422 in
1289 391 1308 421 l.
1329 401 1378 432 23.
1400 390 1428 431 §.
1452 399 1477 421 1.
1497 389 1537 431 ff.
1560 390 1617 420 Pro
1638 390 1699 420 Soc.
1740 388 1834 420 Tune
1853 389 1949 423 ferres

1097 439 1331 472 procuratorem
1348 440 1457 469 tuum,
1485 431 1535 471 qui
1560 430 1782 467 donationum,
1805 439 1878 470 quas
1903 430 1948 462 faa

1098 472 1218 511 ciebat,
1250 472 1351 513 pretia
1376 472 1432 502 tibi
1463 472 1630 512 imputaret
1648 494 1656 509 ‚
1688 471 1948 504 remunerationes

1098 521 1220 552 autent,
1245 523 1318 553 quas
1340 513 1529 553 percipiebat
1542 511 1580 543 ab
1599 512 1665 549 his,
1688 511 1719 542 in
1736 519 1813 551 quos
1830 511 1868 542 de
1889 521 1949 544 aere

1098 562 1152 585 tuo
1174 563 1299 585 munera
1323 554 1522 592 contulerat,
1556 553 1610 584 fibi
1639 552 1788 583 retineret
1814 550 1898 584 soli?
1927 552 1950 586 fi
1994 564 1996 580 ς

1096 594 1215 632 ferres,
1239 594 1388 634 benignus
1405 593 1489 625 effes.
1535 593 1586 625 Ne
1615 603 1693 624 vero
1715 591 1751 624 fis
1775 590 1950 632 sollicitus,

1096 635 1169 676 quid
1185 634 1378 666 statuendum
1396 634 1473 665 esset
1486 635 1525 665 de
1543 635 1600 673 iis,
1621 644 1690 674 quae
1707 632 1873 664 Ordinibus
1888 632 1948 665 Ge-

1097 676 1255 707 neralibus
1278 675 1451 713 donantur,
1480 675 1501 707 fi
1520 685 1583 706 non
1604 675 1834 712 dividerentur,
1859 675 1887 705 ά
1904 674 1949 705 di-

1097 715 1161 747 visa
1177 717 1207 747 in
1225 725 1290 747 rem
1308 716 1457 756 cuiusque
1475 716 1629 756 privatam
1645 715 1800 746 cederent.
1828 713 1950 748 Possem

1098 757 1194 788 variae
1222 764 1282 788 tuae
1307 756 1511 788 sollicitudini
1540 765 1725 794 occurrere,
1757 754 1805 786 sed
1827 764 1952 796 patere,

1099 807 1135 829 ut
1147 807 1279 838 quaeram
1290 821 1299 836 ,
1311 807 1348 828 an
1365 797 1460 837 majus
1475 797 1512 829 fit
1527 797 1730 839 opprobrium
1744 796 1867 837 publice
1879 806 1951 828 ven-

1098 839 1173 870 dere
1189 861 1200 877 ,
1227 847 1318 879 quam
1342 838 1517 878 privatim?
1549 838 1690 870 nonnulli
1715 837 1784 869 sane
1803 837 1952 871 Ordinum

1099 879 1303 911 Gener-alium
1327 879 1471 920 Delegati
1491 889 1588 919 equos
1611 879 1683 911 illos
1701 877 1848 910 Arabicos
1862 887 1953 918 quana
2007 898 2008 902 =

1099 927 1213 966 tocyus
1232 920 1454 966 vendiderunt,
1477 921 1581 961 pretio
1597 921 1628 952 in
1652 929 1717 951 rem
1738 919 1819 950 suam
1847 919 1954 958 verso,

1098 961 1168 994 satis
1188 960 1309 993 scilicet
1325 971 1430 1002 gnari,
1455 970 1652 1002 quaecunque
1669 960 1802 992 Ordines
1823 957 1956 991 Genera·
2007 978 2008 983 =

1099 1002 1143 1034 les
1161 1002 1262 1035 solent
1278 1002 1363 1033 dono
1380 1002 1505 1033 mittere
1520 1002 1661 1033 Barbaris
1680 1002 1712 1033 in
1730 1000 1855 1038 Africa,
1878 1009 1951 1032 cone

1100 1044 1190 1074 tinuo
1206 1043 1301 1073 etiarn
1321 1043 1412 1074 vendi
1433 1042 1494 1074 fine
1516 1043 1582 1074 ullo
1602 1043 1755 1075 Ordinum
1774 1050 1794 1072 0
1817 1040 1954 1082 probi-io.

1098 1083 1242 1127 Quisque
1257 1083 1296 1114 de
1311 1092 1344 1114 re
1361 1082 1411 1114 sua
1431 1081 1536 1114 statuit
1554 1092 1591 1114 ex
1614 1083 1706 1114 animi
1727 1083 1771 1115 sui
1801 1082 1956 1120 ententia,

1098 1125 1162 1158 five
1171 1124 1464 1197 seam-donationis,
1488 1123 1551 1156 five
1573 1124 1634 1156 alio
1653 1131 1837 1166 quocunque
1861 1122 1956 1155 titulo

1100 1175 1167 1206 quae
1181 1173 1287 1197 iverit.

1252 1265 1338 1306 IX.

250 1361 406 1410 ‚Qnaedam
433 1362 469 1397 de
488 1361 707 1408 praerogativa
732 1359 867 1396 Ordinis
892 1360 977 1393 inter
992 1357 1154 1404 Legatos,
1180 1355 1221 1398 ἐξ
1247 1359 1333 1393 inter
1349 1357 1533 1405 Principem
1557 1359 1708 1394 minorem
1729 1357 1912 1406 praesenmn

801 1406 843 1449 &¹
867 1409 1001 1456 majoris
1024 1406 1167 1454 absentis
1191 1407 1362 1454 Legatum.

269 1508 349 1550 egati
361 1531 370 1547 ‚
395 1507 416 1540 fi
436 1505 573 1548 ejusdem
592 1502 757 1540 commatis
773 1506 850 1546 fint,
875 1504 1000 1538 servant
1015 1505 1060 1538 in-

292 1559 340 1581 ter
356 1549 385 1581 se
401 1550 533 1581 eundem
551 1549 823 1589 honorem,quam
841 1547 955 1579 habent
971 1547 1058 1578 Prin-

200 1594 307 1633 cipes,
330 1591 381 1632 qui
399 1600 453 1622 eos
468 1588 634 1630 miserunt,
659 1588 710 1621 sed
729 1590 768 1620 de
782 1589 990 1631 praerogativa
1011 1597 1060 1619 or-

201 1634 281 1666 dinis
317 1632 399 1663 inter
428 1631 510 1672 ipsos
539 1632 702 1673 Principes
732 1640 797 1662 non
824 1630 897 1662 satis
929 1628 1060 1661 constat.

200 1673 319 1707 Multis
338 1681 423 1704 retro
441 1672 552 1705 seculis
579 1683 615 1705 ea
636 1674 675 1704 de
694 1682 728 1704 re
752 1679 906 1704 certatum
924 1669 989 1709 est,
1009 1670 1060 1703 sed

202 1725 274 1747 cum
294 1714 397 1746 nullus
422 1714 461 1746 fit
488 1714 588 1755 Judex
613 1721 793 1754 competens
817 1713 898 1745 inter
918 1710 1060 1743 diversos

200 1755 385 1796 Principes,
409 1764 467 1787 nec
489 1755 528 1786 de
549 1752 752 1787 honoratiore
776 1754 850 1786 loco
873 1754 906 1786 in
929 1753 1061 1785 arbitros

200 1797 320 1830 soleant
343 1797 603 1837 compromittere
617 1820 628 1836 ,
663 1796 764 1828 adhuc
785 1795 852 1827 fere
877 1794 1062 1826 incertiores

200 1838 320 1875 sumus,
355 1846 446 1877 quam
469 1837 597 1870 dudum.
648 1836 762 1878 Neque
789 1837 883 1868 etiam
910 1835 1062 1867 certiores

203 1889 262 1911 nos
284 1878 418 1909 reddunt
442 1886 492 1910 tot
516 1888 646 1910 numero
673 1878 841 1916 finctores,
871 1877 922 1918 qui
947 1876 999 1908 vel
1022 1884 1062 1906 ex

204 1919 360 1961 profess‘o,
390 1919 441 1951 vel
458 1929 498 1951 ex
523 1920 739 1961 occafionegde
759 1919 826 1960 jure
845 1918 1063 1958 praecedentiae,

204 1971 296 2002 quam
318 1968 456 1998 vocant,
479 1961 560 1993 inter
575 1961 654 2003 ipsos
671 1960 830 2001 Principes
840 1959 977 1998 ,aliosve
987 1958 1064 1989 alio-

203 2012 273 2033 rum
299 2001 444 2033 ordinum
469 2000 611 2034 homines
639 2001 709 2035 satis
735 2002 833 2032 multa
855 1998 1063 2041 scripserunt,

203 2051 273 2075 nam
288 2050 406 2073 excute
421 2043 527 2074 omnia
539 2066 549 2081 ‚
574 2044 604 2075 ὅ(
625 2042 760 2083 reperies
770 2065 779 2080 ,
802 2041 844 2073 fic
861 2041 932 2074 satis
946 2040 1006 2072 effe
1021 2040 1065 2071 in-

204 2092 324 2116 certum
336 2107 348 2122 ,
370 2083 481 2122 ecquid
497 2084 623 2124 proprie
637 2082 880 2114 controverfiam
895 2082 934 2113 de
950 2089 1063 2122 praero-

203 2123 442 2167 gariva‘ordinis
461 2123 591 2156 definire
615 2132 767 2165 oporteat.
812 2124 843 2154 Si
860 2130 963 2155 tamen
987 2121 1065 2154 scire

204 2165 376 2203 desideres,
399 2164 472 2203 quid
488 2165 562 2203 alii,
585 2165 617 2196 in
640 2174 678 2195 eo
695 2172 877 2205 argumento
895 2162 1064 2203 occupati,

203 2206 342 2239 dixerint
355 2206 385 2236 ὅ(
401 2204 567 2243 senserint,
585 2206 742 2247 ingentem
759 2214 867 2236 eorum
887 2204 1065 2244 catalogum

205 2244 370 2280 exhibebit
395 2246 530 2286 Jacobus
549 2245 767 2278 Gothofredus
796 2247 830 2276 de
853 2245 930 2287 Jure
954 2245 1064 2276 Praece-

205 2289 309 2320 dentice
325 2287 356 2318 in
379 2287 550 2326 Hfflssweu'oe,
595 2287 684 2319 uibus
706 2286 818 2318 addere
836 2286 912 2317 licet
925 2308 936 2324 ,
958 2286 989 2316 in
1013 2284 1064 2316 Li-

204 2330 269 2361 bris
283 2330 316 2359 de
339 2328 453 2370 Legato
465 2351 475 2367 ,
500 2297 759 2369 Christopliorum
782 2326 995 2360 Varsevicium
1013 2334 1066 2356 va-

205 2371 260 2403 riis
286 2370 388 2408 locis,
422 2368 572 2401 Carolum
599 2368 791 2401 paschalium
820 2368 851 2400 C.
881 2373 932 2410 38.
958 2367 994 2402 &⁹
1015 2376 1033 2407 3
1058 2389 1066 2397 .

204 2409 480 2451 Wicquefortium
506 2409 547 2442 L.
568 2410 592 2442 I.
618 2409 691 2441 Sest.
715 2419 765 2449 24.
794 2409 830 2444 {3⁹
848 2418 897 2448 25.
930 2408 960 2440 ἀ
982 2407 1065 2440 Zou-

207 2453 319 2484 cheum
341 2452 374 2481 cle
391 2450 468 2491 Jure
487 2451 597 2482 Fecz'al.
623 2451 711 2483 Part.
734 2449 774 2482 Π.
798 2449 872 2481 δἐἑῗ.
887 2460 916 2490 4.
939 2448 981 2496 Q:
1003 2456 1067 2487 1-5.

206 2496 237 2525 <St
252 2502 329 2534 quos
344 2501 406 2524 non
425 2492 501 2524 alios
517 2492 534 2523 ἱ)
562 2492 621 2524 Sed
638 2501 733 2533 quum
753 2492 839 2523 nulla
855 2491 992 2522 ullorum
1011 2489 1066 2520 ho-

205 2535 324 2566 minum
342 2533 394 2564 hic
412 2533 515 2564 valeat
533 2533 718 2571 auctoritas,
741 2532 772 2564 &
789 2542 885 2573 quum
908 2530 962 2572 ipsi
979 2530 1066 2562 Prin·

206 2575 310 2615 cipes,
330 2573 410 2614 apud
433 2583 509 2613 quos
534 2574 573 2605 de
600 2573 805 2614 praerogativa
823 2573 956 2604 aliorum
982 2571 1067 2603 Prin-

205 2616 332 2656 cipum,
363 2623 514 2644 eorumve
536 2614 746 2655 Legatorum,
778 2612 964 2654 quaestiones
989 2612 1066 2644 inci-

207 2657 305 2693 dunt,
329 2664 379 2686 cas
396 2664 459 2685 non
480 2654 600 2686 soleant
615 2654 840 2691 definire,noli
857 2663 874 2684 a
889 2662 939 2684 me
959 2652 1066 2693 exspe-

207 2698 311 2734 c‘tare,
335 2703 369 2727 ut
392 2694 454 2736 ipse
470 2694 625 2726 definiam.
653 2693 765 2734 Neque
781 2694 894 2731 etiam,
916 2693 937 2725 fi
951 2694 1068 2731 velim,

205 2737 344 2780 possein,
368 2736 511 2777 quamvis
526 2735 686 2766 adhibeam
705 2743 813 2765 omnes
829 2734 968 2774 regulas,
993 2743 1068 2774 quas

208 2778 350 2810 adhibuit
370 2776 504 2817 jacobus
529 2774 748 2807 Gothofredus
770 2774 912 2806 Diatriba
932 2775 965 2805 de
989 2774 1066 2814 Jure

208 2819 431 2855 Praecea'emiae,
455 2817 595 2858 quamvis
620 2816 710 2848 valde
725 2815 885 2854 dubitem,
909 2824 947 2846 an
973 2815 1004 2845 id
1021 2824 1066 2846 ar-

206 2867 386 2901 ¹{rumentum
406 2859 478 2890 ullis
496 2857 611 2898 regulis
629 2855 849 2897 comprehendi
870 2856 900 2887 &
917 2855 1067 2895 explicari

206 2899 309 2938 jessit.
356 2899 445 2931 Alius
472 2899 620 2938 Princeps
644 2897 831 2939 provocabit
857 2896 894 2927 ad
918 2895 1067 2935 majorem

209 2941 323 2972 Gentis
350 2941 401 2971 vel
428 2938 560 2971 Generis
587 2939 630 2972 sui
660 2938 877 2978 antiquitatem
893 2959 902 2976 ‚
929 2937 1005 2968 alius
1030 2936 1068 2967 ad

208 2983 341 3022 majores
366 2981 495 3022 Imperii
516 2980 591 3013 fines
610 3003 620 3019 ,
654 2979 731 3011 alius
753 2978 790 3010 ad
814 2977 944 3018 majores
968 2977 1068 3015 vires,

246 3100 320 3135 (14)
346 3101 473 3130 Aitzema
496 3099 600 3137 Hister.
623 3099 774 3129 L.XL111.
796 3108 823 3137 p.
843 3107 906 3135 749.

248 3143 259 3173 (,
274 3141 309 3172 ι)
330 3139 404 3166 Idem
433 3141 467 3168 L.
490 3140 641 3168 xxxvll.
671 3149 697 3174 p.
722 3146 785 3173 975.
809 3138 834 3166 &
857 3141 922 3172 976.
942 3135 1070 3165 Hollaml-

211 3175 266 3211 [εἶκε
280 3176 432 3205 lucrctlrisss
456 3181 537 3212 1657.
561 3186 587 3214 p.
599 3185 643 3211 92.
659 3177 683 3206 ἃ
700 3184 744 3211 93.
765 3176 879 3206 Amclot
895 3175 929 3205 de
944 3175 970 3204 la
979 3175 1069 3205 Hous-

1101 1505 1181 1552 alius
1197 1501 1233 1545 ad
1247 1504 1421 1552 digniorem
1432 1527 1443 1544 ,
1467 1514 1527 1546 qua
1545 1505 1665 1545 utitur,
1697 1506 1959 1548 appellationem,

1101 1545 1179 1579 alius
1196 1546 1234 1578 ad
1251 1546 1330 1585 alia,
1353 1554 1385 1578 at
1400 1555 1478 1577 vero
1485 1569 1497 1585 ,
1520 1545 1542 1578 fi
1570 1547 1663 1579 tollas
1682 1547 1960 1586 consuetudinem,

1103 1589 1134 1620 &
1154 1588 1224 1619 inde
1238 1595 1341 1620 natam
1353 1587 1636 1629 praescriptionem,
1659 1597 1729 1629 quae
1746 1589 1866 1621 &inter
1874 1587 1960 1620 Gen-

1103 1636 1151 1661 tes
1170 1629 1219 1669 jus
1234 1628 1313 1661 facit
1326 1649 1336 1668 ‚—
1367 1629 1446 1661 cedo
1465 1629 1538 1660 alias
1561 1629 1700 1670 regulas,
1723 1629 1762 1660 de
1783 1629 1896 1675 quibus
1914 1629 1970 1660 inav

1104 1679 1152 1704 ter
1168 1668 1289 1702 Gentes
1306 1670 1475 1708 convenit,
1498 1670 1547 1709 δε,
1571 1669 1594 1701 fi
1609 1679 1673 1702 non
1699 1677 1887 1709 conveniat,
1911 1678 1963 1701 ce-

1102 1711 1144 1742 do
1163 1711 1399 1750 austeritatem,
1420 1720 1480 1752 qua
1494 1720 1543 1743 eas
1558 1710 1702 1742 obtinere
1715 1711 1819 1743 liceat.

1145 1751 1219 1784 Post
1234 1750 1463 1785 abdicationem
1481 1751 1587 1784 Caroli
1602 1751 1641 1783 V.
1654 1752 1736 1784 inter
1752 1751 1852 1793 Reges
1868 1750 1963 1783 Fran-

1104 1793 1163 1826 ciae
1190 1794 1221 1825 ὃς
1250 1792 1317 1825 His
1333 1794 1411 1826 aniae
1438 1793 1477 1825 de
1502 1793 1709 1834 praerogativa
1742 1792 1859 1824 ordinis
1882 1791 1961 1833 saepe

1104 1842 1278 1872 certatum,
1352 1835 1469 1876 magnis
1483 1834 1638 1874 utrimque
1658 1833 1769 1865 anirnis
1782 1833 1814 1865 in
1831 1841 1870 1864 eo
1894 1841 1961 1865 cer-

1106 1876 1222 1907 tamine
1249 1871 1414 1916 perstitum
1436 1874 1489 1907 est.
1535 1874 1622 1921 Quid
1644 1874 1805 1912 Venetiis,
1827 1873 1901 1915 quid
1927 1875 1962 1906 in

1106 1916 1257 1949 Concilio
1283 1916 1500 1954 Tridentino,
1538 1915 1612 1957 quid
1634 1915 1743 1946 Romae
1765 1915 1846 1947 inter
1874 1921 1962 1951 utro-

1106 1967 1238 1998 rumque
1260 1957 1396 1998 Legatos
1412 1957 1581 1995 acciderit‚
1607 1956 1730 1997 prolixe
1748 1962 1851 1988 narrat
1866 1954 1962 1987 Wie-

1106 1997 1234 2039 quefort
1253 2000 1282 2030 d.
1295 1999 1335 2030 L.
1352 1997 1376 2029 1.
1401 2000 1434 2030 de
1443 1998 1499 2039 fian
1518 1996 1727 2038 Ambaffadeur
1744 1997 1775 2028 C.
1796 2005 1845 2036 24.
1860 2004 1962 2037 neque

1106 2049 1142 2071 ea
1162 2039 1213 2070 hic
1231 2047 1360 2079 repeto,
1380 2039 1460 2070 addo
1477 2038 1600 2079 potius,
1625 2037 1824 2078 pertinaciam
1839 2036 1962 2068 tuendae

1106 2081 1187 2112 inter
1204 2088 1258 2111 eos
1276 2080 1491 2121 praerogativae
1509 2078 1587 2119 saepe
1606 2078 1637 2109 in
1659 2077 1804 2111 insaniam
1825 2076 1963 2109 abivisse.

1106 2121 1130 2152 F
1133 2120 1246 2152 ranciae
1263 2122 1292 2152 &
1311 2119 1470 2161 Hispaniae
1486 2120 1607 2160 Regum
1625 2118 1756 2191 Legpffi,
1779 2117 1830 2150 hic
1850 2119 1880 2150 in
1899 2127 1964 2149 car·

1106 2171 1180 2193 ruca
1196 2161 1326 2202 penfili,
1347 2170 1364 2191 a
1380 2160 1502 2192 duobus
1521 2160 1608 2200 equis
1625 2167 1670 2190 tra
1703 2170 1719 2191 a
1727 2183 1737 2199 ‚
1762 2159 1815 2190 ille
1833 2159 1864 2190 in
1887 2159 1965 2196 alia,

1108 2213 1125 2235 a
1143 2202 1194 2234 sex
1211 2202 1297 2243 equis
1317 2201 1430 2241 tracta,
1459 2211 1506 2233 11.
1527 2200 1607 2241 Aug.
1633 2204 1721 2241 1657.
1768 2199 1866 2241 Hagae
1877 2199 1963 2231 Bata-

1107 2253 1221 2275 vorum
1239 2244 1271 2275 in
1293 2243 1434 2284 proxylo
1452 2242 1507 2274 fibi
1525 2241 1652 2272 obviam
1677 2241 1772 2279 fasti,
1793 2241 1868 2272 hora
1895 2237 1965 2280 post

1108 2284 1270 2316 meridiem
1297 2283 1402 2322 sexta,
1425 2291 1533 2315 neuter
1555 2282 1606 2313 via
1627 2282 1722 2313 cedit.
1767 2280 1840 2314 Post
1856 2281 1966 2313 incon*

1108 2325 1190 2357 ditos
1220 2325 1372 2357 clamores
1402 2332 1561 2356 certamen
1591 2322 1658 2354 fere
1680 2323 1819 2354 cernitur
1845 2322 1962 2362 ingens.

1108 2365 1238 2405 Franci,
1271 2374 1384 2406 praeter
1406 2365 1545 2406 gladios,
1573 2363 1756 2395 bombardas
1780 2361 1964 2406 enchiridias

1130 2406 1349 2444 rofei-unt3sed
1367 2404 1647 2438 intervenientibus
1666 2403 1876 2444 Optimatibus
1894 2410 1962 2442 qui-

1107 2416 1235 2480 busdam
1255 2446 1440 2485 Hollandis‚
1457 2446 1509 2487 qui
1521 2445 1634 2477 ibidem
1651 2444 1736 2478 forte
1745 2441 1964 2479 ambulabant,

1404 2487 1572 2519 TraCtatur
1593 2486 1630 2517 ad
1655 2493 1750 2525 usque
1778 2483 1883 2514 horam
1907 2492 1963 2514 no-

1110 2536 1200 2569 nam,
1230 2528 1498 2561 circumstantibus
1518 2526 1687 2570 militibus,
1714 2524 1765 2570 qui
1789 2523 1826 2555 ad
1850 2523 1964 2555 Aulam

1109 2570 1257 2602 excubias
1277 2579 1366 2611 agere
1381 2568 1502 2607 solent,
1527 2568 1556 2599 ὅ(
1581 2565 1688 2604 abiis,
1713 2574 1766 2605 qui
1790 2566 1966 2596 intervene-

1110 2620 1200 2651 rant,
1225 2611 1286 2643 huc
1308 2610 1433 2641 evocati
1454 2616 1560 2645 erant3
1590 2605 1640 2638 sed
1665 2614 1764 2646 neque
1788 2613 1863 2637 tunc
1885 2605 1966 2645 quis-

1108 2662 1200 2693 quam
1223 2660 1308 2683 retro
1327 2659 1382 2682 aut
1404 2650 1455 2681 via
1486 2647 1579 2679 cedit.
1624 2646 1767 2678 Tandem
1792 2644 1966 2686 Hispanico

1109 2693 1229 2734 Legato
1254 2691 1337 2732 septa
1357 2689 1480 2731 proxyli
1502 2687 1702 2729 aperiuntur,
1726 2696 1779 2728 per
1799 2696 1869 2728 quae
1892 2686 1967 2718 dex-

1109 2742 1192 2765 trum
1209 2731 1401 2772 latus,quod
1414 2729 1562 2768 habebat,
1583 2728 1769 2768 retinendo,
1792 2728 1879 2768 juxta
1891 2725 1965 2759 Gal-

1109 2775 1132 2806 li
1153 2775 1232 2806 latus
1244 2772 1369 2803 excedit
1384 2770 1453 2812 (1).
1963 2805 1966 2808 ,

1153 2814 1235 2846 Inter
1252 2813 1329 2844 alios
1344 2811 1512 2843 eorundem
1529 2808 1647 2851 Regum
1673 2811 1809 2851 Legatos
1830 2809 1860 2841 δε
1880 2809 1966 2841 aliud

1109 2853 1259 2887 funestius
1273 2852 1346 2893 quid
1362 2853 1477 2884 accidit
1488 2852 1590 2892 ‚quod
1608 2850 1826 2884 controversiae
1841 2850 1880 2882 de
1888 2859 1965 2891 prae-

1110 2895 1252 2936 rogativa
1268 2893 1386 2925 ordinis
1406 2893 1549 2925 finiendae
1565 2892 1684 2924 causam
1702 2889 1860 2934 praebuiss‘e
1871 2915 1879 2930 ‚
1893 2889 1966 2922 Gal-

1112 2937 1133 2968 li
1161 2933 1348 2966 existimant.
1400 2934 1507 2979 Quum
1538 2942 1583 2964 10.
1619 2934 1689 2965 Otr.
1718 2936 1806 2964 1661.
1831 2931 1963 2963 Londini

1111 2976 1236 3018 publice
1257 2975 1450 3016 reciperetur
1471 2974 1589 3006 Sueciae
1607 2973 1759 3015 Legatus,
1789 2974 1818 3005 ὃ(
1834 2972 1968 3014 Legatos

1897 3022 1965 3046 rum

1108 2489 1244 2521 induciae
1270 2488 1360 2520 fiunt.

1110 3098 1172 3166 gay?
1187 3097 1249 3125 dans
1257 3096 1300 3135 ses
1316 3096 1474 3134 Memoires,
1497 3096 1584 3126 verbo
1597 3093 1800 3134 Ambaffacicurs
1822 3102 1849 3130 p.
1871 3101 1906 3122 m.
1920 3094 1965 3128 381

1169 3144 1231 3172 eqq.
