2008 3436
248 99 341 148 Qu
367 100 414 136 AE
438 100 460 135 s
486 100 532 135 ’1,

34 188 105 229 >(1110
122 199 151 228 4.
178 188 258 228 Maj.
286 191 376 229 1655.
422 187 467 220 Et
483 197 556 220 cum
581 186 711 228 quaestio
738 186 912 227 incidisset,

44 239 82 261 an
108 229 368 261 Mennonitarum
387 229 575 270 pauperibus
594 231 698 270 legare
715 229 846 268 liceret,
864 239 913 260 re·

42 270 188 312 sponsum
205 269 250 302 est
268 271 364 302 licere
379 271 456 313 (7),
482 272 511 302 ἃ
533 280 591 313 pro
606 280 645 302 eo
662 270 791 302 addufta
820 271 912 303 Men-

35 313 223 345 'nonitarum
239 311 529 354 Orphanotrophiis
549 311 693 344 concess'a
711 311 911 353 vec'tigalium

41 355 242 392 immunitas,
283 355 313 386 δε
343 364 438 396 porro
469 353 655 393 adductum,
689 353 912 395 Magistratum

42 394 378 428 Amsterdammcnsern
402 405 450 428 10.
465 394 546 427 Dec.
578 398 667 436 1670.
695 395 725 427 &
746 395 792 427 bis
817 396 911 434 alias,

34 439 112 477 'quae
128 437 314 479 pauperibus
338 437 375 469 iis
391 437 491 478 legata
513 443 622 474 crant,
647 435 730 468 salva
751 437 910 470 conceffis-

41 478 91 517 se,
116 479 228 510 eodem
256 478 447 520 lx-Iagistratu
468 477 682 510 intercedente
707 478 909 511 Mennonita-

42 530 112 552 rum
129 520 210 552 bona
230 519 292 552 effe
310 519 430 556 divisa,
454 527 550 560 quum
565 519 598 550 in
613 519 734 552 familia
753 520 909 553 erciscun-

33 562 77 593 ''da
93 561 271 593 diffiderent
289 559 459 593 Galenistae
488 561 518 592 δε
539 559 714 601 Apostolici
726 586 735 600 ,
762 561 909 602 haercses,

38 603 72 635 111
91 614 165 647 quas
183 611 248 634 tum
268 600 584 635 Amsterdammenses
597 602 798 635 Mennonita:
820 613 909 636 erant

38 644 163 676 divulii.
188 645 252 676 Alii
272 643 421 676 Ecclesia:
436 643 625 676 Lutheranae
641 667 651 683 ,
676 645 748 686 quia
762 655 817 686 pei·
834 655 909 678 con-

35 686 210 718 niventiam
226 685 380 718 toleratur
395 686 568 724 duntaxat,
594 685 749 729 legatum,
771 697 828 729 pro
843 697 908 720 non

38 728 159 770 scripto
191 727 367 760 habendum
402 725 627 768 responderunt
658 728 744 770 (8).
796 728 906 771 Perpe-

32 777 127 808 ram,
154 779 194 801 eo
218 771 302 802 enim
329 769 416 810 jure,
450 778 512 810 quo
533 767 578 800 est
594 794 603 809 ,
628 771 732 812 capit,
765 769 787 802 si
810 771 908 812 igitur

37 812 89 844 vel
114 812 258 852 precario
285 810 319 843 iit
334 834 344 849 ‚
367 811 533 853 precario,
557 819 590 842 ut
616 811 712 852 modo
741 812 907 851 dicebam,

36 853 143 894 capit,
167 853 270 885 donec
294 852 356 885 ess'e
375 860 510 884 vetetur.
559 851 656 898 Quod
682 854 702 886 si
727 863 907 893 vetaretur,

35 895 119 927 inter
138 894 186 932 se,
211 895 294 936 quod
313 895 486 933 habebant,
511 894 690 927 dividerent
717 896 737 928 l.
758 894 789 939 3.
807 895 848 938 ff.
871 897 905 927 de

40 937 151 979 Colleg.
172 935 208 972 δ”
221 944 331 978 corpor.

75 978 136 1011 Sed
164 977 238 1018 fac,
277 988 388 1020 capere
416 989 480 1011 non
507 977 594 1025 poss‘e
626 979 904 1021 Arminianorum,

31 1019 288 1053 Lutheranorum
310 1022 339 1053 ἃ
360 1020 621 1053 Mentionitaruxn
644 1030 793 1062 pauperes
807 1045 817 1059 ,
843 1021 904 1052 uti-

33 1071 95 1102 que
115 1070 190 1093 tunc
212 1061 356 1103 capient,
383 1063 494 1103 quibus
521 1071 556 1092 ea
571 1062 641 1102 jure
658 1061 795 1100 Cedunt,
816 1061 904 1093 here.-

33 1104 87 1135 des
107 1112 220 1144 nempe
236 1126 247 1142 ,
280 1113 314 1135 ut
332 1126 342 1142 ,
369 1103 389 1136 fi
412 1102 559 1134 Ecclesiae
586 1102 773 1135 Lutherana:
801 1103 906 1146 legare

30 1147 100 1176 ‘noa
117 1145 212 1176 liceat
226 1166 237 1182 ,
257 1144 341 1180 reete
367 1143 544 1186 responsum
569 1143 613 1176 cst
641 1142 735 1186 ξφ),
759 1146 905 1187 quodque

31 1187 109 1217 alius
126 1208 138 1223 ,
170 1185 306 1218 incertus
333 1185 474 1225 consilii,
511 1194 614 1228 tamen
636 1186 772 1228 suggerit
800 1185 903 1227 (10),

28 1227 82 1259 'sed
101 1236 164 1266 quo
179 1227 246 1266 jare
262 1227 365 1269 capiet
384 1226 716 1260 EcclefiaCalviniana
728 1252 738 1268 ,
756 1231 820 1260 non
838 1227 904 1271 est,

31 1276 68 1300 ut
92 1268 150 1300 tibi
174 1269 287 1301 dicam.
341 1268 428 1302 Huic
452 1278 556 1301 tamen
579 1269 740 1310 iniquitati
764 1270 903 1310 patroci-

30 1311 97 1342 nari
122 1310 248 1342 videtur
272 1311 396 1352 antiqua
421 1311 563 1352 quasdam
597 1310 729 1343 Senatus
759 1311 904 1352 Supremi

29 1351 185 1386 sententia
200 1376 210 1392 ‚
243 1352 305 1384 lata
331 1363 380 1384 22.
403 1352 474 1394 Apr.
496 1362 585 1393 159?-
612 1351 694 1393 (11)
717 1362 788 1384 nain
806 1352 902 1394 quum

29 1394 110 1432 'olim
138 1399 185 1425 12.
210 1393 307 1426 Marc.
340 1402 433 1436 1535.
465 1394 589 1435 quidam
619 1393 793 1434 Ecclesiae,
826 1402 903 1435 tunc

28 1435 228 1474 Pontificice,
253 1445 344 1476 agros
361 1435 512 1475 quosdam
534 1434 686 1473 dedisset,
714 1444 749 1466 ut
769 1435 842 1468 inde
861 1435 903 1468 sa-

28 1475 151 1509 crificia
167 1485 225 1518 pro
242 1476 405 1509 animabus
423 1475 555 1515 fierent,
580 1474 639 1508 bae
657 1476 774 1518 adjecta
794 1477 902 1509 condi⁴

29 1519 137 1558 tione,
163 1526 198 1549 ut
211 1543 221 1553 .
246 1515 441 1550 fisssacrificia
461 1519 514 1550 illa
539 1519 672 1558 amplius
690 1523 754 1551 non
771 1519 900 1560 fierent,

28 1559 98 1602 :agri
113 1559 278 1595 heredibus
297 1558 557 1598 restituerentur,
581 1559 612 1591 &
631 1559 744 1592 deinde
759 1571 789 1598 9.
802 1560 899 1603 Martr

27 1601 126 1642 1539.
158 1602 258 1634 vetita
284 1599 362 1633 effet
386 1600 537 1643 profeffio
564 1600 742 1643 Religionis
771 1595 902 1640 Pontifi-

29 1644 87 1675 ciae
111 1642 212 1684 (12),
237 1643 399 1685 atque·ita
425 1643 556 1675 heredes
582 1653 672 1684 agros
696 1648 900 1685 repeterent,

27 1683 161 1721 Senatus
179 1684 350 1726 Suprem'us
369 1684 472 1717 d.'22.
489 1684 565 1726 Apr.
589 1694 680 1727 1597.
712 1685 786 1717 illos
808 1695 824 1716 a
849 1695 900 1722 ros

27 1725 198 1765 Ecclefiae,
221 1724 510 1759 tunc'Calvinianae
529 1726 648 1759 addixit
662 1750 672 1767 ,
696 1725 819 1759 rescissa
867 1736 899 1759 u-

27 1767 85 1800 r'iae
111 1767 280 1807 sententia,
312 1769 382 1811 qua:
407 1777 455 1800 12.
483 1764 583 1800 Mart.
615 1772 706 1809 1596.
732 1768 898 1801 heredibus

68 1814 118 1841 ros
137 1808 348 1842 restituendos
372 1809 576 1850 judicaverat.
623 1811 703 1843 Sane
718 1810 739 1843 fi
758 1809 899 1842 Ecclesia

30 1851 199 1890 ,Vont'ificia
225 1860 337 1892 capere
356 1851 490 1893 amplius
512 1861 576 1884 non
595 1851 722 1893 posset,
751 1851 900 1894 poterant

28 1891 60 1925 &
82 1892 239 1924 debebant
264 1893 417 1931 heredes,
439 1902 513 1925 curn
539 1894 577 1925 iis
594 1893 728 1931 cedant,
751 1904 820 1936 quae
840 1893 899 1935 pro'

29 1940 95 1967 non
115 1933 238 1975 scriptis
254 1933 426 1973 habentur,
453 1934 482 1966 ἅ
496 1934 557 1974 fic,
579 1935 611 1966 in
628 1934 686 1966 hac
701 1934 824 1976 specie,
849 1944 901 1977 pass

28 1977 92 2008 Iam
108 1975 257 2022 jufferant
274 1975 458 2016 testatores,
485 1977 515 2009 ὅ(
537 1977 634 2016 cedo,
659 1976 716 2009 eur
730 1977 775 2008 ita
791 1976 901 2018 jubere

29 2027 93 2049 non
113 2024 288 2059 potuerint.

70 2059 150 2091 Sunt
165 2067 268 2091 tamen
287 2057 387 2101 (13),
413 2060 466 2098 qui
485 2060 618 2101 probant
636 2060 775 2102 rapinam
786 2059 900 2092 Eccle-

27 2099 238 2140 fiasticorum,
263 2100 318 2133 fibi
342 2101 593 2141 vindicantium,
616 2112 685 2144 quae
710 2103 779 2134 aliis
797 2101 901 2143 perso-

28 2143 78 2176 nis
101 2142 154 2174 vel
179 2142 261 2174 loeis
286 2141 513 2175 Ecclefianicis
537 2143 654 2176 illicite
677 2143 785 2175 reneka
805 2143 899 2182 sunt,

30 2183 114 2226 quafi
135 2193 248 2225 nempe
273 2183 437 2224 benignius
462 2185 668 2226 intelligenda
688 2185 786 2217 essent
811 2184 901 2217 testa-

28 2231 155 2265 menta,
179 2233 252 2264 aut,
274 2226 360 2266 quod
383 2225 457 2257 Deo
481 2225 633 2259 sacratum
654 2226 750 2260 semel
775 2225 842 2267 est,
867 2227 901 2262 in

28 2266 120 2300 usum
138 2266 309 2309 profanum
319 2267 466 2299 converti
481 2277 548 2300 non
563 2267 674 2310 poffet.
717 2269 749 2301 Si
770 2267 901 2300 testator

27 2309 62 2341 in
79 2308 271 2341 memoriain‘
281 2305 348 2345 sui,
371 2306 581 2349 spectaculum
603 2310 635 2342 in
660 2310 802 2342 Civitate
821 2320 899 2351 quo·

28 2351 134 2383 tannis
155 2350 204 2381 edi
228 2348 379 2394 jusserit,
409 2349 591 2394 praescripta
614 2350 719 2383 forma
734 2375 744 2391 ,
776 2352 900 2394 legibus

29 2392 189 2434 prohibita
205 2414 215 2430 ,
246 2391 282 2422 ad
307 2391 400 2422 aliam
425 2390 561 2424 formam
586 2393 809 2425 recurrendum
838 2392 900 2424 esse

28 2434 114 2466 reste
140 2431 341 2465 Modestinus
366 2431 531 2473 respondet
555 2434 586 2465 in
609 2434 629 2465 l.
655 2438 703 2465 16.
721 2434 763 2475 ff.
782 2435 816 2465 cle
838 2434 900 2465 Ua

31 2475 68 2510 ἐξ
86 2474 178 2516 usufr.
199 2475 290 2516 legat.
314 2474 390 2514 quin
416 2475 550 2515 legatam
576 2474 708 2506 Civitati
732 2476 908 2516 pecuniam,

29 2517 63 2549 in
91 2516 184 2548 aliam
204 2525 290 2553 rem,
310 2524 403 2556 quam
425 2516 590 2548 defunctus
611 2516 712 2548 voluit
724 2538 736 2554 ,
766 2525 900 2548 conver-

32 2567 99 2590 tere
118 2567 183 2589 non
202 2557 280 2588 lieet
300 2557 320 2587 l.
340 2567 370 2597 4.
387 2556 428 2597 ff.
456 2559 489 2588 de
512 2556 690 2598 sLanz'niJZr.
711 2568 767 2589 rer.
787 2559 826 2589 ad
852 2559 900 2589 Ci-

32 2601 91 2631 v'z't.
111 2599 233 2639 pertin..
285 2598 470 2639 Spectaculo
493 2599 591 2640 igitur
624 2600 749 2630 servato
765 2621 776 2637 ,
806 2609 901 2640 quan-

31 2641 151 2674 tumvis
168 2639 295 2672 alterius
309 2637 440 2680 formae,
467 2642 665 2673 voluntatem
677 2640 817 2673 defuncti
839 2640 900 2672 ser-

31 2691 163 2721 vamuS,
189 2681 219 2712 &
242 2679 284 2712 fic
309 2689 457 2721 oportet,
479 2681 530 2713 sed
555 2682 753 2721 testatorem,
778 2681 898 2714 Maho-

30 2731 193 2755 metanum
212 2720 320 2760 forte,
346 2723 401 2762 qui
416 2723 533 2764 legavit
553 2724 743 2755 Marion-‚eto
753 2746 766 2762 ,
787 2723 809 2755 fi
827 2724 900 2756 Ma-

30 2763 165 2796 fiometo
186 2768 239 2805 per
255 2763 363 2805 legem.
375 2763 441 2795 loci
458 2764 571 2797 habere
593 2772 657 2797 non
672 2765 784 2805 liceat,
809 2764 899 2808 Papae

71 2895 135 2934 (7)
162 2895 254 2934 Consil.
273 2894 307 2924 Β.
331 2893 364 2922 Τ.
384 2892 409 2923 Ι.
431 2894 523 2933 Confil.
545 2899 591 2932 65.
612 2895 649 2932 &³
671 2898 718 2927 66.

71 2935 133 2971 (8)
153 2935 245 2972 Confil.
266 2934 308 2963 H.
333 2932 366 2963 T.
387 2934 424 2961 V.
445 2933 536 2971 Confil.
558 2944 624 2964 100.

72 2974 135 3010 (9)
155 2973 182 3002 d.
203 2972 295 3005 Conlil.
317 2972 358 3001 H.
382 2970 415 3000 T.
437 2973 475 3000 V.
493 2972 525 3002 C.
547 2982 611 3002 100.

73 3012 156 3048 (10)
180 3012 276 3046 Coren
297 3013 326 3039 in
346 3010 432 3039 addit.
452 3010 486 3040 ad
499 3011 525 3040 d.
548 3011 686 3050 Olykrvat.

74 3050 155 3087 (11)
177 3050 267 3086 Decis.
287 3049 378 3078 Mixt.
403 3052 468 3083 176.

74 3088 156 3125 (12)
175 3089 208 3116 Id
228 3088 356 3117 Edictum
380 3087 472 3116 Ordd.
499 3087 579 3117 Holl.
595 3095 766 3118 memoratur
784 3091 812 3119 in
837 3089 905 3119 Sen-

37 3127 125 3155 tentia
139 3148 147 3160 ,
176 3127 201 3155 6:
224 3127 312 3155 exstat
338 3126 414 3155 Plac.
435 3126 459 3154 1.
478 3135 503 3155 1.
522 3135 550 3162 4.
570 3135 595 3156 1.
616 3127 702 3162 Edi&
722 3128 808 3158 Ordd.
831 3129 907 3158 Holl.

35 3175 62 3193 n.
79 3173 106 3193 2.
132 3165 181 3201 ¹sed
203 3174 238 3194 ea
253 3165 390 3202 profeffio
414 3166 469 3200 jam
495 3166 562 3193 ante
579 3171 640 3194 erat
654 3166 744 3196 vetita
760 3167 846 3196 lidia.
870 3166 908 3195 0-

458 3201 496 3238 &
516 3205 568 3233 alio
591 3203 726 3235 ominum
757 3206 847 3238 Hella*
862 3213 908 3236 21.

36 3205 128 3241 range!
161 3211 208 3233 20.
237 3203 418 3239 θρα-1581.

80 3249 157 3282 Tam.
184 3249 223 3282 ΙΙ,

594 98 675 146 JU
703 97 826 134 RIS
881 99 1597 146 PRIVAT,1,·L113.111.C.1X.

1751 107 1822 159 409

956 188 1104 262 ἓοιξῃῃο
1145 188 1320 229 legaturum
1360 189 1453 223 fuiffe
1470 216 1480 232 ,
1519 198 1586 236 quis
1625 197 1714 231 sanus
1754 208 1820 231 cre..

978 238 1009 261 at
1023 255 1030 261 .

946 310 951 313 ᾖ
1001 270 1097 316 Quod
1122 272 1162 312 de
1181 272 1439 314 consecratione,
1464 274 1559 309 semel
1580 278 1680 320 fasta,
1703 282 1820 320 audio,

956 323 1021 345 non
1043 313 1133 346 aliter
1160 324 1270 347 verum
1293 313 1360 354 est,
1383 325 1475 356 quam
1497 316 1519 348 fi
1543 319 1642 352 vietor
1667 323 1818 362 eundem,

957 364 1048 396 quem
1065 355 1188 394 vifffls,
1213 356 1319 391 Deum
1336 357 1535 399 colamnam
1548 358 1570 390 fi
1586 362 1696 401 alium,
1719 364 1818 395 visito·

955 397 1001 428 ria
1023 396 1169 429 aboletur
1190 400 1292 432 omnis
1312 398 1531 438 consecratio,
1554 399 1585 431 ὃς
1609 401 1651 434 fic
1675 404 1820 445 intelligo

946 434 1168 479 ,Pomponium
1194 440 1226 472 in
1252 441 1271 472 l.
1293 444 1344 483 36.
1363 440 1405 482 ff.
1428 442 1462 473 cle
1487 440 1632 484 ReligioJ:
1655 442 1690 478 &²
1707 445 1817 486 sumpt.

946 479 1053 520 fmzer.
1101 481 1172 512 Cum
1183 504 1194 520 ,
1217 482 1338 523 inquit,
1363 484 1426 514 loca
1440 484 1609 524 caprasiam
1628 486 1664 515 ab
1679 484 1819 525 hostibus,

946 521 1337 566 orimiadefinuntreligiosa
1354 523 1500 566 velfilcrcz
1515 525 1564 566 qffiae
1576 550 1585 564 ,
1595 526 1626 558 δε
1638 525 1769 558 Paulum
1787 528 1818 559 in

952 563 973 594 l.
993 573 1023 638 i·
1041 563 1083 605 ff.
1100 565 1133 595 de
1154 565 1309 606 Sepulchri>
1328 567 1431 599 violat.
1460 576 1533 598 cuin
1558 568 1603 599 ait
1617 592 1627 603 ,
1661 567 1820 608 Sepulchra

951 605 997 646 ho]
1013 606 1072 636 ium
1096 606 1234 648 religiosa
1256 609 1336 639 nobis
1360 618 1418 640 non
1432 609 1518 650 sunt.
1563 607 1727 641 Victorem
1754 609 1822 650 qui-

954 645 1226 693 denrsequuntur
1250 650 1356 684 omnia
1373 674 1382 686 ,
1414 660 1478 682 11011
1508 651 1640 683 humana
1674 659 1821 689 tantum,

950 688 1082 761 publico
1100 699 1268 730 privatove
1290 691 1434 732 subiecta]
1445 692 1607 731 dominio,
1631 692 1684 726 sed
1703 693 1733 724 ὅ(
1752 702 1822 733 qua:

962 728 1025 775 ⁴)eo
1042 728 1160 762 sacrata
1172 753 1185 770 ,
1208 742 1265 773 pro
1280 731 1409 766 Divinis
1427 733 1612 774 censentur,
1634 744 1697 767 non
1716 743 1823 766 autem

950 772 1143 818 lequuntur,
1163 782 1195 805 ut
1219 773 1302 806 sacra
1323 775 1353 807 ἅ
1374 775 1502 815 divina,
1521 775 1544 808 fi
1567 777 1648 817 apud
1666 775 1822 808 vietor-em

950 822 991 860 ⁶³5
1013 814 1065 845 lua
1088 814 1242 855 religione
1265 816 1349 849 sacra
1367 818 1397 849 ἅ
1415 817 1525 850 divina
1550 827 1615 850 non
1638 817 1713 851 fint:
1735 816 1821 859 quod

950 854 1052 887 vietus
1077 856 1220 890 adoravit
1239 881 1250 896 ‚
1283 858 1384 891 vietor
1408 858 1493 891 sorte
1518 859 1661 892 ridebit..
1697 857 1821 892 Sanefi

946 897 1095 938 princeps
1120 896 1308 931 Pontificius
1332 900 1429 932 alium
1458 900 1663 934 Pontificium
1690 899 1820 939 vincat,

947 938 1077 984 eadem,
1101 948 1170 981 quae
1185 949 1258 972 ante
1273 940 1426 980 fuerunt,
1442 941 1527 974 saera
1546 944 1715 976 manebunt
1726 966 1735 979 ‚
1757 951 1820 974 non

944 979 1052 1018 adeo,
1065 981 1152 1026 quod
1167 991 1231 1020 non
1248 983 1354 1020 onmia
1371 984 1447 1015 vich·
1471 984 1623 1022 victorin
1643 984 1820 1018 dominium

947 1020 1038 1052 suum
1054 1022 1198 1063 redigat,
1220 1022 1279 1060 ‚sed
1302 1024 1373 1064 quia
1399 1024 1454 1056 sub
1477 1026 1624 1059 omnibus
1640 1025 1820 1059 l’ontificiis

944 1062 1058 1103 ‘eadem
1077 1061 1122 1094 est
1141 1062 1361 1106 consecratio,
1383 1065 1465 1098 facta
1491 1077 1604 1108 nempe
1621 1078 1663 1100 ex
1687 1068 1818 1100 auctori-

948 1109 1014 1133 tate
1033 1104 1170 1144 ejusdam
1185 1104 1352 1138 Pontifieis
1371 1106 1524 1146 Romani,
1547 1110 1650 1148 unde,
1674 1110 1760 1150 quod
1771 1119 1819 1144 ⁴co

944 1144 1075 1187 auftore
1099 1144 1292 1184 filcrtrimest
1307 1171 1317 1186 ,
1343 1147 1449 1185 rursus
1472 1150 1641 1189 profanum
1666 1151 1735 1183 fieri
1754 1161 1817 1184 non

946 1186 1154 1233 potestknisi
1174 1186 1265 1225 forte
1282 1188 1348 1230 ipse
1363 1189 1516 1223 Pontifex
1540 1191 1698 1224 vincatur.
1746 1193 1816 1225 Cal-

947 1229 1066 1260 vrniani
1083 1236 1180 1269 igitur
1189 1228 1370 1271 Principes,
1391 1231 1460 1271 jure
1479 1232 1642 1272 vistoriae,
1666 1234 1749 1266 reste
1761 1235 1815 1266 fibi

946 1278 1133 1311 arrogarunt
1146 1271 1233 1307 ¹bona
1249 1271 1492 1306 Pontificiorum
1511 1274 1748 1313 Ecclesiastica‚
1766 1275 1817 1307 sed

945 1320 1011 1344 non
1033 1311 1116 1343 10610
1128 1335 1138 1350 ,
1162 1321 1201 1344 ex
1216 1312 1454 1347 consecratione
1473 1314 1567 1347 semel
1585 1315 1688 1356 fasta,
1711 1317 1816 1350 libica

946 1361 1134 1395 arrogarent
1150 1353 1247 1385 nostri
1268 1354 1500 1394 Ecclesiastici‚
1525 1357 1577 1398 qui
1603 1367 1713 1391 omnes
1732 1359 1815 1391 Pon-

946 1395 1121 1441 tificiorurn
1139 1394 1399 1434 consecrationes
1423 1399 1528 1440 magis,
1542 1399 1659 1432 habent
1681 1409 1739 1441 pro
1758 1401 1814 1433 im-

946 1437 1025 1477 piis,
1050 1446 1143 1477 quam
1168 1447 1228 1479 pro
1251 1436 1351 1471 sacris.
1398 1436 1538 1478 Mutato⁴
1558 1441 1610 1472 hic
1633 1441 1817 1483 Principatu

945 1479 1044 1514 etiam
1058 1478 1143 1511 sacra
1160 1487 1279 1520 mutata
1295 1479 1389 1520 sunt,
1414 1481 1444 1514 ὅ(
1470 1482 1493 1514 fi
1509 1490 1600 1524 quae,
1625 1484 1754 1516 mutatis
1772 1482 1816 1516 sa-

946 1521 1009 1558 eris
1024 1543 1034 1560 ,
1066 1528 1178 1552 contra
1203 1521 1306 1562 legem
1333 1523 1538 1556 relista'sun't
1553 1548 1564 1564 ,
1597 1534 1634 1556 ea
1648 1548 1658 1563 ‚
1682 1525 1734 1557 vel
1757 1535 1816 1567 pro

944 1571 1010 1608 non
1031 1561 1155 1603 scriptis
1172 1562 1278 1602 habita
1291 1585 1304 1603 ,
1328 1564 1380 1596 vel
1401 1566 1437 1597 ut
1461 1565 1587 1606 indigna
1610 1566 1736 1605 ablata,
1764 1567 1816 1599 hc—

945 1603 1073 1640 redibus
1098 1603 1401 1643 cedant,-,minime
1428 1617 1508 1639 vero
1536 1617 1647 1640 contra
1675 1618 1818 1642 mentem

945 1643 1104 1677 testatoris
1121 1644 1345 1686 referanturin
1362 1647 1448 1686 usum
1470 1653 1564 1691 quem
1581 1650 1666 1692 ipse,
1689 1649 1711 1683 fi
1728 1651 1817 1684 vive*—

942 1696 991 1719 ret
999 1709 1011 1725 ,
1035 1695 1070 1718 ut
1087 1687 1241 1728 impium,
1266 1688 1440 1723 damnaret.
1808 1714 1812 1723 .

946 1762 949 1765 ,
986 1728 1096 1774 Quum
1123 1729 1206 1768 inter
1223 1729 1404 1763 Hollandos
1421 1732 1640 1776 Zeiandosque
1663 1744 1715 1776 25.
1740 1734 1816 1777 Apr.

945 1770 1272 1819 ,1576..0011νο11111“01
1296 1771 1392 1814 (14)
1421 1774 1461 1806 de
1485 1777 1599 1808 tuenda
1623 1775 1815 1819 Religione,

943 1822 1037 1859 quam
1057 1811 1101 1844 1b1
1120 1813 1302 1853 appellant,
1336 1814 1547 1859 Eumgehca,
1573 1827 1652 1850 mox
1675 1819 1707 1851 in
1733 1818 1817 1851 Hol-

944 1854 1047 1901 landra
1063 1853 1177 1886 Edicto
1196 1864 1244 1896 17.
1259 1854 1340 1902 ‘Apin
1363 1866 1453 1899 1577.
1479 1858 1497 1900 ζ
1503 1859 1560 1901 15)
1582 1859 1665 1892 bona
1683 1860 1815 1893 Pontifi-

944 1905 1069 1933 ciorum
1085 1895 1306 1929 Ecclefiastica
1324 1899 1482 1939 publicata
1501 1900 1589 1941 sunt,
1613 1909 1649 1934 ut
1664 1901 1737 1934 inde
1756 1903 1815 1935 Ec-

943 1936 1091 1970 cleflastae
1115 1937 1145 1969 ὃ(
1168 1937 1389 1981 Ltrditnagistri
1421 1941 1607 1981 Euangelici
1633 1943 1814 1983 alerentur,

942 1978 1057 2011 statuta
1081 1986 1193 2016 contra
1219 1989 1293 2020 eos,
1323 1982 1375 2023 qui
1403 1992 1440 2014 ea
1464 1984 1682 2024 possidebant,
1713 1995 1817 2026 neque

942 2020 1103 2068 deferrent
1121 2021 1205 2053 intra
1227 2021 1366 2069 mensem
1384 2027 1585 2065 proximum,
1606 2026 1698 2067 supra
1721 2027 1817 2067 ipfius

942 2072 991 2094 rei
1009 2086 1020 2102 ,
1052 2070 1149 2109 etiam
1174 2063 1262 2104 dupli
1284 2073 1386 2105 poena.
1434 2067 1589 2109 Orangius
1611 2068 1642 2099 id
1669 2068 1818 2101 EdiCtum

945 2105 1162 2146 promulgavit
1177 2105 1315 2137 mentito
1331 2106 1468 2150 Philippi
1488 2108 1530 2140 Il.
1557 2109 1707 2149 nomine,
1732 2120 1768 2142 ut
1784 2111 1815 2143 δὲ

940 2145 1027 2187 [πρε
1044 2146 1120 2177 alias
1134 2145 1314 2185 faetitavit,
1338 2149 1413 2188 quia
1429 2159 1544 2191 nempe
1562 2150 1732 2192 Imperium
1751 2151 1815 2183 Co·

943 2186 1112 2233 mitatense
1134 2188 1275 2219 nondum
1295 2189 1324 2220 ei
1347 2189 1534 2231 abrogatum
1560 2201 1649 2231 erat,
1672 2192 1723 2225 sed
1743 2192 1814 2225 satis

944 2228 1076 2261 absurde
1098 2239 1131 2260 111
1157 2229 1313 2269 ejusmodi
1338 2231 1453 2270 causis,
1476 2242 1544 2273 quae
1568 2233 1670 2273 ipsum
1694 2233 1813 2274 Philip-

944 2280 1019 2312 pum
1035 2270 1270 2312 oppugnabant.
1315 2272 1376 2304 Sed
1393 2273 1455 2304 hoc
1469 2274 1532 2313 jam
1553 2283 1617 2306 non
1636 2284 1708 2316 ago.
1752 2276 1812 2307 Ce-

945 2320 1047 2344 terum
1063 2312 1220 2353 Orangius
1243 2312 1422 2354 publicabat
1439 2324 1475 2346 ea
1494 2315 1577 2347 bona
1596 2316 1629 2347 in
1645 2326 1714 2348 rem
1733 2316 1814 2358 ipso-

944 2363 1014 2391 rum
1033 2353 1190 2385 Ordinum
1210 2377 1221 2392 ,
1247 2363 1283 2386 ea
1303 2363 1408 2387 tamen
1425 2355 1556 2396 astutia,
1579 2364 1615 2389 ut
1636 2358 1709 2390 inde
1727 2359 1816 2390 exhi-

943 2393 1094 2434 berentur
1121 2393 1377 2428 Coneionatores
1393 2421 1403 2436 ,
1435 2407 1570 2439 quorum
1596 2408 1658 2440 ope
1679 2400 1815 2440 populus

944 2437 976 2468 in
992 2436 1101 2473 officio
1117 2437 1350 2468 continebatur.
1396 2438 1441 2470 Hi
1457 2447 1563 2478 certe,
1589 2449 1682 2480 quam
1699 2450 1814 2482 paupe-

941 2478 1042 2509 riores
1070 2484 1177 2516 erant,
1203 2486 1293 2509 tanto
1318 2477 1513 2511 studiosiores
1539 2482 1745 2514 credebantur
1765 2481 1813 2515 fu-

944 2518 1005 2550 turi
1024 2518 1062 2550 ad
1086 2518 1236 2550 tuendum
1253 2518 1437 2559 praesentem
1462 2520 1659 2562 Reipublicae
1678 2522 1813 2564 statum,

943 2559 1108 2600 occupatis
1124 2559 1367 2604 Eontificiorum
1383 2561 1492 2598 bonis,
1516 2563 1630 2603 quibus
1655 2563 1729 2597 solis
1753 2566 1813 2598 ale-

942 2602 1055 2633 bantur
1067 2624 1077 2639 ,
1102 2608 1213 2641 utrque
1231 2601 1384 2642 carituri,
1408 2603 1430 2635 fi
1446 2603 1641 2645 Reipublicae
1651 2605 1812 2647 Principa-

943 2651 993 2675 tus
1013 2641 1169 2688 mutasset.
1214 2642 1266 2674 Sic
1284 2642 1308 2674 F
1311 2644 1481 2684 lor-entini,
1506 2655 1579 2678 cum
1597 2645 1727 2680 Petrum
1738 2648 1812 2680 Me-

943 2684 1079 2716 dicaeum
1101 2692 1228 2725 ejusque
1249 2683 1364 2718 fratres
1388 2686 1493 2718 hostes
1514 2687 1722 2727 judicassent,
1745 2698 1812 2729 pre-

944 2725 1132 2758 tiofiffimam
1149 2734 1260 2756 eorum
1276 2725 1497 2769 supellectilem
1514 2727 1640 2760 furiosae
1659 2730 1742 2770 plebi
1766 2731 1812 2761 di-

943 2767 1114 2809 ripiendam
1141 2766 1297 2800 dederunt
1315 2790 1327 2807 ,
1360 2777 1414 2800 aut
1433 2768 1488 2800 sub
1512 2767 1598 2800 hasta
1620 2770 1677 2802 viii
1705 2772 1812 2812 pretio

1759 2813 1810 2845 ad-

945 2899 1019 2945 Nop.
1035 2900 1126 2945 ,¹534·
1165 2897 1267 2927 Ibidem
1285 2897 1337 2928 Ed.
1359 2897 1444 2927 Orda.
1464 2897 1540 2927 Holl.
1558 2907 1585 2927 n.
1608 2907 1632 2927 1.
1652 2896 1690 2934 ὅς’
1717 2900 1747 2927 in
1764 2898 1813 2928 ad-

945 2939 1301 3014 drcgogngpsbmenewegen
1318 2975 1350 3003 de
1370 2974 1433 3004 LL.
1455 2975 1559 3013 Abrog.
1575 2974 1610 3004 ad
1628 2975 1646 3003 l.
1662 2983 1706 3010 15.
1728 2975 1758 3005 C.
1779 2976 1811 3005 de

945 3015 994 3044 SS.
1012 3013 1110 3052 Eccles.
1127 3014 1154 3043 ἂ
1165 3015 1258 3051 plures
1272 3014 1374 3047 alii,in
1388 3014 1462 3042 hanc
1471 3014 1684 3042 sententiamibi
1695 3014 1815 3043 laudati.

947 3053 1031 3082 Adde
1049 3053 1196 3082 Huberum
1217 3052 1337 3080 Ρηείεᾶ.
1357 3051 1392 3081 ad
1419 3051 1475 3081 Tic.
1490 3050 1532 3089 ff.
1549 3053 1579 3081 de
1593 3051 1695 3081 Condit.
1712 3051 1749 3088 δ’
1769 3053 1813 3082 (le-

948 3090 1164 3168 mogsibnbzci'e'
1177 3138 1209 3158 cn
1223 3129 1357 3162 Verbvnd.
1384 3115 1500 3168 tuffiben
1519 3129 1550 3157 de
1568 3128 1660 3158 scaren
1673 3139 1706 3160 en
1717 3129 1813 3160 Stedm

951 3178 1004 3198 van
1019 3168 1139 3197 Holland
1150 3177 1182 3196 en
1193 3167 1308 3196 Zeeland
1329 3167 1405 3196 Part.
1421 3167 1457 3196 11.
1481 3169 1506 3206 ς.
1524 3175 1568 3203 15.

993 3204 1074 3243 (15)
1095 3200 1172 3238 Ptac.
1192 3207 1231 3285 111
1240 3205 1372 3285 ξΑὲρεηά.
1394 3213 1527 3245 prtia.
1547 3204 1585 3243 ὃ)
1594 3205 1665 3246 seqq.
