<?xml version="1.0" encoding="UTF-8"?>
<!DOCTYPE html PUBLIC "-//W3C//DTD XHTML 1.0 Transitional//EN"
    "http://www.w3.org/TR/xhtml1/DTD/xhtml1-transitional.dtd">
<html xmlns="http://www.w3.org/1999/xhtml" xml:lang="en" lang="en">
 <head>
  <title>
</title>
<meta http-equiv="Content-Type" content="text/html;charset=utf-8" />
  <meta name='ocr-system' content='tesseract 3.04.00' />
  <meta name='ocr-capabilities' content='ocr_page ocr_carea ocr_par ocr_line ocrx_word'/>
</head>
<body>
  <div class='ocr_page' id='page_1' title='image "./corneliivanbynke00bijn_0254.png"; bbox 0 0 2008 3436; ppageno 0'>
   <div class='ocr_carea' id='block_1_1' title="bbox 193 133 260 165">
    <p class='ocr_par' dir='ltr' id='par_1_1' title="bbox 193 133 260 165">
     <span class='ocr_line' id='line_1_1' title="bbox 193 133 260 165; baseline -0.03 -8"><span class='ocrx_word' id='word_1_1' title='bbox 193 133 260 165; x_wconf 81' lang='lat'>240</span> 
     </span>
    </p>
   </div>
   <div class='ocr_carea' id='block_1_2' title="bbox 182 193 1049 524">
    <p class='ocr_par' dir='ltr' id='par_1_2' title="bbox 182 193 1049 524">
     <span class='ocr_line' id='line_1_2' title="bbox 188 193 1048 239; baseline -0.006 -10"><span class='ocrx_word' id='word_1_2' title='bbox 188 199 269 239; x_wconf 77' lang='lat' dir='ltr'>sunt.</span> <span class='ocrx_word' id='word_1_3' title='bbox 315 197 364 229; x_wconf 80' lang='lat' dir='ltr'>Ex</span> <span class='ocrx_word' id='word_1_4' title='bbox 386 206 445 237; x_wconf 86' lang='lat' dir='ltr'>qua</span> <span class='ocrx_word' id='word_1_5' title='bbox 469 196 576 228; x_wconf 72' lang='lat' dir='ltr'>Gioss&#39;a</span> <span class='ocrx_word' id='word_1_6' title='bbox 602 195 684 228; x_wconf 75' lang='lat' dir='ltr'>suam</span> <span class='ocrx_word' id='word_1_7' title='bbox 710 195 857 228; x_wconf 72' lang='lat' dir='ltr'>instruxit</span> <span class='ocrx_word' id='word_1_8' title='bbox 877 193 1048 236; x_wconf 57' lang='lat' dir='ltr'>Dionysum</span> 
     </span>
     <span class='ocr_line' id='line_1_3' title="bbox 188 235 1045 279; baseline -0.002 -12"><span class='ocrx_word' id='word_1_9' title='bbox 188 237 367 277; x_wconf 72' lang='lat' dir='ltr'>Gl‹›lsatoi·,</span> <span class='ocrx_word' id='word_1_10' title='bbox 401 246 436 268; x_wconf 89' lang='lat' dir='ltr'>ut</span> <span class='ocrx_word' id='word_1_11' title='bbox 461 236 578 279; x_wconf 77' lang='lat' dir='ltr'>semper</span> <span class='ocrx_word' id='word_1_12' title='bbox 601 237 667 269; x_wconf 83' lang='lat' dir='ltr'>fere</span> <span class='ocrx_word' id='word_1_13' title='bbox 691 237 770 269; x_wconf 59' lang='lat' dir='ltr'>solet</span> <span class='ocrx_word' id='word_1_14' title='bbox 789 247 829 267; x_wconf 83' lang='lat' dir='ltr'>ex</span> <span class='ocrx_word' id='word_1_15' title='bbox 848 236 916 267; x_wconf 83' lang='lat' dir='ltr'>aliis</span> <span class='ocrx_word' id='word_1_16' title='bbox 934 235 1045 276; x_wconf 76' lang='lat' dir='ltr'>sapere.</span> 
     </span>
     <span class='ocr_line' id='line_1_4' title="bbox 187 276 1045 319; baseline -0.003 -10"><span class='ocrx_word' id='word_1_17' title='bbox 187 279 248 309; x_wconf 69' lang='lat' dir='ltr'>Res</span> <span class='ocrx_word' id='word_1_18' title='bbox 268 278 330 319; x_wconf 80' lang='lat' dir='ltr'>ipsa</span> <span class='ocrx_word' id='word_1_19' title='bbox 349 289 421 310; x_wconf 86' lang='lat' dir='ltr'>vera</span> <span class='ocrx_word' id='word_1_20' title='bbox 438 278 490 310; x_wconf 88' lang='lat' dir='ltr'>est.</span> <span class='ocrx_word' id='word_1_21' title='bbox 537 279 667 311; x_wconf 69' lang='lat' dir='ltr'>Defecit</span> <span class='ocrx_word' id='word_1_22' title='bbox 677 279 795 311; x_wconf 74' lang='lat' dir='ltr'>SCtum</span> <span class='ocrx_word' id='word_1_23' title='bbox 813 278 843 309; x_wconf 90' lang='lat' dir='ltr'>in</span> <span class='ocrx_word' id='word_1_24' title='bbox 863 276 964 317; x_wconf 77' lang='lat' dir='ltr'>specie</span> <span class='ocrx_word' id='word_1_25' title='bbox 981 280 1009 307; x_wconf 72' lang='lat' dir='ltr'>cl.</span> <span class='ocrx_word' id='word_1_26' title='bbox 1027 277 1045 306; x_wconf 81' lang='lat' dir='ltr'>l.</span> 
     </span>
     <span class='ocr_line' id='line_1_5' title="bbox 188 318 1048 361; baseline -0.002 -12"><span class='ocrx_word' id='word_1_27' title='bbox 188 323 238 350; x_wconf 80' lang='lat'>26.</span> <span class='ocrx_word' id='word_1_28' title='bbox 261 319 288 361; x_wconf 85' lang='lat'>§.</span> <span class='ocrx_word' id='word_1_29' title='bbox 311 329 356 351; x_wconf 86' lang='lat'>11.</span> <span class='ocrx_word' id='word_1_30' title='bbox 384 321 413 351; x_wconf 71' lang='grc' dir='ltr'>ὅ(</span> <span class='ocrx_word' id='word_1_31' title='bbox 429 321 500 360; x_wconf 86' lang='lat' dir='ltr'>quia</span> <span class='ocrx_word' id='word_1_32' title='bbox 517 321 682 361; x_wconf 72' lang='lat' dir='ltr'>legatarius</span> <span class='ocrx_word' id='word_1_33' title='bbox 699 320 805 360; x_wconf 80' lang='lat' dir='ltr'>nequit</span> <span class='ocrx_word' id='word_1_34' title='bbox 830 318 1048 349; x_wconf 82' lang='lat' dir='ltr'>manumittere</span> 
     </span>
     <span class='ocr_line' id='line_1_6' title="bbox 182 357 1047 400; baseline -0.003 -9"><span class='ocrx_word' id='word_1_35' title='bbox 182 358 326 400; x_wconf 78' lang='lat' dir='ltr'>servum,</span> <span class='ocrx_word' id='word_1_36' title='bbox 375 371 443 392; x_wconf 90' lang='lat' dir='ltr'>uem</span> <span class='ocrx_word' id='word_1_37' title='bbox 461 371 523 393; x_wconf 90' lang='lat' dir='ltr'>non</span> <span class='ocrx_word' id='word_1_38' title='bbox 542 362 652 399; x_wconf 60' lang='lat' dir='ltr'>liutet,</span> <span class='ocrx_word' id='word_1_39' title='bbox 683 363 773 400; x_wconf 46' lang='lat' dir='ltr'>*imperi</span> <span class='ocrx_word' id='word_1_40' title='bbox 791 366 854 389; x_wconf 64' lang='lat' dir='ltr'>etin·</span> <span class='ocrx_word' id='word_1_41' title='bbox 871 360 1009 395; x_wconf 58' lang='lat' dir='ltr'>libertas,</span> <span class='ocrx_word' id='word_1_42' title='bbox 1028 357 1047 388; x_wconf 78' lang='lat' dir='ltr'>ii</span> 
     </span>
     <span class='ocr_line' id='line_1_7' title="bbox 185 371 1047 443; baseline -0.002 -12"><span class='ocrx_word' id='word_1_43' title='bbox 185 371 548 443; x_wconf 51' lang='lat' dir='ltr'>audiamuscblpianuim</span> <span class='ocrx_word' id='word_1_44' title='bbox 584 402 665 433; x_wconf 71' lang='lat' dir='ltr'>recte</span> <span class='ocrx_word' id='word_1_45' title='bbox 682 402 724 432; x_wconf 78' lang='lat' dir='ltr'>ibi</span> <span class='ocrx_word' id='word_1_46' title='bbox 740 400 960 440; x_wconf 69' lang='lat' dir='ltr'>disputantem.</span> <span class='ocrx_word' id='word_1_47' title='bbox 1007 398 1047 429; x_wconf 85' lang='lat' dir='ltr'>U-</span> 
     </span>
     <span class='ocr_line' id='line_1_8' title="bbox 187 438 1049 484; baseline -0.002 -12"><span class='ocrx_word' id='word_1_48' title='bbox 187 442 292 474; x_wconf 88' lang='lat' dir='ltr'>nicum</span> <span class='ocrx_word' id='word_1_49' title='bbox 313 443 408 484; x_wconf 81' lang='lat' dir='ltr'>igitur</span> <span class='ocrx_word' id='word_1_50' title='bbox 419 444 572 475; x_wconf 73' lang='lat' dir='ltr'>libertatis</span> <span class='ocrx_word' id='word_1_51' title='bbox 585 442 765 474; x_wconf 82' lang='lat' dir='ltr'>obtinendae</span> <span class='ocrx_word' id='word_1_52' title='bbox 778 446 871 476; x_wconf 51' lang='lat' dir='ltr'>zupus-ca</span> <span class='ocrx_word' id='word_1_53' title='bbox 885 439 931 471; x_wconf 85' lang='lat' dir='ltr'>est</span> <span class='ocrx_word' id='word_1_54' title='bbox 943 463 952 477; x_wconf 94' lang='lat'>,</span> <span class='ocrx_word' id='word_1_55' title='bbox 965 438 1049 479; x_wconf 76' lang='lat' dir='ltr'>quod</span> 
     </span>
     <span class='ocr_line' id='line_1_9' title="bbox 185 481 1048 524; baseline -0.005 -11"><span class='ocrx_word' id='word_1_56' title='bbox 185 481 328 524; x_wconf 77' lang='lat' dir='ltr'>suggeffit</span> <span class='ocrx_word' id='word_1_57' title='bbox 342 485 456 517; x_wconf 85' lang='lat' dir='ltr'>Paulus</span> <span class='ocrx_word' id='word_1_58' title='bbox 473 485 505 516; x_wconf 92' lang='lat' dir='ltr'>in</span> <span class='ocrx_word' id='word_1_59' title='bbox 527 485 556 516; x_wconf 85' lang='lat' dir='ltr'>h.</span> <span class='ocrx_word' id='word_1_60' title='bbox 580 485 599 515; x_wconf 83' lang='lat' dir='ltr'>l.</span> <span class='ocrx_word' id='word_1_61' title='bbox 623 494 673 524; x_wconf 82' lang='lat'>27.</span> <span class='ocrx_word' id='word_1_62' title='bbox 696 491 808 523; x_wconf 82' lang='lat' dir='ltr'>nempe</span> <span class='ocrx_word' id='word_1_63' title='bbox 824 483 914 512; x_wconf 69' lang='grc' dir='ltr'>ιιιίίῑῖυ</span> <span class='ocrx_word' id='word_1_64' title='bbox 930 481 1048 511; x_wconf 56' lang='lat' dir='ltr'>Princi-</span> 
     </span>
    </p>
   </div>
   <div class='ocr_carea' id='block_1_3' title="bbox 441 110 1661 153">
    <p class='ocr_par' dir='ltr' id='par_1_3' title="bbox 441 110 1661 153">
     <span class='ocr_line' id='line_1_10' title="bbox 441 110 1661 153; baseline -0.006 0"><span class='ocrx_word' id='word_1_65' title='bbox 441 114 838 153; x_wconf 77' lang='lat' dir='ltr'>CORNELII</span> <span class='ocrx_word' id='word_1_66' title='bbox 889 122 1007 151; x_wconf 73' lang='lat' dir='ltr'>vAN</span> <span class='ocrx_word' id='word_1_67' title='bbox 1063 110 1661 149; x_wconf 79' lang='lat' dir='ltr'>BYNKERSHOEK</span> 
     </span>
    </p>
   </div>
   <div class='ocr_carea' id='block_1_4' title="bbox 1086 190 1957 437">
    <p class='ocr_par' dir='ltr' id='par_1_4' title="bbox 1086 190 1957 437">
     <span class='ocr_line' id='line_1_11' title="bbox 1086 190 1945 235; baseline -0.001 -13"><span class='ocrx_word' id='word_1_68' title='bbox 1086 195 1152 234; x_wconf 62' lang='lat'>1255,</span> <span class='ocrx_word' id='word_1_69' title='bbox 1178 200 1212 223; x_wconf 89' lang='lat' dir='ltr'>ut</span> <span class='ocrx_word' id='word_1_70' title='bbox 1230 191 1293 233; x_wconf 83' lang='lat' dir='ltr'>ipse</span> <span class='ocrx_word' id='word_1_71' title='bbox 1311 192 1390 223; x_wconf 80' lang='lat' dir='ltr'>velit</span> <span class='ocrx_word' id='word_1_72' title='bbox 1406 198 1517 222; x_wconf 83' lang='lat' dir='ltr'>contra</span> <span class='ocrx_word' id='word_1_73' title='bbox 1535 191 1655 231; x_wconf 75' lang='lat' dir='ltr'>regulas</span> <span class='ocrx_word' id='word_1_74' title='bbox 1671 190 1752 231; x_wconf 74' lang='lat' dir='ltr'>juris</span> <span class='ocrx_word' id='word_1_75' title='bbox 1764 214 1773 230; x_wconf 91' lang='lat'>,</span> <span class='ocrx_word' id='word_1_76' title='bbox 1798 190 1865 223; x_wconf 89' lang='lat' dir='ltr'>duri</span> <span class='ocrx_word' id='word_1_77' title='bbox 1882 196 1945 235; x_wconf 74' lang='lat' dir='ltr'>qui-</span> 
     </span>
     <span class='ocr_line' id='line_1_12' title="bbox 1089 231 1957 273; baseline 0.002 -8"><span class='ocrx_word' id='word_1_78' title='bbox 1089 235 1178 272; x_wconf 84' lang='lat' dir='ltr'>clein,</span> <span class='ocrx_word' id='word_1_79' title='bbox 1210 232 1260 264; x_wconf 84' lang='lat' dir='ltr'>sed</span> <span class='ocrx_word' id='word_1_80' title='bbox 1288 242 1389 264; x_wconf 85' lang='lat' dir='ltr'>tamen</span> <span class='ocrx_word' id='word_1_81' title='bbox 1420 232 1463 262; x_wconf 90' lang='lat' dir='ltr'>ita</span> <span class='ocrx_word' id='word_1_82' title='bbox 1482 231 1607 272; x_wconf 77' lang='lat' dir='ltr'>scripti,</span> <span class='ocrx_word' id='word_1_83' title='bbox 1633 231 1810 273; x_wconf 81' lang='lat' dir='ltr'>prospicere</span> <span class='ocrx_word' id='word_1_84' title='bbox 1828 232 1957 269; x_wconf 71' lang='lat' dir='ltr'>literta-&#39;</span> 
     </span>
     <span class='ocr_line' id='line_1_13' title="bbox 1092 273 1946 315; baseline 0.001 -9"><span class='ocrx_word' id='word_1_85' title='bbox 1092 276 1126 306; x_wconf 88' lang='lat' dir='ltr'>ti.</span> <span class='ocrx_word' id='word_1_86' title='bbox 1175 274 1277 315; x_wconf 77' lang='lat' dir='ltr'>Atque</span> <span class='ocrx_word' id='word_1_87' title='bbox 1295 274 1355 305; x_wconf 78' lang='lat' dir='ltr'>hoc</span> <span class='ocrx_word' id='word_1_88' title='bbox 1376 282 1440 303; x_wconf 82' lang='lat' dir='ltr'>erat</span> <span class='ocrx_word' id='word_1_89' title='bbox 1459 273 1658 313; x_wconf 82' lang='lat' dir='ltr'>Principum,</span> <span class='ocrx_word' id='word_1_90' title='bbox 1686 283 1748 304; x_wconf 86' lang='lat' dir='ltr'>non</span> <span class='ocrx_word' id='word_1_91' title='bbox 1768 273 1946 311; x_wconf 66' lang='lat' dir='ltr'>Praetor-um,</span> 
     </span>
     <span class='ocr_line' id='line_1_14' title="bbox 1091 313 1948 355; baseline 0.005 -9"><span class='ocrx_word' id='word_1_92' title='bbox 1091 316 1133 347; x_wconf 78' lang='lat' dir='ltr'>Et</span> <span class='ocrx_word' id='word_1_93' title='bbox 1152 315 1221 346; x_wconf 74' lang='lat' dir='ltr'>sane</span> <span class='ocrx_word' id='word_1_94' title='bbox 1237 315 1397 355; x_wconf 57' lang='lat' dir='ltr'>i’rincipes</span> <span class='ocrx_word' id='word_1_95' title='bbox 1418 314 1551 345; x_wconf 84' lang='lat' dir='ltr'>Romani</span> <span class='ocrx_word' id='word_1_96' title='bbox 1569 313 1722 352; x_wconf 79' lang='lat' dir='ltr'>studium,</span> <span class='ocrx_word' id='word_1_97' title='bbox 1747 324 1810 354; x_wconf 83' lang='lat' dir='ltr'>quo</span> <span class='ocrx_word' id='word_1_98' title='bbox 1829 315 1948 350; x_wconf 68' lang='lat' dir='ltr'>liberta-</span> 
     </span>
     <span class='ocr_line' id='line_1_15' title="bbox 1092 354 1948 396; baseline 0.001 -9"><span class='ocrx_word' id='word_1_99' title='bbox 1092 366 1132 387; x_wconf 74' lang='lat' dir='ltr'>tis</span> <span class='ocrx_word' id='word_1_100' title='bbox 1155 355 1276 386; x_wconf 77' lang='lat' dir='ltr'>causam</span> <span class='ocrx_word' id='word_1_101' title='bbox 1297 356 1421 396; x_wconf 68' lang='lat' dir='ltr'>prolixe</span> <span class='ocrx_word' id='word_1_102' title='bbox 1454 354 1737 395; x_wconf 70' lang='lat' dir='ltr'>prosequebantur,</span> <span class='ocrx_word' id='word_1_103' title='bbox 1764 357 1833 396; x_wconf 88' lang='lat' dir='ltr'>plus</span> <span class='ocrx_word' id='word_1_104' title='bbox 1858 355 1948 392; x_wconf 86' lang='lat' dir='ltr'>semel</span> 
     </span>
     <span class='ocr_line' id='line_1_16' title="bbox 1092 396 1948 437; baseline 0.004 -10"><span class='ocrx_word' id='word_1_105' title='bbox 1092 396 1192 428; x_wconf 78' lang='lat' dir='ltr'>testati</span> <span class='ocrx_word' id='word_1_106' title='bbox 1218 396 1287 428; x_wconf 85' lang='lat' dir='ltr'>sunt</span> <span class='ocrx_word' id='word_1_107' title='bbox 1304 400 1334 428; x_wconf 88' lang='lat' dir='ltr'>in</span> <span class='ocrx_word' id='word_1_108' title='bbox 1355 396 1490 427; x_wconf 57' lang='lat' dir='ltr'>Decretis</span> <span class='ocrx_word' id='word_1_109' title='bbox 1509 396 1537 427; x_wconf 62' lang='grc' dir='ltr'>’ὃς</span> <span class='ocrx_word' id='word_1_110' title='bbox 1555 396 1735 436; x_wconf 53' lang='lat' dir='ltr'>Rejcriptis,</span> <span class='ocrx_word' id='word_1_111' title='bbox 1755 406 1824 437; x_wconf 78' lang='lat' dir='ltr'>quae</span> <span class='ocrx_word' id='word_1_112' title='bbox 1834 397 1948 431; x_wconf 76' lang='lat' dir='ltr'>velsub</span> 
     </span>
    </p>
   </div>
   <div class='ocr_carea' id='block_1_5' title="bbox 1090 437 1971 480">
    <p class='ocr_par' dir='ltr' id='par_1_5' title="bbox 1090 437 1971 480">
     <span class='ocr_line' id='line_1_17' title="bbox 1090 437 1971 480; baseline 0.003 -12"><span class='ocrx_word' id='word_1_113' title='bbox 1090 440 1139 468; x_wconf 70' lang='lat' dir='ltr'>Luc</span> <span class='ocrx_word' id='word_1_114' title='bbox 1161 438 1256 468; x_wconf 58' lang='lat' dir='ltr'>Tituli&gt;</span> <span class='ocrx_word' id='word_1_115' title='bbox 1267 461 1278 476; x_wconf 90' lang='lat'>,</span> <span class='ocrx_word' id='word_1_116' title='bbox 1307 439 1340 468; x_wconf 72' lang='lat' dir='ltr'>cle</span> <span class='ocrx_word' id='word_1_117' title='bbox 1359 437 1641 478; x_wconf 57' lang='lat' dir='ltr'>fidelt&#39;uninzfflmiis</span> <span class='ocrx_word' id='word_1_118' title='bbox 1664 438 1864 477; x_wconf 61' lang='lat' dir='ltr'>linei-tutibus,</span> <span class='ocrx_word' id='word_1_119' title='bbox 1882 448 1946 480; x_wconf 80' lang='lat' dir='ltr'>pas-</span> <span class='ocrx_word' id='word_1_120' title='bbox 1966 475 1971 478; x_wconf 29' lang='lat'><strong>¹</strong></span> 
     </span>
    </p>
   </div>
   <div class='ocr_carea' id='block_1_6' title="bbox 1089 478 1292 510">
    <p class='ocr_par' dir='ltr' id='par_1_6' title="bbox 1089 478 1292 510">
     <span class='ocr_line' id='line_1_18' title="bbox 1089 478 1292 510; baseline 0.005 -1"><span class='ocrx_word' id='word_1_121' title='bbox 1089 479 1143 510; x_wconf 83' lang='lat' dir='ltr'>sun</span> <span class='ocrx_word' id='word_1_122' title='bbox 1161 478 1292 510; x_wconf 78' lang='lat' dir='ltr'>exstant.</span> 
     </span>
    </p>
   </div>
   <div class='ocr_carea' id='block_1_7' title="bbox 784 575 1351 613">
    <p class='ocr_par' dir='ltr' id='par_1_7' title="bbox 784 575 1351 613">
     <span class='ocr_line' id='line_1_19' title="bbox 784 575 1351 613; baseline -0.007 0"><span class='ocrx_word' id='word_1_123' title='bbox 784 576 1140 613; x_wconf 84' lang='lat' dir='ltr'><strong>CAPUT</strong></span> <span class='ocrx_word' id='word_1_124' title='bbox 1213 575 1351 610; x_wconf 83' lang='lat' dir='ltr'>XXI.</span> 
     </span>
    </p>
   </div>
   <div class='ocr_carea' id='block_1_8' title="bbox 285 660 1854 717">
    <p class='ocr_par' dir='ltr' id='par_1_8' title="bbox 285 660 1854 717">
     <span class='ocr_line' id='line_1_20' title="bbox 285 660 1854 717; baseline -0.001 -13"><span class='ocrx_word' id='word_1_125' title='bbox 285 671 517 717; x_wconf 76' lang='lat' dir='ltr'>Interpretatz&#39;o</span> <span class='ocrx_word' id='word_1_126' title='bbox 541 668 582 702; x_wconf 90' lang='lat' dir='ltr'>L.</span> <span class='ocrx_word' id='word_1_127' title='bbox 612 677 665 712; x_wconf 84' lang='lat'>13.</span> <span class='ocrx_word' id='word_1_128' title='bbox 693 664 723 713; x_wconf 75' lang='lat'>§.</span> <span class='ocrx_word' id='word_1_129' title='bbox 755 676 808 701; x_wconf 91' lang='lat'>10.</span> <span class='ocrx_word' id='word_1_130' title='bbox 838 664 875 699; x_wconf 84' lang='lat' dir='ltr'>ff.</span> <span class='ocrx_word' id='word_1_131' title='bbox 903 663 946 698; x_wconf 87' lang='lat' dir='ltr'>de</span> <span class='ocrx_word' id='word_1_132' title='bbox 970 661 1114 709; x_wconf 78' lang='lat' dir='ltr'>Aequir.</span> <span class='ocrx_word' id='word_1_133' title='bbox 1143 661 1199 696; x_wconf 86' lang='lat' dir='ltr'>vel</span> <span class='ocrx_word' id='word_1_134' title='bbox 1227 662 1337 698; x_wconf 86' lang='lat' dir='ltr'>amitt.</span> <span class='ocrx_word' id='word_1_135' title='bbox 1365 660 1500 708; x_wconf 78' lang='lat' dir='ltr'>poffeff.</span> <span class='ocrx_word' id='word_1_136' title='bbox 1527 671 1630 699; x_wconf 82' lang='lat' dir='ltr'>amoto</span> <span class='ocrx_word' id='word_1_137' title='bbox 1656 667 1854 702; x_wconf 78' lang='lat' dir='ltr'><em>emblemate.</em></span> 
     </span>
    </p>
   </div>
   <div class='ocr_carea' id='block_1_9' title="bbox 173 761 1049 1671">
    <p class='ocr_par' dir='ltr' id='par_1_9' title="bbox 250 761 1046 807">
     <span class='ocr_line' id='line_1_21' title="bbox 250 761 1046 807; baseline -0.006 -9"><span class='ocrx_word' id='word_1_138' title='bbox 250 777 269 798; x_wconf 77' lang='lat' dir='ltr'><strong>x</strong></span> <span class='ocrx_word' id='word_1_139' title='bbox 286 767 423 807; x_wconf 85' lang='lat' dir='ltr'>Ulpiano</span> <span class='ocrx_word' id='word_1_140' title='bbox 441 765 483 797; x_wconf 91' lang='lat' dir='ltr'>ibi</span> <span class='ocrx_word' id='word_1_141' title='bbox 500 765 567 797; x_wconf 82' lang='lat' dir='ltr'>haec</span> <span class='ocrx_word' id='word_1_142' title='bbox 583 764 777 796; x_wconf 87' lang='lat' dir='ltr'>referuntur:</span> <span class='ocrx_word' id='word_1_143' title='bbox 811 763 866 793; x_wconf 69' lang='lat' dir='ltr'>Sed</span> <span class='ocrx_word' id='word_1_144' title='bbox 883 761 918 796; x_wconf 69' lang='lat'>&amp;2⁹</span> <span class='ocrx_word' id='word_1_145' title='bbox 935 761 1046 803; x_wconf 77' lang='lat' dir='ltr'>legata-</span> 
     </span>
    </p>

    <p class='ocr_par' dir='ltr' id='par_1_10' title="bbox 173 803 1049 1671">
     <span class='ocr_line' id='line_1_22' title="bbox 267 803 1046 848; baseline -0.008 -10"><span class='ocrx_word' id='word_1_146' title='bbox 267 810 309 839; x_wconf 68' lang='lat' dir='ltr'>rio</span> <span class='ocrx_word' id='word_1_147' title='bbox 328 809 454 839; x_wconf 59' lang='lat' dir='ltr'>(amdam</span> <span class='ocrx_word' id='word_1_148' title='bbox 468 805 647 847; x_wconf 68' lang='lat' dir='ltr'>acceffioiieiii</span> <span class='ocrx_word' id='word_1_149' title='bbox 661 807 723 848; x_wconf 76' lang='lat' dir='ltr'>ejus</span> <span class='ocrx_word' id='word_1_150' title='bbox 736 805 868 844; x_wconf 70' lang='lat' dir='ltr'>temporis</span> <span class='ocrx_word' id='word_1_151' title='bbox 878 813 947 844; x_wconf 77' lang='lat' dir='ltr'>,qito</span> <span class='ocrx_word' id='word_1_152' title='bbox 959 803 1046 843; x_wconf 59' lang='lat' dir='ltr'>(res)</span> 
     </span>
     <span class='ocr_line' id='line_1_23' title="bbox 176 844 1044 891; baseline -0.009 -10"><span class='ocrx_word' id='word_1_153' title='bbox 176 852 243 891; x_wconf 72' lang='lat' dir='ltr'>fuit</span> <span class='ocrx_word' id='word_1_154' title='bbox 259 850 334 889; x_wconf 68' lang='lat' dir='ltr'>apud</span> <span class='ocrx_word' id='word_1_155' title='bbox 352 846 530 888; x_wconf 73' lang='lat' dir='ltr'>testatoreiiz,</span> <span class='ocrx_word' id='word_1_156' title='bbox 546 848 699 888; x_wconf 74' lang='lat' dir='ltr'>sciendum</span> <span class='ocrx_word' id='word_1_157' title='bbox 714 844 764 886; x_wconf 75' lang='lat' dir='ltr'>est.</span> <span class='ocrx_word' id='word_1_158' title='bbox 801 845 850 877; x_wconf 73' lang='lat' dir='ltr'>An</span> <span class='ocrx_word' id='word_1_159' title='bbox 868 845 1044 889; x_wconf 58' lang='lat' dir='ltr'>hesedz&#39;spos-</span> 
     </span>
     <span class='ocr_line' id='line_1_24' title="bbox 173 886 1046 933; baseline -0.008 -11"><span class='ocrx_word' id='word_1_160' title='bbox 173 890 254 933; x_wconf 37' lang='lat' dir='ltr'>‚sufflo</span> <span class='ocrx_word' id='word_1_161' title='bbox 280 892 306 921; x_wconf 78' lang='lat' dir='ltr'>ei</span> <span class='ocrx_word' id='word_1_162' title='bbox 331 892 449 921; x_wconf 69' lang='lat' dir='ltr'>accedat</span> <span class='ocrx_word' id='word_1_163' title='bbox 467 913 477 928; x_wconf 84' lang='lat'>‚</span> <span class='ocrx_word' id='word_1_164' title='bbox 509 889 685 920; x_wconf 62' lang='lat' dir='ltr'>videantur?</span> <span class='ocrx_word' id='word_1_165' title='bbox 719 887 754 922; x_wconf 60' lang='grc' dir='ltr'>(θ</span> <span class='ocrx_word' id='word_1_166' title='bbox 771 892 839 927; x_wconf 72' lang='lat' dir='ltr'>puto</span> <span class='ocrx_word' id='word_1_167' title='bbox 853 908 863 924; x_wconf 91' lang='lat'>,</span> <span class='ocrx_word' id='word_1_168' title='bbox 879 886 943 924; x_wconf 69' lang='lat' dir='ltr'>sive</span> <span class='ocrx_word' id='word_1_169' title='bbox 954 891 1046 925; x_wconf 76' lang='lat' dir='ltr'>pure,</span> 
     </span>
     <span class='ocr_line' id='line_1_25' title="bbox 176 925 1048 972; baseline -0.007 -10"><span class='ocrx_word' id='word_1_170' title='bbox 176 933 241 971; x_wconf 56' lang='lat' dir='ltr'>⁸sive</span> <span class='ocrx_word' id='word_1_171' title='bbox 251 931 307 972; x_wconf 78' lang='lat' dir='ltr'>sub</span> <span class='ocrx_word' id='word_1_172' title='bbox 337 932 498 962; x_wconf 61' lang='lat' dir='ltr'>conditione</span> <span class='ocrx_word' id='word_1_173' title='bbox 514 930 613 970; x_wconf 75' lang='lat' dir='ltr'>fuerit</span> <span class='ocrx_word' id='word_1_174' title='bbox 632 928 779 966; x_wconf 64' lang='lat' dir='ltr'>relieiicm,</span> <span class='ocrx_word' id='word_1_175' title='bbox 802 928 952 958; x_wconf 61' lang='lat' dir='ltr'>dicendum</span> <span class='ocrx_word' id='word_1_176' title='bbox 967 925 1017 966; x_wconf 81' lang='lat' dir='ltr'>effe</span> <span class='ocrx_word' id='word_1_177' title='bbox 1036 948 1048 963; x_wconf 89' lang='lat'>,</span> 
     </span>
     <span class='ocr_line' id='line_1_26' title="bbox 183 966 1048 1012; baseline -0.008 -9"><span class='ocrx_word' id='word_1_178' title='bbox 183 975 214 1004; x_wconf 75' lang='lat' dir='ltr'>id</span> <span class='ocrx_word' id='word_1_179' title='bbox 234 974 384 1012; x_wconf 70' lang='lat' dir='ltr'>temporis,</span> <span class='ocrx_word' id='word_1_180' title='bbox 408 973 553 1012; x_wconf 68' lang='lat' dir='ltr'>quoheres</span> <span class='ocrx_word' id='word_1_181' title='bbox 569 971 687 1012; x_wconf 73' lang='lat' dir='ltr'>poſj&#39;edlz</span> <span class='ocrx_word' id='word_1_182' title='bbox 705 976 772 1001; x_wconf 76' lang='lat' dir='ltr'>um‘e</span> <span class='ocrx_word' id='word_1_183' title='bbox 795 966 1048 1011; x_wconf 32' lang='lat' dir='ltr'>existentem&#39;cun-</span> 
     </span>
     <span class='ocr_line' id='line_1_27' title="bbox 181 1008 1047 1053; baseline -0.007 -9"><span class='ocrx_word' id='word_1_184' title='bbox 181 1015 321 1045; x_wconf 68' lang='lat' dir='ltr'>dicionem</span> <span class='ocrx_word' id='word_1_185' title='bbox 334 1036 345 1051; x_wconf 94' lang='lat'>,</span> <span class='ocrx_word' id='word_1_186' title='bbox 364 1014 412 1043; x_wconf 79' lang='lat' dir='ltr'>vel</span> <span class='ocrx_word' id='word_1_187' title='bbox 429 1011 638 1053; x_wconf 64' lang='lat' dir='ltr'>restitutionem</span> <span class='ocrx_word' id='word_1_188' title='bbox 652 1013 694 1043; x_wconf 74' lang='lat' dir='ltr'>rei</span> <span class='ocrx_word' id='word_1_189' title='bbox 704 1034 716 1050; x_wconf 90' lang='lat'>,</span> <span class='ocrx_word' id='word_1_190' title='bbox 744 1011 885 1053; x_wconf 71' lang='lat' dir='ltr'>legatario</span> <span class='ocrx_word' id='word_1_191' title='bbox 897 1008 1047 1049; x_wconf 68' lang='lat' dir='ltr'>projicere.</span> 
     </span>
     <span class='ocr_line' id='line_1_28' title="bbox 188 1048 1046 1095; baseline -0.008 -9"><span class='ocrx_word' id='word_1_192' title='bbox 188 1055 344 1095; x_wconf 74' lang='lat' dir='ltr'>Testatoris</span> <span class='ocrx_word' id='word_1_193' title='bbox 361 1060 456 1085; x_wconf 62' lang='lat' dir='ltr'>atatem</span> <span class='ocrx_word' id='word_1_194' title='bbox 465 1054 580 1094; x_wconf 61' lang='lat' dir='ltr'>semper</span> <span class='ocrx_word' id='word_1_195' title='bbox 591 1054 721 1094; x_wconf 73' lang='lat' dir='ltr'>proderit</span> <span class='ocrx_word' id='word_1_196' title='bbox 744 1052 906 1094; x_wconf 71' lang='lat' dir='ltr'>legatario,</span> <span class='ocrx_word' id='word_1_197' title='bbox 920 1048 948 1088; x_wconf 85' lang='lat' dir='ltr'><em>fi</em></span> <span class='ocrx_word' id='word_1_198' title='bbox 966 1050 1046 1091; x_wconf 74' lang='lat' dir='ltr'>lega-</span> 
     </span>
     <span class='ocr_line' id='line_1_29' title="bbox 184 1091 1046 1136; baseline -0.007 -9"><span class='ocrx_word' id='word_1_199' title='bbox 184 1103 245 1127; x_wconf 72' lang='lat' dir='ltr'>tum</span> <span class='ocrx_word' id='word_1_200' title='bbox 262 1106 328 1127; x_wconf 76' lang='lat' dir='ltr'>vere</span> <span class='ocrx_word' id='word_1_201' title='bbox 337 1096 406 1136; x_wconf 74' lang='lat' dir='ltr'>fuit</span> <span class='ocrx_word' id='word_1_202' title='bbox 426 1096 474 1126; x_wconf 74' lang='lat' dir='ltr'>vel</span> <span class='ocrx_word' id='word_1_203' title='bbox 488 1093 742 1135; x_wconf 59' lang='lat' dir='ltr'>fideicomiiiiffltm.</span> <span class='ocrx_word' id='word_1_204' title='bbox 788 1092 837 1124; x_wconf 79' lang='lat' dir='ltr'>Ad</span> <span class='ocrx_word' id='word_1_205' title='bbox 855 1091 1046 1132; x_wconf 69' lang='lat' dir='ltr'>impfendum</span> 
     </span>
     <span class='ocr_line' id='line_1_30' title="bbox 184 1131 1047 1178; baseline -0.007 -10"><span class='ocrx_word' id='word_1_206' title='bbox 184 1145 308 1178; x_wconf 82' lang='lat' dir='ltr'>tempus</span> <span class='ocrx_word' id='word_1_207' title='bbox 334 1136 531 1177; x_wconf 81' lang='lat' dir='ltr'>usucapionis</span> <span class='ocrx_word' id='word_1_208' title='bbox 555 1136 712 1167; x_wconf 84' lang='lat' dir='ltr'>utiliffima</span> <span class='ocrx_word' id='word_1_209' title='bbox 743 1133 787 1165; x_wconf 89' lang='lat' dir='ltr'>est</span> <span class='ocrx_word' id='word_1_210' title='bbox 808 1131 979 1173; x_wconf 86' lang='lat' dir='ltr'>disputatio</span> <span class='ocrx_word' id='word_1_211' title='bbox 1009 1132 1047 1163; x_wconf 88' lang='lat' dir='ltr'>de</span> 
     </span>
     <span class='ocr_line' id='line_1_31' title="bbox 182 1172 1047 1218; baseline -0.007 -9"><span class='ocrx_word' id='word_1_212' title='bbox 182 1178 407 1217; x_wconf 64' lang='lat' dir='ltr'>conjunctione</span> <span class='ocrx_word' id='word_1_213' title='bbox 423 1185 600 1218; x_wconf 87' lang='lat' dir='ltr'>temporum</span> <span class='ocrx_word' id='word_1_214' title='bbox 617 1173 930 1208; x_wconf 71' lang='lat' dir='ltr'>interantecess&#39;orem</span> <span class='ocrx_word' id='word_1_215' title='bbox 942 1173 971 1204; x_wconf 67' lang='grc' dir='ltr'>δε</span> <span class='ocrx_word' id='word_1_216' title='bbox 983 1172 1047 1204; x_wconf 89' lang='lat' dir='ltr'>suc-</span> 
     </span>
     <span class='ocr_line' id='line_1_32' title="bbox 181 1215 1049 1259; baseline -0.007 -9"><span class='ocrx_word' id='word_1_217' title='bbox 181 1219 341 1251; x_wconf 73' lang='lat' dir='ltr'>cefforem.</span> <span class='ocrx_word' id='word_1_218' title='bbox 396 1218 547 1259; x_wconf 80' lang='lat' dir='ltr'>Ulpianus</span> <span class='ocrx_word' id='word_1_219' title='bbox 571 1218 623 1249; x_wconf 90' lang='lat' dir='ltr'>hic</span> <span class='ocrx_word' id='word_1_220' title='bbox 648 1218 692 1248; x_wconf 84' lang='lat' dir='ltr'>ait</span> <span class='ocrx_word' id='word_1_221' title='bbox 707 1240 717 1255; x_wconf 90' lang='lat'>,</span> <span class='ocrx_word' id='word_1_222' title='bbox 742 1215 889 1256; x_wconf 79' lang='lat' dir='ltr'>conjungi</span> <span class='ocrx_word' id='word_1_223' title='bbox 908 1222 1049 1254; x_wconf 86' lang='lat' dir='ltr'>tempora</span> 
     </span>
     <span class='ocr_line' id='line_1_33' title="bbox 184 1255 1048 1301; baseline -0.008 -9"><span class='ocrx_word' id='word_1_224' title='bbox 184 1260 344 1292; x_wconf 85' lang='lat' dir='ltr'>testatoris</span> <span class='ocrx_word' id='word_1_225' title='bbox 370 1261 400 1292; x_wconf 66' lang='grc' dir='ltr'>ὅς</span> <span class='ocrx_word' id='word_1_226' title='bbox 429 1259 592 1301; x_wconf 80' lang='lat' dir='ltr'>legatarii,</span> <span class='ocrx_word' id='word_1_227' title='bbox 616 1259 813 1290; x_wconf 86' lang='lat' dir='ltr'>&amp;rationem</span> <span class='ocrx_word' id='word_1_228' title='bbox 833 1255 918 1286; x_wconf 81' lang='lat' dir='ltr'>dabit</span> <span class='ocrx_word' id='word_1_229' title='bbox 934 1255 1048 1286; x_wconf 88' lang='lat' dir='ltr'>Paulus</span> 
     </span>
     <span class='ocr_line' id='line_1_34' title="bbox 182 1295 1048 1342; baseline -0.008 -9"><span class='ocrx_word' id='word_1_230' title='bbox 182 1302 214 1333; x_wconf 89' lang='lat' dir='ltr'>in</span> <span class='ocrx_word' id='word_1_231' title='bbox 244 1302 263 1333; x_wconf 90' lang='lat' dir='ltr'>l.</span> <span class='ocrx_word' id='word_1_232' title='bbox 291 1311 339 1341; x_wconf 72' lang='lat'>14.</span> <span class='ocrx_word' id='word_1_233' title='bbox 368 1300 397 1342; x_wconf 85' lang='lat'>§.</span> <span class='ocrx_word' id='word_1_234' title='bbox 426 1311 452 1332; x_wconf 89' lang='lat'>1.</span> <span class='ocrx_word' id='word_1_235' title='bbox 478 1300 519 1341; x_wconf 88' lang='lat' dir='ltr'>ff.</span> <span class='ocrx_word' id='word_1_236' title='bbox 547 1301 579 1331; x_wconf 80' lang='lat' dir='ltr'>de</span> <span class='ocrx_word' id='word_1_237' title='bbox 604 1300 709 1340; x_wconf 71' lang='lat' dir='ltr'>Usta-p.</span> <span class='ocrx_word' id='word_1_238' title='bbox 734 1297 769 1332; x_wconf 62' lang='grc' dir='ltr'>δέ’</span> <span class='ocrx_word' id='word_1_239' title='bbox 791 1297 904 1338; x_wconf 77' lang='lat' dir='ltr'><em>usucap.</em></span> <span class='ocrx_word' id='word_1_240' title='bbox 951 1295 1048 1327; x_wconf 86' lang='lat' dir='ltr'>Addit</span> 
     </span>
     <span class='ocr_line' id='line_1_35' title="bbox 182 1336 1049 1383; baseline -0.008 -8"><span class='ocrx_word' id='word_1_241' title='bbox 182 1343 336 1383; x_wconf 82' lang='lat' dir='ltr'>Ulpianus</span> <span class='ocrx_word' id='word_1_242' title='bbox 355 1367 364 1382; x_wconf 92' lang='lat'>,</span> <span class='ocrx_word' id='word_1_243' title='bbox 397 1342 426 1374; x_wconf 72' lang='grc' dir='ltr'>ὅ(</span> <span class='ocrx_word' id='word_1_244' title='bbox 449 1349 570 1382; x_wconf 83' lang='lat' dir='ltr'>tempus</span> <span class='ocrx_word' id='word_1_245' title='bbox 586 1364 594 1379; x_wconf 89' lang='lat'>‚</span> <span class='ocrx_word' id='word_1_246' title='bbox 628 1350 692 1379; x_wconf 88' lang='lat' dir='ltr'>quo</span> <span class='ocrx_word' id='word_1_247' title='bbox 717 1348 765 1370; x_wconf 87' lang='lat' dir='ltr'>res</span> <span class='ocrx_word' id='word_1_248' title='bbox 793 1347 886 1379; x_wconf 89' lang='lat' dir='ltr'>penes</span> <span class='ocrx_word' id='word_1_249' title='bbox 902 1336 1049 1369; x_wconf 82' lang='lat' dir='ltr'>heredem</span> 
     </span>
     <span class='ocr_line' id='line_1_36' title="bbox 181 1378 1048 1424; baseline -0.008 -9"><span class='ocrx_word' id='word_1_250' title='bbox 181 1383 263 1423; x_wconf 79' lang='lat' dir='ltr'>fuit,</span> <span class='ocrx_word' id='word_1_251' title='bbox 289 1383 440 1424; x_wconf 79' lang='lat' dir='ltr'>legatario</span> <span class='ocrx_word' id='word_1_252' title='bbox 456 1382 607 1423; x_wconf 84' lang='lat' dir='ltr'>prodess&#39;c.</span> <span class='ocrx_word' id='word_1_253' title='bbox 651 1380 757 1421; x_wconf 88' lang='lat' dir='ltr'>Atque</span> <span class='ocrx_word' id='word_1_254' title='bbox 772 1379 820 1410; x_wconf 91' lang='lat' dir='ltr'>his</span> <span class='ocrx_word' id='word_1_255' title='bbox 835 1378 1048 1419; x_wconf 86' lang='lat' dir='ltr'>superdicitin</span> 
     </span>
     <span class='ocr_line' id='line_1_37' title="bbox 183 1418 1047 1465; baseline -0.008 -9"><span class='ocrx_word' id='word_1_256' title='bbox 183 1426 258 1465; x_wconf 64' lang='lat' dir='ltr'>vers.</span> <span class='ocrx_word' id='word_1_257' title='bbox 275 1425 330 1456; x_wconf 84' lang='lat' dir='ltr'>ult.</span> <span class='ocrx_word' id='word_1_258' title='bbox 356 1423 512 1455; x_wconf 79' lang='lat' dir='ltr'>testatoris</span> <span class='ocrx_word' id='word_1_259' title='bbox 533 1431 655 1463; x_wconf 87' lang='lat' dir='ltr'>tempus</span> <span class='ocrx_word' id='word_1_260' title='bbox 672 1420 792 1462; x_wconf 80' lang='lat' dir='ltr'>semper</span> <span class='ocrx_word' id='word_1_261' title='bbox 806 1418 947 1461; x_wconf 76' lang='lat' dir='ltr'>prodesse</span> <span class='ocrx_word' id='word_1_262' title='bbox 968 1418 1047 1460; x_wconf 86' lang='lat' dir='ltr'>lega-</span> 
     </span>
     <span class='ocr_line' id='line_1_38' title="bbox 184 1459 1047 1507; baseline -0.008 -10"><span class='ocrx_word' id='word_1_263' title='bbox 184 1467 266 1497; x_wconf 82' lang='lat' dir='ltr'>tario</span> <span class='ocrx_word' id='word_1_264' title='bbox 284 1489 293 1505; x_wconf 84' lang='lat'>,</span> <span class='ocrx_word' id='word_1_265' title='bbox 323 1464 352 1503; x_wconf 89' lang='lat' dir='ltr'><em>fi</em></span> <span class='ocrx_word' id='word_1_266' title='bbox 377 1465 506 1507; x_wconf 75' lang='lat' dir='ltr'>legatum</span> <span class='ocrx_word' id='word_1_267' title='bbox 527 1474 594 1495; x_wconf 86' lang='lat' dir='ltr'>vere</span> <span class='ocrx_word' id='word_1_268' title='bbox 613 1463 683 1504; x_wconf 75' lang='lat' dir='ltr'>fuit</span> <span class='ocrx_word' id='word_1_269' title='bbox 718 1462 766 1493; x_wconf 79' lang='lat' dir='ltr'>vel</span> <span class='ocrx_word' id='word_1_270' title='bbox 790 1459 1047 1502; x_wconf 74' lang='lat' dir='ltr'>fideicommiffum.</span> 
     </span>
     <span class='ocr_line' id='line_1_39' title="bbox 185 1502 1049 1551; baseline -0.005 -14"><span class='ocrx_word' id='word_1_271' title='bbox 185 1507 271 1551; x_wconf 83' lang='lat' dir='ltr'>Quid</span> <span class='ocrx_word' id='word_1_272' title='bbox 287 1507 355 1538; x_wconf 85' lang='lat' dir='ltr'>haec</span> <span class='ocrx_word' id='word_1_273' title='bbox 381 1506 475 1537; x_wconf 86' lang='lat' dir='ltr'>verba</span> <span class='ocrx_word' id='word_1_274' title='bbox 502 1504 557 1537; x_wconf 87' lang='lat' dir='ltr'>fibi</span> <span class='ocrx_word' id='word_1_275' title='bbox 576 1505 678 1536; x_wconf 90' lang='lat' dir='ltr'>velint</span> <span class='ocrx_word' id='word_1_276' title='bbox 690 1527 699 1543; x_wconf 94' lang='lat'>,</span> <span class='ocrx_word' id='word_1_277' title='bbox 724 1512 788 1534; x_wconf 84' lang='lat' dir='ltr'>non</span> <span class='ocrx_word' id='word_1_278' title='bbox 806 1502 851 1534; x_wconf 87' lang='lat' dir='ltr'>est</span> <span class='ocrx_word' id='word_1_279' title='bbox 866 1502 1049 1543; x_wconf 86' lang='lat' dir='ltr'>expeditum</span> 
     </span>
     <span class='ocr_line' id='line_1_40' title="bbox 180 1542 1047 1586; baseline -0.007 -7"><span class='ocrx_word' id='word_1_280' title='bbox 180 1550 295 1579; x_wconf 82' lang='lat' dir='ltr'>dicere.</span> <span class='ocrx_word' id='word_1_281' title='bbox 321 1546 486 1586; x_wconf 86' lang='lat' dir='ltr'>Cujacium</span> <span class='ocrx_word' id='word_1_282' title='bbox 498 1545 569 1577; x_wconf 87' lang='lat' dir='ltr'>sane</span> <span class='ocrx_word' id='word_1_283' title='bbox 585 1546 662 1577; x_wconf 84' lang='lat' dir='ltr'>adeo</span> <span class='ocrx_word' id='word_1_284' title='bbox 679 1544 824 1583; x_wconf 85' lang='lat' dir='ltr'>turbant,</span> <span class='ocrx_word' id='word_1_285' title='bbox 835 1552 871 1575; x_wconf 88' lang='lat' dir='ltr'>ut</span> <span class='ocrx_word' id='word_1_286' title='bbox 884 1544 924 1575; x_wconf 93' lang='lat' dir='ltr'>L.</span> <span class='ocrx_word' id='word_1_287' title='bbox 937 1542 1047 1574; x_wconf 85' lang='lat' dir='ltr'><strong>XXV.</strong></span> 
     </span>
     <span class='ocr_line' id='line_1_41' title="bbox 184 1584 1049 1631; baseline -0.007 -11"><span class='ocrx_word' id='word_1_288' title='bbox 184 1588 306 1629; x_wconf 77' lang='lat' dir='ltr'>Observ.</span> <span class='ocrx_word' id='word_1_289' title='bbox 340 1589 371 1619; x_wconf 91' lang='lat' dir='ltr'>C.</span> <span class='ocrx_word' id='word_1_290' title='bbox 391 1598 441 1631; x_wconf 81' lang='lat'>33.</span> <span class='ocrx_word' id='word_1_291' title='bbox 474 1587 660 1629; x_wconf 84' lang='lat' dir='ltr'>putaverit,</span> <span class='ocrx_word' id='word_1_292' title='bbox 692 1585 863 1626; x_wconf 87' lang='lat' dir='ltr'>Ulpianum</span> <span class='ocrx_word' id='word_1_293' title='bbox 885 1586 928 1615; x_wconf 56' lang='lat' dir='ltr'>aa</span> <span class='ocrx_word' id='word_1_294' title='bbox 949 1584 1049 1621; x_wconf 70' lang='grc' dir='ltr'>σημείων</span> 
     </span>
     <span class='ocr_line' id='line_1_42' title="bbox 180 1626 1049 1671; baseline -0.006 -10"><span class='ocrx_word' id='word_1_295' title='bbox 180 1629 331 1671; x_wconf 78' lang='lat' dir='ltr'>scripsiss&#39;e</span> <span class='ocrx_word' id='word_1_296' title='bbox 349 1635 402 1670; x_wconf 86' lang='lat' dir='ltr'>per</span> <span class='ocrx_word' id='word_1_297' title='bbox 433 1629 649 1660; x_wconf 77' lang='lat' dir='ltr'>damnationem</span> <span class='ocrx_word' id='word_1_298' title='bbox 664 1650 676 1667; x_wconf 90' lang='lat'>,</span> <span class='ocrx_word' id='word_1_299' title='bbox 710 1627 743 1660; x_wconf 89' lang='lat' dir='ltr'>T</span> <span class='ocrx_word' id='word_1_300' title='bbox 745 1626 943 1659; x_wconf 86' lang='lat' dir='ltr'>ribonianum</span> <span class='ocrx_word' id='word_1_301' title='bbox 970 1634 1049 1656; x_wconf 86' lang='lat' dir='ltr'>vero</span> 
     </span>
    </p>
   </div>
   <div class='ocr_carea' id='block_1_10' title="bbox 121 1665 1049 1713">
    <p class='ocr_par' dir='ltr' id='par_1_11' title="bbox 121 1665 1049 1713">
     <span class='ocr_line' id='line_1_43' title="bbox 121 1665 1049 1713; baseline -0.005 -11"><span class='ocrx_word' id='word_1_302' title='bbox 121 1668 131 1675; x_wconf 57' lang='lat'>²</span> <span class='ocrx_word' id='word_1_303' title='bbox 179 1679 310 1713; x_wconf 84' lang='lat' dir='ltr'>propter</span> <span class='ocrx_word' id='word_1_304' title='bbox 326 1671 480 1709; x_wconf 80' lang='lat' dir='ltr'>abolitas,</span> <span class='ocrx_word' id='word_1_305' title='bbox 503 1671 618 1711; x_wconf 84' lang='lat' dir='ltr'>opinor</span> <span class='ocrx_word' id='word_1_306' title='bbox 629 1676 772 1708; x_wconf 86' lang='lat' dir='ltr'>,veteres</span> <span class='ocrx_word' id='word_1_307' title='bbox 790 1667 913 1709; x_wconf 85' lang='lat' dir='ltr'>legandi</span> <span class='ocrx_word' id='word_1_308' title='bbox 929 1665 1049 1698; x_wconf 89' lang='lat' dir='ltr'>formu-</span> 
     </span>
    </p>
   </div>
   <div class='ocr_carea' id='block_1_11' title="bbox 150 1707 1052 3233">
    <p class='ocr_par' dir='ltr' id='par_1_12' title="bbox 150 1707 1050 2482">
     <span class='ocr_line' id='line_1_44' title="bbox 179 1707 1049 1752; baseline -0.007 -8"><span class='ocrx_word' id='word_1_309' title='bbox 179 1714 244 1751; x_wconf 86' lang='lat' dir='ltr'>las,</span> <span class='ocrx_word' id='word_1_310' title='bbox 266 1712 317 1743; x_wconf 88' lang='lat' dir='ltr'>vel</span> <span class='ocrx_word' id='word_1_311' title='bbox 336 1722 399 1744; x_wconf 88' lang='lat' dir='ltr'>non</span> <span class='ocrx_word' id='word_1_312' title='bbox 419 1710 592 1744; x_wconf 62' lang='lat' dir='ltr'>intellectas</span> <span class='ocrx_word' id='word_1_313' title='bbox 613 1710 668 1752; x_wconf 88' lang='lat' dir='ltr'>ipfi</span> <span class='ocrx_word' id='word_1_314' title='bbox 679 1718 789 1749; x_wconf 85' lang='lat' dir='ltr'>notas,</span> <span class='ocrx_word' id='word_1_315' title='bbox 815 1709 926 1750; x_wconf 86' lang='lat' dir='ltr'>quibus</span> <span class='ocrx_word' id='word_1_316' title='bbox 941 1707 1049 1749; x_wconf 86' lang='lat' dir='ltr'>Ulpia-</span> 
     </span>
     <span class='ocr_line' id='line_1_45' title="bbox 180 1749 1046 1792; baseline -0.005 -7"><span class='ocrx_word' id='word_1_317' title='bbox 180 1764 238 1785; x_wconf 86' lang='lat' dir='ltr'>nus</span> <span class='ocrx_word' id='word_1_318' title='bbox 263 1752 334 1785; x_wconf 89' lang='lat' dir='ltr'>usus</span> <span class='ocrx_word' id='word_1_319' title='bbox 362 1753 437 1785; x_wconf 85' lang='lat' dir='ltr'>esset</span> <span class='ocrx_word' id='word_1_320' title='bbox 457 1777 467 1792; x_wconf 92' lang='lat'>‚</span> <span class='ocrx_word' id='word_1_321' title='bbox 499 1753 608 1784; x_wconf 88' lang='lat' dir='ltr'>harum</span> <span class='ocrx_word' id='word_1_322' title='bbox 629 1752 704 1784; x_wconf 90' lang='lat' dir='ltr'>loco</span> <span class='ocrx_word' id='word_1_323' title='bbox 722 1749 909 1784; x_wconf 80' lang='lat' dir='ltr'>substituiss&#39;e</span> <span class='ocrx_word' id='word_1_324' title='bbox 926 1751 952 1777; x_wconf 69' lang='lat'>⁷⁷2</span> <span class='ocrx_word' id='word_1_325' title='bbox 969 1759 1046 1782; x_wconf 77' lang='lat' dir='ltr'>vere.</span> 
     </span>
     <span class='ocr_line' id='line_1_46' title="bbox 180 1791 1046 1835; baseline -0.006 -9"><span class='ocrx_word' id='word_1_326' title='bbox 180 1795 332 1826; x_wconf 81' lang='lat' dir='ltr'>Probatio</span> <span class='ocrx_word' id='word_1_327' title='bbox 350 1793 395 1826; x_wconf 87' lang='lat' dir='ltr'>est</span> <span class='ocrx_word' id='word_1_328' title='bbox 406 1818 416 1834; x_wconf 88' lang='lat'>,</span> <span class='ocrx_word' id='word_1_329' title='bbox 441 1794 526 1835; x_wconf 86' lang='lat' dir='ltr'>quod</span> <span class='ocrx_word' id='word_1_330' title='bbox 544 1793 596 1825; x_wconf 84' lang='lat' dir='ltr'>hic</span> <span class='ocrx_word' id='word_1_331' title='bbox 611 1801 718 1834; x_wconf 84' lang='lat' dir='ltr'>agatur</span> <span class='ocrx_word' id='word_1_332' title='bbox 737 1793 776 1824; x_wconf 90' lang='lat' dir='ltr'>de</span> <span class='ocrx_word' id='word_1_333' title='bbox 793 1793 897 1833; x_wconf 78' lang='lat' dir='ltr'>legato</span> <span class='ocrx_word' id='word_1_334' title='bbox 912 1791 956 1822; x_wconf 90' lang='lat' dir='ltr'>rei</span> <span class='ocrx_word' id='word_1_335' title='bbox 973 1791 1046 1822; x_wconf 83' lang='lat' dir='ltr'>alie-</span> 
     </span>
     <span class='ocr_line' id='line_1_47' title="bbox 181 1832 1046 1877; baseline -0.005 -10"><span class='ocrx_word' id='word_1_336' title='bbox 181 1847 246 1875; x_wconf 63' lang='lat' dir='ltr'>nae,</span> <span class='ocrx_word' id='word_1_337' title='bbox 271 1835 332 1867; x_wconf 91' lang='lat' dir='ltr'>fine</span> <span class='ocrx_word' id='word_1_338' title='bbox 350 1845 410 1877; x_wconf 86' lang='lat' dir='ltr'>qua</span> <span class='ocrx_word' id='word_1_339' title='bbox 426 1834 590 1876; x_wconf 74' lang='lat' dir='ltr'>quaestioni</span> <span class='ocrx_word' id='word_1_340' title='bbox 605 1834 643 1865; x_wconf 88' lang='lat' dir='ltr'>de</span> <span class='ocrx_word' id='word_1_341' title='bbox 661 1833 851 1875; x_wconf 83' lang='lat' dir='ltr'>usucapione</span> <span class='ocrx_word' id='word_1_342' title='bbox 869 1833 899 1864; x_wconf 85' lang='lat'>&amp;</span> <span class='ocrx_word' id='word_1_343' title='bbox 916 1832 1046 1872; x_wconf 83' lang='lat' dir='ltr'>conjun-</span> 
     </span>
     <span class='ocr_line' id='line_1_48' title="bbox 181 1872 1047 1917; baseline -0.005 -9"><span class='ocrx_word' id='word_1_344' title='bbox 181 1878 286 1908; x_wconf 60' lang='lat' dir='ltr'>Ctione</span> <span class='ocrx_word' id='word_1_345' title='bbox 309 1884 370 1908; x_wconf 91' lang='lat' dir='ltr'>tem</span> <span class='ocrx_word' id='word_1_346' title='bbox 396 1886 486 1908; x_wconf 88' lang='lat' dir='ltr'>orum</span> <span class='ocrx_word' id='word_1_347' title='bbox 504 1900 514 1915; x_wconf 89' lang='lat'>,</span> <span class='ocrx_word' id='word_1_348' title='bbox 545 1876 657 1917; x_wconf 87' lang='lat' dir='ltr'>quibus</span> <span class='ocrx_word' id='word_1_349' title='bbox 684 1885 719 1907; x_wconf 86' lang='lat' dir='ltr'>ea</span> <span class='ocrx_word' id='word_1_350' title='bbox 741 1884 789 1907; x_wconf 88' lang='lat' dir='ltr'>res</span> <span class='ocrx_word' id='word_1_351' title='bbox 808 1883 903 1916; x_wconf 88' lang='lat' dir='ltr'>penes</span> <span class='ocrx_word' id='word_1_352' title='bbox 921 1872 1047 1905; x_wconf 86' lang='lat' dir='ltr'>testato-</span> 
     </span>
     <span class='ocr_line' id='line_1_49' title="bbox 181 1915 1048 1958; baseline -0.005 -9"><span class='ocrx_word' id='word_1_353' title='bbox 181 1929 266 1957; x_wconf 83' lang='lat' dir='ltr'>rem,</span> <span class='ocrx_word' id='word_1_354' title='bbox 293 1918 457 1955; x_wconf 69' lang='lat' dir='ltr'>heretem,</span> <span class='ocrx_word' id='word_1_355' title='bbox 481 1917 708 1958; x_wconf 74' lang='lat' dir='ltr'>legatariumve</span> <span class='ocrx_word' id='word_1_356' title='bbox 725 1916 811 1954; x_wconf 88' lang='lat' dir='ltr'>fuit,</span> <span class='ocrx_word' id='word_1_357' title='bbox 835 1915 1048 1947; x_wconf 78' lang='lat' dir='ltr'>nullusomni-</span> 
     </span>
     <span class='ocr_line' id='line_1_50' title="bbox 180 1956 1047 1997; baseline -0.003 -7"><span class='ocrx_word' id='word_1_358' title='bbox 180 1970 223 1990; x_wconf 88' lang='lat' dir='ltr'>no</span> <span class='ocrx_word' id='word_1_359' title='bbox 247 1959 323 1990; x_wconf 77' lang='lat' dir='ltr'>ess&#39;ct</span> <span class='ocrx_word' id='word_1_360' title='bbox 350 1959 448 1990; x_wconf 74' lang='lat' dir='ltr'>loeus.</span> <span class='ocrx_word' id='word_1_361' title='bbox 494 1960 526 1991; x_wconf 89' lang='lat' dir='ltr'>Si</span> <span class='ocrx_word' id='word_1_362' title='bbox 549 1958 587 1989; x_wconf 89' lang='lat' dir='ltr'>de</span> <span class='ocrx_word' id='word_1_363' title='bbox 608 1967 640 1988; x_wconf 91' lang='lat' dir='ltr'>re</span> <span class='ocrx_word' id='word_1_364' title='bbox 658 1957 775 1997; x_wconf 87' lang='lat' dir='ltr'>aliena,</span> <span class='ocrx_word' id='word_1_365' title='bbox 801 1956 910 1988; x_wconf 77' lang='lat' dir='ltr'>viciss&#39;e</span> <span class='ocrx_word' id='word_1_366' title='bbox 929 1956 983 1988; x_wconf 88' lang='lat' dir='ltr'>fibi</span> <span class='ocrx_word' id='word_1_367' title='bbox 1001 1956 1047 1987; x_wconf 93' lang='lat' dir='ltr'>vi-</span> 
     </span>
     <span class='ocr_line' id='line_1_51' title="bbox 181 1997 1048 2040; baseline -0.003 -9"><span class='ocrx_word' id='word_1_368' title='bbox 181 2001 273 2031; x_wconf 82' lang='lat' dir='ltr'>detur</span> <span class='ocrx_word' id='word_1_369' title='bbox 292 2000 458 2040; x_wconf 85' lang='lat' dir='ltr'>Cujacius‚</span> <span class='ocrx_word' id='word_1_370' title='bbox 482 2010 554 2031; x_wconf 87' lang='lat' dir='ltr'>cum</span> <span class='ocrx_word' id='word_1_371' title='bbox 572 2008 621 2030; x_wconf 87' lang='lat' dir='ltr'>res</span> <span class='ocrx_word' id='word_1_372' title='bbox 640 1999 739 2030; x_wconf 81' lang='lat' dir='ltr'>aliena</span> <span class='ocrx_word' id='word_1_373' title='bbox 750 1998 876 2040; x_wconf 82' lang='lat' dir='ltr'>Ulpiani</span> <span class='ocrx_word' id='word_1_374' title='bbox 900 1997 1048 2038; x_wconf 88' lang='lat' dir='ltr'>tempori-</span> 
     </span>
     <span class='ocr_line' id='line_1_52' title="bbox 180 2038 1048 2082; baseline -0.002 -11"><span class='ocrx_word' id='word_1_375' title='bbox 180 2041 238 2072; x_wconf 86' lang='lat' dir='ltr'>bus</span> <span class='ocrx_word' id='word_1_376' title='bbox 259 2041 391 2081; x_wconf 81' lang='lat' dir='ltr'>relinqui</span> <span class='ocrx_word' id='word_1_377' title='bbox 412 2050 475 2072; x_wconf 90' lang='lat' dir='ltr'>non</span> <span class='ocrx_word' id='word_1_378' title='bbox 494 2040 635 2082; x_wconf 84' lang='lat' dir='ltr'>potuerit</span> <span class='ocrx_word' id='word_1_379' title='bbox 650 2063 660 2078; x_wconf 88' lang='lat'>,</span> <span class='ocrx_word' id='word_1_380' title='bbox 684 2040 738 2072; x_wconf 86' lang='lat' dir='ltr'>nisi</span> <span class='ocrx_word' id='word_1_381' title='bbox 756 2049 810 2081; x_wconf 70' lang='lat' dir='ltr'>per</span> <span class='ocrx_word' id='word_1_382' title='bbox 829 2038 1048 2070; x_wconf 87' lang='lat' dir='ltr'>fideicommis-</span> 
     </span>
     <span class='ocr_line' id='line_1_53' title="bbox 150 2081 1047 2122; baseline -0.003 -9"><span class='ocrx_word' id='word_1_383' title='bbox 150 2094 153 2099; x_wconf 74' lang='lat'><strong><em>¹</em></strong></span> <span class='ocrx_word' id='word_1_384' title='bbox 181 2081 269 2121; x_wconf 84' lang='lat' dir='ltr'>sum,</span> <span class='ocrx_word' id='word_1_385' title='bbox 295 2089 349 2112; x_wconf 87' lang='lat' dir='ltr'>aut</span> <span class='ocrx_word' id='word_1_386' title='bbox 373 2091 412 2112; x_wconf 91' lang='lat' dir='ltr'>co</span> <span class='ocrx_word' id='word_1_387' title='bbox 437 2082 531 2122; x_wconf 72' lang='lat' dir='ltr'>legati</span> <span class='ocrx_word' id='word_1_388' title='bbox 557 2090 669 2122; x_wconf 81' lang='lat' dir='ltr'>genere</span> <span class='ocrx_word' id='word_1_389' title='bbox 684 2105 693 2120; x_wconf 89' lang='lat'>,</span> <span class='ocrx_word' id='word_1_390' title='bbox 719 2081 802 2122; x_wconf 87' lang='lat' dir='ltr'>quod</span> <span class='ocrx_word' id='word_1_391' title='bbox 816 2086 869 2121; x_wconf 79' lang='lat' dir='ltr'>per</span> <span class='ocrx_word' id='word_1_392' title='bbox 886 2081 1047 2111; x_wconf 68' lang='lat' dir='ltr'>&lt;invinatio-</span> 
     </span>
     <span class='ocr_line' id='line_1_54' title="bbox 181 2121 1048 2162; baseline -0.002 -8"><span class='ocrx_word' id='word_1_393' title='bbox 181 2133 247 2154; x_wconf 71' lang='lat' dir='ltr'>mm</span> <span class='ocrx_word' id='word_1_394' title='bbox 262 2122 439 2161; x_wconf 75' lang='lat' dir='ltr'>dicebatur,</span> <span class='ocrx_word' id='word_1_395' title='bbox 466 2122 604 2154; x_wconf 65' lang='lat' dir='ltr'>adduciis</span> <span class='ocrx_word' id='word_1_396' title='bbox 625 2123 655 2152; x_wconf 89' lang='lat' dir='ltr'>in</span> <span class='ocrx_word' id='word_1_397' title='bbox 671 2132 737 2153; x_wconf 79' lang='lat' dir='ltr'>eam</span> <span class='ocrx_word' id='word_1_398' title='bbox 755 2132 820 2153; x_wconf 89' lang='lat' dir='ltr'>rem</span> <span class='ocrx_word' id='word_1_399' title='bbox 845 2122 863 2153; x_wconf 84' lang='lat' dir='ltr'>l.</span> <span class='ocrx_word' id='word_1_400' title='bbox 887 2132 937 2162; x_wconf 76' lang='lat'>39.</span> <span class='ocrx_word' id='word_1_401' title='bbox 955 2121 994 2162; x_wconf 87' lang='lat' dir='ltr'>ff.</span> <span class='ocrx_word' id='word_1_402' title='bbox 1015 2122 1048 2151; x_wconf 75' lang='lat' dir='ltr'>de</span> 
     </span>
     <span class='ocr_line' id='line_1_55' title="bbox 183 2161 1045 2203; baseline -0.002 -8"><span class='ocrx_word' id='word_1_403' title='bbox 183 2164 321 2195; x_wconf 60' lang='lat' dir='ltr'>lisanum.</span> <span class='ocrx_word' id='word_1_404' title='bbox 346 2162 456 2203; x_wconf 73' lang='lat' dir='ltr'>testum.</span> <span class='ocrx_word' id='word_1_405' title='bbox 482 2164 501 2194; x_wconf 78' lang='lat' dir='ltr'>l.</span> <span class='ocrx_word' id='word_1_406' title='bbox 525 2168 574 2198; x_wconf 81' lang='lat'>88.</span> <span class='ocrx_word' id='word_1_407' title='bbox 592 2162 632 2203; x_wconf 88' lang='lat' dir='ltr'>ff.</span> <span class='ocrx_word' id='word_1_408' title='bbox 655 2164 688 2194; x_wconf 82' lang='lat' dir='ltr'>de</span> <span class='ocrx_word' id='word_1_409' title='bbox 714 2163 756 2194; x_wconf 87' lang='lat' dir='ltr'>V.</span> <span class='ocrx_word' id='word_1_410' title='bbox 786 2164 816 2194; x_wconf 88' lang='lat' dir='ltr'>S.</span> <span class='ocrx_word' id='word_1_411' title='bbox 842 2163 872 2194; x_wconf 63' lang='grc' dir='ltr'>ὃς</span> <span class='ocrx_word' id='word_1_412' title='bbox 897 2163 916 2193; x_wconf 81' lang='lat' dir='ltr'>l.</span> <span class='ocrx_word' id='word_1_413' title='bbox 938 2167 988 2195; x_wconf 80' lang='lat'>62.</span> <span class='ocrx_word' id='word_1_414' title='bbox 1033 2161 1045 2193; x_wconf 83' lang='grc'>“.</span> 
     </span>
     <span class='ocr_line' id='line_1_56' title="bbox 180 2202 1046 2245; baseline -0.002 -9"><span class='ocrx_word' id='word_1_415' title='bbox 180 2207 218 2236; x_wconf 79' lang='lat' dir='ltr'>ad</span> <span class='ocrx_word' id='word_1_416' title='bbox 231 2205 270 2236; x_wconf 92' lang='lat' dir='ltr'>L.</span> <span class='ocrx_word' id='word_1_417' title='bbox 286 2204 398 2236; x_wconf 69' lang='lat' dir='ltr'>Fcilcid.</span> <span class='ocrx_word' id='word_1_418' title='bbox 425 2204 455 2235; x_wconf 83' lang='lat'>&amp;</span> <span class='ocrx_word' id='word_1_419' title='bbox 471 2213 567 2245; x_wconf 86' lang='lat' dir='ltr'>porro</span> <span class='ocrx_word' id='word_1_420' title='bbox 585 2213 643 2234; x_wconf 90' lang='lat' dir='ltr'>nos</span> <span class='ocrx_word' id='word_1_421' title='bbox 661 2204 823 2235; x_wconf 83' lang='lat' dir='ltr'>remittens</span> <span class='ocrx_word' id='word_1_422' title='bbox 840 2204 876 2235; x_wconf 88' lang='lat' dir='ltr'>ad</span> <span class='ocrx_word' id='word_1_423' title='bbox 897 2203 937 2234; x_wconf 95' lang='lat' dir='ltr'>L.</span> <span class='ocrx_word' id='word_1_424' title='bbox 956 2202 1004 2235; x_wconf 83' lang='lat' dir='ltr'>XI</span> <span class='ocrx_word' id='word_1_425' title='bbox 1026 2203 1046 2234; x_wconf 75' lang='lat'>⁷.</span> 
     </span>
     <span class='ocr_line' id='line_1_57' title="bbox 184 2244 1050 2287; baseline -0.003 -10"><span class='ocrx_word' id='word_1_426' title='bbox 184 2246 306 2286; x_wconf 67' lang='lat' dir='ltr'>Obsbrv.</span> <span class='ocrx_word' id='word_1_427' title='bbox 342 2247 374 2277; x_wconf 89' lang='lat' dir='ltr'>C.</span> <span class='ocrx_word' id='word_1_428' title='bbox 407 2249 458 2286; x_wconf 74' lang='lat'>36.</span> <span class='ocrx_word' id='word_1_429' title='bbox 490 2247 520 2277; x_wconf 67' lang='lat' dir='ltr'>&lt;St</span> <span class='ocrx_word' id='word_1_430' title='bbox 541 2244 583 2276; x_wconf 85' lang='lat' dir='ltr'>ibi</span> <span class='ocrx_word' id='word_1_431' title='bbox 601 2244 637 2275; x_wconf 85' lang='lat' dir='ltr'>ad</span> <span class='ocrx_word' id='word_1_432' title='bbox 657 2245 836 2287; x_wconf 70' lang='lat' dir='ltr'>Fragmenta</span> <span class='ocrx_word' id='word_1_433' title='bbox 865 2245 990 2284; x_wconf 74' lang='lat' dir='ltr'>Llpiani</span> <span class='ocrx_word' id='word_1_434' title='bbox 1015 2244 1050 2279; x_wconf 64' lang='grc' dir='ltr'>ὅ)</span> 
     </span>
     <span class='ocr_line' id='line_1_58' title="bbox 183 2285 1048 2330; baseline -0.002 -12"><span class='ocrx_word' id='word_1_435' title='bbox 183 2289 280 2330; x_wconf 79' lang='lat' dir='ltr'>Gaji,</span> <span class='ocrx_word' id='word_1_436' title='bbox 303 2288 332 2319; x_wconf 68' lang='grc' dir='ltr'>ὃ(</span> <span class='ocrx_word' id='word_1_437' title='bbox 348 2296 417 2327; x_wconf 81' lang='lat' dir='ltr'>quae</span> <span class='ocrx_word' id='word_1_438' title='bbox 436 2293 602 2318; x_wconf 72' lang='lat' dir='ltr'>notaverat</span> <span class='ocrx_word' id='word_1_439' title='bbox 618 2286 656 2317; x_wconf 85' lang='lat' dir='ltr'>ad</span> <span class='ocrx_word' id='word_1_440' title='bbox 678 2286 717 2317; x_wconf 94' lang='lat' dir='ltr'>L.</span> <span class='ocrx_word' id='word_1_441' title='bbox 744 2286 797 2317; x_wconf 87' lang='lat' dir='ltr'>lV.</span> <span class='ocrx_word' id='word_1_442' title='bbox 825 2287 956 2317; x_wconf 66' lang='lat' dir='ltr'>Sevzlent.</span> <span class='ocrx_word' id='word_1_443' title='bbox 971 2285 1048 2316; x_wconf 77' lang='lat' dir='ltr'>Pau-</span> 
     </span>
     <span class='ocr_line' id='line_1_59' title="bbox 182 2327 1046 2368; baseline -0.001 -10"><span class='ocrx_word' id='word_1_444' title='bbox 182 2329 214 2359; x_wconf 69' lang='lat' dir='ltr'>li.</span> <span class='ocrx_word' id='word_1_445' title='bbox 262 2327 341 2360; x_wconf 83' lang='lat' dir='ltr'>Haee</span> <span class='ocrx_word' id='word_1_446' title='bbox 360 2327 528 2367; x_wconf 81' lang='lat' dir='ltr'>Cujacius,</span> <span class='ocrx_word' id='word_1_447' title='bbox 551 2336 591 2358; x_wconf 83' lang='lat' dir='ltr'>ex</span> <span class='ocrx_word' id='word_1_448' title='bbox 611 2336 674 2367; x_wconf 91' lang='lat' dir='ltr'>quo</span> <span class='ocrx_word' id='word_1_449' title='bbox 697 2327 853 2367; x_wconf 77' lang='lat' dir='ltr'>integrum</span> <span class='ocrx_word' id='word_1_450' title='bbox 882 2327 974 2367; x_wconf 67' lang='lat' dir='ltr'>Caput</span> <span class='ocrx_word' id='word_1_451' title='bbox 994 2337 1046 2368; x_wconf 82' lang='lat'>33.</span> 
     </span>
     <span class='ocr_line' id='line_1_60' title="bbox 180 2367 1048 2408; baseline -0.001 -8"><span class='ocrx_word' id='word_1_452' title='bbox 180 2371 208 2400; x_wconf 77' lang='lat' dir='ltr'>d.</span> <span class='ocrx_word' id='word_1_453' title='bbox 245 2369 282 2400; x_wconf 90' lang='lat' dir='ltr'>L.</span> <span class='ocrx_word' id='word_1_454' title='bbox 312 2369 420 2401; x_wconf 85' lang='lat' dir='ltr'>XXV.</span> <span class='ocrx_word' id='word_1_455' title='bbox 458 2369 580 2408; x_wconf 61' lang='lat' dir='ltr'>Observ.</span> <span class='ocrx_word' id='word_1_456' title='bbox 621 2377 660 2399; x_wconf 88' lang='lat' dir='ltr'>ne</span> <span class='ocrx_word' id='word_1_457' title='bbox 694 2367 892 2408; x_wconf 79' lang='lat' dir='ltr'>interpolatis</span> <span class='ocrx_word' id='word_1_458' title='bbox 922 2368 1048 2408; x_wconf 84' lang='lat' dir='ltr'>quidem</span> 
     </span>
     <span class='ocr_line' id='line_1_61' title="bbox 182 2408 1046 2451; baseline -0.002 -10"><span class='ocrx_word' id='word_1_459' title='bbox 182 2411 306 2448; x_wconf 86' lang='lat' dir='ltr'>verbis,</span> <span class='ocrx_word' id='word_1_460' title='bbox 333 2409 520 2451; x_wconf 70' lang='lat' dir='ltr'>transcripsit</span> <span class='ocrx_word' id='word_1_461' title='bbox 540 2408 747 2442; x_wconf 60' lang='lat' dir='ltr'>WViss&#39;enbach</span> <span class='ocrx_word' id='word_1_462' title='bbox 765 2409 797 2440; x_wconf 92' lang='lat' dir='ltr'>in</span> <span class='ocrx_word' id='word_1_463' title='bbox 816 2409 959 2440; x_wconf 61' lang='lat' dir='ltr'>Emlylem.</span> <span class='ocrx_word' id='word_1_464' title='bbox 982 2409 1046 2439; x_wconf 81' lang='lat' dir='ltr'>Tri-</span> 
     </span>
     <span class='ocr_line' id='line_1_62' title="bbox 182 2453 311 2482; baseline 0 0"><span class='ocrx_word' id='word_1_465' title='bbox 182 2453 311 2482; x_wconf 61' lang='lat' dir='ltr'>amiani.</span> 
     </span>
    </p>

    <p class='ocr_par' dir='ltr' id='par_1_13' title="bbox 179 2491 1052 3233">
     <span class='ocr_line' id='line_1_63' title="bbox 224 2491 1047 2534; baseline -0.002 -10"><span class='ocrx_word' id='word_1_466' title='bbox 224 2492 283 2524; x_wconf 96' lang='lat' dir='ltr'>Sed</span> <span class='ocrx_word' id='word_1_467' title='bbox 307 2499 341 2523; x_wconf 85' lang='lat' dir='ltr'>ut</span> <span class='ocrx_word' id='word_1_468' title='bbox 359 2491 421 2533; x_wconf 86' lang='lat' dir='ltr'>ipse</span> <span class='ocrx_word' id='word_1_469' title='bbox 447 2492 484 2523; x_wconf 90' lang='lat' dir='ltr'>L.</span> <span class='ocrx_word' id='word_1_470' title='bbox 509 2491 531 2523; x_wconf 79' lang='lat' dir='ltr'>I.</span> <span class='ocrx_word' id='word_1_471' title='bbox 569 2492 690 2534; x_wconf 78' lang='lat' dir='ltr'>Observ.</span> <span class='ocrx_word' id='word_1_472' title='bbox 719 2493 750 2524; x_wconf 84' lang='lat' dir='ltr'>C.</span> <span class='ocrx_word' id='word_1_473' title='bbox 776 2503 825 2534; x_wconf 79' lang='lat'>23.</span> <span class='ocrx_word' id='word_1_474' title='bbox 852 2492 881 2523; x_wconf 70' lang='grc' dir='ltr'>ὅ(</span> <span class='ocrx_word' id='word_1_475' title='bbox 900 2491 978 2533; x_wconf 82' lang='lat' dir='ltr'>saepe</span> <span class='ocrx_word' id='word_1_476' title='bbox 994 2491 1047 2523; x_wconf 91' lang='lat' dir='ltr'>ali-</span> 
     </span>
     <span class='ocr_line' id='line_1_64' title="bbox 182 2532 1047 2572; baseline -0.001 -7"><span class='ocrx_word' id='word_1_477' title='bbox 182 2534 212 2565; x_wconf 91' lang='lat' dir='ltr'>bi</span> <span class='ocrx_word' id='word_1_478' title='bbox 227 2533 371 2564; x_wconf 80' lang='lat' dir='ltr'>damnavi</span> <span class='ocrx_word' id='word_1_479' title='bbox 392 2556 400 2571; x_wconf 94' lang='lat'>‚</span> <span class='ocrx_word' id='word_1_480' title='bbox 433 2533 473 2564; x_wconf 85' lang='lat' dir='ltr'>fic</span> <span class='ocrx_word' id='word_1_481' title='bbox 497 2533 598 2564; x_wconf 80' lang='lat' dir='ltr'>adbuc</span> <span class='ocrx_word' id='word_1_482' title='bbox 621 2534 736 2565; x_wconf 84' lang='lat' dir='ltr'>damno</span> <span class='ocrx_word' id='word_1_483' title='bbox 760 2533 845 2564; x_wconf 80' lang='lat' dir='ltr'>illam</span> <span class='ocrx_word' id='word_1_484' title='bbox 877 2532 1047 2572; x_wconf 85' lang='lat' dir='ltr'>Criticam,</span> 
     </span>
     <span class='ocr_line' id='line_1_65' title="bbox 182 2573 1049 2615; baseline -0.001 -9"><span class='ocrx_word' id='word_1_485' title='bbox 182 2585 251 2615; x_wconf 65' lang='lat' dir='ltr'>quat</span> <span class='ocrx_word' id='word_1_486' title='bbox 278 2574 332 2606; x_wconf 90' lang='lat' dir='ltr'>sibi</span> <span class='ocrx_word' id='word_1_487' title='bbox 358 2573 449 2615; x_wconf 82' lang='lat' dir='ltr'>fingit</span> <span class='ocrx_word' id='word_1_488' title='bbox 487 2573 560 2615; x_wconf 80' lang='lat' dir='ltr'>iigla</span> <span class='ocrx_word' id='word_1_489' title='bbox 578 2598 587 2613; x_wconf 89' lang='lat'>,</span> <span class='ocrx_word' id='word_1_490' title='bbox 619 2583 735 2612; x_wconf 83' lang='lat' dir='ltr'>notas,</span> <span class='ocrx_word' id='word_1_491' title='bbox 769 2574 871 2605; x_wconf 82' lang='lat' dir='ltr'>aliave</span> <span class='ocrx_word' id='word_1_492' title='bbox 897 2573 1049 2605; x_wconf 87' lang='lat' dir='ltr'>scribendi</span> 
     </span>
     <span class='ocr_line' id='line_1_66' title="bbox 182 2614 1051 2656; baseline -0.001 -9"><span class='ocrx_word' id='word_1_493' title='bbox 182 2614 387 2656; x_wconf 86' lang='lat' dir='ltr'>compendia,</span> <span class='ocrx_word' id='word_1_494' title='bbox 413 2615 442 2646; x_wconf 70' lang='grc' dir='ltr'>ὃ(</span> <span class='ocrx_word' id='word_1_495' title='bbox 463 2614 520 2645; x_wconf 87' lang='lat' dir='ltr'>hac</span> <span class='ocrx_word' id='word_1_496' title='bbox 536 2623 603 2646; x_wconf 84' lang='lat' dir='ltr'>arte</span> <span class='ocrx_word' id='word_1_497' title='bbox 618 2615 771 2655; x_wconf 82' lang='lat' dir='ltr'>quidlibet</span> <span class='ocrx_word' id='word_1_498' title='bbox 800 2624 840 2645; x_wconf 83' lang='lat' dir='ltr'>ex</span> <span class='ocrx_word' id='word_1_499' title='bbox 861 2615 1004 2656; x_wconf 86' lang='lat' dir='ltr'>quolibet</span> <span class='ocrx_word' id='word_1_500' title='bbox 1023 2625 1051 2646; x_wconf 89' lang='lat' dir='ltr'>e-</span> 
     </span>
     <span class='ocr_line' id='line_1_67' title="bbox 183 2655 1051 2696; baseline 0 -8"><span class='ocrx_word' id='word_1_501' title='bbox 183 2657 256 2688; x_wconf 87' lang='lat' dir='ltr'>ruit.</span> <span class='ocrx_word' id='word_1_502' title='bbox 302 2655 378 2687; x_wconf 90' lang='lat' dir='ltr'>Non</span> <span class='ocrx_word' id='word_1_503' title='bbox 396 2655 510 2696; x_wconf 89' lang='lat' dir='ltr'>loquor</span> <span class='ocrx_word' id='word_1_504' title='bbox 526 2655 564 2686; x_wconf 92' lang='lat' dir='ltr'>de</span> <span class='ocrx_word' id='word_1_505' title='bbox 583 2656 688 2686; x_wconf 78' lang='lat' dir='ltr'>verbis</span> <span class='ocrx_word' id='word_1_506' title='bbox 707 2656 759 2687; x_wconf 84' lang='lat' dir='ltr'>vel</span> <span class='ocrx_word' id='word_1_507' title='bbox 779 2655 868 2687; x_wconf 57' lang='lat' dir='ltr'>ditiis</span> <span class='ocrx_word' id='word_1_508' title='bbox 886 2655 1004 2687; x_wconf 74' lang='lat' dir='ltr'>usitatis</span> <span class='ocrx_word' id='word_1_509' title='bbox 1021 2657 1051 2688; x_wconf 66' lang='grc' dir='ltr'>δε</span> 
     </span>
     <span class='ocr_line' id='line_1_68' title="bbox 183 2696 1048 2737; baseline -0.001 -8"><span class='ocrx_word' id='word_1_510' title='bbox 183 2696 375 2729; x_wconf 74' lang='lat' dir='ltr'>solemnibus</span> <span class='ocrx_word' id='word_1_511' title='bbox 392 2718 402 2734; x_wconf 87' lang='lat'>,</span> <span class='ocrx_word' id='word_1_512' title='bbox 436 2696 548 2737; x_wconf 86' lang='lat' dir='ltr'>quibus</span> <span class='ocrx_word' id='word_1_513' title='bbox 576 2697 718 2737; x_wconf 81' lang='lat' dir='ltr'>Magno,</span> <span class='ocrx_word' id='word_1_514' title='bbox 743 2696 886 2727; x_wconf 85' lang='lat' dir='ltr'>Valerius</span> <span class='ocrx_word' id='word_1_515' title='bbox 903 2697 1024 2728; x_wconf 85' lang='lat' dir='ltr'>Probus</span> <span class='ocrx_word' id='word_1_516' title='bbox 1039 2721 1048 2736; x_wconf 92' lang='lat'>,</span> 
     </span>
     <span class='ocr_line' id='line_1_69' title="bbox 184 2736 1052 2776; baseline -0.001 -6"><span class='ocrx_word' id='word_1_517' title='bbox 184 2740 214 2770; x_wconf 60' lang='grc' dir='ltr'>ἃ</span> <span class='ocrx_word' id='word_1_518' title='bbox 234 2738 285 2769; x_wconf 94' lang='lat' dir='ltr'>alii</span> <span class='ocrx_word' id='word_1_519' title='bbox 304 2737 521 2769; x_wconf 60' lang='lat' dir='ltr'>auam-itatem</span> <span class='ocrx_word' id='word_1_520' title='bbox 540 2737 674 2776; x_wconf 81' lang='lat' dir='ltr'>addunt,</span> <span class='ocrx_word' id='word_1_521' title='bbox 700 2737 750 2768; x_wconf 82' lang='lat' dir='ltr'>sed</span> <span class='ocrx_word' id='word_1_522' title='bbox 769 2738 807 2768; x_wconf 85' lang='lat' dir='ltr'>de</span> <span class='ocrx_word' id='word_1_523' title='bbox 823 2736 841 2768; x_wconf 83' lang='lat' dir='ltr'>fi</span> <span class='ocrx_word' id='word_1_524' title='bbox 867 2737 904 2768; x_wconf 78' lang='lat' dir='ltr'>lis</span> <span class='ocrx_word' id='word_1_525' title='bbox 919 2737 948 2768; x_wconf 73' lang='grc' dir='ltr'>ὅ(</span> <span class='ocrx_word' id='word_1_526' title='bbox 967 2739 1052 2769; x_wconf 85' lang='lat' dir='ltr'>notis</span> 
     </span>
     <span class='ocr_line' id='line_1_70' title="bbox 184 2777 1051 2819; baseline 0.002 -11"><span class='ocrx_word' id='word_1_527' title='bbox 184 2779 274 2819; x_wconf 67' lang='lat' dir='ltr'>plane</span> <span class='ocrx_word' id='word_1_528' title='bbox 300 2779 392 2810; x_wconf 86' lang='lat' dir='ltr'>novis</span> <span class='ocrx_word' id='word_1_529' title='bbox 408 2802 417 2817; x_wconf 89' lang='lat'>,</span> <span class='ocrx_word' id='word_1_530' title='bbox 453 2779 483 2810; x_wconf 84' lang='lat'>&amp;</span> <span class='ocrx_word' id='word_1_531' title='bbox 505 2787 612 2810; x_wconf 87' lang='lat' dir='ltr'>reeens</span> <span class='ocrx_word' id='word_1_532' title='bbox 632 2777 713 2809; x_wconf 86' lang='lat' dir='ltr'>natis</span> <span class='ocrx_word' id='word_1_533' title='bbox 733 2778 763 2809; x_wconf 91' lang='lat' dir='ltr'>in</span> <span class='ocrx_word' id='word_1_534' title='bbox 780 2787 850 2808; x_wconf 82' lang='lat' dir='ltr'>cere</span> <span class='ocrx_word' id='word_1_535' title='bbox 860 2778 937 2810; x_wconf 60' lang='lat' dir='ltr'>*ello</span> <span class='ocrx_word' id='word_1_536' title='bbox 956 2778 1021 2817; x_wconf 82' lang='lat' dir='ltr'>ejus</span> <span class='ocrx_word' id='word_1_537' title='bbox 1040 2800 1051 2816; x_wconf 88' lang='lat'>,</span> 
     </span>
     <span class='ocr_line' id='line_1_71' title="bbox 185 2817 1050 2859; baseline 0 -9"><span class='ocrx_word' id='word_1_538' title='bbox 185 2820 236 2858; x_wconf 77' lang='lat' dir='ltr'>qui</span> <span class='ocrx_word' id='word_1_539' title='bbox 256 2820 325 2851; x_wconf 77' lang='lat' dir='ltr'>haec</span> <span class='ocrx_word' id='word_1_540' title='bbox 344 2819 374 2851; x_wconf 85' lang='lat' dir='ltr'>in</span> <span class='ocrx_word' id='word_1_541' title='bbox 397 2829 461 2851; x_wconf 87' lang='lat' dir='ltr'>rem</span> <span class='ocrx_word' id='word_1_542' title='bbox 479 2817 562 2851; x_wconf 85' lang='lat' dir='ltr'>suam</span> <span class='ocrx_word' id='word_1_543' title='bbox 580 2819 687 2850; x_wconf 85' lang='lat' dir='ltr'>vertit.</span> <span class='ocrx_word' id='word_1_544' title='bbox 739 2818 771 2850; x_wconf 87' lang='lat' dir='ltr'>Si</span> <span class='ocrx_word' id='word_1_545' title='bbox 795 2828 934 2859; x_wconf 62' lang='lat' dir='ltr'>quaeras,</span> <span class='ocrx_word' id='word_1_546' title='bbox 960 2828 1050 2859; x_wconf 84' lang='lat' dir='ltr'>quam</span> 
     </span>
     <span class='ocr_line' id='line_1_72' title="bbox 185 2859 1051 2901; baseline -0.001 -10"><span class='ocrx_word' id='word_1_547' title='bbox 185 2868 291 2891; x_wconf 87' lang='lat' dir='ltr'>notam</span> <span class='ocrx_word' id='word_1_548' title='bbox 317 2860 502 2892; x_wconf 72' lang='lat' dir='ltr'>adhibuisset</span> <span class='ocrx_word' id='word_1_549' title='bbox 533 2860 683 2901; x_wconf 79' lang='lat' dir='ltr'>Ulpianus</span> <span class='ocrx_word' id='word_1_550' title='bbox 699 2883 708 2898; x_wconf 92' lang='lat'>,</span> <span class='ocrx_word' id='word_1_551' title='bbox 741 2867 775 2890; x_wconf 86' lang='lat' dir='ltr'>ut</span> <span class='ocrx_word' id='word_1_552' title='bbox 790 2859 977 2900; x_wconf 82' lang='lat' dir='ltr'>exprimeret</span> <span class='ocrx_word' id='word_1_553' title='bbox 997 2866 1051 2900; x_wconf 71' lang='lat' dir='ltr'>per</span> 
     </span>
     <span class='ocr_line' id='line_1_73' title="bbox 184 2899 1048 2941; baseline 0.001 -11"><span class='ocrx_word' id='word_1_554' title='bbox 184 2902 399 2932; x_wconf 72' lang='lat' dir='ltr'>damnationem</span> <span class='ocrx_word' id='word_1_555' title='bbox 411 2925 420 2940; x_wconf 94' lang='lat'>,</span> <span class='ocrx_word' id='word_1_556' title='bbox 446 2901 475 2933; x_wconf 89' lang='lat'>&amp;</span> <span class='ocrx_word' id='word_1_557' title='bbox 491 2911 560 2941; x_wconf 85' lang='lat' dir='ltr'>quae</span> <span class='ocrx_word' id='word_1_558' title='bbox 578 2902 662 2933; x_wconf 85' lang='lat' dir='ltr'>illius</span> <span class='ocrx_word' id='word_1_559' title='bbox 682 2909 766 2932; x_wconf 86' lang='lat' dir='ltr'>notae</span> <span class='ocrx_word' id='word_1_560' title='bbox 783 2899 890 2932; x_wconf 79' lang='lat' dir='ltr'>fuisset</span> <span class='ocrx_word' id='word_1_561' title='bbox 907 2900 1048 2932; x_wconf 77' lang='lat' dir='ltr'>similitu-</span> 
     </span>
     <span class='ocr_line' id='line_1_74' title="bbox 184 2940 1047 2983; baseline 0.002 -13"><span class='ocrx_word' id='word_1_562' title='bbox 184 2940 226 2971; x_wconf 88' lang='lat' dir='ltr'>do</span> <span class='ocrx_word' id='word_1_563' title='bbox 250 2951 320 2972; x_wconf 87' lang='lat' dir='ltr'>cum</span> <span class='ocrx_word' id='word_1_564' title='bbox 345 2946 379 2977; x_wconf 77' lang='grc' dir='ltr'>τῷ</span> <span class='ocrx_word' id='word_1_565' title='bbox 404 2953 471 2974; x_wconf 76' lang='lat' dir='ltr'>vere</span> <span class='ocrx_word' id='word_1_566' title='bbox 494 2941 683 2974; x_wconf 88' lang='lat' dir='ltr'>Triboniani</span> <span class='ocrx_word' id='word_1_567' title='bbox 700 2965 710 2981; x_wconf 91' lang='lat'>,</span> <span class='ocrx_word' id='word_1_568' title='bbox 743 2941 859 2983; x_wconf 60' lang='lat' dir='ltr'>tpcebit</span> <span class='ocrx_word' id='word_1_569' title='bbox 876 2941 1022 2982; x_wconf 82' lang='lat' dir='ltr'>Cujacius</span> <span class='ocrx_word' id='word_1_570' title='bbox 1037 2965 1047 2980; x_wconf 91' lang='lat'>‚</span> 
     </span>
     <span class='ocr_line' id='line_1_75' title="bbox 185 2982 1048 3024; baseline 0.003 -14"><span class='ocrx_word' id='word_1_571' title='bbox 185 2983 443 3019; x_wconf 81' lang='lat' dir='ltr'>quemadmodum</span> <span class='ocrx_word' id='word_1_572' title='bbox 469 2983 499 3014; x_wconf 88' lang='lat'>&amp;</span> <span class='ocrx_word' id='word_1_573' title='bbox 529 2983 666 3022; x_wconf 86' lang='lat' dir='ltr'>tacebit,</span> <span class='ocrx_word' id='word_1_574' title='bbox 697 2983 717 3015; x_wconf 84' lang='lat' dir='ltr'>fi</span> <span class='ocrx_word' id='word_1_575' title='bbox 740 2992 878 3023; x_wconf 80' lang='lat' dir='ltr'>quaeras,</span> <span class='ocrx_word' id='word_1_576' title='bbox 904 2982 977 3024; x_wconf 89' lang='lat' dir='ltr'>quid</span> <span class='ocrx_word' id='word_1_577' title='bbox 993 2991 1048 3013; x_wconf 91' lang='lat' dir='ltr'>vo-</span> 
     </span>
     <span class='ocr_line' id='line_1_76' title="bbox 183 3021 1048 3068; baseline 0 -14"><span class='ocrx_word' id='word_1_578' title='bbox 183 3021 254 3066; x_wconf 59' lang='lat' dir='ltr'>cula</span> <span class='ocrx_word' id='word_1_579' title='bbox 273 3032 345 3068; x_wconf 56' lang='lat' dir='ltr'>svm</span> <span class='ocrx_word' id='word_1_580' title='bbox 375 3023 570 3065; x_wconf 79' lang='lat' dir='ltr'>fignificaffet</span> <span class='ocrx_word' id='word_1_581' title='bbox 599 3024 814 3055; x_wconf 85' lang='lat' dir='ltr'>Tribonianus</span> <span class='ocrx_word' id='word_1_582' title='bbox 831 3023 847 3055; x_wconf 72' lang='grc' dir='ltr'>ἵ)</span> <span class='ocrx_word' id='word_1_583' title='bbox 879 3024 908 3056; x_wconf 89' lang='lat'>&amp;</span> <span class='ocrx_word' id='word_1_584' title='bbox 931 3022 1004 3065; x_wconf 90' lang='lat' dir='ltr'>quid</span> <span class='ocrx_word' id='word_1_585' title='bbox 1020 3023 1048 3054; x_wconf 92' lang='lat' dir='ltr'>ei</span> 
     </span>
     <span class='ocr_line' id='line_1_77' title="bbox 183 3062 1046 3107; baseline 0.006 -17"><span class='ocrx_word' id='word_1_586' title='bbox 183 3062 346 3107; x_wconf 38' lang='lat' dir='ltr'>iniit-juris</span> <span class='ocrx_word' id='word_1_587' title='bbox 371 3065 447 3096; x_wconf 91' lang='lat' dir='ltr'>novi</span> <span class='ocrx_word' id='word_1_588' title='bbox 461 3064 478 3096; x_wconf 65' lang='lat'>‘3</span> <span class='ocrx_word' id='word_1_589' title='bbox 503 3065 625 3096; x_wconf 83' lang='lat' dir='ltr'>&amp;unde</span> <span class='ocrx_word' id='word_1_590' title='bbox 644 3065 675 3096; x_wconf 91' lang='lat' dir='ltr'>id</span> <span class='ocrx_word' id='word_1_591' title='bbox 693 3065 942 3105; x_wconf 77' lang='lat' dir='ltr'>depromptum?</span> <span class='ocrx_word' id='word_1_592' title='bbox 966 3063 1016 3096; x_wconf 87' lang='lat' dir='ltr'>scd</span> <span class='ocrx_word' id='word_1_593' title='bbox 1036 3087 1046 3103; x_wconf 91' lang='lat'>,</span> 
     </span>
     <span class='ocr_line' id='line_1_78' title="bbox 182 3101 1044 3146; baseline 0.007 -16"><span class='ocrx_word' id='word_1_594' title='bbox 182 3107 219 3145; x_wconf 81' lang='lat' dir='ltr'>ut</span> <span class='ocrx_word' id='word_1_595' title='bbox 235 3101 318 3140; x_wconf 75' lang='lat' dir='ltr'>drxr,</span> <span class='ocrx_word' id='word_1_596' title='bbox 343 3112 404 3135; x_wconf 91' lang='lat' dir='ltr'>non</span> <span class='ocrx_word' id='word_1_597' title='bbox 424 3105 549 3145; x_wconf 83' lang='lat' dir='ltr'>placent</span> <span class='ocrx_word' id='word_1_598' title='bbox 566 3106 642 3137; x_wconf 81' lang='lat' dir='ltr'>mihi</span> <span class='ocrx_word' id='word_1_599' title='bbox 664 3105 716 3137; x_wconf 87' lang='lat' dir='ltr'>illa</span> <span class='ocrx_word' id='word_1_600' title='bbox 735 3104 868 3146; x_wconf 73' lang='lat' dir='ltr'>lignandi</span> <span class='ocrx_word' id='word_1_601' title='bbox 889 3106 919 3137; x_wconf 87' lang='lat'>&amp;</span> <span class='ocrx_word' id='word_1_602' title='bbox 935 3114 1044 3137; x_wconf 87' lang='lat' dir='ltr'>notan-</span> 
     </span>
     <span class='ocr_line' id='line_1_79' title="bbox 180 3140 1043 3188; baseline 0.007 -18"><span class='ocrx_word' id='word_1_603' title='bbox 180 3140 211 3170; x_wconf 84' lang='lat' dir='ltr'>di</span> <span class='ocrx_word' id='word_1_604' title='bbox 229 3150 337 3185; x_wconf 77' lang='lat' dir='ltr'>arcana</span> <span class='ocrx_word' id='word_1_605' title='bbox 349 3166 367 3188; x_wconf 44' lang='lat'>‚·</span> <span class='ocrx_word' id='word_1_606' title='bbox 384 3154 453 3184; x_wconf 83' lang='lat' dir='ltr'>qua:</span> <span class='ocrx_word' id='word_1_607' title='bbox 472 3155 529 3176; x_wconf 89' lang='lat' dir='ltr'>nec</span> <span class='ocrx_word' id='word_1_608' title='bbox 544 3145 778 3185; x_wconf 79' lang='lat' dir='ltr'>Tribonianus,</span> <span class='ocrx_word' id='word_1_609' title='bbox 804 3155 861 3177; x_wconf 90' lang='lat' dir='ltr'>nec</span> <span class='ocrx_word' id='word_1_610' title='bbox 881 3146 1043 3187; x_wconf 83' lang='lat' dir='ltr'>quisquam</span> 
     </span>
     <span class='ocr_line' id='line_1_80' title="bbox 179 3180 1043 3233; baseline 0.012 -22"><span class='ocrx_word' id='word_1_611' title='bbox 179 3180 341 3214; x_wconf 87' lang='lat' dir='ltr'>hominum</span> <span class='ocrx_word' id='word_1_612' title='bbox 360 3185 562 3219; x_wconf 77' lang='lat' dir='ltr'>intellexerit.</span> <span class='ocrx_word' id='word_1_613' title='bbox 608 3188 714 3233; x_wconf 82' lang='lat' dir='ltr'>Quare</span> <span class='ocrx_word' id='word_1_614' title='bbox 733 3187 762 3219; x_wconf 62' lang='grc' dir='ltr'>ὅ(</span> <span class='ocrx_word' id='word_1_615' title='bbox 780 3187 833 3219; x_wconf 87' lang='lat' dir='ltr'>hic</span> <span class='ocrx_word' id='word_1_616' title='bbox 851 3187 954 3220; x_wconf 79' lang='lat' dir='ltr'>valeat</span> <span class='ocrx_word' id='word_1_617' title='bbox 971 3196 1043 3221; x_wconf 83' lang='lat' dir='ltr'>cum</span> 
     </span>
    </p>
   </div>
   <div class='ocr_carea' id='block_1_12' title="bbox 1088 757 1445 802">
    <p class='ocr_par' dir='ltr' id='par_1_14' title="bbox 1088 757 1445 802">
     <span class='ocr_line' id='line_1_81' title="bbox 1088 757 1445 802; baseline -0.003 -9"><span class='ocrx_word' id='word_1_618' title='bbox 1088 758 1295 802; x_wconf 75' lang='lat' dir='ltr'>signatoribus</span> <span class='ocrx_word' id='word_1_619' title='bbox 1312 757 1445 800; x_wconf 77' lang='lat' dir='ltr'>Auspex.</span> 
     </span>
    </p>
   </div>
   <div class='ocr_carea' id='block_1_13' title="bbox 1988 53 2007 95">
    <p class='ocr_par' dir='ltr' id='par_1_15' title="bbox 1988 53 2007 95">
     <span class='ocr_line' id='line_1_82' title="bbox 1988 53 2007 95; baseline 0 -19"><span class='ocrx_word' id='word_1_620' title='bbox 1988 53 2007 95; x_wconf 47' lang='grc' dir='ltr'>,ΙῚ</span> 
     </span>
    </p>
   </div>
   <div class='ocr_carea' id='block_1_14' title="bbox 1089 800 1987 968">
    <p class='ocr_par' dir='ltr' id='par_1_16' title="bbox 1089 800 1987 968">
     <span class='ocr_line' id='line_1_83' title="bbox 1131 800 1985 848; baseline 0.008 -15"><span class='ocrx_word' id='word_1_621' title='bbox 1131 801 1254 833; x_wconf 82' lang='lat' dir='ltr'>Deinde</span> <span class='ocrx_word' id='word_1_622' title='bbox 1270 800 1341 846; x_wconf 65' lang='lat' dir='ltr'>,fide</span> <span class='ocrx_word' id='word_1_623' title='bbox 1365 810 1430 831; x_wconf 76' lang='lat' dir='ltr'>inea</span> <span class='ocrx_word' id='word_1_624' title='bbox 1456 800 1517 832; x_wconf 88' lang='lat' dir='ltr'>esse</span> <span class='ocrx_word' id='word_1_625' title='bbox 1535 801 1650 842; x_wconf 82' lang='lat' dir='ltr'>jubeo,</span> <span class='ocrx_word' id='word_1_626' title='bbox 1673 804 1844 837; x_wconf 68' lang='lat' dir='ltr'>destrinam</span> <span class='ocrx_word' id='word_1_627' title='bbox 1863 806 1954 848; x_wconf 83' lang='lat' dir='ltr'>Cuja-</span> <span class='ocrx_word' id='word_1_628' title='bbox 1967 819 1985 848; x_wconf 55' lang='lat' dir='ltr'>s</span> 
     </span>
     <span class='ocr_line' id='line_1_84' title="bbox 1089 843 1983 888; baseline 0.006 -13"><span class='ocrx_word' id='word_1_629' title='bbox 1089 844 1130 875; x_wconf 91' lang='lat' dir='ltr'>cii</span> <span class='ocrx_word' id='word_1_630' title='bbox 1147 843 1185 874; x_wconf 87' lang='lat' dir='ltr'>de</span> <span class='ocrx_word' id='word_1_631' title='bbox 1200 851 1234 873; x_wconf 82' lang='lat' dir='ltr'>re</span> <span class='ocrx_word' id='word_1_632' title='bbox 1251 847 1350 884; x_wconf 74' lang='lat' dir='ltr'>aliena</span> <span class='ocrx_word' id='word_1_633' title='bbox 1368 843 1562 882; x_wconf 80' lang='lat' dir='ltr'>temporibus</span> <span class='ocrx_word' id='word_1_634' title='bbox 1586 843 1823 885; x_wconf 57' lang='lat' dir='ltr'>Pandee‘tarum,</span> <span class='ocrx_word' id='word_1_635' title='bbox 1848 857 1902 888; x_wconf 84' lang='lat' dir='ltr'>per</span> <span class='ocrx_word' id='word_1_636' title='bbox 1919 849 1953 882; x_wconf 87' lang='lat' dir='ltr'>fi·</span> <span class='ocrx_word' id='word_1_637' title='bbox 1969 860 1983 882; x_wconf 67' lang='lat' dir='ltr'>e</span> 
     </span>
     <span class='ocr_line' id='line_1_85' title="bbox 1089 882 1955 929; baseline 0.003 -14"><span class='ocrx_word' id='word_1_638' title='bbox 1089 882 1336 916; x_wconf 75' lang='lat' dir='ltr'>deicommill&#39;tun</span> <span class='ocrx_word' id='word_1_639' title='bbox 1356 884 1407 914; x_wconf 77' lang='lat' dir='ltr'>vel</span> <span class='ocrx_word' id='word_1_640' title='bbox 1422 886 1630 916; x_wconf 74' lang='lat' dir='ltr'>damnationis</span> <span class='ocrx_word' id='word_1_641' title='bbox 1644 885 1831 927; x_wconf 75' lang='lat' dir='ltr'>formulam,</span> <span class='ocrx_word' id='word_1_642' title='bbox 1856 887 1982 929; x_wconf 63' lang='lat' dir='ltr'>neque?</span> 
     </span>
     <span class='ocr_line' id='line_1_86' title="bbox 1090 924 1987 968; baseline 0.006 -11"><span class='ocrx_word' id='word_1_643' title='bbox 1090 926 1181 957; x_wconf 80' lang='lat' dir='ltr'>aliter</span> <span class='ocrx_word' id='word_1_644' title='bbox 1197 947 1206 963; x_wconf 86' lang='lat'>,</span> <span class='ocrx_word' id='word_1_645' title='bbox 1239 924 1439 964; x_wconf 78' lang='lat' dir='ltr'>relinquenda</span> <span class='ocrx_word' id='word_1_646' title='bbox 1456 947 1467 963; x_wconf 93' lang='lat'>,</span> <span class='ocrx_word' id='word_1_647' title='bbox 1498 926 1575 956; x_wconf 84' lang='lat' dir='ltr'>adeo</span> <span class='ocrx_word' id='word_1_648' title='bbox 1600 926 1660 958; x_wconf 76' lang='lat' dir='ltr'>ess&#39;e</span> <span class='ocrx_word' id='word_1_649' title='bbox 1684 928 1853 968; x_wconf 73' lang='lat' dir='ltr'>incertam,</span> <span class='ocrx_word' id='word_1_650' title='bbox 1878 933 1955 962; x_wconf 83' lang='lat' dir='ltr'>adeo</span> <span class='ocrx_word' id='word_1_651' title='bbox 1979 951 1987 958; x_wconf 61' lang='lat'>.=</span> 
     </span>
    </p>
   </div>
   <div class='ocr_carea' id='block_1_15' title="bbox 1090 966 1959 1252">
    <p class='ocr_par' dir='ltr' id='par_1_17' title="bbox 1090 966 1959 1252">
     <span class='ocr_line' id='line_1_87' title="bbox 1091 966 1756 1010; baseline 0.003 -12"><span class='ocrx_word' id='word_1_652' title='bbox 1091 967 1261 1003; x_wconf 77' lang='lat' dir='ltr'>lubricam,</span> <span class='ocrx_word' id='word_1_653' title='bbox 1288 972 1321 995; x_wconf 85' lang='lat' dir='ltr'>ut</span> <span class='ocrx_word' id='word_1_654' title='bbox 1339 973 1409 996; x_wconf 83' lang='lat' dir='ltr'>tuto</span> <span class='ocrx_word' id='word_1_655' title='bbox 1428 967 1455 997; x_wconf 91' lang='lat' dir='ltr'>ei</span> <span class='ocrx_word' id='word_1_656' title='bbox 1474 966 1557 998; x_wconf 89' lang='lat' dir='ltr'>credi</span> <span class='ocrx_word' id='word_1_657' title='bbox 1574 977 1635 998; x_wconf 76' lang='lat' dir='ltr'>non</span> <span class='ocrx_word' id='word_1_658' title='bbox 1654 968 1756 1010; x_wconf 80' lang='lat' dir='ltr'>poffit.</span> 
     </span>
     <span class='ocr_line' id='line_1_88' title="bbox 1091 1006 1956 1053; baseline 0.006 -15"><span class='ocrx_word' id='word_1_659' title='bbox 1091 1017 1165 1049; x_wconf 82' lang='lat' dir='ltr'>gum</span> <span class='ocrx_word' id='word_1_660' title='bbox 1181 1006 1286 1044; x_wconf 84' lang='lat' dir='ltr'>foret,</span> <span class='ocrx_word' id='word_1_661' title='bbox 1320 1006 1350 1037; x_wconf 72' lang='grc' dir='ltr'>ὅ(</span> <span class='ocrx_word' id='word_1_662' title='bbox 1376 1006 1501 1038; x_wconf 82' lang='lat' dir='ltr'>aliunde</span> <span class='ocrx_word' id='word_1_663' title='bbox 1516 1017 1564 1039; x_wconf 87' lang='lat' dir='ltr'>res</span> <span class='ocrx_word' id='word_1_664' title='bbox 1583 1008 1659 1040; x_wconf 86' lang='lat' dir='ltr'>ess&#39;et</span> <span class='ocrx_word' id='word_1_665' title='bbox 1677 1008 1780 1050; x_wconf 82' lang='lat' dir='ltr'>salva,</span> <span class='ocrx_word' id='word_1_666' title='bbox 1806 1011 1885 1042; x_wconf 83' lang='lat' dir='ltr'>hanc</span> <span class='ocrx_word' id='word_1_667' title='bbox 1902 1021 1956 1053; x_wconf 86' lang='lat' dir='ltr'>pu-</span> 
     </span>
     <span class='ocr_line' id='line_1_89' title="bbox 1091 1048 1957 1093; baseline 0.006 -13"><span class='ocrx_word' id='word_1_668' title='bbox 1091 1058 1182 1090; x_wconf 78' lang='lat' dir='ltr'>gnam</span> <span class='ocrx_word' id='word_1_669' title='bbox 1200 1048 1341 1078; x_wconf 82' lang='lat' dir='ltr'>lubentes</span> <span class='ocrx_word' id='word_1_670' title='bbox 1357 1056 1572 1088; x_wconf 78' lang='lat' dir='ltr'>pugnaremus.</span> <span class='ocrx_word' id='word_1_671' title='bbox 1597 1050 1656 1081; x_wconf 83' lang='lat' dir='ltr'>Sed</span> <span class='ocrx_word' id='word_1_672' title='bbox 1674 1051 1857 1091; x_wconf 71' lang='lat' dir='ltr'>largiamur,</span> <span class='ocrx_word' id='word_1_673' title='bbox 1873 1052 1957 1093; x_wconf 87' lang='lat' dir='ltr'>quod</span> 
     </span>
     <span class='ocr_line' id='line_1_90' title="bbox 1091 1087 1958 1133; baseline 0.006 -12"><span class='ocrx_word' id='word_1_674' title='bbox 1091 1091 1145 1122; x_wconf 84' lang='lat' dir='ltr'>ille</span> <span class='ocrx_word' id='word_1_675' title='bbox 1168 1089 1249 1120; x_wconf 84' lang='lat' dir='ltr'>dixit</span> <span class='ocrx_word' id='word_1_676' title='bbox 1268 1112 1278 1126; x_wconf 94' lang='lat'>,</span> <span class='ocrx_word' id='word_1_677' title='bbox 1313 1087 1342 1118; x_wconf 72' lang='grc' dir='ltr'>ὅ(</span> <span class='ocrx_word' id='word_1_678' title='bbox 1368 1097 1445 1128; x_wconf 85' lang='lat' dir='ltr'>pace</span> <span class='ocrx_word' id='word_1_679' title='bbox 1464 1088 1584 1129; x_wconf 87' lang='lat' dir='ltr'>vestra,</span> <span class='ocrx_word' id='word_1_680' title='bbox 1616 1100 1719 1122; x_wconf 63' lang='lat' dir='ltr'>mane.c</span> <span class='ocrx_word' id='word_1_681' title='bbox 1736 1091 1877 1133; x_wconf 83' lang='lat' dir='ltr'>Cujacii,</span> <span class='ocrx_word' id='word_1_682' title='bbox 1904 1093 1958 1126; x_wconf 90' lang='lat' dir='ltr'>Ul-</span> 
     </span>
     <span class='ocr_line' id='line_1_91' title="bbox 1090 1128 1957 1175; baseline 0.005 -13"><span class='ocrx_word' id='word_1_683' title='bbox 1090 1132 1199 1173; x_wconf 83' lang='lat' dir='ltr'>pianus</span> <span class='ocrx_word' id='word_1_684' title='bbox 1231 1128 1436 1175; x_wconf 78' lang='lat' dir='ltr'>nihilominus</span> <span class='ocrx_word' id='word_1_685' title='bbox 1465 1130 1613 1172; x_wconf 82' lang='lat' dir='ltr'>loquutus</span> <span class='ocrx_word' id='word_1_686' title='bbox 1637 1130 1682 1164; x_wconf 87' lang='lat' dir='ltr'>est</span> <span class='ocrx_word' id='word_1_687' title='bbox 1698 1156 1708 1171; x_wconf 94' lang='lat'>,</span> <span class='ocrx_word' id='word_1_688' title='bbox 1738 1142 1773 1164; x_wconf 89' lang='lat' dir='ltr'>ut</span> <span class='ocrx_word' id='word_1_689' title='bbox 1796 1135 1885 1175; x_wconf 88' lang='lat' dir='ltr'>loqui</span> <span class='ocrx_word' id='word_1_690' title='bbox 1905 1134 1957 1166; x_wconf 88' lang='lat' dir='ltr'>de-</span> 
     </span>
     <span class='ocr_line' id='line_1_92' title="bbox 1091 1168 1959 1213; baseline 0.006 -11"><span class='ocrx_word' id='word_1_691' title='bbox 1091 1172 1169 1203; x_wconf 88' lang='lat' dir='ltr'>buit.</span> <span class='ocrx_word' id='word_1_692' title='bbox 1215 1171 1266 1202; x_wconf 81' lang='lat' dir='ltr'>Sic</span> <span class='ocrx_word' id='word_1_693' title='bbox 1287 1168 1348 1206; x_wconf 85' lang='lat' dir='ltr'>est,</span> <span class='ocrx_word' id='word_1_694' title='bbox 1373 1178 1408 1201; x_wconf 90' lang='lat' dir='ltr'>ut</span> <span class='ocrx_word' id='word_1_695' title='bbox 1434 1171 1494 1210; x_wconf 78' lang='lat' dir='ltr'>ais,</span> <span class='ocrx_word' id='word_1_696' title='bbox 1528 1172 1566 1202; x_wconf 91' lang='lat' dir='ltr'>de</span> <span class='ocrx_word' id='word_1_697' title='bbox 1583 1172 1772 1213; x_wconf 81' lang='lat' dir='ltr'>usucapione</span> <span class='ocrx_word' id='word_1_698' title='bbox 1788 1175 1833 1206; x_wconf 85' lang='lat' dir='ltr'>rei</span> <span class='ocrx_word' id='word_1_699' title='bbox 1849 1176 1959 1207; x_wconf 81' lang='lat' dir='ltr'>alienae</span> 
     </span>
     <span class='ocr_line' id='line_1_93' title="bbox 1091 1209 1959 1252; baseline 0.005 -8"><span class='ocrx_word' id='word_1_700' title='bbox 1091 1211 1204 1244; x_wconf 83' lang='lat' dir='ltr'>frustra</span> <span class='ocrx_word' id='word_1_701' title='bbox 1224 1209 1268 1242; x_wconf 91' lang='lat' dir='ltr'>est</span> <span class='ocrx_word' id='word_1_702' title='bbox 1291 1211 1393 1242; x_wconf 83' lang='lat' dir='ltr'>omnis</span> <span class='ocrx_word' id='word_1_703' title='bbox 1415 1210 1604 1252; x_wconf 75' lang='lat' dir='ltr'>disputatio,</span> <span class='ocrx_word' id='word_1_704' title='bbox 1634 1215 1689 1246; x_wconf 89' lang='lat' dir='ltr'>nili</span> <span class='ocrx_word' id='word_1_705' title='bbox 1706 1224 1754 1247; x_wconf 89' lang='lat' dir='ltr'>res</span> <span class='ocrx_word' id='word_1_706' title='bbox 1768 1215 1867 1247; x_wconf 83' lang='lat' dir='ltr'>fuerit</span> <span class='ocrx_word' id='word_1_707' title='bbox 1884 1217 1959 1248; x_wconf 83' lang='lat' dir='ltr'>aiic-</span> 
     </span>
    </p>
   </div>
   <div class='ocr_carea' id='block_1_16' title="bbox 1091 1251 1960 1295">
    <p class='ocr_par' dir='ltr' id='par_1_18' title="bbox 1091 1251 1960 1295">
     <span class='ocr_line' id='line_1_94' title="bbox 1091 1251 1960 1295; baseline 0.006 -11"><span class='ocrx_word' id='word_1_708' title='bbox 1091 1264 1140 1285; x_wconf 88' lang='lat' dir='ltr'>na.</span> <span class='ocrx_word' id='word_1_709' title='bbox 1186 1252 1245 1284; x_wconf 86' lang='lat' dir='ltr'>Sed</span> <span class='ocrx_word' id='word_1_710' title='bbox 1269 1261 1306 1282; x_wconf 85' lang='lat' dir='ltr'>an</span> <span class='ocrx_word' id='word_1_711' title='bbox 1331 1251 1402 1282; x_wconf 86' lang='lat' dir='ltr'>ideo</span> <span class='ocrx_word' id='word_1_712' title='bbox 1425 1252 1599 1285; x_wconf 86' lang='lat' dir='ltr'>addendum</span> <span class='ocrx_word' id='word_1_713' title='bbox 1628 1254 1754 1295; x_wconf 84' lang='lat' dir='ltr'>fuerat,</span> <span class='ocrx_word' id='word_1_714' title='bbox 1787 1267 1849 1288; x_wconf 90' lang='lat' dir='ltr'>non</span> <span class='ocrx_word' id='word_1_715' title='bbox 1867 1258 1960 1289; x_wconf 68' lang='lat' dir='ltr'>aliter</span> 
     </span>
    </p>
   </div>
   <div class='ocr_carea' id='block_1_17' title="bbox 1092 1293 1983 1338">
    <p class='ocr_par' dir='ltr' id='par_1_19' title="bbox 1092 1293 1983 1338">
     <span class='ocr_line' id='line_1_95' title="bbox 1092 1293 1983 1338; baseline 0.003 -12"><span class='ocrx_word' id='word_1_716' title='bbox 1092 1295 1161 1326; x_wconf 85' lang='lat' dir='ltr'>haec</span> <span class='ocrx_word' id='word_1_717' title='bbox 1181 1293 1344 1331; x_wconf 86' lang='lat' dir='ltr'>obtinere,</span> <span class='ocrx_word' id='word_1_718' title='bbox 1378 1302 1469 1333; x_wconf 86' lang='lat' dir='ltr'>quam</span> <span class='ocrx_word' id='word_1_719' title='bbox 1487 1293 1508 1325; x_wconf 87' lang='lat' dir='ltr'>si</span> <span class='ocrx_word' id='word_1_720' title='bbox 1535 1293 1666 1326; x_wconf 86' lang='lat' dir='ltr'>testator</span> <span class='ocrx_word' id='word_1_721' title='bbox 1688 1305 1773 1336; x_wconf 85' lang='lat' dir='ltr'>rem,</span> <span class='ocrx_word' id='word_1_722' title='bbox 1798 1307 1857 1338; x_wconf 90' lang='lat' dir='ltr'>qua</span> <span class='ocrx_word' id='word_1_723' title='bbox 1874 1298 1913 1329; x_wconf 87' lang='lat' dir='ltr'>de</span> <span class='ocrx_word' id='word_1_724' title='bbox 1929 1308 1959 1329; x_wconf 83' lang='lat' dir='ltr'>a-</span> <span class='ocrx_word' id='word_1_725' title='bbox 1982 1311 1983 1314; x_wconf 46' lang='lat'>¹</span> 
     </span>
    </p>
   </div>
   <div class='ocr_carea' id='block_1_18' title="bbox 1802 969 1986 1003">
    <p class='ocr_par' dir='ltr' id='par_1_20' title="bbox 1802 969 1986 1003">
     <span class='ocr_line' id='line_1_96' title="bbox 1802 969 1986 1003; baseline 0.011 -2"><span class='ocrx_word' id='word_1_726' title='bbox 1802 969 1871 1002; x_wconf 78' lang='lat' dir='ltr'>Nisi</span> <span class='ocrx_word' id='word_1_727' title='bbox 1886 970 1953 1003; x_wconf 89' lang='lat' dir='ltr'>Ion·</span> <span class='ocrx_word' id='word_1_728' title='bbox 1982 991 1986 997; x_wconf 89' lang='lat'><em>-</em></span> 
     </span>
    </p>
   </div>
   <div class='ocr_carea' id='block_1_19' title="bbox 1092 1333 1992 1458">
    <p class='ocr_par' dir='ltr' id='par_1_21' title="bbox 1092 1333 1992 1458">
     <span class='ocr_line' id='line_1_97' title="bbox 1092 1333 1992 1380; baseline 0.001 -14"><span class='ocrx_word' id='word_1_729' title='bbox 1092 1336 1196 1380; x_wconf 72' lang='lat' dir='ltr'>gitur,</span> <span class='ocrx_word' id='word_1_730' title='bbox 1226 1334 1279 1365; x_wconf 87' lang='lat' dir='ltr'>vel</span> <span class='ocrx_word' id='word_1_731' title='bbox 1297 1333 1593 1380; x_wconf 77' lang='lat' dir='ltr'>fideicommififfet,</span> <span class='ocrx_word' id='word_1_732' title='bbox 1626 1337 1677 1368; x_wconf 84' lang='lat' dir='ltr'>vel</span> <span class='ocrx_word' id='word_1_733' title='bbox 1693 1337 1819 1379; x_wconf 83' lang='lat' dir='ltr'>legass&#39;et</span> <span class='ocrx_word' id='word_1_734' title='bbox 1836 1347 1890 1379; x_wconf 90' lang='lat' dir='ltr'>per</span> <span class='ocrx_word' id='word_1_735' title='bbox 1907 1340 1959 1371; x_wconf 82' lang='lat' dir='ltr'>da-·</span> <span class='ocrx_word' id='word_1_736' title='bbox 1988 1362 1992 1367; x_wconf 87' lang='lat'>.</span> 
     </span>
     <span class='ocr_line' id='line_1_98' title="bbox 1092 1375 1990 1418; baseline 0.004 -10"><span class='ocrx_word' id='word_1_737' title='bbox 1092 1383 1285 1408; x_wconf 74' lang='lat' dir='ltr'>mirationem</span> <span class='ocrx_word' id='word_1_738' title='bbox 1305 1375 1321 1406; x_wconf 66' lang='grc' dir='ltr'>ἱ)</span> <span class='ocrx_word' id='word_1_739' title='bbox 1352 1384 1417 1406; x_wconf 88' lang='lat' dir='ltr'>nno</span> <span class='ocrx_word' id='word_1_740' title='bbox 1438 1385 1598 1417; x_wconf 81' lang='lat' dir='ltr'>perperam</span> <span class='ocrx_word' id='word_1_741' title='bbox 1623 1377 1806 1418; x_wconf 86' lang='lat' dir='ltr'>adderetur,</span> <span class='ocrx_word' id='word_1_742' title='bbox 1831 1379 1853 1411; x_wconf 84' lang='lat' dir='ltr'>fi</span> <span class='ocrx_word' id='word_1_743' title='bbox 1871 1379 1960 1411; x_wconf 84' lang='lat' dir='ltr'>testa·</span> <span class='ocrx_word' id='word_1_744' title='bbox 1985 1400 1990 1406; x_wconf 87' lang='lat'>·</span> 
     </span>
     <span class='ocr_line' id='line_1_99' title="bbox 1092 1416 1989 1458; baseline 0.003 -10"><span class='ocrx_word' id='word_1_745' title='bbox 1092 1426 1161 1457; x_wconf 83' lang='lat' dir='ltr'>tor,</span> <span class='ocrx_word' id='word_1_746' title='bbox 1186 1425 1315 1458; x_wconf 80' lang='lat' dir='ltr'>gnarus,</span> <span class='ocrx_word' id='word_1_747' title='bbox 1339 1425 1404 1447; x_wconf 86' lang='lat' dir='ltr'>rem</span> <span class='ocrx_word' id='word_1_748' title='bbox 1433 1416 1494 1448; x_wconf 83' lang='lat' dir='ltr'>ess&#39;e</span> <span class='ocrx_word' id='word_1_749' title='bbox 1512 1417 1662 1458; x_wconf 84' lang='lat' dir='ltr'>alienam,</span> <span class='ocrx_word' id='word_1_750' title='bbox 1687 1419 1841 1451; x_wconf 87' lang='lat' dir='ltr'>alterutro</span> <span class='ocrx_word' id='word_1_751' title='bbox 1861 1421 1958 1453; x_wconf 89' lang='lat' dir='ltr'>modo</span> <span class='ocrx_word' id='word_1_752' title='bbox 1984 1448 1989 1451; x_wconf 84' lang='lat'>.</span> 
     </span>
    </p>
   </div>
   <div class='ocr_carea' id='block_1_20' title="bbox 1091 1456 1961 1578">
    <p class='ocr_par' dir='ltr' id='par_1_22' title="bbox 1091 1456 1961 1578">
     <span class='ocr_line' id='line_1_100' title="bbox 1091 1456 1364 1498; baseline -0.007 -8"><span class='ocrx_word' id='word_1_753' title='bbox 1091 1469 1160 1490; x_wconf 86' lang='lat' dir='ltr'>eam</span> <span class='ocrx_word' id='word_1_754' title='bbox 1183 1456 1364 1498; x_wconf 85' lang='lat' dir='ltr'>reliquiffet.</span> 
     </span>
     <span class='ocr_line' id='line_1_101' title="bbox 1092 1498 1961 1544; baseline 0.002 -12"><span class='ocrx_word' id='word_1_755' title='bbox 1092 1510 1158 1532; x_wconf 90' lang='lat' dir='ltr'>rem</span> <span class='ocrx_word' id='word_1_756' title='bbox 1174 1499 1280 1544; x_wconf 78' lang='lat' dir='ltr'>Titii,</span> <span class='ocrx_word' id='word_1_757' title='bbox 1304 1498 1383 1529; x_wconf 89' lang='lat' dir='ltr'>hanc</span> <span class='ocrx_word' id='word_1_758' title='bbox 1399 1498 1565 1531; x_wconf 85' lang='lat' dir='ltr'>destinavit</span> <span class='ocrx_word' id='word_1_759' title='bbox 1585 1501 1793 1542; x_wconf 87' lang='lat' dir='ltr'>Sempronio,</span> <span class='ocrx_word' id='word_1_760' title='bbox 1832 1502 1870 1534; x_wconf 91' lang='lat' dir='ltr'>ed</span> <span class='ocrx_word' id='word_1_761' title='bbox 1887 1503 1961 1544; x_wconf 84' lang='lat' dir='ltr'>quia.</span> 
     </span>
     <span class='ocr_line' id='line_1_102' title="bbox 1093 1538 1959 1578; baseline 0.003 -5"><span class='ocrx_word' id='word_1_762' title='bbox 1093 1541 1153 1573; x_wconf 88' lang='lat' dir='ltr'>scit</span> <span class='ocrx_word' id='word_1_763' title='bbox 1176 1541 1307 1572; x_wconf 87' lang='lat' dir='ltr'>alienam</span> <span class='ocrx_word' id='word_1_764' title='bbox 1329 1538 1390 1570; x_wconf 88' lang='lat' dir='ltr'>esse</span> <span class='ocrx_word' id='word_1_765' title='bbox 1405 1562 1416 1578; x_wconf 87' lang='lat'>,</span> <span class='ocrx_word' id='word_1_766' title='bbox 1440 1540 1665 1574; x_wconf 87' lang='lat' dir='ltr'>fideicommisfi</span> <span class='ocrx_word' id='word_1_767' title='bbox 1685 1543 1737 1574; x_wconf 81' lang='lat' dir='ltr'>vel</span> <span class='ocrx_word' id='word_1_768' title='bbox 1751 1543 1959 1576; x_wconf 87' lang='lat' dir='ltr'>damnationis</span> 
     </span>
    </p>
   </div>
   <div class='ocr_carea' id='block_1_21' title="bbox 1411 1457 1983 1503">
    <p class='ocr_par' dir='ltr' id='par_1_23' title="bbox 1411 1457 1983 1503">
     <span class='ocr_line' id='line_1_103' title="bbox 1411 1457 1983 1503; baseline 0.012 -16"><span class='ocrx_word' id='word_1_769' title='bbox 1411 1457 1498 1503; x_wconf 81' lang='lat' dir='ltr'>Quid</span> <span class='ocrx_word' id='word_1_770' title='bbox 1522 1459 1606 1490; x_wconf 85' lang='lat' dir='ltr'>enim</span> <span class='ocrx_word' id='word_1_771' title='bbox 1625 1460 1642 1492; x_wconf 72' lang='grc' dir='ltr'>ἱ)</span> <span class='ocrx_word' id='word_1_772' title='bbox 1675 1459 1806 1492; x_wconf 80' lang='lat' dir='ltr'>testator</span> <span class='ocrx_word' id='word_1_773' title='bbox 1850 1462 1983 1493; x_wconf 75' lang='lat' dir='ltr'>offidet‘</span> 
     </span>
    </p>
   </div>
   <div class='ocr_carea' id='block_1_22' title="bbox 1978 1486 1995 1543">
    <p class='ocr_par' dir='ltr' id='par_1_24' title="bbox 1978 1486 1995 1543">
     <span class='ocr_line' id='line_1_104' title="bbox 1978 1486 1995 1543; baseline 0 -44"><span class='ocrx_word' id='word_1_774' title='bbox 1978 1486 1995 1543; x_wconf 58' lang='grc' dir='ltr'>ζ</span> 
     </span>
    </p>
   </div>
   <div class='ocr_carea' id='block_1_23' title="bbox 1978 1551 1996 1579">
    <p class='ocr_par' dir='ltr' id='par_1_25' title="bbox 1978 1551 1996 1579">
     <span class='ocr_line' id='line_1_105' title="bbox 1978 1551 1996 1579; baseline 0 0"><span class='ocrx_word' id='word_1_775' title='bbox 1978 1551 1996 1579; x_wconf 65' lang='grc' dir='ltr'>’ς</span> 
     </span>
    </p>
   </div>
   <div class='ocr_carea' id='block_1_24' title="bbox 1091 1580 1993 1635">
    <p class='ocr_par' dir='ltr' id='par_1_26' title="bbox 1091 1580 1993 1635">
     <span class='ocr_line' id='line_1_106' title="bbox 1091 1580 1993 1635; baseline 0.003 -21"><span class='ocrx_word' id='word_1_776' title='bbox 1091 1581 1262 1614; x_wconf 86' lang='lat' dir='ltr'>formulam</span> <span class='ocrx_word' id='word_1_777' title='bbox 1278 1580 1428 1613; x_wconf 86' lang='lat' dir='ltr'>adhibuit.</span> <span class='ocrx_word' id='word_1_778' title='bbox 1475 1581 1557 1628; x_wconf 84' lang='lat' dir='ltr'>Quis</span> <span class='ocrx_word' id='word_1_779' title='bbox 1574 1583 1606 1616; x_wconf 92' lang='lat' dir='ltr'>in</span> <span class='ocrx_word' id='word_1_780' title='bbox 1629 1583 1686 1615; x_wconf 87' lang='lat' dir='ltr'>hac</span> <span class='ocrx_word' id='word_1_781' title='bbox 1703 1583 1806 1625; x_wconf 89' lang='lat' dir='ltr'>specie</span> <span class='ocrx_word' id='word_1_782' title='bbox 1821 1584 1959 1624; x_wconf 81' lang='lat' dir='ltr'>dixerit,</span> <span class='ocrx_word' id='word_1_783' title='bbox 1980 1603 1993 1635; x_wconf 38' lang='grc' dir='ltr'><em>ᾖ</em></span> 
     </span>
    </p>
   </div>
   <div class='ocr_carea' id='block_1_25' title="bbox 1092 1622 1966 1667">
    <p class='ocr_par' dir='ltr' id='par_1_27' title="bbox 1092 1622 1966 1667">
     <span class='ocr_line' id='line_1_107' title="bbox 1092 1622 1966 1667; baseline 0.005 -12"><span class='ocrx_word' id='word_1_784' title='bbox 1092 1632 1128 1655; x_wconf 89' lang='lat' dir='ltr'>ut</span> <span class='ocrx_word' id='word_1_785' title='bbox 1150 1623 1321 1664; x_wconf 78' lang='lat' dir='ltr'>Ulpianum</span> <span class='ocrx_word' id='word_1_786' title='bbox 1343 1622 1454 1654; x_wconf 82' lang='lat' dir='ltr'>dixiffe</span> <span class='ocrx_word' id='word_1_787' title='bbox 1480 1623 1602 1656; x_wconf 86' lang='lat' dir='ltr'>constat</span> <span class='ocrx_word' id='word_1_788' title='bbox 1616 1648 1628 1664; x_wconf 88' lang='lat'>,</span> <span class='ocrx_word' id='word_1_789' title='bbox 1653 1625 1804 1667; x_wconf 87' lang='lat' dir='ltr'>legatario</span> <span class='ocrx_word' id='word_1_790' title='bbox 1820 1626 1851 1658; x_wconf 89' lang='lat' dir='ltr'>in</span> <span class='ocrx_word' id='word_1_791' title='bbox 1870 1635 1966 1659; x_wconf 90' lang='lat' dir='ltr'>com-.</span> 
     </span>
    </p>
   </div>
   <div class='ocr_carea' id='block_1_26' title="bbox 1091 1662 1959 1710">
    <p class='ocr_par' dir='ltr' id='par_1_28' title="bbox 1091 1662 1959 1710">
     <span class='ocr_line' id='line_1_108' title="bbox 1091 1662 1959 1710; baseline 0.005 -14"><span class='ocrx_word' id='word_1_792' title='bbox 1091 1664 1227 1707; x_wconf 87' lang='lat' dir='ltr'>putanda</span> <span class='ocrx_word' id='word_1_793' title='bbox 1251 1662 1439 1710; x_wconf 79' lang='lat' dir='ltr'>usucapione</span> <span class='ocrx_word' id='word_1_794' title='bbox 1464 1664 1593 1697; x_wconf 88' lang='lat' dir='ltr'>dandam</span> <span class='ocrx_word' id='word_1_795' title='bbox 1618 1665 1679 1698; x_wconf 88' lang='lat' dir='ltr'>esse</span> <span class='ocrx_word' id='word_1_796' title='bbox 1699 1666 1905 1699; x_wconf 84' lang='lat' dir='ltr'>acceffionem</span> <span class='ocrx_word' id='word_1_797' title='bbox 1927 1676 1959 1699; x_wconf 87' lang='lat' dir='ltr'>e-</span> 
     </span>
    </p>
   </div>
   <div class='ocr_carea' id='block_1_27' title="bbox 1091 1706 1966 1747">
    <p class='ocr_par' dir='ltr' id='par_1_29' title="bbox 1091 1706 1966 1747">
     <span class='ocr_line' id='line_1_109' title="bbox 1091 1706 1966 1747; baseline 0.003 -9"><span class='ocrx_word' id='word_1_798' title='bbox 1091 1709 1139 1747; x_wconf 82' lang='lat' dir='ltr'>jus</span> <span class='ocrx_word' id='word_1_799' title='bbox 1156 1713 1306 1746; x_wconf 85' lang='lat' dir='ltr'>temporis</span> <span class='ocrx_word' id='word_1_800' title='bbox 1317 1729 1327 1745; x_wconf 90' lang='lat'>,</span> <span class='ocrx_word' id='word_1_801' title='bbox 1352 1714 1416 1746; x_wconf 91' lang='lat' dir='ltr'>quo</span> <span class='ocrx_word' id='word_1_802' title='bbox 1432 1714 1480 1737; x_wconf 89' lang='lat' dir='ltr'>res</span> <span class='ocrx_word' id='word_1_803' title='bbox 1498 1714 1592 1747; x_wconf 85' lang='lat' dir='ltr'>penes</span> <span class='ocrx_word' id='word_1_804' title='bbox 1606 1706 1787 1740; x_wconf 85' lang='lat' dir='ltr'>testatorem</span> <span class='ocrx_word' id='word_1_805' title='bbox 1803 1708 1893 1741; x_wconf 80' lang='lat' dir='ltr'>fuit?</span> <span class='ocrx_word' id='word_1_806' title='bbox 1917 1717 1966 1740; x_wconf 68' lang='lat' dir='ltr'>eo.</span> 
     </span>
    </p>
   </div>
   <div class='ocr_carea' id='block_1_28' title="bbox 1091 1746 1960 1996">
    <p class='ocr_par' dir='ltr' id='par_1_30' title="bbox 1091 1746 1960 1996">
     <span class='ocr_line' id='line_1_110' title="bbox 1092 1746 1959 1793; baseline 0.003 -14"><span class='ocrx_word' id='word_1_807' title='bbox 1092 1746 1266 1793; x_wconf 38' lang='lat' dir='ltr'>ipso-enim</span> <span class='ocrx_word' id='word_1_808' title='bbox 1280 1770 1288 1792; x_wconf 67' lang='lat'><em>2</em></span> <span class='ocrx_word' id='word_1_809' title='bbox 1313 1746 1397 1787; x_wconf 91' lang='lat' dir='ltr'>quod</span> <span class='ocrx_word' id='word_1_810' title='bbox 1408 1756 1479 1792; x_wconf 33' lang='lat' dir='ltr'>„rem</span> <span class='ocrx_word' id='word_1_811' title='bbox 1492 1770 1502 1785; x_wconf 88' lang='lat'>,</span> <span class='ocrx_word' id='word_1_812' title='bbox 1519 1755 1555 1778; x_wconf 85' lang='lat' dir='ltr'>ut</span> <span class='ocrx_word' id='word_1_813' title='bbox 1571 1748 1720 1789; x_wconf 86' lang='lat' dir='ltr'>alienam,</span> <span class='ocrx_word' id='word_1_814' title='bbox 1737 1748 1959 1782; x_wconf 86' lang='lat' dir='ltr'>testatorcom-</span> 
     </span>
     <span class='ocr_line' id='line_1_111' title="bbox 1092 1787 1959 1831; baseline 0.002 -10"><span class='ocrx_word' id='word_1_815' title='bbox 1092 1790 1194 1821; x_wconf 85' lang='lat' dir='ltr'>mittit</span> <span class='ocrx_word' id='word_1_816' title='bbox 1217 1787 1288 1819; x_wconf 88' lang='lat' dir='ltr'>fidei</span> <span class='ocrx_word' id='word_1_817' title='bbox 1311 1787 1450 1827; x_wconf 84' lang='lat' dir='ltr'>heredis,</span> <span class='ocrx_word' id='word_1_818' title='bbox 1483 1789 1534 1820; x_wconf 88' lang='lat' dir='ltr'>vel</span> <span class='ocrx_word' id='word_1_819' title='bbox 1562 1789 1645 1831; x_wconf 87' lang='lat' dir='ltr'>legat</span> <span class='ocrx_word' id='word_1_820' title='bbox 1661 1790 1870 1823; x_wconf 82' lang='lat' dir='ltr'>damnationis</span> <span class='ocrx_word' id='word_1_821' title='bbox 1890 1790 1959 1822; x_wconf 84' lang='lat' dir='ltr'>for-</span> 
     </span>
     <span class='ocr_line' id='line_1_112' title="bbox 1092 1829 1960 1872; baseline 0.001 -10"><span class='ocrx_word' id='word_1_822' title='bbox 1092 1830 1194 1869; x_wconf 89' lang='lat' dir='ltr'>mula,</span> <span class='ocrx_word' id='word_1_823' title='bbox 1229 1829 1341 1860; x_wconf 85' lang='lat' dir='ltr'>malam</span> <span class='ocrx_word' id='word_1_824' title='bbox 1368 1829 1460 1861; x_wconf 88' lang='lat' dir='ltr'>fidem</span> <span class='ocrx_word' id='word_1_825' title='bbox 1483 1829 1610 1870; x_wconf 86' lang='lat' dir='ltr'>prodit,</span> <span class='ocrx_word' id='word_1_826' title='bbox 1635 1838 1729 1872; x_wconf 86' lang='lat' dir='ltr'>atque</span> <span class='ocrx_word' id='word_1_827' title='bbox 1745 1831 1822 1863; x_wconf 85' lang='lat' dir='ltr'>adeo</span> <span class='ocrx_word' id='word_1_828' title='bbox 1841 1830 1960 1863; x_wconf 77' lang='lat' dir='ltr'>vitiosa</span> 
     </span>
     <span class='ocr_line' id='line_1_113' title="bbox 1092 1869 1958 1914; baseline 0.001 -11"><span class='ocrx_word' id='word_1_829' title='bbox 1092 1871 1136 1903; x_wconf 90' lang='lat' dir='ltr'>est</span> <span class='ocrx_word' id='word_1_830' title='bbox 1154 1872 1219 1912; x_wconf 88' lang='lat' dir='ltr'>ejus</span> <span class='ocrx_word' id='word_1_831' title='bbox 1235 1869 1396 1911; x_wconf 85' lang='lat' dir='ltr'>poffessio:</span> <span class='ocrx_word' id='word_1_832' title='bbox 1428 1879 1528 1912; x_wconf 90' lang='lat' dir='ltr'>neque</span> <span class='ocrx_word' id='word_1_833' title='bbox 1551 1871 1669 1903; x_wconf 87' lang='lat' dir='ltr'>vitiosa</span> <span class='ocrx_word' id='word_1_834' title='bbox 1684 1872 1733 1912; x_wconf 91' lang='lat' dir='ltr'>ei,</span> <span class='ocrx_word' id='word_1_835' title='bbox 1757 1882 1825 1914; x_wconf 67' lang='lat' dir='ltr'>quae</span> <span class='ocrx_word' id='word_1_836' title='bbox 1841 1871 1958 1905; x_wconf 80' lang='lat' dir='ltr'>vitiosa</span> 
     </span>
     <span class='ocr_line' id='line_1_114' title="bbox 1091 1911 1958 1955; baseline 0.001 -10"><span class='ocrx_word' id='word_1_837' title='bbox 1091 1923 1155 1945; x_wconf 89' lang='lat' dir='ltr'>non</span> <span class='ocrx_word' id='word_1_838' title='bbox 1171 1911 1234 1950; x_wconf 84' lang='lat' dir='ltr'>est,</span> <span class='ocrx_word' id='word_1_839' title='bbox 1257 1911 1339 1943; x_wconf 72' lang='lat' dir='ltr'>reae</span> <span class='ocrx_word' id='word_1_840' title='bbox 1357 1912 1495 1952; x_wconf 87' lang='lat' dir='ltr'>accedit,</span> <span class='ocrx_word' id='word_1_841' title='bbox 1521 1919 1556 1943; x_wconf 88' lang='lat' dir='ltr'>ut</span> <span class='ocrx_word' id='word_1_842' title='bbox 1571 1913 1678 1944; x_wconf 63' lang='lat' dir='ltr'>auctor</span> <span class='ocrx_word' id='word_1_843' title='bbox 1694 1914 1739 1945; x_wconf 89' lang='lat' dir='ltr'>est</span> <span class='ocrx_word' id='word_1_844' title='bbox 1755 1913 1819 1955; x_wconf 89' lang='lat' dir='ltr'>ipse</span> <span class='ocrx_word' id='word_1_845' title='bbox 1837 1913 1892 1945; x_wconf 89' lang='lat' dir='ltr'>ille</span> <span class='ocrx_word' id='word_1_846' title='bbox 1900 1913 1958 1946; x_wconf 87' lang='lat' dir='ltr'>Ul-</span> 
     </span>
     <span class='ocr_line' id='line_1_115' title="bbox 1091 1952 1535 1996; baseline -0.002 -11"><span class='ocrx_word' id='word_1_847' title='bbox 1091 1955 1202 1996; x_wconf 81' lang='lat' dir='ltr'>pianus</span> <span class='ocrx_word' id='word_1_848' title='bbox 1216 1953 1248 1984; x_wconf 92' lang='lat' dir='ltr'>in</span> <span class='ocrx_word' id='word_1_849' title='bbox 1271 1954 1298 1984; x_wconf 83' lang='lat' dir='ltr'>h.</span> <span class='ocrx_word' id='word_1_850' title='bbox 1325 1953 1408 1994; x_wconf 80' lang='lat' dir='ltr'>l.13.</span> <span class='ocrx_word' id='word_1_851' title='bbox 1433 1952 1460 1994; x_wconf 85' lang='lat'>§.</span> <span class='ocrx_word' id='word_1_852' title='bbox 1482 1954 1535 1985; x_wconf 79' lang='lat' dir='ltr'>ult.</span> 
     </span>
    </p>
   </div>
   <div class='ocr_carea' id='block_1_29' title="bbox 1583 1953 1971 1996">
    <p class='ocr_par' dir='ltr' id='par_1_31' title="bbox 1583 1953 1971 1996">
     <span class='ocr_line' id='line_1_116' title="bbox 1583 1953 1971 1996; baseline 0.003 -11"><span class='ocrx_word' id='word_1_853' title='bbox 1583 1953 1689 1986; x_wconf 87' lang='lat' dir='ltr'>Potest</span> <span class='ocrx_word' id='word_1_854' title='bbox 1704 1955 1847 1996; x_wconf 86' lang='lat' dir='ltr'>equidem</span> <span class='ocrx_word' id='word_1_855' title='bbox 1857 1954 1887 1986; x_wconf 92' lang='lat' dir='ltr'>in</span> <span class='ocrx_word' id='word_1_856' title='bbox 1898 1954 1955 1986; x_wconf 90' lang='lat' dir='ltr'>bo·</span> <span class='ocrx_word' id='word_1_857' title='bbox 1969 1964 1971 1966; x_wconf 84' lang='lat'>·</span> 
     </span>
    </p>
   </div>
   <div class='ocr_carea' id='block_1_30' title="bbox 1981 1639 1991 1655">
    <p class='ocr_par' dir='ltr' id='par_1_32' title="bbox 1981 1639 1991 1655">
     <span class='ocr_line' id='line_1_117' title="bbox 1981 1639 1991 1655; baseline 0 0"><span class='ocrx_word' id='word_1_858' title='bbox 1981 1639 1991 1655; x_wconf 66' lang='lat' dir='ltr'>t</span> 
     </span>
    </p>
   </div>
   <div class='ocr_carea' id='block_1_31' title="bbox 1982 1689 1997 1781">
    <p class='ocr_par' dir='ltr' id='par_1_33' title="bbox 1982 1689 1997 1781">
     <span class='ocr_line' id='line_1_118' title="bbox 1983 1689 1994 1716; baseline 0 0"><span class='ocrx_word' id='word_1_859' title='bbox 1983 1689 1994 1716; x_wconf 73' lang='lat' dir='ltr'>ui</span> 
     </span>
     <span class='ocr_line' id='line_1_119' title="bbox 1982 1719 1996 1757; baseline -0.143 0"><span class='ocrx_word' id='word_1_860' title='bbox 1982 1719 1996 1757; x_wconf 64' lang='grc' dir='ltr'>’Ξ</span> 
     </span>
     <span class='ocr_line' id='line_1_120' title="bbox 1983 1764 1997 1781; baseline 0 -2"><span class='ocrx_word' id='word_1_861' title='bbox 1983 1764 1997 1781; x_wconf 62' lang='lat' dir='ltr'>fi</span> 
     </span>
    </p>
   </div>
   <div class='ocr_carea' id='block_1_32' title="bbox 1986 1785 1996 1867">
    <p class='ocr_par' dir='ltr' id='par_1_34' title="bbox 1986 1785 1996 1867">
     <span class='ocr_line' id='line_1_121' title="bbox 1986 1785 1996 1867; baseline 0 0"><span class='ocrx_word' id='word_1_862' title='bbox 1986 1785 1996 1867; x_wconf 81' lang='lat' dir='ltr'>i</span> 
     </span>
    </p>
   </div>
   <div class='ocr_carea' id='block_1_33' title="bbox 1975 1871 1997 1909">
    <p class='ocr_par' dir='ltr' id='par_1_35' title="bbox 1975 1871 1997 1909">
     <span class='ocr_line' id='line_1_122' title="bbox 1975 1871 1995 1886; baseline 0 -3"><span class='ocrx_word' id='word_1_863' title='bbox 1975 1882 1978 1886; x_wconf 83' lang='grc'>,</span> <span class='ocrx_word' id='word_1_864' title='bbox 1990 1871 1995 1883; x_wconf 80' lang='lat'><em>1</em></span> 
     </span>
     <span class='ocr_line' id='line_1_123' title="bbox 1989 1894 1997 1909; baseline 0 0"><span class='ocrx_word' id='word_1_865' title='bbox 1989 1894 1997 1909; x_wconf 65' lang='grc' dir='ltr'><strong>θ</strong></span> 
     </span>
    </p>
   </div>
   <div class='ocr_carea' id='block_1_34' title="bbox 1092 1993 1994 2035">
    <p class='ocr_par' dir='ltr' id='par_1_36' title="bbox 1092 1993 1994 2035">
     <span class='ocr_line' id='line_1_124' title="bbox 1092 1993 1994 2035; baseline 0 -8"><span class='ocrx_word' id='word_1_866' title='bbox 1092 2006 1130 2027; x_wconf 87' lang='lat' dir='ltr'>na</span> <span class='ocrx_word' id='word_1_867' title='bbox 1149 1995 1210 2027; x_wconf 88' lang='lat' dir='ltr'>fide</span> <span class='ocrx_word' id='word_1_868' title='bbox 1225 1993 1317 2026; x_wconf 83' lang='lat' dir='ltr'>fuiss&#39;e</span> <span class='ocrx_word' id='word_1_869' title='bbox 1335 1995 1484 2032; x_wconf 86' lang='lat' dir='ltr'>testator,</span> <span class='ocrx_word' id='word_1_870' title='bbox 1508 1994 1529 2027; x_wconf 86' lang='lat' dir='ltr'><strong>fi</strong></span> <span class='ocrx_word' id='word_1_871' title='bbox 1542 1994 1698 2035; x_wconf 87' lang='lat' dir='ltr'>fortuito,</span> <span class='ocrx_word' id='word_1_872' title='bbox 1723 2005 1786 2027; x_wconf 89' lang='lat' dir='ltr'>non</span> <span class='ocrx_word' id='word_1_873' title='bbox 1807 1995 1968 2029; x_wconf 90' lang='lat' dir='ltr'>consulto·</span> <span class='ocrx_word' id='word_1_874' title='bbox 1991 2016 1994 2019; x_wconf 90' lang='lat'><em>-</em></span> 
     </span>
    </p>
   </div>
   <div class='ocr_carea' id='block_1_35' title="bbox 1092 2034 1971 2077">
    <p class='ocr_par' dir='ltr' id='par_1_37' title="bbox 1092 2034 1971 2077">
     <span class='ocr_line' id='line_1_125' title="bbox 1092 2034 1971 2077; baseline 0.001 -9"><span class='ocrx_word' id='word_1_875' title='bbox 1092 2044 1198 2068; x_wconf 85' lang='lat' dir='ltr'>utatur</span> <span class='ocrx_word' id='word_1_876' title='bbox 1220 2034 1367 2067; x_wconf 88' lang='lat' dir='ltr'>formulis</span> <span class='ocrx_word' id='word_1_877' title='bbox 1386 2059 1395 2075; x_wconf 95' lang='lat'>,</span> <span class='ocrx_word' id='word_1_878' title='bbox 1429 2035 1541 2076; x_wconf 86' lang='lat' dir='ltr'>quibus</span> <span class='ocrx_word' id='word_1_879' title='bbox 1563 2046 1610 2068; x_wconf 87' lang='lat' dir='ltr'>res</span> <span class='ocrx_word' id='word_1_880' title='bbox 1625 2036 1723 2068; x_wconf 83' lang='lat' dir='ltr'>aliena</span> <span class='ocrx_word' id='word_1_881' title='bbox 1736 2037 1844 2068; x_wconf 68' lang='lat' dir='ltr'>rcliCta</span> <span class='ocrx_word' id='word_1_882' title='bbox 1865 2036 1971 2077; x_wconf 70' lang='lat' dir='ltr'>subfi-,</span> 
     </span>
    </p>
   </div>
   <div class='ocr_carea' id='block_1_36' title="bbox 1092 2076 1993 2119">
    <p class='ocr_par' dir='ltr' id='par_1_38' title="bbox 1092 2076 1993 2119">
     <span class='ocr_line' id='line_1_126' title="bbox 1092 2076 1993 2119; baseline 0 -10"><span class='ocrx_word' id='word_1_883' title='bbox 1092 2077 1163 2115; x_wconf 87' lang='lat' dir='ltr'>stit,</span> <span class='ocrx_word' id='word_1_884' title='bbox 1198 2076 1248 2108; x_wconf 86' lang='lat' dir='ltr'>scd</span> <span class='ocrx_word' id='word_1_885' title='bbox 1271 2086 1364 2108; x_wconf 91' lang='lat' dir='ltr'>nemo</span> <span class='ocrx_word' id='word_1_886' title='bbox 1389 2076 1464 2107; x_wconf 84' lang='lat' dir='ltr'>milii</span> <span class='ocrx_word' id='word_1_887' title='bbox 1493 2076 1675 2118; x_wconf 84' lang='lat' dir='ltr'>persuaserit</span> <span class='ocrx_word' id='word_1_888' title='bbox 1692 2101 1701 2117; x_wconf 93' lang='lat'>,</span> <span class='ocrx_word' id='word_1_889' title='bbox 1733 2078 1812 2110; x_wconf 87' lang='lat' dir='ltr'>hanc</span> <span class='ocrx_word' id='word_1_890' title='bbox 1827 2077 1965 2119; x_wconf 77' lang='lat' dir='ltr'>Ulpiani</span> <span class='ocrx_word' id='word_1_891' title='bbox 1991 2079 1993 2082; x_wconf 59' lang='lat'><em>⁴</em></span> 
     </span>
    </p>
   </div>
   <div class='ocr_carea' id='block_1_37' title="bbox 1091 2117 1969 2205">
    <p class='ocr_par' dir='ltr' id='par_1_39' title="bbox 1091 2117 1969 2205">
     <span class='ocr_line' id='line_1_127' title="bbox 1091 2117 1967 2160; baseline 0 -10"><span class='ocrx_word' id='word_1_892' title='bbox 1091 2126 1227 2150; x_wconf 83' lang='lat' dir='ltr'>mentem</span> <span class='ocrx_word' id='word_1_893' title='bbox 1243 2117 1320 2156; x_wconf 81' lang='lat' dir='ltr'>effe,</span> <span class='ocrx_word' id='word_1_894' title='bbox 1346 2127 1421 2148; x_wconf 87' lang='lat' dir='ltr'>tunc</span> <span class='ocrx_word' id='word_1_895' title='bbox 1437 2118 1561 2149; x_wconf 84' lang='lat' dir='ltr'>demum</span> <span class='ocrx_word' id='word_1_896' title='bbox 1582 2118 1739 2150; x_wconf 86' lang='lat' dir='ltr'>testatoris</span> <span class='ocrx_word' id='word_1_897' title='bbox 1764 2119 1794 2151; x_wconf 90' lang='lat'>&amp;</span> <span class='ocrx_word' id='word_1_898' title='bbox 1813 2117 1967 2160; x_wconf 78' lang='lat' dir='ltr'>legatarii.</span> 
     </span>
     <span class='ocr_line' id='line_1_128' title="bbox 1092 2158 1969 2205; baseline -0.002 -14"><span class='ocrx_word' id='word_1_899' title='bbox 1092 2168 1251 2200; x_wconf 78' lang='lat' dir='ltr'>tempora,</span> <span class='ocrx_word' id='word_1_900' title='bbox 1283 2159 1320 2190; x_wconf 85' lang='lat' dir='ltr'>ad</span> <span class='ocrx_word' id='word_1_901' title='bbox 1341 2159 1527 2199; x_wconf 81' lang='lat' dir='ltr'>implendam</span> <span class='ocrx_word' id='word_1_902' title='bbox 1552 2158 1772 2200; x_wconf 84' lang='lat' dir='ltr'>usucapionem</span> <span class='ocrx_word' id='word_1_903' title='bbox 1788 2183 1798 2200; x_wconf 92' lang='lat'>,</span> <span class='ocrx_word' id='word_1_904' title='bbox 1825 2159 1969 2205; x_wconf 51' lang='lat' dir='ltr'>conium·¹</span> 
     </span>
    </p>
   </div>
   <div class='ocr_carea' id='block_1_38' title="bbox 1091 2198 1956 2281">
    <p class='ocr_par' dir='ltr' id='par_1_40' title="bbox 1091 2198 1956 2281">
     <span class='ocr_line' id='line_1_129' title="bbox 1091 2198 1956 2243; baseline 0 -11"><span class='ocrx_word' id='word_1_905' title='bbox 1091 2202 1139 2243; x_wconf 80' lang='lat' dir='ltr'>gi,</span> <span class='ocrx_word' id='word_1_906' title='bbox 1166 2200 1187 2231; x_wconf 82' lang='lat' dir='ltr'>si</span> <span class='ocrx_word' id='word_1_907' title='bbox 1207 2200 1261 2231; x_wconf 86' lang='lat' dir='ltr'>ille</span> <span class='ocrx_word' id='word_1_908' title='bbox 1281 2198 1352 2231; x_wconf 84' lang='lat' dir='ltr'>casu</span> <span class='ocrx_word' id='word_1_909' title='bbox 1367 2199 1471 2240; x_wconf 82' lang='lat' dir='ltr'>forte,</span> <span class='ocrx_word' id='word_1_910' title='bbox 1495 2200 1643 2242; x_wconf 79' lang='lat' dir='ltr'>nullaque</span> <span class='ocrx_word' id='word_1_911' title='bbox 1667 2201 1761 2233; x_wconf 86' lang='lat' dir='ltr'>animi</span> <span class='ocrx_word' id='word_1_912' title='bbox 1778 2200 1956 2233; x_wconf 80' lang='lat' dir='ltr'>destinatio-</span> 
     </span>
     <span class='ocr_line' id='line_1_130' title="bbox 1091 2240 1956 2281; baseline -0.002 -7"><span class='ocrx_word' id='word_1_913' title='bbox 1091 2252 1148 2281; x_wconf 89' lang='lat' dir='ltr'>ne,</span> <span class='ocrx_word' id='word_1_914' title='bbox 1159 2240 1241 2272; x_wconf 88' lang='lat' dir='ltr'>hisce</span> <span class='ocrx_word' id='word_1_915' title='bbox 1257 2240 1406 2272; x_wconf 86' lang='lat' dir='ltr'>formulis</span> <span class='ocrx_word' id='word_1_916' title='bbox 1428 2248 1552 2280; x_wconf 84' lang='lat' dir='ltr'>utatur,</span> <span class='ocrx_word' id='word_1_917' title='bbox 1569 2251 1638 2273; x_wconf 87' lang='lat' dir='ltr'>nam</span> <span class='ocrx_word' id='word_1_918' title='bbox 1653 2242 1675 2274; x_wconf 89' lang='lat' dir='ltr'>fi</span> <span class='ocrx_word' id='word_1_919' title='bbox 1692 2241 1857 2281; x_wconf 89' lang='lat' dir='ltr'>consulto,</span> <span class='ocrx_word' id='word_1_920' title='bbox 1893 2240 1956 2272; x_wconf 87' lang='lat' dir='ltr'>uod</span> 
     </span>
    </p>
   </div>
   <div class='ocr_carea' id='block_1_39' title="bbox 1090 2281 1973 2329">
    <p class='ocr_par' dir='ltr' id='par_1_41' title="bbox 1090 2281 1973 2329">
     <span class='ocr_line' id='line_1_131' title="bbox 1090 2281 1973 2329; baseline 0.001 -14"><span class='ocrx_word' id='word_1_921' title='bbox 1090 2293 1155 2315; x_wconf 83' lang='lat' dir='ltr'>rein</span> <span class='ocrx_word' id='word_1_922' title='bbox 1179 2282 1272 2313; x_wconf 81' lang='lat' dir='ltr'>sciret</span> <span class='ocrx_word' id='word_1_923' title='bbox 1299 2282 1430 2314; x_wconf 87' lang='lat' dir='ltr'>alienam</span> <span class='ocrx_word' id='word_1_924' title='bbox 1456 2281 1517 2314; x_wconf 80' lang='lat' dir='ltr'>ess&#39;e</span> <span class='ocrx_word' id='word_1_925' title='bbox 1536 2306 1545 2322; x_wconf 87' lang='lat'>‚</span> <span class='ocrx_word' id='word_1_926' title='bbox 1575 2283 1637 2323; x_wconf 81' lang='lat' dir='ltr'>J&#39;am</span> <span class='ocrx_word' id='word_1_927' title='bbox 1661 2282 1795 2321; x_wconf 83' lang='lat' dir='ltr'>frustra,</span> <span class='ocrx_word' id='word_1_928' title='bbox 1819 2291 1856 2315; x_wconf 89' lang='lat' dir='ltr'>ut</span> <span class='ocrx_word' id='word_1_929' title='bbox 1897 2282 1973 2329; x_wconf 66' lang='lat' dir='ltr'>iXi‘:</span> 
     </span>
    </p>
   </div>
   <div class='ocr_carea' id='block_1_40' title="bbox 1090 2323 1869 2365">
    <p class='ocr_par' dir='ltr' id='par_1_42' title="bbox 1090 2323 1869 2365">
     <span class='ocr_line' id='line_1_132' title="bbox 1090 2323 1869 2365; baseline 0 -9"><span class='ocrx_word' id='word_1_930' title='bbox 1090 2334 1177 2362; x_wconf 85' lang='lat' dir='ltr'>mus,</span> <span class='ocrx_word' id='word_1_931' title='bbox 1200 2323 1238 2354; x_wconf 91' lang='lat' dir='ltr'>de</span> <span class='ocrx_word' id='word_1_932' title='bbox 1251 2323 1474 2363; x_wconf 66' lang='lat' dir='ltr'>conjunctione</span> <span class='ocrx_word' id='word_1_933' title='bbox 1490 2330 1667 2365; x_wconf 85' lang='lat' dir='ltr'>temporum</span> <span class='ocrx_word' id='word_1_934' title='bbox 1683 2324 1869 2356; x_wconf 85' lang='lat' dir='ltr'>laboramus.</span> 
     </span>
    </p>
   </div>
   <div class='ocr_carea' id='block_1_41' title="bbox 1132 2363 1986 2411">
    <p class='ocr_par' dir='ltr' id='par_1_43' title="bbox 1132 2363 1986 2411">
     <span class='ocr_line' id='line_1_133' title="bbox 1132 2363 1986 2411; baseline 0 -16"><span class='ocrx_word' id='word_1_935' title='bbox 1132 2364 1240 2411; x_wconf 81' lang='lat' dir='ltr'>Quare</span> <span class='ocrx_word' id='word_1_936' title='bbox 1260 2365 1314 2396; x_wconf 82' lang='lat' dir='ltr'>illa</span> <span class='ocrx_word' id='word_1_937' title='bbox 1335 2363 1493 2395; x_wconf 72' lang='lat' dir='ltr'>distinctio</span> <span class='ocrx_word' id='word_1_938' title='bbox 1519 2364 1640 2405; x_wconf 87' lang='lat' dir='ltr'>Cujacii</span> <span class='ocrx_word' id='word_1_939' title='bbox 1668 2365 1751 2396; x_wconf 84' lang='lat' dir='ltr'>inter</span> <span class='ocrx_word' id='word_1_940' title='bbox 1772 2364 1883 2396; x_wconf 88' lang='lat' dir='ltr'>modos</span> <span class='ocrx_word' id='word_1_941' title='bbox 1912 2364 1955 2395; x_wconf 81' lang='lat' dir='ltr'>lc·</span> <span class='ocrx_word' id='word_1_942' title='bbox 1983 2367 1986 2371; x_wconf 83' lang='lat'>&#39;</span> 
     </span>
    </p>
   </div>
   <div class='ocr_carea' id='block_1_42' title="bbox 1090 2404 1972 2449">
    <p class='ocr_par' dir='ltr' id='par_1_44' title="bbox 1090 2404 1972 2449">
     <span class='ocr_line' id='line_1_134' title="bbox 1090 2404 1972 2449; baseline 0 -12"><span class='ocrx_word' id='word_1_943' title='bbox 1090 2409 1181 2449; x_wconf 80' lang='lat' dir='ltr'>gandi</span> <span class='ocrx_word' id='word_1_944' title='bbox 1197 2416 1262 2437; x_wconf 89' lang='lat' dir='ltr'>rem</span> <span class='ocrx_word' id='word_1_945' title='bbox 1275 2405 1404 2437; x_wconf 83' lang='lat' dir='ltr'>alienam</span> <span class='ocrx_word' id='word_1_946' title='bbox 1418 2428 1427 2443; x_wconf 90' lang='lat'>,</span> <span class='ocrx_word' id='word_1_947' title='bbox 1453 2407 1596 2446; x_wconf 87' lang='lat' dir='ltr'>quamvis</span> <span class='ocrx_word' id='word_1_948' title='bbox 1612 2404 1863 2444; x_wconf 76' lang='lat' dir='ltr'>vei-iffimacsset‚</span> <span class='ocrx_word' id='word_1_949' title='bbox 1884 2414 1972 2447; x_wconf 81' lang='lat' dir='ltr'>pro-¹</span> 
     </span>
    </p>
   </div>
   <div class='ocr_carea' id='block_1_43' title="bbox 1090 2445 1957 2529">
    <p class='ocr_par' dir='ltr' id='par_1_45' title="bbox 1090 2445 1957 2529">
     <span class='ocr_line' id='line_1_135' title="bbox 1090 2445 1957 2486; baseline -0.001 -7"><span class='ocrx_word' id='word_1_950' title='bbox 1090 2447 1230 2479; x_wconf 83' lang='lat' dir='ltr'>ducenda</span> <span class='ocrx_word' id='word_1_951' title='bbox 1248 2456 1310 2478; x_wconf 88' lang='lat' dir='ltr'>non</span> <span class='ocrx_word' id='word_1_952' title='bbox 1329 2445 1373 2477; x_wconf 87' lang='lat' dir='ltr'>est</span> <span class='ocrx_word' id='word_1_953' title='bbox 1387 2446 1422 2477; x_wconf 86' lang='lat' dir='ltr'>ad</span> <span class='ocrx_word' id='word_1_954' title='bbox 1442 2445 1562 2477; x_wconf 88' lang='lat' dir='ltr'>causam</span> <span class='ocrx_word' id='word_1_955' title='bbox 1579 2445 1776 2486; x_wconf 86' lang='lat' dir='ltr'>usucapionis</span> <span class='ocrx_word' id='word_1_956' title='bbox 1791 2445 1823 2477; x_wconf 89' lang='lat' dir='ltr'>in</span> <span class='ocrx_word' id='word_1_957' title='bbox 1840 2447 1957 2478; x_wconf 87' lang='lat' dir='ltr'>articu-</span> 
     </span>
     <span class='ocr_line' id='line_1_136' title="bbox 1091 2486 1957 2529; baseline -0.002 -8"><span class='ocrx_word' id='word_1_958' title='bbox 1091 2491 1124 2521; x_wconf 88' lang='lat' dir='ltr'>lo</span> <span class='ocrx_word' id='word_1_959' title='bbox 1147 2489 1185 2520; x_wconf 86' lang='lat' dir='ltr'>de</span> <span class='ocrx_word' id='word_1_960' title='bbox 1212 2487 1434 2528; x_wconf 62' lang='lat' dir='ltr'>conjunctione</span> <span class='ocrx_word' id='word_1_961' title='bbox 1459 2494 1645 2527; x_wconf 88' lang='lat' dir='ltr'>temporum.</span> <span class='ocrx_word' id='word_1_962' title='bbox 1690 2486 1828 2518; x_wconf 83' lang='lat' dir='ltr'>Scientia</span> <span class='ocrx_word' id='word_1_963' title='bbox 1847 2487 1957 2529; x_wconf 87' lang='lat' dir='ltr'>utique</span> 
     </span>
    </p>
   </div>
   <div class='ocr_carea' id='block_1_44' title="bbox 1091 2527 1975 2612">
    <p class='ocr_par' dir='ltr' id='par_1_46' title="bbox 1091 2527 1975 2612">
     <span class='ocr_line' id='line_1_137' title="bbox 1093 2527 1974 2568; baseline -0.002 -6"><span class='ocrx_word' id='word_1_964' title='bbox 1093 2529 1248 2562; x_wconf 75' lang='lat' dir='ltr'>testatoris</span> <span class='ocrx_word' id='word_1_965' title='bbox 1259 2553 1268 2568; x_wconf 84' lang='lat'>,</span> <span class='ocrx_word' id='word_1_966' title='bbox 1293 2537 1357 2559; x_wconf 88' lang='lat' dir='ltr'>rem</span> <span class='ocrx_word' id='word_1_967' title='bbox 1374 2528 1505 2558; x_wconf 85' lang='lat' dir='ltr'>alienam</span> <span class='ocrx_word' id='word_1_968' title='bbox 1523 2527 1602 2566; x_wconf 87' lang='lat' dir='ltr'>effe,</span> <span class='ocrx_word' id='word_1_969' title='bbox 1627 2527 1656 2559; x_wconf 87' lang='lat'>&amp;</span> <span class='ocrx_word' id='word_1_970' title='bbox 1672 2527 1742 2558; x_wconf 87' lang='lat' dir='ltr'>ideo</span> <span class='ocrx_word' id='word_1_971' title='bbox 1759 2528 1876 2560; x_wconf 84' lang='lat' dir='ltr'>utentis</span> <span class='ocrx_word' id='word_1_972' title='bbox 1888 2537 1956 2560; x_wconf 84' lang='lat' dir='ltr'>vei·-</span> <span class='ocrx_word' id='word_1_973' title='bbox 1970 2554 1974 2559; x_wconf 95' lang='lat'>.</span> 
     </span>
     <span class='ocr_line' id='line_1_138' title="bbox 1091 2567 1975 2612; baseline -0.003 -9"><span class='ocrx_word' id='word_1_974' title='bbox 1091 2572 1140 2603; x_wconf 88' lang='lat' dir='ltr'>bis</span> <span class='ocrx_word' id='word_1_975' title='bbox 1166 2569 1311 2612; x_wconf 85' lang='lat' dir='ltr'>precariis</span> <span class='ocrx_word' id='word_1_976' title='bbox 1330 2590 1341 2606; x_wconf 86' lang='lat'>,</span> <span class='ocrx_word' id='word_1_977' title='bbox 1370 2568 1421 2599; x_wconf 90' lang='lat' dir='ltr'>vel</span> <span class='ocrx_word' id='word_1_978' title='bbox 1444 2567 1582 2599; x_wconf 88' lang='lat' dir='ltr'>formula</span> <span class='ocrx_word' id='word_1_979' title='bbox 1595 2568 1822 2608; x_wconf 87' lang='lat' dir='ltr'>damnationis,</span> <span class='ocrx_word' id='word_1_980' title='bbox 1844 2569 1975 2602; x_wconf 87' lang='lat' dir='ltr'>malam.</span> 
     </span>
    </p>
   </div>
   <div class='ocr_carea' id='block_1_45' title="bbox 1094 2609 1956 2652">
    <p class='ocr_par' dir='ltr' id='par_1_47' title="bbox 1094 2609 1956 2652">
     <span class='ocr_line' id='line_1_139' title="bbox 1094 2609 1956 2652; baseline -0.002 -8"><span class='ocrx_word' id='word_1_981' title='bbox 1094 2613 1160 2652; x_wconf 73' lang='lat' dir='ltr'>ejus</span> <span class='ocrx_word' id='word_1_982' title='bbox 1176 2612 1268 2643; x_wconf 79' lang='lat' dir='ltr'>sidem</span> <span class='ocrx_word' id='word_1_983' title='bbox 1287 2609 1398 2648; x_wconf 73' lang='lat' dir='ltr'>arguit.</span> <span class='ocrx_word' id='word_1_984' title='bbox 1423 2609 1476 2641; x_wconf 91' lang='lat' dir='ltr'>Sin</span> <span class='ocrx_word' id='word_1_985' title='bbox 1491 2609 1570 2649; x_wconf 82' lang='lat' dir='ltr'>ajas,</span> <span class='ocrx_word' id='word_1_986' title='bbox 1597 2618 1632 2640; x_wconf 91' lang='lat' dir='ltr'>ut</span> <span class='ocrx_word' id='word_1_987' title='bbox 1647 2609 1701 2640; x_wconf 85' lang='lat' dir='ltr'>ille</span> <span class='ocrx_word' id='word_1_988' title='bbox 1719 2610 1763 2641; x_wconf 85' lang='lat' dir='ltr'>ait</span> <span class='ocrx_word' id='word_1_989' title='bbox 1775 2633 1785 2650; x_wconf 90' lang='lat'>,</span> <span class='ocrx_word' id='word_1_990' title='bbox 1807 2610 1871 2642; x_wconf 86' lang='lat' dir='ltr'>alio</span> <span class='ocrx_word' id='word_1_991' title='bbox 1889 2619 1956 2642; x_wconf 91' lang='lat' dir='ltr'>mo-</span> 
     </span>
    </p>
   </div>
   <div class='ocr_carea' id='block_1_46' title="bbox 1093 2650 1996 2698">
    <p class='ocr_par' dir='ltr' id='par_1_48' title="bbox 1093 2650 1996 2698">
     <span class='ocr_line' id='line_1_140' title="bbox 1093 2650 1996 2698; baseline -0.002 -13"><span class='ocrx_word' id='word_1_992' title='bbox 1093 2660 1135 2685; x_wconf 81' lang='lat' dir='ltr'>do</span> <span class='ocrx_word' id='word_1_993' title='bbox 1150 2662 1213 2684; x_wconf 90' lang='lat' dir='ltr'>non</span> <span class='ocrx_word' id='word_1_994' title='bbox 1230 2650 1386 2683; x_wconf 81' lang='lat' dir='ltr'>subsistere</span> <span class='ocrx_word' id='word_1_995' title='bbox 1412 2650 1546 2691; x_wconf 87' lang='lat' dir='ltr'>legatum</span> <span class='ocrx_word' id='word_1_996' title='bbox 1571 2650 1613 2681; x_wconf 88' lang='lat' dir='ltr'>rei</span> <span class='ocrx_word' id='word_1_997' title='bbox 1633 2651 1763 2690; x_wconf 82' lang='lat' dir='ltr'>alicnae,</span> <span class='ocrx_word' id='word_1_998' title='bbox 1787 2660 1957 2698; x_wconf 40' lang='lat' dir='ltr'>repon-am,</span> <span class='ocrx_word' id='word_1_999' title='bbox 1994 2679 1996 2682; x_wconf 74' lang='grc'>,</span> 
     </span>
    </p>
   </div>
   <div class='ocr_carea' id='block_1_47' title="bbox 1093 2690 1956 2736">
    <p class='ocr_par' dir='ltr' id='par_1_49' title="bbox 1093 2690 1956 2736">
     <span class='ocr_line' id='line_1_141' title="bbox 1093 2690 1956 2736; baseline -0.001 -11"><span class='ocrx_word' id='word_1_1000' title='bbox 1093 2703 1194 2736; x_wconf 81' lang='lat' dir='ltr'>neque</span> <span class='ocrx_word' id='word_1_1001' title='bbox 1217 2693 1310 2723; x_wconf 81' lang='lat' dir='ltr'>etiam</span> <span class='ocrx_word' id='word_1_1002' title='bbox 1335 2690 1491 2723; x_wconf 73' lang='lat' dir='ltr'>subsistere</span> <span class='ocrx_word' id='word_1_1003' title='bbox 1515 2691 1722 2732; x_wconf 40' lang='lat' dir='ltr'>legatumvrei</span> <span class='ocrx_word' id='word_1_1004' title='bbox 1744 2692 1851 2724; x_wconf 85' lang='lat' dir='ltr'>alienae</span> <span class='ocrx_word' id='word_1_1005' title='bbox 1879 2702 1911 2724; x_wconf 86' lang='lat' dir='ltr'>in</span> <span class='ocrx_word' id='word_1_1006' title='bbox 1933 2702 1956 2724; x_wconf 88' lang='lat'>1-</span> 
     </span>
    </p>
   </div>
   <div class='ocr_carea' id='block_1_48' title="bbox 1093 2731 1990 2778">
    <p class='ocr_par' dir='ltr' id='par_1_50' title="bbox 1093 2731 1990 2778">
     <span class='ocr_line' id='line_1_142' title="bbox 1093 2731 1990 2778; baseline -0.002 -11"><span class='ocrx_word' id='word_1_1007' title='bbox 1093 2741 1244 2777; x_wconf 84' lang='lat' dir='ltr'>gnorantc</span> <span class='ocrx_word' id='word_1_1008' title='bbox 1262 2731 1408 2764; x_wconf 70' lang='lat' dir='ltr'>testatore</span> <span class='ocrx_word' id='word_1_1009' title='bbox 1420 2755 1429 2771; x_wconf 92' lang='lat'>,</span> <span class='ocrx_word' id='word_1_1010' title='bbox 1453 2741 1641 2778; x_wconf 80' lang='lat' dir='ltr'>quocunque</span> <span class='ocrx_word' id='word_1_1011' title='bbox 1662 2732 1788 2764; x_wconf 89' lang='lat' dir='ltr'>demum</span> <span class='ocrx_word' id='word_1_1012' title='bbox 1803 2732 1898 2765; x_wconf 89' lang='lat' dir='ltr'>modo</span> <span class='ocrx_word' id='word_1_1013' title='bbox 1914 2731 1990 2774; x_wconf 48' lang='lat' dir='ltr'>les,v</span> 
     </span>
    </p>
   </div>
   <div class='ocr_carea' id='block_1_49' title="bbox 1093 2772 1960 2817">
    <p class='ocr_par' dir='ltr' id='par_1_51' title="bbox 1093 2772 1960 2817">
     <span class='ocr_line' id='line_1_143' title="bbox 1093 2772 1960 2817; baseline -0.001 -10"><span class='ocrx_word' id='word_1_1014' title='bbox 1093 2785 1200 2817; x_wconf 80' lang='lat' dir='ltr'>gatum</span> <span class='ocrx_word' id='word_1_1015' title='bbox 1222 2774 1342 2805; x_wconf 86' lang='lat' dir='ltr'>fuerit:</span> <span class='ocrx_word' id='word_1_1016' title='bbox 1375 2782 1444 2805; x_wconf 82' lang='lat' dir='ltr'>nam</span> <span class='ocrx_word' id='word_1_1017' title='bbox 1473 2772 1495 2805; x_wconf 86' lang='lat' dir='ltr'>fi</span> <span class='ocrx_word' id='word_1_1018' title='bbox 1518 2783 1587 2814; x_wconf 83' lang='lat' dir='ltr'>quis</span> <span class='ocrx_word' id='word_1_1019' title='bbox 1608 2783 1673 2805; x_wconf 88' lang='lat' dir='ltr'>rem</span> <span class='ocrx_word' id='word_1_1020' title='bbox 1698 2773 1847 2812; x_wconf 87' lang='lat' dir='ltr'>alienam,</span> <span class='ocrx_word' id='word_1_1021' title='bbox 1872 2772 1960 2807; x_wconf 86' lang='lat' dir='ltr'>suam·</span> 
     </span>
    </p>
   </div>
   <div class='ocr_carea' id='block_1_50' title="bbox 1093 2813 1974 2857">
    <p class='ocr_par' dir='ltr' id='par_1_52' title="bbox 1093 2813 1974 2857">
     <span class='ocr_line' id='line_1_144' title="bbox 1093 2813 1974 2857; baseline -0.001 -9"><span class='ocrx_word' id='word_1_1022' title='bbox 1093 2825 1199 2855; x_wconf 76' lang='lat' dir='ltr'>ratUS,</span> <span class='ocrx_word' id='word_1_1023' title='bbox 1231 2814 1382 2855; x_wconf 74' lang='lat' dir='ltr'>legaverit</span> <span class='ocrx_word' id='word_1_1024' title='bbox 1398 2836 1409 2852; x_wconf 87' lang='lat'>,</span> <span class='ocrx_word' id='word_1_1025' title='bbox 1442 2813 1519 2845; x_wconf 82' lang='lat' dir='ltr'>adeo</span> <span class='ocrx_word' id='word_1_1026' title='bbox 1543 2813 1623 2847; x_wconf 88' lang='lat' dir='ltr'>nihil</span> <span class='ocrx_word' id='word_1_1027' title='bbox 1639 2813 1704 2853; x_wconf 84' lang='lat' dir='ltr'>cst,</span> <span class='ocrx_word' id='word_1_1028' title='bbox 1729 2815 1812 2856; x_wconf 91' lang='lat' dir='ltr'>quod</span> <span class='ocrx_word' id='word_1_1029' title='bbox 1829 2815 1974 2857; x_wconf 88' lang='lat' dir='ltr'>agitur,-</span> 
     </span>
    </p>
   </div>
   <div class='ocr_carea' id='block_1_51' title="bbox 1094 2865 1186 2888">
    <p class='ocr_par' dir='ltr' id='par_1_53' title="bbox 1094 2865 1186 2888">
     <span class='ocr_line' id='line_1_145' title="bbox 1094 2865 1186 2888; baseline -0.011 0"><span class='ocrx_word' id='word_1_1030' title='bbox 1094 2865 1129 2888; x_wconf 65' lang='grc' dir='ltr'>ΠΕ</span> <span class='ocrx_word' id='word_1_1031' title='bbox 1146 2866 1186 2888; x_wconf 73' lang='lat' dir='ltr'>I&#39;le</span> 
     </span>
    </p>
   </div>
   <div class='ocr_carea' id='block_1_52' title="bbox 1087 2898 1178 2939">
    <p class='ocr_par' dir='ltr' id='par_1_54' title="bbox 1087 2898 1178 2939">
     <span class='ocr_line' id='line_1_146' title="bbox 1087 2898 1178 2939; baseline 0 -10"><span class='ocrx_word' id='word_1_1032' title='bbox 1087 2898 1128 2939; x_wconf 88' lang='lat' dir='ltr'>ff.</span> <span class='ocrx_word' id='word_1_1033' title='bbox 1144 2899 1178 2929; x_wconf 68' lang='lat' dir='ltr'>de</span> 
     </span>
    </p>
   </div>
   <div class='ocr_carea' id='block_1_53' title="bbox 1091 2937 1431 2977">
    <p class='ocr_par' dir='ltr' id='par_1_55' title="bbox 1091 2937 1431 2977">
     <span class='ocr_line' id='line_1_147' title="bbox 1091 2937 1431 2977; baseline -0.006 -7"><span class='ocrx_word' id='word_1_1034' title='bbox 1091 2938 1242 2970; x_wconf 65' lang='lat' dir='ltr'>doeh-ina:</span> <span class='ocrx_word' id='word_1_1035' title='bbox 1259 2938 1297 2968; x_wconf 88' lang='lat' dir='ltr'>dc</span> <span class='ocrx_word' id='word_1_1036' title='bbox 1317 2937 1431 2977; x_wconf 85' lang='lat' dir='ltr'>conjun</span> 
     </span>
    </p>
   </div>
   <div class='ocr_carea' id='block_1_54' title="bbox 1199 2854 1954 2928">
    <p class='ocr_par' dir='ltr' id='par_1_56' title="bbox 1199 2854 1954 2928">
     <span class='ocr_line' id='line_1_148' title="bbox 1199 2854 1954 2928; baseline 0.003 -42"><span class='ocrx_word' id='word_1_1037' title='bbox 1199 2856 1322 2928; x_wconf 67' lang='lat' dir='ltr'>qpiuem</span> <span class='ocrx_word' id='word_1_1038' title='bbox 1339 2855 1425 2887; x_wconf 82' lang='lat' dir='ltr'>hei-es</span> <span class='ocrx_word' id='word_1_1039' title='bbox 1439 2854 1588 2886; x_wconf 87' lang='lat' dir='ltr'>redimere</span> <span class='ocrx_word' id='word_1_1040' title='bbox 1604 2862 1735 2897; x_wconf 84' lang='lat' dir='ltr'>cogatur</span> <span class='ocrx_word' id='word_1_1041' title='bbox 1766 2856 1786 2888; x_wconf 89' lang='lat' dir='ltr'>l.</span> <span class='ocrx_word' id='word_1_1042' title='bbox 1802 2859 1852 2896; x_wconf 84' lang='lat'>67.</span> <span class='ocrx_word' id='word_1_1043' title='bbox 1876 2855 1903 2898; x_wconf 86' lang='lat'>§.</span> <span class='ocrx_word' id='word_1_1044' title='bbox 1924 2859 1954 2892; x_wconf 86' lang='lat'>8.</span> 
     </span>
    </p>
   </div>
   <div class='ocr_carea' id='block_1_55' title="bbox 1091 3017 1956 3060">
    <p class='ocr_par' dir='ltr' id='par_1_57' title="bbox 1091 3017 1956 3060">
     <span class='ocr_line' id='line_1_149' title="bbox 1091 3017 1956 3060; baseline -0.001 -8"><span class='ocrx_word' id='word_1_1045' title='bbox 1091 3029 1174 3058; x_wconf 85' lang='lat' dir='ltr'>rem,</span> <span class='ocrx_word' id='word_1_1046' title='bbox 1204 3028 1295 3060; x_wconf 84' lang='lat' dir='ltr'>quam</span> <span class='ocrx_word' id='word_1_1047' title='bbox 1322 3018 1457 3059; x_wconf 80' lang='lat' dir='ltr'>legavit,</span> <span class='ocrx_word' id='word_1_1048' title='bbox 1484 3019 1616 3051; x_wconf 83' lang='lat' dir='ltr'>alienam</span> <span class='ocrx_word' id='word_1_1049' title='bbox 1633 3019 1704 3051; x_wconf 79' lang='lat' dir='ltr'>ess‘e.</span> <span class='ocrx_word' id='word_1_1050' title='bbox 1750 3019 1810 3052; x_wconf 90' lang='lat' dir='ltr'>Sed</span> <span class='ocrx_word' id='word_1_1051' title='bbox 1833 3019 1900 3052; x_wconf 89' lang='lat' dir='ltr'>haec</span> <span class='ocrx_word' id='word_1_1052' title='bbox 1918 3017 1956 3051; x_wconf 87' lang='lat' dir='ltr'>ad</span> 
     </span>
    </p>
   </div>
   <div class='ocr_carea' id='block_1_56' title="bbox 1086 3057 1970 3149">
    <p class='ocr_par' dir='ltr' id='par_1_58' title="bbox 1086 3057 1970 3149">
     <span class='ocr_line' id='line_1_150' title="bbox 1090 3057 1970 3101; baseline 0.001 -9"><span class='ocrx_word' id='word_1_1053' title='bbox 1090 3060 1311 3101; x_wconf 83' lang='lat' dir='ltr'>usucapionem</span> <span class='ocrx_word' id='word_1_1054' title='bbox 1346 3061 1415 3090; x_wconf 57' lang='lat' dir='ltr'>non*</span> <span class='ocrx_word' id='word_1_1055' title='bbox 1456 3060 1621 3098; x_wconf 83' lang='lat' dir='ltr'>ertinent,</span> <span class='ocrx_word' id='word_1_1056' title='bbox 1652 3069 1725 3092; x_wconf 89' lang='lat' dir='ltr'>cum</span> <span class='ocrx_word' id='word_1_1057' title='bbox 1750 3057 1970 3100; x_wconf 71' lang='lat' dir='ltr'>rationis,&#39;&amp;&#39;</span> 
     </span>
     <span class='ocr_line' id='line_1_151' title="bbox 1086 3099 1968 3149; baseline 0.001 -16"><span class='ocrx_word' id='word_1_1058' title='bbox 1086 3100 1343 3149; x_wconf 77' lang='lat' dir='ltr'>Jurisprudentiae</span> <span class='ocrx_word' id='word_1_1059' title='bbox 1358 3109 1417 3132; x_wconf 86' lang='lat' dir='ltr'>con</span> <span class='ocrx_word' id='word_1_1060' title='bbox 1450 3101 1538 3133; x_wconf 83' lang='lat' dir='ltr'>itutae</span> <span class='ocrx_word' id='word_1_1061' title='bbox 1557 3101 1611 3140; x_wconf 82' lang='lat' dir='ltr'>sit,</span> <span class='ocrx_word' id='word_1_1062' title='bbox 1633 3100 1726 3132; x_wconf 86' lang='lat' dir='ltr'>usuca</span> <span class='ocrx_word' id='word_1_1063' title='bbox 1750 3101 1831 3133; x_wconf 89' lang='lat' dir='ltr'>ionis</span> <span class='ocrx_word' id='word_1_1064' title='bbox 1849 3099 1968 3135; x_wconf 48' lang='lat' dir='ltr'>condia</span> 
     </span>
    </p>
   </div>
   <div class='ocr_carea' id='block_1_57' title="bbox 1088 3141 1954 3184">
    <p class='ocr_par' dir='ltr' id='par_1_59' title="bbox 1088 3141 1954 3184">
     <span class='ocr_line' id='line_1_152' title="bbox 1088 3141 1954 3184; baseline 0.001 -9"><span class='ocrx_word' id='word_1_1065' title='bbox 1088 3151 1205 3175; x_wconf 89' lang='lat' dir='ltr'>tionem</span> <span class='ocrx_word' id='word_1_1066' title='bbox 1224 3142 1260 3173; x_wconf 82' lang='lat' dir='ltr'>ad</span> <span class='ocrx_word' id='word_1_1067' title='bbox 1283 3141 1463 3182; x_wconf 84' lang='lat' dir='ltr'>legatarium</span> <span class='ocrx_word' id='word_1_1068' title='bbox 1484 3141 1629 3180; x_wconf 87' lang='lat' dir='ltr'>tranfire,</span> <span class='ocrx_word' id='word_1_1069' title='bbox 1653 3149 1689 3173; x_wconf 90' lang='lat' dir='ltr'>ut</span> <span class='ocrx_word' id='word_1_1070' title='bbox 1704 3151 1722 3172; x_wconf 89' lang='lat' dir='ltr'>e</span> <span class='ocrx_word' id='word_1_1071' title='bbox 1766 3141 1797 3173; x_wconf 90' lang='lat' dir='ltr'>in</span> <span class='ocrx_word' id='word_1_1072' title='bbox 1820 3141 1847 3173; x_wconf 85' lang='lat' dir='ltr'>h.</span> <span class='ocrx_word' id='word_1_1073' title='bbox 1868 3141 1889 3174; x_wconf 83' lang='lat' dir='ltr'>l.</span> <span class='ocrx_word' id='word_1_1074' title='bbox 1904 3151 1954 3184; x_wconf 79' lang='lat'>13.</span> 
     </span>
    </p>
   </div>
   <div class='ocr_carea' id='block_1_58' title="bbox 1086 3181 1969 3228">
    <p class='ocr_par' dir='ltr' id='par_1_60' title="bbox 1086 3181 1969 3228">
     <span class='ocr_line' id='line_1_153' title="bbox 1086 3181 1969 3228; baseline -0.002 -13"><span class='ocrx_word' id='word_1_1075' title='bbox 1086 3185 1113 3228; x_wconf 85' lang='lat'>§.</span> <span class='ocrx_word' id='word_1_1076' title='bbox 1142 3193 1188 3217; x_wconf 88' lang='lat'>10.</span> <span class='ocrx_word' id='word_1_1077' title='bbox 1221 3183 1250 3216; x_wconf 74' lang='grc' dir='ltr'>ὅ(</span> <span class='ocrx_word' id='word_1_1078' title='bbox 1280 3183 1311 3215; x_wconf 86' lang='lat' dir='ltr'>in</span> <span class='ocrx_word' id='word_1_1079' title='bbox 1342 3182 1362 3214; x_wconf 85' lang='lat' dir='ltr'>l.</span> <span class='ocrx_word' id='word_1_1080' title='bbox 1391 3191 1439 3223; x_wconf 83' lang='lat'>14.</span> <span class='ocrx_word' id='word_1_1081' title='bbox 1472 3182 1500 3225; x_wconf 85' lang='lat'>§.</span> <span class='ocrx_word' id='word_1_1082' title='bbox 1527 3193 1555 3218; x_wconf 82' lang='lat'>1.</span> <span class='ocrx_word' id='word_1_1083' title='bbox 1580 3182 1621 3225; x_wconf 87' lang='lat' dir='ltr'>ff.</span> <span class='ocrx_word' id='word_1_1084' title='bbox 1645 3184 1678 3218; x_wconf 81' lang='lat' dir='ltr'>de</span> <span class='ocrx_word' id='word_1_1085' title='bbox 1702 3182 1808 3228; x_wconf 83' lang='lat' dir='ltr'>Usurp.</span> <span class='ocrx_word' id='word_1_1086' title='bbox 1832 3181 1870 3220; x_wconf 59' lang='grc' dir='ltr'><em>ἃ</em></span> <span class='ocrx_word' id='word_1_1087' title='bbox 1890 3188 1969 3223; x_wconf 60' lang='grc' dir='ltr'>τιμε,</span> 
     </span>
    </p>
   </div>
   <div class='ocr_carea' id='block_1_59' title="bbox 1885 3228 1952 3264">
    <p class='ocr_par' dir='ltr' id='par_1_61' title="bbox 1885 3228 1952 3264">
     <span class='ocr_line' id='line_1_154' title="bbox 1885 3228 1952 3264; baseline 0 -10"><span class='ocrx_word' id='word_1_1088' title='bbox 1885 3228 1952 3264; x_wconf 59' lang='lat' dir='ltr'>cast</span> 
     </span>
    </p>
   </div>
   <div class='ocr_carea' id='block_1_60' title="bbox 1091 2885 1973 3021">
    <p class='ocr_par' dir='ltr' id='par_1_62' title="bbox 1091 2885 1973 3021">
     <span class='ocr_line' id='line_1_155' title="bbox 1235 2885 1973 2968; baseline 0.003 -41"><span class='ocrx_word' id='word_1_1089' title='bbox 1235 2902 1312 2938; x_wconf 77' lang='lat' dir='ltr'>egat.</span> <span class='ocrx_word' id='word_1_1090' title='bbox 1334 2895 1371 2928; x_wconf 91' lang='lat' dir='ltr'>II.</span> <span class='ocrx_word' id='word_1_1091' title='bbox 1398 2904 1491 2968; x_wconf 62' lang='lat' dir='ltr'>atque</span> <span class='ocrx_word' id='word_1_1092' title='bbox 1508 2896 1578 2927; x_wconf 88' lang='lat' dir='ltr'>inde</span> <span class='ocrx_word' id='word_1_1093' title='bbox 1592 2896 1786 2935; x_wconf 82' lang='lat' dir='ltr'>efficeretur,</span> <span class='ocrx_word' id='word_1_1094' title='bbox 1799 2905 1956 2938; x_wconf 86' lang='lat' dir='ltr'>nunquam</span> <span class='ocrx_word' id='word_1_1095' title='bbox 1970 2885 1973 2894; x_wconf 57' lang='lat'>¹</span> 
     </span>
     <span class='ocr_line' id='line_1_156' title="bbox 1452 2935 1968 2979; baseline 0.002 -11"><span class='ocrx_word' id='word_1_1096' title='bbox 1452 2937 1539 2968; x_wconf 74' lang='lat' dir='ltr'>tione</span> <span class='ocrx_word' id='word_1_1097' title='bbox 1565 2945 1743 2979; x_wconf 86' lang='lat' dir='ltr'>temporum</span> <span class='ocrx_word' id='word_1_1098' title='bbox 1766 2937 1872 2969; x_wconf 87' lang='lat' dir='ltr'>locum</span> <span class='ocrx_word' id='word_1_1099' title='bbox 1895 2935 1968 2969; x_wconf 75' lang='lat' dir='ltr'>effe&#39;</span> 
     </span>
     <span class='ocr_line' id='line_1_157' title="bbox 1091 2977 1971 3021; baseline 0.001 -11"><span class='ocrx_word' id='word_1_1100' title='bbox 1091 2979 1177 3021; x_wconf 83' lang='lat' dir='ltr'>poll&#39;e</span> <span class='ocrx_word' id='word_1_1101' title='bbox 1192 3002 1202 3018; x_wconf 91' lang='lat'>,</span> <span class='ocrx_word' id='word_1_1102' title='bbox 1234 2977 1297 3010; x_wconf 86' lang='lat' dir='ltr'>five</span> <span class='ocrx_word' id='word_1_1103' title='bbox 1324 2977 1451 3009; x_wconf 86' lang='lat' dir='ltr'>sciverit</span> <span class='ocrx_word' id='word_1_1104' title='bbox 1467 3001 1476 3017; x_wconf 91' lang='lat'>,</span> <span class='ocrx_word' id='word_1_1105' title='bbox 1510 2977 1574 3010; x_wconf 84' lang='lat' dir='ltr'>five</span> <span class='ocrx_word' id='word_1_1106' title='bbox 1602 2978 1794 3020; x_wconf 83' lang='lat' dir='ltr'>ignoraverit</span> <span class='ocrx_word' id='word_1_1107' title='bbox 1815 2977 1971 3015; x_wconf 77' lang='lat' dir='ltr'>¹testator.</span> 
     </span>
    </p>
   </div>
  </div>
 </body>
</html>
