2008 3436
218 116 283 149 233
465 113 860 148 CORNELII

210 191 292 222 suain
310 200 371 222 non
387 189 538 231 profuisse
554 191 705 223 testantur
723 191 856 223 Annales
876 190 919 232 <7
933 190 960 231 ).

257 232 308 263 iv.
337 232 509 273 Peregrini.
531 234 625 264 etiam
645 232 836 271 Doctillimi,
860 233 890 263 in
908 233 999 263 rebus
1015 241 1070 263 no-

211 273 280 304 stris
303 273 467 313 aliquando
491 274 581 315 plane
605 274 799 305 caecutiunt:
833 273 927 304 didici
951 273 982 304 id
1007 282 1071 303 non

209 323 273 345 uno
299 314 443 354 exemplo
462 337 472 352 ,
506 316 534 346 δ(
561 324 636 345 ecce
659 313 742 344 aliud
766 314 896 345 illuni-e.
940 313 1073 353 Jacobus

213 354 435 387 Gotbofredus
450 355 593 386 Diatriba
614 356 646 385 cle
664 354 740 394 Jure
765 354 967 385 Praececiemiae
984 354 1070 385 Part.

213 396 240 428 I.
276 396 306 427 C.
339 406 369 437 3.
400 397 428 436 §.
455 407 505 436 24.
530 397 611 427 inter
636 395 774 435 Populos
799 395 981 427 Foederatos
1006 403 1071 425 non

212 437 332 479 semper
366 437 600 468 Potentioribus
627 436 861 468 honoratiorem
886 437 990 467 locum
1016 436 1069 466 tri-

213 478 298 516 buit,
325 478 373 509 sed
397 478 504 518 primis
530 478 608 518 slepe
630 476 784 509 libertatis
806 476 1003 513 auum-ibus,
1036 475 1072 509 δ”

212 520 294 557 ideo,
320 527 354 550 ut
373 529 448 550 mox
467 519 508 549 ibi
527 518 611 549 addit
627 518 657 549 in
676 518 781 557 Notis,
804 520 836 549 in
853 517 983 558 Belgicis
998 517 1070 548 Pro-

212 562 321 591 vinciis
336 560 535 599 confoederatis
557 559 662 590 Θείαν-ἰ
671 560 783 599 primur
800 564 906 590 tenent.
952 558 1012 589 Res
1028 558 1071 598 ip-

211 600 243 632 su
267 611 338 632 vera
354 601 399 633 est
414 624 423 635 ,
446 600 527 632 ratio
551 600 652 631 minus
674 609 756 631 vera.
803 599 891 631 Gelri
913 599 973 639 jam
999 606 1072 630 ante

211 642 377 681 abrogatos
400 642 542 674 Comites
565 641 680 680 primas
703 648 871 672 tenuerunt
897 639 977 671 inter
996 639 1070 670 Pro-

210 683 350 720 vincias,
380 683 491 714 deinde
516 682 700 714 Foederatas.
746 681 859 722 Neque
881 680 989 719 Gclri‚
1022 679 1073 711 sed

209 722 360 755 Hoilandi
376 723 565 764 Zelandique
590 723 689 764 prima
707 722 861 754 libertatis
879 722 960 763 signa
980 730 1070 752 extu-

207 763 323 795 lerunt.
369 765 454 796 lnter
479 764 612 796 Ordines
634 762 802 795 Generales
827 773 890 795 non
907 763 963 794 alia
983 761 1072 793 causa

208 805 391 845 praecedunt
416 805 523 843 Geli-i,
555 814 646 846 quam
672 814 710 838 ex
735 805 829 836 titulo
853 803 987 841 Ducam,
1019 803 1072 843 qui

209 845 414 879 Comitatenfi
443 848 472 879 ἃ
503 845 677 878 Dominico
705 844 822 886 semper
847 844 892 876 est
916 845 1072 885 praelatus.

211 886 321 919 Geiria
343 898 358 919 a
383 888 491 920 multis
517 895 600 918 retro
617 887 735 919 saeculis
752 886 797 918 est
813 885 977 924 Ducatus,
1002 885 1072 917 reli-

210 938 280 968 quae
306 929 480 960 Provinciae
504 938 566 959 non
592 928 646 960 nisi
663 928 863 966 Comitatus,
891 928 945 959 vel
963 926 1073 958 Domi-

208 970 276 1008 nia,
301 971 352 1001 vel
368 968 538 1006 Dioeceses.
562 969 646 1001 inter
668 969 876 1001 Utreehtanos
895 969 923 1000 ὅ(
940 967 1072 1005 Frisios,

209 1011 301 1041 etiam
320 1012 357 1042 ab
385 1011 477 1042 initio
501 1010 715 1051 Reipublicae,
739 1011 778 1042 de
793 1010 1002 1050 praerogativa
1023 1018 1071 1039 or-

208 1051 288 1083 dinis
304 1051 394 1084 fuisse
417 1053 573 1084 turbatum
593 1060 767 1083 memorant
790 1051 923 1083 Ordines
940 1048 1072 1080 Genera-

209 1092 254 1124 les
272 1093 301 1124 in
322 1093 461 1124 Deci-eto
479 1103 527 1124 20.
553 1093 629 1133 Apr.
657 1096 746 1133 1674.
770 1091 844 1133 (8)
866 1092 983 1123 Sanein
995 1091 1071 1121 titu-

211 1133 249 1165 lis
267 1133 371 1166 Caroli
392 1135 432 1166 V.
457 1135 486 1165 &
502 1133 637 1174 Philippi
656 1133 694 1165 ΙΙ.
717 1131 802 1164 Frifii
824 1139 1070 1173 praeponuntur,

209 1183 312 1215 neque
336 1175 427 1207 aliter
451 1176 596 1216 proxime
617 1173 687 1215 post
713 1181 924 1214 recuperatam
948 1172 1070 1203 liberta-

210 1223 273 1246 tem
287 1241 293 1253 ‚
315 1226 384 1248 nam
400 1217 429 1248 <Sc
447 1225 670 1257 praeponuntur
686 1216 718 1246 in
733 1214 846 1246 Ediuo
859 1236 870 1251 ,
886 1222 948 1253 quo
965 1212 1070 1244 Comi-

210 1257 295 1288 tibus
324 1257 492 1298 Imperium
520 1257 703 1297 abrogatum
731 1255 775 1286 est
804 1258 855 1285 26.
878 1254 938 1293 Jul.
977 1257 1066 1292 1581.

210 1298 401 1329 Utreelitani
423 1308 525 1329 tamen
548 1296 770 1337 praecesserunt
790 1295 821 1326 in
840 1294 990 1325 Comitiis
1010 1294 1069 1325 Or-

208 1340 315 1370 dinum
335 1338 555 1375 Gener-alium,
577 1338 665 1370 forte
688 1337 729 1368 ob
755 1337 906 1368 honorem
931 1334 1069 1376 Regimi-

208 1380 257 1412 nis
273 1379 491 1412 Ecclesiastici.
514 1379 573 1411 Sed
595 1378 665 1419 post
683 1385 869 1418 occupatam
889 1386 905 1407 a
924 1376 1070 1413 Francis,

210 1422 239 1452 ὅ(
260 1430 335 1452 mox
352 1428 562 1461 recuperatam
579 1428 595 1451 a
616 1418 730 1451 nostris
748 1418 914 1451 Ditionem
934 1417 1067 1449 Uti-ech-

210 1470 334 1500 tanam,
355 1461 457 1493 rursus
476 1461 561 1492 Frisii
586 1460 624 1491 de
643 1458 850 1501 praerogativa
872 1458 1000 1490 Ordinis
1027 1457 1069 1489 U-

210 1503 381 1535 trechtanis
403 1501 647 1534 controversiam
666 1508 855 1538 moverunt,
874 1500 911 1530 ad
929 1509 1020 1540 quam
1034 1499 1067 1530 fi-

208 1545 353 1576 niendam
384 1545 414 1576 in
438 1543 675 1575 Gubernatores
700 1541 881 1574 Hollandiae
906 1542 935 1573 ὃς
963 1540 1065 1572 Frisiae

208 1587 366 1626 utrimque
382 1583 638 1626 compromissum
662 1583 724 1614 effe
748 1590 851 1614 narrat
867 1582 897 1613 d.
920 1582 1066 1613 Edictum

209 1637 258 1658 20.
286 1627 360 1668 Apr.
389 1630 478 1667 1674.
502 1626 562 1658 Sed
581 1625 626 1657 uti
645 1624 844 1666 poss'ederunt
866 1622 1066 1661 Utrechtani‚

208 1667 250 1700 fic
268 1669 368 1699 adbuc
386 1668 547 1709 possident.

252 1710 291 1741 V.
317 1708 635 1753 QuaeruncPolitici,
656 1709 686 1741 ἃ
704 1717 844 1750 quaerere
860 1707 988 1749 dignum
1007 1706 1064 1745 est,

209 1751 323 1791 ecquid
342 1751 463 1782 servare
479 1757 624 1790 oporteat
637 1775 644 1784 .
660 1751 680 1782 ii
702 1751 732 1781 in
750 1759 845 1781 unum
867 1749 973 1781 locum
991 1758 1064 1780 con-

209 1793 317 1823 venire
341 1791 462 1823 necesse
480 1791 535 1830 iit,
560 1792 611 1832 qui
630 1791 750 1831 dejure
769 1790 984 1833 praecedentia:
1004 1790 1062 1820 dis-

208 1833 346 1873 putant?
370 1832 431 1864 Fae
447 1833 485 1863 de
502 1833 594 1864 rebus
613 1832 751 1864 Publicis
769 1832 820 1863 vel
839 1832 877 1862 de
895 1831 985 1862 rebus
1004 1831 1063 1862 Ec-

208 1873 385 1906 clesiasticis
405 1874 493 1905 simul
511 1873 741 1905 deliberandum
753 1873 832 1912 effe,
853 1873 900 1911 ἃ,
919 1873 971 1913 qui
989 1882 1063 1903 con-

210 1916 343 1947 tendunt
354 1940 363 1953 ‚
383 1914 576 1946 constituisse
589 1915 692 1946 locum
706 1915 844 1956 priorem
861 1914 1065 1954 pertinaciter

209 1958 286 1989 tueri
300 1956 316 1988 ἱ)
340 1956 390 1988 De
406 1966 442 1987 ea
466 1955 572 1997 specie
598 1956 699 1987 varias
720 1956 876 1988 variorum
898 1954 1065 1986 sententias

208 1999 323 2029 recitat
347 1997 465 2029 Auctor
494 1996 739 2039 Disquifitionum
765 1997 960 2028 Politlcarum
993 1995 1066 2036 Casii

208 2038 285 2071 XII.
310 2038 401 2071 Nihil
432 2038 501 2070 sane
518 2038 628 2069 melius
648 2039 678 2070 ὃς
706 2038 844 2079 aequius,
867 2046 957 2078 quam
980 2036 1065 2077 quod

208 2081 289 2112 inter
305 2079 522 2111 Utrechtanos
540 2079 570 2111 δε
589 2078 703 2111 Frisios
723 2078 874 2110 convenit
886 2078 902 2109 ,9
923 2087 1014 2116 cum,
1031 2086 1066 2108 ut

207 2121 302 2153 modo
324 2121 484 2159 dicebam,
508 2129 589 2152 anno
617 2123 705 2160 1674.
736 2120 873 2151 invicem
903 2119 1064 2150 turbarent

207 2163 246 2193 (le
265 2161 473 2203 praerogativa
493 2160 633 2198 ordinis,
657 2170 692 2191 ut
710 2169 824 2201 nempe
839 2160 966 2192 alternis
984 2160 1064 2190 vici-

207 2204 264 2235 bus
279 2202 502 2244 praecederent
517 2224 527 2240 ,
551 2201 579 2233 ὅ(
598 2202 657 2232 utri
674 2203 808 2242 primum
821 2225 830 2240 ‚
855 2200 938 2233 sorte
955 2200 1064 2232 defini-

205 2252 308 2283 retur,
333 2244 374 2276 fie
390 2244 474 2275 enim
491 2244 573 2275 inter
589 2252 643 2273 eos
659 2242 825 2284 placuiss'e,
851 2242 895 2273 ait
911 2241 943 2273 id
966 2240 1066 2282 ipsum

204 2285 380 2317 Decretum
409 2294 458 2316 20.
483 2284 558 2325 Apr.
587 2287 676 2324 1674.
699 2283 834 2315 Nullum
861 2284 957 2319 23an
981 2291 1067 2323 aeque

207 2327 409 2358 commodum
426 2325 488 2364 cst,
505 2326 565 2356 alia
580 2326 685 2356 omnia
704 2325 844 2356 laborant
861 2323 920 2355 suis
935 2324 1066 2355 difficul-

209 2368 336 2400 tatibus.
382 2366 581 2398 Probandum
607 2366 716 2406 utique
737 2375 800 2397 non
826 2364 897 2403 est,
927 2364 1011 2405 quod
1035 2365 1066 2396 in

208 2408 359 2440 Concilio
386 2407 597 2445 TridentinO,
623 2406 692 2447 post
721 2407 870 2447 plurimas
886 2405 1066 2437 altercatio-

206 2459 280 2490 nes,
305 2449 344 2481 de
368 2449 512 2490 digniore
539 2448 632 2486 Ιοεο,
658 2449 832 2488 probarunt
850 2446 934 2479 Galli
952 2445 1065 2487 Hispa-

205 2491 301 2531 nique
318 2514 327 2529 ,
352 2490 425 2522 illos
450 2489 571 2521 scilicet
600 2489 802 2529 praecessuros
821 2511 830 2526 ‚
856 2488 908 2529 qui
939 2487 1065 2529 singuiis

204 2531 330 2563 vicibus
344 2532 462 2571 priores
476 2530 651 2571 digniorem
669 2531 773 2562 locum
791 2528 1065 2571 occupaffent‚in-

207 2571 355 2612 terpoiita
374 2571 471 2602 toties
488 2571 526 2601 ab
549 2570 669 2611 iis,qui
688 2570 875 2611 posteriores
890 2569 1064 2608 venissent,

205 2611 433 2644 contestatione
451 2611 489 2642 de
504 2620 567 2642 non
585 2611 825 2651 praejudicando.
851 2611 903 2650 ld,
921 2611 1044 2651 inquam
1055 2632 1065 2648 ‚

205 2653 401 2695 probandum
427 2661 490 2683 non
520 2650 584 2690 est,
608 2652 748 2690 quamvis
774 2651 888 2693 probet
913 2651 968 2683 ille
993 2650 1066 2683 Dis-

207 2693 340 2735 quifitor
362 2693 517 2726 Politicus
539 2692 566 2722 d.
595 2691 668 2764 Cqfic
694 2691 766 2724 XII.
796 2691 869 2723 inde
894 2692 979 2723 enim
1005 2701 1068 2722 me-

207 2735 379 2773 tuendum,
409 2742 465 2771 ut,
488 2732 509 2765 fi
536 2742 600 2764 non
638 2741 754 2774 ponte,
779 2741 833 2774 per
854 2732 921 2764 vim
948 2732 977 2764 &
1003 2732 1070 2764 vim

204 2784 355 2808 armatam
381 2775 512 2817 quisque
534 2773 652 2815 primus
671 2782 805 2814 occupet
829 2773 1004 2814 digniorem
1024 2773 1070 2805 10-

204 2827 288 2849 cum.
312 2817 354 2848 Et
372 2815 475 2857 quidsi
492 2815 584 2846 ambo
608 2823 813 2853 concurrant,
843 2813 972 2852 horam,
996 2823 1070 2845 con—

204 2858 315 2890 ventui
327 2856 552 2898 praestitutam,
576 2854 812 2896 exspectantes?
834 2854 947 2896 &quid
968 2853 988 2886 fi
1005 2864 1065 2886 am-

205 2899 249 2929 bo
265 2907 401 2941 pugnare
412 2895 510 2939 parati
523 2897 605 2930 fint‘?
618 2897 646 2928 ὅ(
662 2907 726 2929 non
742 2896 799 2930 nifi
816 2897 934 2929 coedem
953 2896 982 2928 δε
1000 2895 1063 2928 san-

205 2941 332 2980 guinem
348 2939 492 2971 redolent
511 2938 579 2970 haec
595 2938 733 2976 εὐμῆμιηα.

937 121 1041 147 vAN

241 3062 301 3098 (7)
321 3063 450 3092 Aitzema
464 3062 500 3092 L.
520 3061 583 3090 XL.
603 3070 630 3098 p.
653 3063 785 3096 896·900.

240 3100 300 3136 (8)
321 3101 397 3129 Plac.
417 3102 468 3129 111.
492 3108 516 3129 1.
543 3108 566 3127 1.
589 3107 633 3134 39.

238 3138 296 3173 (9)
317 3138 447 3167 Aitzema
461 3138 496 3168 L.
518 3138 626 3166 XXIV.
649 3147 677 3175 p.
702 3145 766 3174 714.
786 3137 812 3168 &
830 3144 893 3175 715.

235 3174 315 3212 (ιο)
335 3175 414 3205 Idem
434 3176 470 3206 L.
491 3176 623 3207 XLVIII.
645 3184 674 3215 p.
696 3179 762 3214 548.

1981 0 2006 131 l

1117 108 1718 146 BYNKERSHOEK
1983 134 2001 167 ,ἰ

1156 189 1210 221 VI.
1235 188 1331 235 Quod
1349 189 1535 230 generaliter
1555 189 1661 222 scribit
1682 189 1847 223 Zoucheus
1863 193 1896 226 de
1911 195 1966 238 Ja-
1989 187 2003 228 ι.4

1114 241 1144 262 re
1160 230 1271 263 Fecian
1288 233 1364 262 inter
1386 231 1495 262 Gentes
1514 231 1601 263 Parc.
1625 231 1665 262 II.
1691 229 1764 261 Sea.
1794 242 1823 264 2.
1849 234 1889 282 ρ’
1917 247 1960 280 17-
1984 244 1991 266 f

1115 271 1238 303 subdito
1259 282 1321 304 non
1345 273 1439 303 licere
1456 293 1467 309 ,
1504 271 1606 303 Patria
1631 272 1736 303 relicta
1751 293 1762 309 ‚
1792 274 1822 305 in
1846 280 1966 312 alterius
2002 280 2005 284 ’

1116 312 1267 358 Principis
1283 313 1447 354 Imperium
1467 311 1496 344 se
1518 312 1684 351 conferre,
1710 321 1802 353 atque
1819 315 1861 348 ita
1871 318 1966 354 subdi.

1115 360 1138 383 ti
1155 354 1370 386 conditionem
1393 362 1536 392 mutare,
1564 354 1751 394 generaliter
1775 364 1882 392 verum
1903 370 1966 395 non

1114 392 1168 425 est.
1213 394 1329 426 Probat
1346 395 1376 425 id
1392 395 1444 426 ille
1466 396 1611 435 exemplo
1630 395 1721 426 Anrrii
1739 395 1966 440 cujusdam‚an.

1113 444 1263 483 ¹10.¹571·
1288 436 1320 467 in
1334 435 1497 476 Angliam,
1522 446 1562 468 ex
1583 445 1642 477 qua
1657 418 1826 477 effugerat,
1849 441 1966 476 abduffi
1994 444 2002 472 l

1115 477 1144 506 ὼε
1159 476 1200 506 lbi
1217 485 1316 516 -poena
1339 476 1545 516 perduellium
1568 477 1713 509 damnati.
1759 479 1817 511 Sed
1846 481 1866 514 fi
1887 485 1966 518 nulla
1992 488 1996 508 ⁸

1114 517 1163 548 lex
1187 515 1246 562 sit,
1276 527 1346 558 quae
1377 517 1564 557 prohibeat,
1596 519 1726 550 omnino
1756 519 1832 552 licet
1857 518 1966 560 subdsti
1994 545 1997 549 ›

1114 557 1331 603 conditionem
1354 566 1495 597 mutare,
1518 560 1564 599 δε,
1588 560 1690 590 veteri
1717 568 1835 600 exuta,
1857 573 1967 601 novam
1994 558 2005 599 ᾧ,

1114 598 1258 636 induere,
1282 599 1467 639 paueiffimis
1491 600 1620 641 Populis
1644 601 1802 642 exceptis,
1824 613 1901 643 quos
1925 607 1968 641 in.

1114 639 1218 685 dicavi
1237 638 1323 680 supra
1342 640 1382 671 L.
1407 639 1430 671 Ι.
1457 641 1488 672 C.
1507 651 1556 673 22.
1603 640 1689 673 Inter
1704 642 1761 674 hos
1780 643 1848 676 sunt
1862 646 1890 678 ἅ
1905 647 1965 682 An·
2004 669 2005 674 ,

1113 681 1154 721 gli
1167 702 1177 717 ‚
1201 689 1271 711 nam
1289 681 1318 712 δι
1338 680 1369 711 hi
1386 680 1693 722 defendunt,natum
1708 683 1737 714 in
1757 683 1966 726 Anglia,Ma.
2004 681 2005 716 ζ

1992 396 1994 403 ¹
2000 393 2005 409 l

1111 721 1213 761 jestati
1249 720 1391 763 Anglicae
1420 731 1543 754 manere
1571 724 1768 762 obnoxium,
1798 726 1913 761 etiamsi
1936 730 1967 765 in
2004 723 2006 762 ζ

1113 762 1240 793 alterius
1260 761 1412 802 Principis
1434 763 1571 804 imperio
1592 765 1644 796 diu
1671 774 1809 798 moratus
1831 767 1876 800 fit.
1918 769 1968 804 Se-

1113 803 1247 834 cundum
1268 802 1334 834 haec
1350 803 1576 836 parlamentum
1598 805 1766 846 Anglicum
1787 817 1866 840 anno
1883 814 1968 854 1⁶44·

2005 768 2007 790 l

2005 791 2007 830 l

2005 831 2008 854 i

1114 844 1263 885 quosdam
1281 844 1420 885 Anglos,
1438 846 1489 885 qui
1506 846 1560 877 diu
1576 845 1607 878 in
1624 846 1796 879 Hollandia
1814 849 1967 886 habitave-
2005 870 2008 876 ι

1114 893 1206 923 rant,
1239 884 1322 925 quasi
1347 885 1377 916 δε
1402 895 1477 917 tunc
1509 886 1564 918 libi
1590 887 1764 929 obnoxios,
1802 890 1970 931 Maiestatis
2002 880 2008 927 l

1116 927 1311 972 damnarunt.
1357 926 1530 973 Quaeiitum
1551 929 1676 965 quidem
1696 930 1741 963 est
1759 930 1798 962 de
1812 941 1851 963 eo
1868 931 1969 974 fafito,

1116 977 1251 1013 primum
1276 967 1356 1006 apud
1381 968 1514 1017 Ordines
1542 969 1740 1015 Hellandiae,
1763 973 1873 1005 deinde
1896 976 1972 1016 apud

1116 1008 1250 1040 Ordines
1272 1008 1461 1048 Generales,
1496 1009 1546 1041 sed
1575 1011 1653 1042 nibil
1678 1013 1843 1053 quicquam
1868 1015 1971 1050 decre-

1116 1057 1199 1087 tum,
1224 1049 1278 1081 nisi
1301 1057 1333 1081 ut
1358 1050 1388 1081 in
1412 1049 1512 1091 Leges
1534 1061 1698 1092 moresque
1731 1054 1853 1095 Angliae
1876 1057 1972 1099 inqui·
2006 1049 2008 1090 Ῐ,

1114 1098 1234 1121 reretur
1277 1100 1327 1127 9.

1112 1131 1218 1163 scente
1236 1090 1321 1162 bgflg
1346 1131 1481 1172 Anglico
1503 1132 1653 1168 secundo.
1679 1135 1846 1177 militibus,
1872 1140 1974 1171 natio-

1371 1090 1413 1122 Et
1437 1101 1507 1122 curn
1539 1092 1672 1124 Ordines
1698 1092 1885 1136 Generales,
1915 1099 1972 1140 gli·
2006 1102 2008 1110 ¹

1113 1181 1152 1217 ne
1170 1172 1292 1210 ScotiS,
1306 1171 1327 1203 fi
1345 1172 1375 1203 ἃ
1393 1180 1469 1217 tune
1486 1173 1555 1214 ipfis
1573 1176 1683 1206 mereri
1700 1176 1842 1216 nollent,
1859 1180 1974 1213 abeun-
2007 1186 2008 1208 l

1112 1212 1144 1242 dl
1163 1210 1348 1251 potestatem
1374 1211 1538 1252 fecissent,
1561 1216 1685 1255 quidam
1709 1216 1916 1252 remanserunt
1940 1222 1974 1254 in
2007 1224 2008 1232 ¹

1111 1252 1266 1283 Ordinum
1285 1251 1485 1284 Generalium
1506 1254 1567 1286 fide
1582 1256 1612 1287 &
1635 1255 1805 1297 stipendio,
1829 1260 1972 1294 adversus

1111 1302 1316 1333 quoscunque
1348 1293 1472 1332 hosteS‚
1511 1296 1606 1328 etiam
1635 1296 1779 1337 Annios,
1819 1302 1971 1336 merituri.

1110 1333 1182 1380 Hos
1202 1342 1305 1365 autern
1330 1333 1463 1366 Carolus
1487 1335 1525 1367 ll.
1551 1336 1671 1377 Angliae
1685 1321 1780 1377 ilex,
1804 1340 1966 1381 publicato

1112 1375 1245 1414 Edicto,
1271 1383 1417 1416 tanquam
1439 1377 1594 1416 rebelles,
1618 1377 1813 1420 proscriplit3
1839 1381 1889 1414 sed
1907 1383 1970 1417 bel-

1111 1417 1144 1448 lo
1163 1426 1234 1448 cum
1251 1416 1360 1457 Anglis
1377 1417 1572 1459 composito,
1596 1419 1648 1450 illa
1666 1419 1704 1450 ab
1724 1421 1893 1456 Ordinibus
1909 1423 1970 1456 Ge-

1110 1457 1266 1489 neralibus
1289 1458 1464 1499 petierunt,
1497 1467 1623 1499 operam
1649 1460 1721 1492 dare
1751 1463 1868 1496 vellent
1893 1466 1972 1507 apud

1112 1499 1393 1545 Angliae.Regem³
1417 1507 1452 1530 ut
1475 1499 1506 1531 id
1528 1499 1672 1534 Edictum
1695 1511 1912 1546 revocaretur,
1934 1507 1970 1540 fi-

1107 1540 1202 1581 bique
1226 1540 1335 1586 liceret
1360 1540 1428 1579 jure
1454 1540 1673 1581 succeffionis,
1702 1544 1832 1585 aliisque
1853 1547 1971 1587 modis,

1107 1582 1138 1613 in
1156 1582 1268 1622 Anglia
1283 1582 1435 1622 receptis,
1460 1582 1541 1614 bona
1564 1582 1605 1614 ibi
1626 1584 1798 1624 acquirere.
1845 1587 1969 1621 Annun-

1107 1631 1181 1654 runt
1201 1622 1346 1663 precibus
1365 1622 1498 1655 Ordines
1515 1622 1682 1657 Generales
1704 1635 1756 1666 24.
1780 1627 1851 1660 Oct.
1878 1633 1968 1666 1668.

1108 1664 1159 1697 sed
1184 1663 1238 1705 ipsi
1259 1663 1330 1696 satis
1352 1664 1459 1703 dubii,
1489 1674 1526 1696 an
1550 1665 1714 1706 quicquam
1739 1667 1876 1701 obtineri
1899 1680 1971 1712 pos—

1109 1705 1154 1737 set
1180 1704 1270 1745 (10).
1315 1705 1434 1737 Contra
1466 1715 1532 1738 eam
1561 1705 1747 1740 sententiam
1776 1709 1971 1752 Anglorum,

1107 1747 1305 1788 putantium,
1328 1755 1363 1778 ut
1380 1746 1464 1786 dixi,
1487 1756 1708 1789 quoscunque,
1729 1749 1761 1786 in
1787 1750 1900 1792 Anglia
1918 1762 1970 1784 na-

1108 1796 1169 1826 tos,
1178 1796 1365 1828 quocunque
1373 1796 1463 1820 extra
1472 1788 1518 1820 Re
1541 1797 1613 1820 num
1625 1788 1791 1830 Anglicurn
1801 1790 1970 1832 abiverint,

1108 1828 1225 1868 semper
1243 1829 1377 1870 Imperio
1396 1830 1490 1871 Regis
1546 1829 1640 1870 nglici
1661 1840 1784 1862 manere
1809 1831 1968 1874 subditos,

1107 1870 1232 1912 prolixe
1241 1869 1304 1902 sese
1314 1870 1527 1911 opposuerunt
1540 1869 1671 1902 Ordines
1681 1869 1850 1905 Generales
1862 1873 1892 1906 in
1905 1873 1969 1906 De-

1108 1920 1198 1943 creto
1224 1910 1278 1944 suo
1310 1921 1357 1953 13.
1387 1912 1485 1944 Mart.
1517 1914 1608 1946 1688.
1638 1910 1728 1953 (11).
1772 1913 1833 1946 Sed
1867 1923 1989 1949 tamen.

1108 1953 1260 1984 veriffima
1284 1952 1328 1985 est
1350 1952 1405 1984 illa
1430 1952 1603 1990 sententia,
1626 1951 1647 1984 fi
1672 1962 1732 1993 qua
1750 1954 1825 1986 fides
1841 1954 1970 1988 Camde-

1107 2004 1168 2033 no,
1207 1993 1345 2026 narranti
1375 1993 1475 2034 (12),
1511 1993 1644 2033 antiquis
1677 1994 1799 2036 Angliae
1833 1995 1970 2038 Legibus

1108 2044 1234 2067 cautum
1252 2034 1333 2072 effe,
1358 2035 1474 2066 nemini
1494 2033 1619 2065 subdito
1633 2033 1680 2066 Re
1702 2045 1743 2067 no
1761 2036 1865 2074 exire,
1890 2037 1920 2070 &
1938 2048 1970 2070 a-

1108 2076 1170 2118 pud
1188 2076 1323 2109 Exteros
1337 2075 1449 2107 morari
1470 2075 1519 2115 jus
1534 2074 1640 2115 fasque
1657 2085 1675 2107 e
1703 2086 1720 2108 e
1731 2100 1740 2116 ‚
1752 2077 1806 2110 nisi
1824 2078 1971 2120 Magnati

1108 2126 1162 2148 aut
1178 2115 1373 2155 Mercatori,
1398 2116 1490 2157 idque
1506 2125 1544 2147 ex
1564 2114 1642 2156 justa
1658 2117 1768 2157 causa,
1790 2119 1820 2151 &
1843 2117 1970 2160 speciali

1108 2158 1203 2199 Regis
1230 2158 1330 2190 venia.
1375 2156 1482 2189 Potest
1507 2156 1655 2198 Princeps
1670 2180 1682 2197 ,
1711 2158 1732 2191 fi
1757 2159 1858 2196 velit,
1889 2160 1968 2193 hanc

1108 2199 1237 2231 subditis
1255 2198 1314 2232 suis
1330 2199 1431 2239 legem
1455 2198 1581 2237 dicere,
1602 2197 1676 2239 sed,
1700 2198 1722 2232 fi
1746 2209 1810 2233 non
1833 2200 1966 2242 dixerit,

1109 2240 1237 2280 impune
1256 2239 1363 2271 licebit
1383 2239 1479 2271 abire.

1151 2280 1221 2313 VII.
1248 2280 1396 2321 Vellem,
1428 2291 1467 2313 ne
1497 2281 1538 2314 fic
1563 2281 1706 2314 dixissem
1734 2285 1848 2325 impune
1874 2284 1968 2317 licere

1109 2322 1212 2368 abire,
1247 2322 1388 2362 quamvis
1412 2323 1496 2354 enirn
1527 2323 1714 2364 generaliter
1737 2324 1831 2356 liceat
1854 2323 1968 2358 subditi

1108 2363 1325 2408 conditionem
1345 2372 1484 2403 mutare,
1507 2372 1629 2396 mutato
1646 2373 1684 2397 ex
1700 2365 1792 2396 animi
1816 2363 1971 2398 sententia

1107 2404 1293 2442 domicilio,
1323 2405 1353 2436 δε
1375 2405 1407 2437 in
1432 2405 1462 2436 id
1480 2404 1677 2437 consentiant
1701 2412 1818 2437 tantum
1844 2415 1914 2438 non·
1931 2416 1971 2438 o-

1107 2454 1195 2477 mnes
1211 2444 1303 2485 JCti,
1327 2454 1391 2477 non
1409 2454 1513 2478 tamen
1538 2446 1569 2477 id
1590 2445 1705 2486 semper
1729 2446 1802 2477 licet
1829 2446 1971 2488 impunc.

1106 2487 1142 2518 In
1170 2485 1196 2527 ἕ.
1223 2496 1274 2526 41.
1299 2486 1389 2518 Pacis
1416 2487 1499 2518 inter
1525 2487 1641 2527 Regem
1667 2485 1756 2526 Hisp.
1782 2486 1811 2518 δε
1832 2487 1972 2520 Ordines

1108 2527 1223 2559 Gener.
1245 2537 1295 2568 30.
1321 2526 1441 2567 Januar.
1465 2530 1555 2567 1648.
1577 2525 1751 2566 expressum
1767 2527 1829 2567 est,
1853 2529 1980 2570 cuique·

1108 2578 1149 2600 ex
1165 2568 1290 2600 alterius
1308 2567 1446 2609 Imperio
1464 2568 1494 2599 in
1510 2566 1637 2598 alterius
1654 2565 1822 2606 Imperium
1846 2567 1968 2602 secede-

1109 2619 1142 2641 re
1157 2609 1273 2650 licere,
1298 2608 1402 2642 soluto
1421 2616 1542 2646 tamen,
1564 2607 1648 2648 quod
1664 2606 1893 2642 discedentibus
1912 2610 1970 2643 im-

1109 2649 1245 2692 positum
1271 2649 1332 2688 est,
1358 2649 1493 2686 tributo,
1526 2649 1594 2679 mins
1617 2649 1764 2680 hetalende
1788 2650 1821 2682 de
1847 2657 1969 2698 regnu,

1110 2693 1183 2723 daar
1201 2696 1244 2721 zoe
1255 2687 1401 2730 staande,
1423 2689 1508 2720 varia
1525 2688 1640 2730 quippe
1666 2688 1735 2721 sunt
1753 2691 1782 2721 in
1807 2691 1918 2739 Belgio
1937 2692 1969 2725 δι

1110 2731 1185 2764 alibi
1203 2730 1334 2762 Urbium
1353 2730 1533 2771 privilegia,
1558 2739 1597 2761 ex
1615 2729 1725 2772 quibus
1741 2731 1807 2772 illi,
1830 2741 1882 2774 qui
1895 2733 1966 2766 inde

1110 2771 1291 2810 discedunt,
1315 2771 1448 2812 aliquam
1464 2771 1618 2802 bonorum
1637 2771 1757 2803 suorum
1773 2780 1892 2813 partem
1901 2783 1968 2807 ὀσον

1111 2823 1181 2846 exue
1197 2812 1254 2852 osi
1278 2811 1329 2851 ite,
1354 2819 1388 2844 ut
1410 2812 1507 2853 vulgo
1533 2812 1708 2853 appellant,
1742 2820 1884 2846 tenentur
1907 2814 1966 2849 sol-

1110 2863 1195 2886 vere.
1269 2853 1393 2884 uoniam
1410 2861 1488 2884 vero
1502 2853 1541 2884 ali
1567 2852 1619 2884 uid
1633 2852 1746 2886 hostile
1760 2852 1874 2895 spirant
1890 2855 1968 2897 ejus-

1107 2895 1192 2927 modi
1213 2893 1406 2932 exaCtiones,
1439 2892 1518 2934 saepe
1541 2862 1695 2926 &ivitates
1724 2893 1805 2926 inter
1828 2894 1858 2928 se
1880 2896 1966 2942 paci·

1106 2935 1255 2975 scuntur,
1284 2943 1325 2966 ne
1347 2934 1385 2965 ab
1406 2935 1568 2976 utriusque
1589 2933 1741 2974 Civibus,
1770 2935 1966 2970 domicilium

1896 2987 1963 3012 mu-

1140 3057 1219 3096 (ιι)
1242 3057 1277 3087 In
1292 3059 1322 3088 de
1335 3057 1511 3097 Hollandscbe
1527 3057 1682 3087 Mercurius
1705 3059 1786 3087 1688.
1808 3066 1837 3095 p.
1859 3061 1918 3090 186.
1937 3056 1963 3088 ἃ

1106 3099 1217 3172 seqq„
1238 3136 1358 3168 Annales
1373 3136 1460 3174 Angl.
1481 3136 1510 3166 in
1523 3133 1672 3173 Elisabetba
1686 3141 1714 3172 p.
1733 3140 1771 3164 m.
1789 3115 1841 3170 47.ς
