2008 3436
198 127 242 159 16
449 119 845 160 CORNELII

196 202 271 234 riam
288 203 481 243 producere:
505 203 597 244 idque
622 202 651 234 in
674 209 812 238 tantum,
837 207 892 237 ut,
917 198 1059 239 quamvis

196 244 228 275 in
254 243 460 277 instrumento
482 244 663 286 simpliciter
688 242 837 283 scriptum
855 239 973 285 fuerit,
993 247 1058 279 pro-

195 283 296 326 mififfe
314 286 460 328 aliquem,
483 293 586 317 tamen
627 284 807 316 raesumatur
832 280 913 312 facita
933 280 1057 328 stipula-

197 325 265 365 tio,
289 335 324 358 ut
342 328 438 359 docet
455 327 568 359 Paulus
592 295 632 358 E.
651 326 690 357 V.
717 325 797 370 Sam.
825 322 897 369 Τῇ.
913 320 954 369 §3
972 331 1000 352 2.
1026 323 1056 352 ot

198 376 239 399 ex
256 377 295 399 eo
310 371 381 399 κατὰ
400 369 484 400 minim
513 367 728 399 Tribonianus
746 375 777 396 m
795 363 822 404 ἓ.
850 363 1056 408 Siscrzptanr,

678 407 765 438 Adde
784 427 796 443 ,
819 414 888 444 qute
905 403 1011 476 scritsxilt
1035 413 1057 434 1-

1002 454 1056 475 on—

920 127 1027 154 VAN

199 416 247 449 17.
284 408 358 450 Inst.
384 412 417 441 de
439 411 514 441 imit.
529 407 633 450 stipas.

195 450 267 482 dem
284 450 398 483 Paulus
415 451 445 483 in
469 452 489 482 l.
517 460 584 492 134.
608 449 637 490 ᾗ.
663 459 692 480 2.
709 448 750 489 ff.
770 449 803 477 cie
822 445 863 477 V.
886 445 924 476 O.

195 490 270 522 dum
301 491 373 524 satis
401 492 445 524 est
462 515 473 530 ,
504 493 664 522 audiamus
687 489 761 529 quid
787 497 826 518 ex
855 486 979 517 lubrico
997 486 1072 524 hoc,

195 530 404 565 fundamento
438 533 569 574 colligat
594 531 763 571 Ulpianus:
787 530 900 568 ideoque
919 536 956 557 ex
966 523 1059 572 stipa-

197 573 262 605 latu
287 575 416 615 nascitur
441 574 524 605 aelio.
571 570 653 604 Illud
680 571 731 612 qui
757 570 914 601 cohaereat
932 577 996 598 non
1013 577 1058 598 vr-

193 614 276 653 deo;
309 617 401 647 verba
431 614 580 647 solemnia
609 613 650 644 R.
674 613 702 644 ὅ(
723 612 752 642 S.
784 620 848 642 non
868 616 989 640 tantum
1006 618 1057 649 pa-

195 655 299 695 stum,
324 656 375 688 sed
394 657 423 688 δε
440 655 673 695 stipulationem
690 652 830 684 inferunt
840 673 851 689 ,
873 659 948 691 ergo
961 659 1000 680 ex
1008 659 1059 680 eo-

193 706 263 728 rum
277 697 427 738 scriptura
438 696 561 736 dabitur
571 705 611 726 ex
630 694 778 735 stipulatu
793 692 889 723 actio:
906 700 985 732 quur
995 700 1058 737 non

194 738 226 769 &
247 739 398 778 exceptio
414 737 542 769 nomine
559 736 664 777 paffi?
687 742 856 774 utrumque
879 732 948 764 sane
964 741 1004 763 ex
1022 732 1057 778 il·

195 778 225 810 la
243 778 400 819 positione
416 778 559 819 sequatur
583 776 740 809 necessum
759 775 804 806 est
819 798 835 820 ⁹.
862 774 891 805 ἃ
907 782 1009 806 tamen
1025 772 1057 804 id

194 818 258 850 effe
273 820 399 851 videtur
418 822 452 849 c'm
474 823 517 848 τῶν
543 819 678 855 ἀδυνάτῳ.
723 817 756 849 Si
772 815 918 854 dixisset,
943 816 1056 856 ideoque

195 860 232 894 ὅ)
247 871 284 892 ex
293 859 337 902 stz
357 862 441 893 ulam
458 860 588 902 nascitur
602 859 676 891 αᾶίο
691 881 703 898 ,
727 857 810 890 salva
826 855 913 902 foret
931 856 1057 887 ratioci-

194 903 302 941 nati0‚
329 867 405 934 licet
421 902 508 934 forte
523 911 585 933 non
606 910 693 942 aeque
713 909 796 930 vera.
822 896 1055 939 SubJungith-

196 951 247 975 tus
265 945 487 985 exceptionem
504 944 536 975 in
552 943 626 983 vers.
670 940 741 981 Nlfi
766 946 962 977 contrariam,
988 948 1056 979 quae

193 985 334 1026 regulam
351 985 555 1026 supi-adistam
571 985 661 1025 plane
677 982 842 1014 subvertit.
889 980 1010 1026 Regula
1028 989 1057 1010 e-

193 1034 258 1058 rat:
284 1025 339 1058 ista
355 1026 494 1058 formula
510 1026 550 1058 R.
575 1025 607 1057 T.
631 1026 660 1056 S.
680 1023 730 1056 Μ.
761 1030 852 1069 certo
871 1029 988 1067 certius
1001 1030 1057 1067 ’pa-

193 1067 331 1099 {tionem
350 1068 492 1106 inducit;
518 1067 668 1099 limitatio
692 1064 759 1103 est,
789 1063 868 1095 illud
883 1061 1057 1104 speeialiter

191 1109 430 1150 approbandum
445 1109 524 1148 effe,
548 1118 588 1140 ne
599 1117 639 1139 ex
653 1106 800 1148 stipulatu
816 1112 931 1150 agatur.
977 1104 1057 1149 Sunt

192 1149 262 1182 haec
278 1152 420 1189 „zoam-m,
443 1150 565 1182 inutilis
581 1157 713 1190 namque
730 1147 791 1178 erit
809 1146 956 1187 probatlo
967 1167 979 1184 ,
1000 1145 1055 1177 sii-

193 1190 252 1232 pso
275 1192 343 1232 jure
365 1193 409 1224 ita
437 1191 644 1224 constitutum
670 1189 716 1222 fit.
761 1188 814 1220 Sic
841 1195 876 1233 ut
901 1186 1056 1218 hocloco

194 1232 295 1265 ferme
312 1233 558 1265 descendendum
576 1231 670 1263 restet
689 1232 719 1262 in
736 1228 920 1260 sententiam
936 1226 1054 1258 Duare-

195 1275 229 1307 ni
248 1274 280 1306 in
307 1276 413 1306 Comm.
434 1274 471 1306 ad
493 1275 512 1305 l.
525 1283 555 1313 5.
575 1273 614 1314 ff.
639 1274 673 1304 de
692 1270 772 1311 pass.
797 1271 848 1310 qui
874 1267 1058 1313 Ulpianum,

192 1323 230 1347 ut
247 1315 423 1356 disputandi
442 1316 580 1357 ignarum
591 1338 601 1352 ,
636 1313 796 1344 traducere
811 1319 875 1356 non
892 1309 1026 1339 erubuit.

237 1357 354 1398 Legem
371 1358 546 1394 turbatam,
570 1356 600 1386 δε
619 1354 674 1386 fibi
687 1359 874 1396 contrariam
893 1349 954 1381 effe
970 1349 1056 1391 supe-

192 1398 258 1431 rior
274 1399 429 1430 enarratio
445 1398 515 1438 plus
532 1395 604 1427 satis
631 1394 762 1427 evincit.
811 1391 936 1438 igitur,
955 1400 994 1422 ne
1014 1391 1057 1422 se-

193 1448 260 1471 met
279 1438 394 1480 ipsam,
419 1448 458 1470 ne
475 1439 568 1480 legem
585 1436 697 1474 Lean,
721 1444 760 1467 ne
778 1433 838 1480 alia
858 1442 935 1479 juris
952 1432 1056 1464 decre-

194 1489 226 1512 ta
242 1482 372 1511 omnino
388 1479 526 1511 destruat
537 1501 548 1517 ,
570 1476 741 1510 necessario
765 1483 825 1506 erit
845 1472 1033 1520 restituenda
1045 1497 1055 1512 ‚

195 1522 225 1553 ἃ
241 1522 286 1552 ita
303 1520 390 1552 forte
406 1521 581 1562 dirigenda:
606 1519 743 1562 Rogavit
756 1516 852 1548 Titius
862 1539 873 1554 ,
888 1515 1057 1563 spospondit

196 1562 325 1594 Maevius
334 1585 345 1601 ,
376 1563 432 1594 haec
456 1564 545 1593 verba
561 1571 617 1592 non
634 1562 724 1591 etiam
740 1558 885 1600 pafflonis
902 1559 960 1589 loco
979 1567 1057 1589 accl-

189 1605 334 1644 piantur,
357 1604 411 1645 sed
435 1610 548 1635 tantum
559 1601 763 1644 stipulationis
793 1599 853 1631 &a
898 1598 976 1644 Non
994 1599 1056 1630 uri-

194 1654 264 1676 mus
279 1667 290 1682 ‚
319 1654 384 1677 non
413 1645 573 1683 secamus,
602 1644 755 1675 duntaxat
774 1641 881 1673 locum
901 1648 1058 1687 muta-mus

194 1689 229 1718 τὲ
247 1688 336 1717 etiam
362 1687 391 1718 ὅς
417 1693 532 1718 tantam
544 1709 556 1724 ,
587 1684 764 1725 cujusmodi
780 1682 951 1714 verborum
970 1682 1056 1728 litte-

192 1737 357 1769 rarumque
375 1726 574 1768 traiectiones
589 1726 620 1758 in
636 1727 703 1767 Jure
720 1725 901 1766 frequentes
921 1732 1055 1764 reperire

193 1769 289 1808 licet,
321 1769 385 1801 vid.
410 1770 483 1801 Ant.
508 1767 636 1810 August.
671 1768 711 1799 L.
731 1767 786 1799 IV.
813 1765 937 1811 Emona.
966 1765 997 1796 C.
1023 1775 1051 1796 2.

193 1809 246 1842 Ne
262 1817 365 1842 autem
392 1811 542 1842 delicatas
565 1819 653 1842 aures
670 1808 810 1840 offendat
826 1806 956 1838 durities
973 1815 1054 1848 quae-

193 1851 264 1882 dam
297 1852 328 1883 in
353 1852 470 1883 vocula
497 1853 603 1891 etiam,
635 1850 808 1882 notandum
831 1848 895 1887 est,
917 1857 1006 1888 eam,
1031 1847 1054 1880 fi

192 1892 261 1933 quis
279 1893 414 1924 retinere
429 1893 590 1931 voluerit,
613 1892 723 1923 eodem
738 1890 834 1923 modo
851 1891 883 1922 in
897 1890 1055 1932 principio

194 1935 279 1971 primm
299 1943 466 1966 occurrere
483 1935 513 1966 in
538 1935 559 1966 l.
575 1937 628 1966 60.
644 1933 684 1975 ff.
703 1934 736 1964 de
753 1938 901 1973 procurat.
948 1930 1056 1963 Hocfi

193 1985 257 2007 non
278 1976 418 2016 placeat,
447 1976 507 2007 alia
535 1977 686 2013 μεταθένή,
717 1982 808 2005 motu
835 1982 938 2005 tamen
960 1973 1055 2013 paulo

192 2016 303 2056 majori
323 2040 332 2055 ‚
362 2017 407 2048 ita
426 2017 585 2058 legamus:
605 2017 740 2059 Rogavit
760 2015 873 2054 Titius,
889 2014 1056 2057 spospondit

195 2057 324 2089 Moevias
335 2081 345 2096 ‚
367 2058 423 2088 haec
440 2060 530 2089 verba-
557 2064 671 2090 tantam
684 2056 886 2098 stipulationis
902 2058 960 2088 loco
977 2056 1054 2086 acci-

188 2100 332 2139 piantur,
345 2098 400 2140 sed
416 2109 473 2130 aon
490 2101 580 2131 etiam
595 2099 750 2140 pastionis.
806 2098 872 2138 Jam
889 2096 992 2129 sensus
1008 2104 1055 2128 to·

195 2139 257 2170 tius
281 2140 460 2181 paragraphi
486 2141 547 2171 erit
563 2139 837 2172 commodissimus.
882 2139 997 2180 Agitur
1019 2138 1057 2169 de

194 2179 440 2219 praesumtione,
463 2191 533 2221 quae
554 2182 671 2213 militat
686 2190 744 2222 pro
763 2181 970 2213 instrumento
981 2202 990 2218 ,
1004 2180 1056 2211 cui

193 2221 345 2254 solemnia
370 2220 581 2263 stipulationis
611 2223 725 2254 inserta
740 2221 827 2254 sunt:
851 2231 914 2253 non
932 2221 1054 2252 dubita-

194 2270 266 2300 tur,
290 2272 349 2294 nec
363 2272 498 2304 unquam
514 2264 691 2295 dubitatum
717 2262 806 2294 fuisse
823 2263 955 2303 legitur,
980 2262 1056 2302 quin

193 2313 235 2335 ex
254 2303 426 2346 syngrapha
438 2326 447 2343 ,
458 2305 603 2336 omnibus
620 2304 849 2336 vocabulorum
869 2303 1055 2335 solemnium

193 2345 331 2377 numeris
348 2344 490 2377 absoluta
504 2370 512 2385 ‚
537 2346 619 2378 aftio
636 2345 831 2387 stipulatoria
846 2344 988 2377 nascatur
999 2367 1010 2382 ,
1021 2354 1053 2375 u-

193 2386 219 2417 ti
237 2384 338 2418 visum
357 2386 465 2427 supra;
489 2387 527 2419 ad
547 2397 614 2419 eam
630 2388 712 2419 enim
723 2386 954 2428 producendam
975 2384 1054 2417 suffi-

192 2427 239 2458 cit
263 2427 435 2468 gravissima
462 2428 516 2460 illa
539 2427 741 2469 praesumtio,
768 2427 905 2459 militans
920 2436 978 2468 pro
994 2426 1055 2458 fide

192 2467 356 2509 scriptura:
367 2491 378 2507 ,
401 2479 470 2510 quae
483 2479 553 2501 reos
567 2469 747 2510 simulatos,
769 2478 832 2500 non
856 2469 962 2510 pastos
977 2467 1052 2499 fuis-

193 2508 226 2540 se
242 2509 389 2550 arguebat
405 2521 412 2541 ε
446 2512 559 2552 ideoque
585 2521 621 2542 ex
644 2509 791 2552 stipulatu
813 2512 944 2552 nascitur
960 2509 1055 2547 αὲἶὶο,

194 2557 231 2581 ut
253 2549 336 2581 reete
352 2550 506 2591 Ulpianus
529 2552 713 2590 concludit,
742 2551 764 2584 fi
781 2553 869 2583 verba
885 2551 941 2582 haec
959 2551 998 2582 R.
1019 2549 1052 2581 T.

196 2591 227 2622 S.
256 2590 305 2622 M.
338 2596 453 2622 tantam
471 2590 673 2632 stipulationis
699 2594 756 2624 loco
784 2594 954 2633 accipienda
965 2590 1027 2630 fiat
1042 2613 1053 2629 ,

193 2641 252 2663 non
279 2633 367 2663 eriam
384 2632 539 2672 pac'i‘z‘onis.
585 2633 732 2675 Congrua
759 2634 819 2673 jam
839 2634 869 2665 se
886 2633 982 2665 offert
1000 2642 1053 2664 ex-

193 2672 323 2712 ceptio,
345 2682 381 2704 ac
398 2674 512 2714 regulae
530 2673 618 2714 supra
644 2675 764 2705 traditae
789 2676 946 2706 contraria
959 2674 990 2706 in
1008 2673 1051 2714 vsi

192 2712 250 2753 nisi
266 2715 451 2746 contrarium.
477 2715 508 2746 Si
522 2714 561 2746 V.
572 2714 613 2746 G.
636 2715 799 2755 imperitus
815 2715 913 2746 scriba
929 2716 960 2746 in
972 2714 1052 2746 Cau-

192 2754 335 2787 tionibus
353 2755 570 2796 concipiendis
588 2755 736 2787 consueta
760 2755 967 2796 stipulationis
984 2764 1052 2785 ver-

193 2796 232 2827 ba
247 2795 455 2828 instrumento
476 2796 723 2836 inseruerit,ubi
740 2803 840 2828 tamen
859 2796 1052 2828 Contraben-

194 2845 241 2869 tes
266 2844 388 2869 tantum
415 2837 522 2877 pastos
545 2837 656 2878 fuisse,
687 2838 874 2879 probatione
889 2836 991 2874 facta,
1016 2837 1051 2867 li-

194 2877 291 2919 quido
307 2877 470 2910 constabat
482 2900 493 2917 ‚
516 2888 582 2910 eam
599 2878 782 2920 scripturam
800 2886 951 2919 repertam
969 2887 1051 2918 pare-

192 2928 224 2950 re
241 2918 366 2960 quidem
369 2919 459 2991 1juris
478 2919 731 2960 praesumtionem
751 2929 809 2961 pro
824 2920 951 2960 rogandi
963 2919 1051 2959 spon-

190 2959 345 3000 dendique
383 2960 584 3000 olemnitate‚
619 2971 682 2992 non
697 2969 800 2992 autem
818 2961 894 2991 adeo
912 2960 955 2992 s'ui
976 2959 1051 2990 vali-

192 3008 291 3032 turam
309 3000 370 3032 esse
386 3000 549 3033 momento
560 3025 570 3041 ‚
595 3011 630 3033 uc
645 3009 698 3034 aut
712 3003 864 3033 rationem
875 3025 884 3040 ,
908 3009 962 3033 aut
977 3009 1048 3041 pro-

193 3042 351 3073 bationem
376 3042 405 3073 in
432 3043 624 3074 centrarium
647 3044 754 3075 vincat
774 3054 781 3073 :
816 3043 955 3084 adeoque
971 3051 1048 3082 prae-

191 3081 379 3114 sumtionem
393 3083 472 3115 hanc
486 3083 548 3115 effe
561 3084 684 3125 quidem
701 3084 777 3124 juris
787 3107 798 3122 ,
830 3083 879 3115 sed
895 3093 958 3115 non
973 3083 1050 3123 juris

193 3123 222 3154 ἃ
245 3123 283 3153 de
304 3123 392 3162 jure,
422 3132 457 3155 ut
474 3124 571 3165 vulgo
589 3125 779 3166 loquuntur3
805 3134 898 3166 quum
914 3125 957 3156 rei
972 3125 1047 3154 ‘teri-

194 3170 237 3193 cas
249 3166 364 3203 potiar,
386 3170 471 3205 qaam
482 3166 633 3205 scriptura
654 3166 781 3207 perspici
799 3168 896 3197 aebeat
920 3166 939 3196 l.
963 3175 987 3196 1.
1014 3165 1046 3196 C.

189 3205 253 3242 psas
272 3204 334 3235 vol.
359 3207 430 3244 quud
454 3216 504 3247 ag.
534 3209 563 3240 o:
584 3216 671 3240 error
689 3207 806 3240 librarii
827 3217 889 3240 non
907 3215 1019 3239 noceat
1035 3229 1046 3244 ‚

1101 112 1705 152 BYNKERSHOEK

1100 195 1191 229 ficuti
1215 195 1254 227 de
1284 194 1509 236 transcribendis
1529 191 1731 234 stipulationis
1745 193 1839 224 ‘verbis
1853 193 1955 233 prodi-

1102 246 1168 269 tum
1190 238 1234 268 est
1263 237 1296 269 in
1322 237 1343 268 l.
1361 246 1412 274 92.
1438 235 1478 277 ff.
1505 237 1538 266 de
1562 235 1604 266 R.
1624 234 1660 275 J.
1704 233 1864 274 Siquidem
1883 242 1957 276 ergo

1090 278 1262 320 specialiter
1278 279 1469 319 adproberur,
1499 276 1767 318 quod'stipuiatio
1779 299 1789 314 ,
1814 275 1890 306 loco
1906 284 1956 316 pa-

1099 320 1159 359 cti,
1184 328 1238 359 per
1255 329 1391 351 errorem
1409 318 1445 350 sit
1466 317 1621 359 supposita
1632 340 1642 356 ,
1665 316 1727 349 sive
1738 317 1807 358 quod
1822 325 1879 347 non
1896 319 1959 348 ani—

1100 371 1143 392 mo
1159 359 1367 402 stipulandum
1391 360 1441 391 hoc
1459 359 1578 399 faciam
1596 358 1658 398 fir,
1679 358 1733 399 sed
1749 363 1863 389 tantum
1873 359 1956 397 paci-

1090 402 1259 443 scentiam,
1275 402 1405 434 cessabit
1421 411 1461 432 ex
1477 399 1625 441 stipulatu
1645 400 1743 431 atrio:
1755 399 1860 430 eadem
1871 408 1957 440 pror-

1100 442 1148 480 sus
1164 443 1307 481 ratione,
1331 443 1352 475 si
1373 442 1553 483 exemplum
1569 450 1655 482 petas
1666 465 1675 479 ,
1706 450 1767 481 qua
1781 441 1820 472 de
1836 439 1959 480 stipula-

1104 484 1191 515 tione
1208 485 1290 516 inter
1305 483 1472 525 praesentes
1495 482 1683 524 justinianus
1704 481 1870 514 constituit
1886 481 1921 513 in
1937 481 1957 513 l.
1973 494 1979 507 c

1106 534 1153 565 14.
1178 526 1261 606 {Lsctle
1279 532 1371 597 εἳπῑν.
1392 525 1428 560 &⁹
1444 535 1542 557 comm.
1558 524 1630 566 stip.
1653 524 1683 556 &
1706 522 1734 564 §.
1760 532 1808 555 12.
1833 520 1907 563 last.
1924 523 1980 554 de·

1101 568 1179 597 inuti
1196 590 1202 597 .
1248 568 1258 597 i
1279 577 1296 598 u
1311 591 1318 597 .
1974 567 1976 569 ’

1143 607 1226 639 Cum
1246 573 1303 639 litae
1319 608 1576 648 interpretatione
1595 608 1625 639 ὅς
1649 606 1866 638 emendatione
1879 605 1979 639 bene..

1100 648 1253 680 convenit
1281 653 1420 679 Βιστλιιόν
1442 649 1610 687 πόφομστς
1637 648 1668 680 in
1694 648 1733 679 L.
1754 646 1812 680 XI.
1842 647 1901 680 Tit.
1931 656 1957 680 Ι.

1103 690 1134 721 C.
1152 698 1180 729 7.
1203 689 1243 721 th.
1259 700 1290 730 5.
1314 690 1432 721 etenim
1452 690 1506 721 illa
1521 699 1562 721 ex
1586 689 1747 729 stipulandi
1770 691 1958 729 promitten-

1100 731 1194 771 dique
1212 729 1415 762 sollemnibus
1432 740 1496 762 non
1511 730 1634 771 pastum
1651 730 1777 771 aliquod
1793 730 1961 771 producit,

1100 780 1132 802 at
1147 771 1328 811 simpliciter
1343 781 1383 803 ex
1400 770 1622 812 stipulatione,
1639 780 1730 811 quam
1747 771 1898 803 duntaxat
1908 781 1961 804 eo-

1099 822 1168 843 rum
1185 811 1323 844 formula
1342 812 1456 851 infert,
1467 812 1622 843 affionem
1635 811 1783 843 concedit
1793 834 1804 851 ,
1818 812 1862 844 ita
1871 813 1960 855 quip-

1100 863 1139 895 pe
1158 854 1218 884 lbi:
1240 855 1304 883 Ἐὰν
1323 858 1437 888 ἐ’γιιειπιι
1459 855 1605 891 σνμφαῦςῳ,
1626 855 1638 882 o'
1655 853 1724 882 δεῖνα
1741 854 1872 889 ε’πεμόππ
1885 877 1895 893 ‚
1916 867 1960 891 ,(94

1100 900 1112 925 ὁ
1137 896 1203 924 δεῖνα
1224 895 1389 930 ὡμολόγησεν
1409 918 1419 935 ‚
1452 896 1554 936 εἰςμότᾴ
1576 896 1589 927 η’
1613 894 1640 930 ἑξ
1659 897 1798 925 morumve
1814 895 1918 929 azymi.
1939 897 1964 925 εἴ

1098 937 1134 971 poi
1155 937 1243 972 ὸῖ-ιχθῆ
1264 936 1324 968 &c.

1144 977 1304 1009 Possemus
1322 978 1352 1010 &
1371 977 1520 1010 ieviffima
1543 976 1763 1014 emendatione
1779 976 1824 1009 ita
1841 976 1961 1019 legere:

1101 1018 1174 1050 Hac
1190 1020 1279 1049 verba
1302 1019 1344 1051 R.
1373 1019 1406 1051 T.
1434 1021 1465 1052 S.
1490 1019 1541 1051 ils.
1564 1029 1621 1050 non
1636 1024 1714 1056 tam,
1739 1017 1816 1059 (pro
1827 1021 1963 1062 tantum)

1101 1059 1252 1092 pastionis
1282 1059 1340 1091 loco
1366 1063 1552 1102 accipiuntur
1580 1070 1665 1101 quam
1687 1059 1908 1101 stipulationis,
1930 1062 1962 1094 δι

1102 1108 1168 1132 tum
1186 1101 1304 1141 reliqua
1317 1100 1387 1135 satis
1401 1103 1480 1133 bene
1495 1101 1668 1133 cohaerent.
1691 1100 1839 1132 Facilitas
1856 1101 1963 1134 lectio-

1100 1142 1148 1174 nis
1171 1143 1201 1174 &
1224 1142 1295 1173 inde
1322 1142 1522 1182 defenditur,
1551 1143 1634 1183 quod
1662 1142 1693 1174 in
1709 1141 1809 1173 Codd.
1824 1141 1982 1184 Manum,

1100 1189 1160 1214 tam
1186 1183 1216 1215 ἀ
1242 1188 1357 1215 tantum
1384 1184 1495 1216 eodem
1518 1182 1618 1215 ferme
1642 1183 1739 1215 modo
1765 1181 1962 1224 scribantur,

1099 1229 1251 1260 videlicet
1268 1230 1346 1267 τᾶιης
1369 1231 1462 1272 idque
1480 1232 1523 1263 ita
1537 1231 1568 1262 se
1587 1231 1700 1263 habere
1726 1231 1759 1262 in
1772 1229 1872 1262 Libro
1887 1230 1912 1262 F
1914 1231 1960 1264 lo-

1100 1270 1225 1302 rentino
1247 1270 1332 1302 testis
1350 1273 1495 1304 oculatus
1512 1272 1589 1303 mihi
1605 1272 1724 1304 retulit.

1144 1311 1197 1342 Sic
1221 1312 1366 1352 equidem
1390 1312 1559 1344 difficultas
1581 1312 1700 1344 sublata
1717 1310 1762 1344 est
1775 1313 1876 1345 omnis
1899 1322 1969 1354 ope

1099 1351 1257 1384 levissimae
1278 1353 1462 1386 vocularum
1481 1352 1748 1395 transpositionis,
1781 1353 1832 1385 vel
1848 1354 1959 1387 levissi-

1099 1403 1158 1425 mae
1185 1394 1431 1435 emendationis,
1461 1395 1576 1436 absque
1603 1394 1715 1437 quibus
1731 1391 1794 1426 sese
1814 1395 1960 1436 expedire

1098 1434 1228 1470 difficile
1253 1434 1308 1467 est.
1354 1437 1502 1468 Attamen
1530 1437 1742 1478 experiamur,
1765 1445 1803 1468 an
1821 1445 1884 1468 non
1906 1436 1961 1469 Ul-

1098 1476 1209 1517 pianus
1227 1498 1239 1514 ,
1271 1486 1342 1508 cum
1359 1477 1444 1509 dicat
1469 1478 1565 1509 verba
1588 1478 1748 1520 Rogavit,
1773 1477 1959 1518 Spospondit,

1099 1526 1163 1551 non
1185 1517 1338 1558 pastionis
1362 1526 1504 1557 tantum,
1535 1519 1586 1551 sed
1601 1519 1630 1551 ἀ
1656 1518 1868 1560 stipulationis
1883 1518 1960 1550 loco

1099 1559 1279 1599 accipienda
1296 1559 1377 1598 esse,
1401 1560 1539 1592 indicare
1557 1560 1716 1599 voluerit,
1741 1569 1808 1592 eam
1826 1559 1888 1592 ess'e
1904 1568 1958 1591 eo-

1099 1609 1169 1631 rum
1185 1600 1353 1633 verborum
1371 1602 1544 1634 naturalem
1560 1601 1838 1643 significationem,
1864 1608 1959 1643 utpa-

1100 1640 1205 1679 crum,
1235 1642 1302 1673 imo
1328 1642 1425 1684 magis
1442 1643 1585 1684 paetum,
1616 1652 1707 1684 quam
1725 1642 1960 1684 stipulationem

1098 1681 1248 1714 denotare
1267 1692 1390 1724 queant.
1437 1684 1523 1717 ldem
1542 1684 1695 1724 Ulpianus
1713 1684 1746 1716 in
1769 1684 1788 1715 l.
1811 1693 1858 1720 19.
1883 1683 1913 1725 §.
1928 1693 1956 1716 2.

1093 1723 1133 1765 ff.
1165 1725 1198 1755 de
1229 1724 1327 1757 AEciil.
1358 1725 1444 1758 eaift.
1474 1726 1645 1767 Promzffum
1665 1725 1759 1757 etiarn
1787 1725 1824 1757 ad
1846 1726 1959 1757 nudam

1096 1765 1328 1806 promissionem
1352 1765 1463 1799 referri
1492 1767 1615 1807 asserit,
1647 1775 1748 1808 neque
1772 1767 1883 1804 aliter,
1902 1765 1960 1798 nisi

1097 1808 1208 1844 φυσικὴ
1218 1829 1229 1846 ,
1253 1817 1349 1848 quum
1365 1808 1504 1850 alioquin
1521 1807 1603 1849 facta
1626 1808 1821 1849 intelligatur
1837 1806 1960 1849 stipula·

1098 1848 1164 1888 tio,
1188 1847 1357 1881 secundum
1377 1859 1432 1889 ea,
1454 1859 1524 1891 quae
1541 1850 1574 1882 in
1590 1848 1955 1891 superioribusdiximus.

1098 1889 1196 1935 Quod
1225 1890 1322 1931 magis
1344 1890 1389 1923 est
1403 1913 1415 1930 ,
1448 1890 1547 1933 ipsum
1558 1890 1719 1933 sponsionis
1736 1889 1925 1922 vocabulum
1943 1913 1955 1928 ‚

1100 1939 1162 1962 tam
1173 1931 1397 1973 promzffionem,
1421 1941 1496 1974 puta
1511 1934 1643 1972 nudam,
1676 1941 1767 1974 quarn
1782 1929 1956 1972 stipulatio-

1098 1982 1170 2004 nem
1196 1975 1359 2005 continere
1383 1974 1496 2006 Paulus
1523 1973 1641 2015 scripsit
1663 1974 1694 2005 in
1717 1973 1737 2004 l.
1755 1981 1784 2014 7.
1802 1973 1842 2014 ff.
1860 1974 1893 2004 de
1912 1971 1955 2004 V.

1100 2015 1130 2045 S.
1163 2014 1276 2046 iterum
1301 2015 1451 2046 videlicet
1474 2015 1558 2056 quod
1581 2016 1617 2047 ad
1632 2014 1853 2055 inspectionem
1871 2013 1957 2046 illius

1097 2055 1185 2087 verbi
1203 2056 1317 2088 nudam
1334 2057 1363 2088 ὃς
1379 2055 1570 2096 simplicem,
1593 2065 1656 2088 non
1675 2064 1753 2086 vero
1768 2055 1931 2094 juridicam
1944 2076 1956 2094 ,

1099 2104 1176 2128 tunc
1195 2098 1278 2129 enim
1303 2097 1388 2129 omni
1414 2097 1509 2128 modo
1530 2097 1688 2129 contracta
1702 2096 1846 2128 censetur
1865 2096 1901 2127 ssi
1925 2105 1958 2127 u-

1099 2138 1177 2170 latio
1207 2138 1226 2169 l.
1264 2148 1290 2169 1.
1323 2139 1354 2169 C.
1386 2139 1419 2169 de
1451 2138 1531 2170 Cont.
1558 2138 1594 2173 {9⁸
1615 2136 1836 2179 comm.stz·pul.
1914 2146 1957 2169 on

1099 2178 1420 2211 secusnostrumillud
1433 2179 1569 2222 Rogavit
1591 2179 1704 2218 Titius,
1727 2177 1957 2220 palponditllffae‘-
1991 2195 1993 2198 .

1098 2221 1184 2259 vius,
1208 2219 1340 2261 speffirta
1359 2228 1480 2252 tantum
1498 2221 1629 2252 naturali
1641 2229 1746 2252 earum
1762 2229 1880 2251 vocum
1890 2219 1958 2252 sim-

1097 2262 1259 2303 plicitate,
1283 2261 1457 2303 pactionem
1477 2262 1597 2293 inducit
1614 2262 1746 2300 nudam,
1763 2270 1863 2302 neque
1873 2260 1958 2292 aliud

1097 2303 1279 2344 quicquam:
1303 2312 1412 2334 verum
1434 2303 1581 2343 exigente
1597 2302 1779 2334 necessitate
1793 2302 1903 2340 civili,
1927 2301 1959 2334 &

1097 2353 1152 2385 per
1171 2344 1252 2376 hanc
1269 2343 1434 2376 adinventa
1450 2343 1652 2385 stipulatione
1664 2366 1674 2382 ,
1705 2344 1772 2384 J'ura
1795 2343 1869 2375 huic
1890 2342 1956 2374 for·
1975 2344 1978 2348 '

1098 2385 1193 2417 mulae
1220 2393 1337 2417 tantam
1365 2386 1516 2417 dederunt
1543 2385 1780 2423 austoritatem,
1811 2391 1845 2415 ut
1863 2382 1956 2415 fastae

1099 2427 1310 2467 stipulationis
1335 2426 1538 2468 plenissimum
1566 2426 1709 2457 credatur
1729 2431 1955 2466 argumentum.

1098 2468 1204 2509 Atque
1219 2468 1261 2499 ita
1278 2477 1342 2500 non
1361 2467 1460 2500 solum
1477 2469 1566 2499 etiam
1584 2465 1785 2508 stipulationis
1803 2466 1861 2497 Ioco
1878 2467 1957 2496 acci-

1093 2511 1179 2550 pitur
1190 2532 1201 2548 ,
1226 2508 1275 2540 scd
1289 2508 1407 2550 semper
1424 2510 1453 2541 ἃ
1470 2509 1584 2550 ubique
1605 2518 1642 2540 ex
1662 2506 1809 2548 stipulatu
1827 2506 1956 2548 nost-itur

1097 2549 1189 2589 αὲἲίο,
1215 2550 1474 2591 quemadmodum
1492 2552 1584 2580 ἁπλῆς
1602 2548 1808 2590 subJungitur.
1839 2548 1957 2588 Sequu-

1098 2598 1129 2622 ta
1143 2593 1180 2624 ad
1202 2592 1348 2623 ultimum
1360 2591 1527 2632 exceptio,
1549 2599 1643 2631 prout
1658 2599 1724 2621 eam
1743 2587 1955 2630 exposuimus,

1096 2631 1181 2664 hisce
1202 2642 1264 2664 non
1292 2632 1496 2669 adversatur,
1528 2631 1644 2669 modo,
1673 2629 1759 2662 misl'a
1785 2633 1955 2662 verborum

1096 2674 1289 2715 proprietate
1314 2676 1406 2707 aomo?
1422 2695 1432 2710 ‚
1463 2673 1499 2703 ad
1515 2671 1660 2703 effectum
1677 2672 1826 2710 civilem,
1849 2671 1954 2712 proxi-

1095 2723 1146 2746 me
1166 2713 1414 2755 praecedentcm,
1438 2712 1591 2744 reseratur
1606 2713 1707 2745 unice.

1138 2755 1223 2799 Quid
1239 2754 1278 2792 fi,
1302 2754 1388 2786 salvo
1406 2754 1566 2794 scriptura:
1586 2755 1712 2793 ordine,
1747 2754 1775 2786 δι
1792 2754 1836 2786 ita
1856 2760 1954 2787 terite·
1993 2780 1995 2782 .

1095 2805 1174 2828 mus.
1217 2795 1320 2826 Verba
1343 2795 1410 2826 liaec
1440 2795 1482 2827 R.
1511 2795 1545 2826 T.
1569 2795 1598 2826 S.
1625 2795 1673 2826 M.
1706 2797 1735 2827 <St
1753 2805 1812 2836 pro
1831 2794 1922 2836 punito
1939 2819 1950 2834 ‚

1095 2839 1125 2869 ὅ(
1141 2846 1198 2877 pro
1216 2835 1417 2877 stipulatione
1433 2836 1630 2877 accipiuntur
1641 2860 1650 2875 ,
1677 2836 1737 2867 hoc
1753 2835 1818 2874 est,
1841 2836 1953 2868 utrius-

1093 2887 1154 2918 que
1178 2876 1323 2908 effectum
1353 2878 1489 2916 habent,
1510 2877 1584 2918 du‘m
1605 2878 1634 2909 δι
1653 2878 1804 2908 actionem
1818 2899 1829 2915 ,
1853 2878 1882 2908 ὅ(
1896 2886 1951 2910 ex-

1093 2918 1268 2958 ceptionem
1298 2919 1485 2959 producunt.
1543 2916 1593 2950 De
1609 2918 1730 2950 afflone
1751 2927 1813 2949 non
1834 2916 1878 2950 est
1895 2919 1950 2950 du-

1093 2960 1188 2990 bium.
1236 2957 1286 2990 De
1309 2960 1498 3001 exceptione
1519 2969 1567 2992 res
1588 2958 1632 2990 est
1657 2959 1825 3000 conspicua
1850 2961 1880 2991 in
1903 2970 1952 2992 ac-

1092 3000 1296 3041 ceptilatione
1318 3001 1434 3033 inutili.
1487 3001 1654 3042 Propone:
1688 2999 1852 3040 Centum,
1881 3010 1950 3042 quae

1094 3042 1151 3072 tibi
1168 3041 1269 3073 debeo
1279 3052 1318 3073 ex
1334 3051 1445 3074 mutuo
1459 3064 1470 3080 ,
1492 3043 1625 3074 habesne
1641 3041 1814 3082 acceptos?
1837 3042 1948 3074 habeo.

1092 3081 1195 3119 Hele,
1217 3083 1289 3124 quia
1304 3083 1387 3115 deest
1406 3083 1571 3124 Aquiliana
1585 3083 1735 3121 novatio,
1760 3082 1902 3122 constat,
1927 3083 1950 3115 i-

1091 3122 1147 3164 pso
1171 3123 1238 3162 jure
1263 3125 1488 3165 obligationem
1517 3124 1668 3156 sublatam
1693 3133 1755 3155 non
1773 3123 1852 3156 ess‘e:
1875 3126 1947 3166 quia

1092 3172 1193 3195 tamen
1212 3165 1416 3206 icelle-pactum
1432 3165 1525 3197 babet
1544 3174 1579 3197 ea
1597 3162 1777 3205 stipulatio,
1801 3173 1835 3196 ut
1847 3166 1947 3206 inquit

1089 3204 1153 3246 ipse
1176 3205 1327 3248 Ulpianus
1351 3207 1381 3239 in
1416 3207 1436 3237 l.
1462 3211 1490 3241 8.
1516 3206 1558 3248 ff.
1590 3206 1623 3236 de
1653 3206 1786 3245 accepta.
1810 3206 1946 3238 debitori

1859 3257 1944 3279 com=
