2008 3436
205 127 275 162 234
438 120 839 158 CORNELII
909 132 1020 161 vau

205 194 230 225 F
233 195 533 244 oederatoexercitu
558 202 715 241 dive‘fsls,'
729 203 852 244 prolixe
873 203 1065 237 demonstra·v

206 246 280 268 runt
308 238 442 272 Ordines
466 241 648 275 Hollandiae
674 245 704 275 in
732 244 878 284 Libello,
913 255 1003 286 quem
1030 247 1064 277 de

207 276 284 317 Jure
302 279 427 313 Militiae
443 284 606 316 ediderunt
631 293 677 325 17.
702 285 781 325 Maj.
810 290 898 327 1657.
923 287 992 329 (6).
1016 286 1063 318 Id-

205 328 266 358 que
292 329 386 367 eiiam
413 325 557 356 accidisse
583 325 638 356 sub
662 326 749 357 initia
771 326 911 359 Foederis
930 352 939 368 ,
971 337 1065 369 atque

205 361 283 391 adeo
303 364 487 396 sententiam
503 366 594 407 ipsius
614 365 751 397 Foederis
765 376 829 399 non
842 369 962 402 obstare
973 394 983 409 ,
1001 369 1043 400 ibi
1055 392 1065 407 ,

205 400 227 432 si
245 405 447 448 commodum
464 406 531 445 est,
555 408 649 448 leges.
694 408 774 439 Sane
794 418 854 450 pro
872 410 961 442 causa
979 419 1065 442 com-

204 451 290 488 muni
310 446 358 476 ’vel
380 456 469 477 unam
486 447 703 487 Provinciam,
728 450 854 491 reliquis
869 450 1065 483 consentien-

204 488 288 516 t1bus
304 508 314 523 ,
335 487 417 518 recte
432 488 547 519 bellum
563 498 690 530 gerere,
713 489 790 522 adeo
814 502 923 524 verum
944 491 1007 531 est,
1031 500 1066 524 ut

199 533 263 561 non
276 526 378 571 *facile
396 536 576 569 reperturus
592 529 647 569 sis,
659 532 713 571 qui
735 531 809 564 huic
829 533 872 564 rei
894 532 974 565 serio
992 542 1067 565 con-

203 566 344 599 tradicat.
366 567 547 602 Nonnullos
565 580 692 617 quoque
704 581 745 604 ex
758 572 950 614 Foederaris,
967 574 1065 607 etiam

203 616 264 639 non
284 608 524 642 defendentibus
547 619 682 652 ceteris,
706 613 874 647 defendere
897 616 1012 655 licere,
1036 615 1067 648 &

205 650 365 681 vindicare
388 651 551 690 injuriam,
581 653 652 693 ipsis
679 654 797 687 illatam
813 679 822 696 ‚
854 656 927 689 satis
949 656 1067 688 intelli-

204 700 276 731 ges,
295 692 348 723 ubi
365 692 722 736 intellexe1·is,fingulas
737 696 919 730 Provincias
936 708 995 740 pro
1015 696 1067 729 sua

204 732 298 763 etiam
314 732 403 764 causa
420 733 503 765 redte
529 744 614 767 arma
634 737 774 769 induere.
819 739 915 782 Quod
941 749 977 771 ut
996 748 1066 782 pro—

203 772 297 818 bem,
322 783 386 806 non
414 775 472 807 alia
492 776 613 808 ratione
639 785 732 817 utor,
756 788 847 820 quarn
874 780 971 812 modo
989 790 1066 821 prae-

202 815 385 850 mittebam,
410 816 540 857 singulas
560 827 671 860 nempe
690 819 890 860 Provincias,
916 829 949 853 ut
966 822 1065 861 olim,

204 856 239 887 in
259 857 342 888 bello
358 858 495 898 gerendo
510 856 638 891 fuerunt
656 859 699 892 sui
717 861 807 902 juris,
829 862 870 895 fic
894 863 923 896 &
944 863 1066 896 mansis-

206 897 237 929 se
254 899 321 939 post
339 899 362 930 F
365 898 453 930 oedus
469 899 700 934 Utrechtanum
715 926 725 939 ,
748 903 804 935 nifi
818 913 858 935 eo
873 905 939 945 jure
961 902 992 935 se
1014 904 1066 935 ab·

207 940 395 985 dicaverint.
441 939 521 986 Quae
545 950 584 972 ue
598 943 692 984 igitur
702 944 887 984 Provincia,
899 946 937 977 ab
953 953 1067 977 extero

204 982 350 1022 Principe
362 981 496 1013 laceffica
508 1005 516 1020 ‚
539 983 667 1024 ireliqui
679 984 832 1018 Foederati
847 987 1068 1019 communibus

205 1024 326 1057 viribus
342 1023 371 1054 ei
390 1032 451 1054 non
472 1021 651 1056 succurrant
667 1026 749 1065 ‚sive
765 1028 847 1067 quod
867 1028 968 1059 nolint
981 1050 991 1066 ‚
1004 1027 1068 1059 sive

205 1065 290 1107 quod
299 1074 360 1096 non
376 1064 489 1105 posunt
500 1089 508 1102 ,
517 1073 575 1104 pro
585 1067 654 1105 jure
666 1065 721 1098 suo
731 1068 928 1100 defendendo
937 1070 988 1100 vel
998 1069 1067 1100 vin-

205 1106 359 1145 dicando,
384 1105 467 1136 reste
482 1115 566 1138 arma
579 1107 677 1139 sumet
692 1132 699 1145 ‚
726 1109 780 1141 nisi
798 1109 913 1151 sit,qui
932 1110 1044 1150 probet
1057 1132 1067 1147 ,

206 1147 347 1190 Juri'suo
365 1146 577 1186 renunciasse,
601 1148 631 1180 ὅ(
653 1150 846 1182 renunciaffe
864 1161 927 1182 non
944 1150 1069 1182 memini

208 1200 260 1223 me
278 1189 393 1229 uspiam
413 1188 525 1228 legere.
582 1189 670 1229 imo,
694 1192 832 1232 inquies,
854 1193 967 1233 legitur
988 1192 1018 1223 in
1040 1192 1070 1222 d.

209 1232 238 1274 ἓ.
262 1242 293 1269 9.
318 1230 392 1262 illem
410 1230 458 1261 καί
472 1240 546 1272 gem
569 1231 678 1274 Oorlog
703 1235 906 1269 aanveerAerz.
931 1235 989 1264 dan
1013 1237 1070 1263 met

207 1282 324 1317 gemeen
346 1273 431 1302 advis
448 1282 483 1302 etz
504 1272 619 1312 consent
635 1283 696 1304 van
715 1275 748 1304 cie
770 1274 911 1315 voorschr.
940 1274 1069 1306 Provin-

207 1317 282 1346 cierz.
327 1313 386 1345 Sed
405 1313 500 1343 velim
516 1313 760 1353 animadvertas,
786 1315 876 1346 illurn
899 1314 925 1356 §.
946 1325 977 1352 9.
1001 1314 1070 1346 Foe-

208 1356 275 1389 deri
291 1354 352 1386 effe
369 1352 516 1384 insertum
536 1362 594 1394 pro
605 1353 672 1394 jure
687 1354 872 1396 singularum
890 1356 1070 1387 Provincia-

208 1407 277 1430 rum
298 1393 530 1432 conservando,
552 1404 617 1426 non
635 1405 692 1436 pro
711 1397 851 1429 tollendo
863 1397 915 1429 vel
932 1397 1070 1429 minuen-

206 1439 249 1471 do
260 1462 269 1477 ‚
294 1437 428 1476 ideoque
444 1436 509 1473 ait,
532 1445 657 1468 ceteros
667 1437 799 1470 Ordines
811 1462 821 1477 ‚
832 1438 862 1470 in
881 1437 970 1470 causa
986 1448 1072 1470 com-

206 1479 313 1517 muni,
337 1478 415 1509 alios
430 1486 492 1508 non
517 1477 600 1509 recte
614 1478 651 1509 ad
670 1478 787 1510 bellum
803 1489 937 1521 cogere,
960 1489 1000 1512 ne
1012 1478 1070 1511 sci-

205 1521 284 1554 licet
302 1519 396 1551 inviti
413 1518 560 1551 oneribus
578 1519 653 1551 belli
680 1521 891 1562 implicentur.
939 1520 974 1553 In
1001 1530 1070 1553 cau-

206 1562 257 1600 sa,
282 1561 428 1601 inquam,
453 1561 639 1600 communi,
672 1563 858 1594 nominatim
888 1562 971 1594 enim
999 1572 1071 1594 cau-

206 1613 273 1637 tum
290 1602 353 1641 est,
377 1602 514 1641 bellum,
537 1604 583 1633 die
603 1603 800 1635 Generaliteit
815 1613 877 1635 van
894 1603 977 1644 defin
993 1604 1070 1636 Ver-

206 1646 296 1677 bande
316 1644 508 1686 aangacmde,
535 1642 646 1685 suscipi
663 1654 727 1676 non
744 1645 850 1686 posse,
871 1645 927 1678 nisi
943 1645 1072 1677 consen-

207 1687 242 1719 su
271 1688 440 1717 communi.
485 1684 544 1716 Sed
568 1685 599 1716 id
618 1694 679 1717 non
705 1687 871 1727 prohibet,
904 1687 1072 1728 quominus

207 1728 335 1769 singulae
354 1726 532 1758 Provinciae
547 1750 557 1766 ,
583 1726 645 1758 suis
662 1726 855 1769 sumptibus,
869 1737 927 1770 pro
942 1727 972 1760 se
990 1728 1073 1760 recte

207 1770 326 1801 bellum
344 1775 463 1809 gerant.

252 1810 359 1851 Atque
377 1809 446 1849 his,
471 1819 541 1851 quae
560 1809 809 1852 disputavimus,
830 1811 898 1844 fere
921 1811 1074 1844 convenit

209 1851 364 1885 sententia
381 1860 509 1890 eorum,
534 1852 587 1892 qui
604 1861 685 1884 anno
703 1857 793 1894 1684.
818 1854 935 1886 bellum
951 1853 975 1885 F
977 1853 1075 1885 ranci-

211 1903 283 1925 cum
304 1892 527 1925 detrectabant.
575 1892 657 1924 Cum
678 1895 761 1926 enim
778 1905 818 1927 eo
835 1904 917 1927 anno
933 1902 1076 1937 ageretur

211 1936 250 1966 de
272 1938 381 1966 16000.
400 1934 555 1966 militibus
574 1934 824 1976 conscribendis,
850 1936 963 1979 quibus
981 1936 1074 1968 Fran-

214 1985 322 2007 corum
342 1975 421 2015 Regi
437 1975 554 2007 bellum
575 1975 664 2007 fieret
679 2001 685 2011 ,
698 1987 734 2008 ac
749 1977 946 2010 dissentirent
967 1977 1075 2015 Frisii,

211 2018 243 2049 ἃ
261 2016 383 2058 quidum
410 2025 451 2047 ex
478 2016 648 2049 Hollandis
675 2018 900 2061 Zelandisque,
923 2028 987 2051 non
1007 2017 1075 2058 qui-

212 2059 283 2089 dem
303 2056 517 2089 dissentientes
542 2058 714 2098 negabant,
735 2060 855 2091 bellum
880 2060 947 2092 fieri
968 2059 1076 2101 poffe,

216 2098 268 2131 sed
285 2099 439 2138 negabant
457 2097 522 2129 fieri
538 2099 626 2139 poil'e
643 2098 698 2131 suo
715 2099 852 2141 sumptu.
896 2101 943 2132 Ea
968 2101 1078 2140 utique

215 2139 342 2171 videtur
365 2138 519 2170 Ordinum
555 2138 579 2170 F
582 2139 656 2171 risiae
689 2139 840 2173 sententia
872 2142 904 2174 in
937 2140 1079 2182 Epistola

215 2181 253 2212 ad
265 2179 400 2212 Ordines
416 2178 586 2212 Generales
604 2179 718 2222 scripta
734 2181 837 2213 mense
851 2183 974 2215 Martio
988 2186 1079 2222 1684.

241 2221 286 2262 7)
309 2230 368 2251 nec
393 2220 484 2251 aliter
516 2220 677 2262 sapiebant
705 2222 1018 2256 Amsterdammenses
1050 2225 1079 2256 &

213 2260 530 2302 Middelburgenscs,
560 2263 614 2304 qui
641 2263 671 2295 ἀ
696 2263 705 2294 i
730 2263 751 2296 si
776 2264 1015 2304 dissentiebant,
1046 2264 1080 2296 in

216 2302 507 2336 contestationibus
532 2302 612 2341 suis,
637 2313 673 2335 ea
717 2314 734 2336 e
760 2315 795 2337 re
819 2306 911 2337 editis
940 2305 1019 2346 (8);
1042 2305 1081 2337 ad

215 2344 397 2385 exemplum
415 2343 483 2374 fere
500 2345 621 2385 antiqui
639 2345 872 2378 Hollandorum
890 2345 986 2378 status
998 2373 1004 2382 ,
1017 2356 1081 2388 quo

215 2386 359 2428 plurimae
390 2384 547 2431 Civitates
570 2387 602 2418 in
627 2395 720 2418 unam
750 2388 847 2429 magis
869 2387 1081 2427 Societatem,

217 2437 309 2469 quam
329 2426 567 2466 Rempublicam
584 2431 723 2459 coivere.

198 2496 199 2501 ,
259 2467 320 2501 Sed
336 2466 651 2508 jam'obmurmuras,
676 2469 824 2511 exemplo
840 2480 936 2512 grave
951 2469 1013 2503 effe
1024 2493 1034 2510 ,
1058 2470 1080 2503 fi

218 2509 347 2550 fingulae
371 2507 547 2541 Provincia:
568 2507 622 2541 sua
645 2511 725 2542 bella
748 2521 854 2557 gerere
880 2512 1017 2553 poffint,
1039 2511 1081 2544 fic

219 2551 303 2582 enim
322 2549 401 2581 alios
423 2549 604 2595 Foederatos
616 2550 850 2591 praesentissimo
866 2553 1010 2594 periculo
1026 2563 1079 2585 ex-

218 2591 316 2633 poni,
338 2599 409 2620 cum
427 2597 528 2621 exteri
549 2590 709 2632 Principes
726 2593 808 2624 iuter
825 2594 1008 2628 Provincias
1016 2604 1082 2628 non

219 2631 430 2671 distinguant,
442 2631 472 2662 ἃ
488 2639 707 2671 quemcunque
724 2642 765 2664 ex
785 2634 958 2667 Foederatis
975 2636 1082 2677 depre-

220 2673 358 2705 hendant
371 2693 380 2708 ‚
404 2670 568 2712 aggressuri
588 2671 654 2703 sint.
681 2672 744 2718 Qui
758 2695 767 2709 ‚
782 2673 803 2705 si
820 2674 998 2708 adoriantur
1014 2686 1082 2709 eam

219 2713 422 2746 Provinciam
436 2734 448 2750 ,
478 2721 547 2752 quae
570 2711 655 2743 bello
672 2712 702 2743 se
718 2714 877 2754 accinxit,
898 2723 1002 2748 metus
1022 2719 1082 2749 uti-

221 2764 282 2796 que
300 2752 396 2794 justus
417 2752 480 2791 cst,
511 2762 550 2784 nc
572 2762 637 2784 cam
656 2762 831 2795 occupent,
863 2765 879 2786 a
898 2757 1013 2789 ceteris
1034 2758 1080 2789 di-

221 2796 362 2833 vellant,
383 2800 475 2836 atque
496 2794 539 2825 ita
556 2794 581 2825 F
583 2794 677 2826 oederi
698 2795 826 2827 reddant
840 2795 996 2829 inutilem.
1028 2799 1081 2831 Sic

223 2837 353 2869 omnino
370 2833 434 2874 est,
468 2834 519 2866 scd
540 2842 574 2866 tu
601 2835 641 2866 de
663 2835 894 2877 consequentiis
925 2836 1080 2872 sollicitus

222 2888 273 2916 ea,
296 2886 356 2917 ego
373 2877 411 2908 dc
425 2876 502 2916 jure.
526 2876 579 2908 Sin
594 2885 698 2908 autem
719 2879 799 2918 apud
820 2885 852 2909 te
869 2878 938 2919 plus
954 2880 1078 2911 valeant

221 2917 473 2959 consequentiae,
498 2918 624 2959 cogita,
656 2927 747 2959 quam
767 2919 879 2950 durum
904 2918 958 2957 sit,
981 2919 1002 2952 si
1025 2921 1077 2953 vel

220 2970 282 2991 una
303 2959 484 2997 Provincia,
509 2959 707 2999 quantumvis
728 2960 868 2999 injuriam
885 2959 965 3001 pass'a
978 2983 988 2998 ,
1008 2970 1079 2993 arc-

223 3001 318 3042 liquis
341 2999 514 3038 deseratur,
537 3009 596 3032 nec
622 3009 731 3042 tamen·
751 3000 815 3042 ipsa
839 3001 920 3034 suam
936 3001 1079 3043 injuriam

263 3120 323 3157 (6)
346 3121 492 3159 Resolutien
505 3131 557 3151 van
573 3122 762 3162 Corfideratien
774 3129 816 3152 ten
829 3123 889 3161 tyele
902 3132 956 3154 van
972 3123 1004 3153 de
1020 3123 1079 3153 Wie

220 3166 321 3234 P·(3;³3
342 3168 425 3225 Ῐιῖῃιὲε
447 3197 636 3236 coifi-'teratien
658 3208 711 3231 van
731 3184 934 3240 Stauts-sakon,
957 3199 1075 3236 TituIJ,

1981 0 1999 91 l

1093 123 1690 163 BYNKERSHOEK
1976 91 2000 174 ἕξ,

1106 205 1265 238 vindicare
1283 205 1393 248 poss‘et.
1439 204 1485 238 Ut
1502 205 1539 238 ab
1559 205 1640 238 inito
1660 204 1790 238 Foedere
1808 207 1891 241 nulla
1908 219 1961 244 un-
1984 204 1997 240 ι’

1107 256 1198 287 quam
1214 247 1382 280 Provincia
1402 247 1553 288 singulare
1576 247 1694 279 bellum
1716 248 1824 289 gessit,
1849 249 1890 281 sic
1909 254 1962 294 op'.
1979 240 2001 290 [ι

1107 288 1233 320 tandum
1252 288 1316 328 est,
1341 298 1380 321 ne
1402 295 1489 330 gerat
1505 297 1658 329 unquam,
1679 297 1752 320 cuin
1770 298 1889 322 tantum
1915 302 1962 326 ur·
1996 291 1999 321 ἶ

1107 338 1200 370 geant
1219 329 1450 371 consequentiae
1468 329 1498 360 in
1525 337 1689 370 utramque
1715 336 1846 373 partem.
1887 332 1962 375 Sed,

1108 371 1255 412 quicquid
1269 370 1328 410 sit,
1349 371 1388 402 de
1404 371 1473 410 Jure
1491 370 1668 411 quaerimus.
1713 371 1828 404 Verum
1855 373 1884 405 ἀ
1909 381 1963 419 tu,

1110 420 1149 442 eo
1168 410 1336 450 consulto,
1358 411 1508 452 objicies,
1530 418 1650 443 tantum
1668 410 1789 451 abeffe,
1811 422 1846 446 ut
1865 413 1962 456 fingu-
1998 418 1999 457 ξ

1110 452 1149 484 1ae
1165 452 1342 484 Provinciae
1359 453 1412 485 sua
1427 453 1509 485 bella
1527 452 1611 484 recte
1628 461 1755 493 gerant,
1778 461 1813 486 ut
1839 464 1877 487 ne
1923 457 1965 489 ui.¹
1989 455 1999 494 J

1110 493 1179 525 dem
1199 494 1237 525 iis
1254 493 1359 525 facere
1373 494 1466 526 liceat
1478 494 1663 535 quicquain,
1674 494 1756 534 quod
1774 495 1857 527 bello
1873 495 1906 527 su
1920 499 1963 530 ci·
1988 500 1999 541 *ᾗ

1110 534 1204 566 tando
1224 534 1417 567 occasionem
1435 536 1577 575 praebere
1588 534 1690 575 poffit.
1716 534 1808 567 Unde
1823 536 1853 568 in
1869 536 1897 578 §.
1913 547 1962 580 17.
1990 557 1992 575 1

1109 574 1135 607 F
1137 575 1196 607 oed.
1211 576 1356 608 Utrecht.
1379 575 1589 608 constitutum
1604 575 1668 614 est,
1686 585 1725 608 ne
1744 577 1812 617 quis
1824 575 1963 611 Foedera'-
1990 582 2000 611 ,ὲ

1111 624 1161 648 tus
1176 624 1286 648 extero
1303 616 1441 659 Principi
1463 616 1583 649 causam
1608 617 1684 649 belli
1703 618 1856 659 praebeat,
1881 618 1963 652 ideo·
1999 619 2001 649 ἶ

1110 666 1172 698 que
1196 658 1294 698 probe
1319 658 1402 690 reste
1421 658 1468 698 jus
1486 658 1590 696 dicat,
1623 658 1666 691 fin
1700 666 1823 699 autem,
1858 669 1875 692 a
1896 661 1965 694 reli—
1999 667 2001 687 ‘1

1110 698 1179 740 quis
1201 698 1374 731 Foederatis
1399 703 1610 731 coerceretur.
1661 699 1721 731 Sed
1748 698 1819 733 belli
1847 703 1966 736 causam
1999 719 2001 743 J

1110 748 1174 771 non
1191 740 1328 781 praebet,
1357 741 1411 782 qui
1437 740 1555 782 patitur
1578 740 1741 782 injuriam,
1764 750 1795 773 at
1810 742 1884 782 ille,
1912 740 1966 786 qui

1109 779 1206 820 facit,
1231 781 1284 822 qui
1308 782 1426 823 patitur
1450 781 1614 820 injuriam,
1641 780 1756 822 J'ustum
1779 782 1897 816 bellum
1933 794 1966 817 e·
2000 784 2002 799 ³

1110 822 1171 861 rit,
1193 822 1322 863 quiajus
1338 821 1424 855 suum
1444 821 1585 854 defendit
1604 823 1747 856 adversus
1760 824 1896 864 {alterius
1918 828 1966 863 ur·

1109 864 1240 904 juriam,
1270 864 1322 895 vel
1344 873 1526 905 recuperare
1549 863 1714 896 constituit
1729 887 1739 904 ,
1775 865 1859 906 quod
1881 867 1966 900 nullo

1109 906 1178 946 jure
1205 904 1258 936 fibi
1287 905 1466 946 ademptum
1499 904 1553 936 est.
1606 905 1773 947 Utcunque
1797 906 1897 948 igitur·
1918 907 1928 948 j

1111 953 1271 988 competat
1285 946 1361 978 belli
1378 946 1526 987 gerendi,
1549 956 1612 979 non
1631 947 1787 988 competit
1804 955 1906 980 tamen
1916 917 1966 988 ,Ἣ

1111 987 1180 1028 quis
1197 986 1261 1028 ipse
1282 986 1394 1028 injuste
1410 987 1532 1028 egerit,
1556 989 1586 1020 &
1601 987 1641 1020 iic
1659 988 1745 1020 bello
1760 987 1879 1021 causam
1894 986 1968 1032 prael

1110 1028 1223 1060 buerit.
1248 1028 1306 1060 Sed
1326 1028 1356 1060 &
1371 1029 1589 1060 difficultatem
1608 1029 1701 1061 habet
1719 1029 1787 1061 haec
1801 1031 1962 1071 exceptio*

1112 1079 1183 1101 cum
1203 1078 1266 1101 non
1291 1069 1361 1101 satis
1381 1068 1523 1107 constet,
1545 1071 1634 1101 eccui
1659 1070 1698 1101 de
1721 1069 1836 1109 justitia
1858 1073 1909 1104 vel
1925 1072 1968 1106 in-

1112 1109 1230 1150 justitia
1246 1110 1322 1142 belli
1336 1111 1667 1152 conipetatjudicium.
1679 1111 1796 1152 Utique
1807 1112 1876 1153 ipsis
1895 1113 1968 1146 Pror-

1111 1151 1246 1190 vinciis,
1273 1151 1354 1184 inter
1375 1153 1405 1182 se
1421 1151 1693 1192 dissentientibus,
1711 1162 1771 1184 non
1792 1153 1970 1194 competit}
2002 1134 2006 1181 Ι

1113 1192 1167 1224 sed
1189 1200 1224 1223 ut
1251 1191 1282 1223 in
1306 1193 1374 1224 aliis
1397 1191 1511 1231 causis,
1534 1193 1578 1224 ita
1604 1193 1632 1225 ἀ
1656 1193 1686 1225 in
1715 1193 1971 1228 haci‘crvabitur

1113 1233 1192 1264 ordo
1219 1232 1362 1272 placandi
1386 1232 1518 1272 diffidii,
1540 1232 1737 1274 praescriptus
1755 1234 1786 1267 in
1799 1235 1862 1277 fine
1885 1235 1912 1278 §.
1941 1245 1971 1269 1.

1113 1274 1144 1306 d.
1168 1273 1254 1304 Foed.
1281 1272 1427 1305 Utrecht.

1127 1325 1130 1331 ·
1156 1314 1302 1355 Superest
1317 1313 1470 1356 quaestio,
1494 1323 1552 1355 an,
1585 1324 1621 1348 ut
1643 1315 1767 1359 fingulae
1793 1315 1971 1362 Provincia}

1115 1356 1263 1388 volentes
1286 1365 1344 1397 pro
1367 1354 1456 1387 causa
1485 1357 1644 1389 communi
1670 1358 1762 1391 reste·
1783 1358 1898 1392 bellurn
1920 1369 1972 1403 go*-

1116 1397 1262 1437 runt‚ita
1280 1398 1308 1429 δι
1326 1397 1469 1429 nolentes
1487 1398 1559 1439 cogi
1577 1399 1690 1440 poffint
1709 1399 1745 1432 ad
1765 1400 1900 1440 bellum,
1915 1410 1972 1443 pro

1114 1437 1205 1471 causa
1222 1439 1382 1471 communi
1399 1437 1629 1481 suscipiendum.
1656 1441 1715 1478 Et,
1735 1440 1756 1474 fi
1775 1451 1882 1475 verum
1893 1451 1972 1485 am-

1114 1490 1205 1519 mus,
1228 1489 1291 1512 non
1310 1479 1438 1522 possunt
1456 1481 1548 1522 cogi,
1572 1483 1644 1522 quia
1660 1482 1690 1515 δε
1703 1482 1772 1514 haec
1790 1492 1837 1515 res
1848 1482 1894 1516 est
1911 1493 1972 1526 mess-

1115 1532 1160 1554 1·ae
1177 1522 1363 1554 voluntatis.
1410 1521 1440 1554 Si
1460 1522 1566 1560 dicas,
1588 1525 1619 1554 in
1637 1522 1665 1564 §.
1690 1533 1716 1557 1.
1733 1523 1769 1559 &⁹
1788 1533 1817 1557 2.
1835 1525 1865 1557 d.
1884 1523 1970 1559 Foed,

1115 1563 1264 1595 Utrecht.
1289 1563 1370 1595 inter
1390 1562 1570 1596 Foederatos
1595 1566 1717 1606 pactam
1737 1565 1798 1598 effe
1821 1565 1971 1600 defensio-

1115 1613 1187 1637 nem
1204 1613 1361 1644 mutuam,
1386 1606 1479 1636 etiam
1499 1605 1604 1644 bello,
1638 1607 1710 1648 quia
1735 1606 1904 1650 utrobique
1924 1607 1974 1640 ad-

1115 1646 1218 1686 ditur,
1243 1652 1300 1677 met
1317 1646 1381 1688 lyf,
1403 1648 1475 1689 goed
1489 1656 1525 1678 en
1546 1647 1646 1686 blued,
1670 1647 1700 1680 &
1715 1647 1735 1680 si
1750 1657 1845 1698 porro
1867 1649 1972 1691 dicas,

1116 1687 1304 1720 nominatim
1324 1695 1450 1720 cautum
1469 1687 1530 1719 esse
1546 1689 1576 1720 in
1596 1689 1622 1731 §.
1641 1699 1670 1732 3.
1696 1688 1857 1723 d.l⁴oeder.
1873 1699 1976 1733 quam-

1116 1738 1179 1771 que
1196 1728 1420 1769 Provinciam,
1442 1739 1509 1771 quae
1533 1730 1599 1762 vim
1622 1738 1674 1763 aut
1692 1730 1834 1772 iniuriam
1855 1733 1975 1774 patitur

1117 1777 1228 1802 contra
1255 1777 1475 1812 quemcunque
1489 1793 1500 1808 ,
1537 1780 1683 1805 exterum
1703 1772 1755 1805 vel
1777 1771 1839 1805 indi
1862 1781 1975 1816 enam,
2006 1757 2008 1814 l

1117 1812 1338 1844 communibus
1352 1812 1473 1844 viribus
1489 1811 1550 1844 effe
1567 1812 1811 1853 defendendam,
1833 1814 1843 1846 i
1866 1823 1914 1846 em
1928 1813 1974 1846 di-

1118 1862 1189 1893 ces,
1215 1853 1300 1894 quod
1328 1854 1356 1886 ἀ
1386 1853 1507 1894 Frisiis,
1530 1853 1649 1887 bellum
1678 1854 1704 1888 L
1729 1853 1857 1893 [itanum
1877 1853 1977 1887 detre-
2007 1853 2008 1895 l

1118 1894 1275 1926 &antibus
1284 1917 1296 1934 ,
1318 1905 1337 1927 a
1355 1895 1484 1936 reliquis
1501 1894 1672 1928 Foederatis
1690 1906 1710 1928 o
1731 1895 1846 1937 jectum
1864 1893 1910 1928 est
1922 1905 1973 1928 an-

1118 1945 1162 1969 no
1181 1939 1271 1976 1657.
1283 1936 1342 1978 (9)
1353 1936 1403 1968 fed
1420 1936 1526 1969 audies
1537 1937 1660 1979 &quod
1676 1938 1721 1969 ait
1734 1937 1790 1969 ille
1811 1937 1881 1977 λέγι
1900 1935 1975 1966 ιιι-οἷ’-

1119 1988 1153 2008 λε
1170 1980 1310 2017 ‚asma-spos,
1336 1978 1366 2009 &
1385 1977 1470 2018 quod
1482 1976 1591 2010 Celsus
1608 1978 1639 2009 in
1656 1978 1678 2009 l.
1690 1977 1785 2020 24.ff.
1801 1978 1917 2010 deLL.
1928 1979 1976 2010 in*-

1119 2019 1209 2050 civz'le
1225 2016 1266 2059 est
1277 2041 1285 2053 ‚
1308 2017 1365 2057 rufi
1381 2024 1442 2049 tota
1458 2018 1520 2060 lege
1533 2018 1699 2059 Ρεφχυεὲἶα,
1721 2028 1781 2050 una
1795 2019 1894 2062 aliqua
1905 2025 1978 2060 par-

1121 2060 1212 2092 ticula
1236 2060 1297 2101 ejus
1311 2057 1474 2100 proposita,
1494 2059 1630 2101 judicare
1651 2060 1699 2091 vel
1721 2059 1906 2101 respondere,
1927 2059 1977 2092 his

1120 2101 1203 2133 enim
1215 2123 1225 2139 ,
1250 2109 1321 2141 quae
1340 2100 1436 2132 modo
1455 2099 1615 2139 dicebam,
1639 2101 1976 2143 generaliterpraemis-

1121 2142 1177 2180 sis,
1198 2140 1374 2182 specialiter
1393 2140 1535 2173 additum
1552 2140 1596 2173 est
1611 2142 1643 2173 in
1665 2143 1693 2175 d.
1718 2141 1746 2183 §.
1757 2152 1787 2183 3.
1800 2143 1920 2176 beheltel
1939 2142 1976 2183 k,

1121 2184 1174 2215 dat
1189 2184 1235 2214 die
1252 2179 1405 2224 affistemz'e
1421 2183 1457 2223 hy
1473 2183 1506 2214 de
1528 2182 1725 2215 Generaliteit
1740 2192 1802 2215 van
1817 2183 1878 2226 dqse
1928 2184 1976 2216 nie

1121 2224 1320 2267 gedecerneert
1337 2224 1385 2255 καί
1400 2223 1521 2255 worden
1539 2230 1596 2256 met
1617 2223 1741 2266 kennz'ffit
1757 2225 1828 2257 ende
1845 2235 1886 2257 na
1901 2224 1978 2268 gele-

1144 2266 1260 2297 enthez'd
1275 2275 1335 2296 van
1356 2264 1497 2305 dersake.
1523 2263 1599 2297 Hoc
1615 2263 1682 2304 est,
1706 2274 1782 2298 tunc
1801 2266 1925 2299 demum
1939 2264 1977 2302 ad

1121 2275 1333 2338 {efenfionem
1350 2305 1479 2338 alterius
1495 2313 1619 2338 ceteros
1640 2307 1731 2349 cogi,
1742 2306 1908 2339 fiOrdines
1915 2305 1980 2339 Ge-

1123 2348 1244 2380 nei-ales
1259 2348 1303 2378 ita
1318 2347 1536 2386 decreverint3
1559 2348 1643 2389 quod
1665 2357 1727 2380 non
1746 2347 1838 2379 aliter
1863 2347 1980 2380 intelli-

1123 2387 1258 2431 gendum
1271 2411 1281 2428 ,
1305 2397 1398 2429 quarn
1419 2387 1440 2420 si
1460 2397 1569 2420 omnes
1588 2389 1708 2428 velint,
1733 2387 1846 2420 bellum
1861 2388 1978 2434 quippe

1124 2439 1188 2462 non
1209 2429 1382 2462 decernunt
1405 2428 1540 2462 Ordines
1570 2428 1740 2462 Generales
1757 2451 1767 2468 ,
1798 2427 1852 2460 nisi
1875 2429 1978 2462 velint

1125 2480 1234 2504 omnes
1248 2496 1255 2508 ,
1289 2479 1324 2503 ut
1354 2480 1431 2503 mox
1454 2468 1593 2512 sequitur
1615 2471 1647 2502 in
1672 2471 1701 2501 d.
1727 2469 1756 2510 §.
1778 2478 1810 2508 9.
1834 2468 1864 2501 d.
1887 2469 1976 2502 Foed.

1124 2512 1194 2545 Una
1214 2513 1312 2554 igitur
1332 2511 1498 2544 Provincia
1518 2511 1637 2553 poterit
1655 2509 1830 2550 dissentire,
1854 2510 1886 2543 &
1907 2519 1980 2552 pro-

1123 2553 1232 2585 hibere
1246 2577 1257 2594 ‚
1292 2563 1332 2586 ne
1354 2553 1470 2585 bellum
1518 2558 1621 2583 eratur
1647 2559 1833 2596 commune,
1861 2551 1893 2583 id
1911 2550 1980 2592 est,

1124 2595 1265 2627 omniurn
1286 2594 1432 2632 nomine,
1454 2601 1494 2624 ve
1521 2592 1593 2663 quia
1607 2591 1787 2638 existimat,
1805 2592 1846 2639 ad
1866 2591 1896 2624 se
1913 2597 1977 2640 ηοξ

1123 2636 1282 2678 pertinere
1304 2634 1446 2675 injuriam
1463 2654 1475 2671 ,
1510 2641 1527 2663 a
1543 2641 1638 2664 iarum
1664 2632 1900 2666 Provinciamm
1924 2642 1977 2670 um

1124 2677 1177 2708 vel
1195 2676 1336 2717 pluribus
1353 2674 1491 2712 illatam,
1513 2672 1567 2704 vel
1584 2674 1656 2714 quia
1674 2672 1818 2714 injustam
1840 2673 1902 2707 ess'e
1923 2681 1978 2717 pu-

1125 2725 1172 2749 tat
1192 2716 1320 2748 aliarum
1336 2715 1374 2746 de
1392 2714 1504 2754 injuria
1519 2714 1692 2755 querclam,
1703 2724 1774 2747 narn
1791 2714 1900 2757 injuste
1908 2724 1979 2758 que-

1123 2756 1262 2789 rentibus
1287 2766 1305 2787 a
1328 2755 1500 2788 Foederatis
1522 2764 1587 2787 non
1610 2754 1814 2796 succurritur,
1841 2756 1976 2793 cessante

1123 2799 1165 2831 fic
1179 2797 1264 2829 omni
1283 2796 1496 2838 obligatione,
1527 2804 1562 2827 ut
1593 2795 1660 2828 liaec
1684 2795 1772 2838 supra
1794 2797 1920 2840 exposui
1941 2796 1975 2834 G.

1122 2838 1181 2871 IX.
1205 2836 1248 2909 gs
1272 2837 1328 2868 Sed
1345 2838 1425 2878 quid.
1449 2837 1509 2868 Vel
1526 2837 1670 2872 tandem.
1695 2838 1767 2879 quia
1788 2838 1970 2872 Provincia'

1120 2889 1188 2921 quae
1228 2877 1366 2916 issentit,
1388 2877 1527 2919 sumptus
1544 2878 1615 2910 belli
1634 2878 1778 2912 tollerare
1797 2879 1924 2921 nequit,
2004 2892 2008 2896 ⁴

1121 2918 1224 2961 potest
1240 2918 1396 2957 incidere,
1421 2919 1450 2951 &
1468 2918 1548 2960 saepe
1565 2919 1685 2951 incidit.
1730 2920 1785 2952 Sin
1807 2928 1911 2953 autem
1929 2918 1973 2954 vi÷

1121 2970 1168 2992 res
1183 2959 1269 2992 bello
1288 2961 1422 3000 gerendo
1440 2960 1611 2999 sufficiant,
1633 2960 1663 2992 ὅτ
1677 2959 1754 3000 justa
1777 2959 1876 2993 fuerit
1901 2970 1972 3003 que-

1119 3001 1202 3041 reia,
1224 3010 1288 3033 non
1308 3000 1379 3034 satis
1393 3003 1528 3034 amicum
1547 3000 1610 3042 est,
1633 3002 1725 3041 aliis,
1747 3002 1890 3043 injuriam
1909 3011 1972 3044 pas-

1915 3042 1970 3088 sia,

1119 3123 1219 3161 Capyen
1237 3131 1291 3151 van
1306 3121 1436 3168 Brieuen,
1458 3130 1484 3153 n.
1497 3132 1539 3159 15.
1560 3131 1587 3161 p.
1606 3127 1650 3159 76.

1154 3162 1218 3237 {33
1237 3161 1468 3238 {Effiniistbz‘gsiss
1484 3171 1515 3230 ¹21]
1531 3159 1746 3230 2⁰22&va
1755 3170 1864 3239 Ρῗρἴῖἔ]
1885 3171 1911 3203 p.
1924 3165 1967 3198 ω’
