2008 3436
232 102 429 142 OPUSC.
483 103 556 139 DE
608 99 857 139 LEGATIS
908 99 1113 138 POENAE

1164 95 1415 142 NoMiNE
1479 108 1517 143 C.
1561 102 1638 145 11‘1.
1763 116 1832 155 449

55 189 106 218 tor
124 208 134 224 ,
167 186 255 218 nulla
279 185 460 226 cujusquam
493 182 768 231 contemplatione
783 205 794 222 ,
833 181 921 214 nulla
965 188 1061 212 tatem
1087 180 1252 215 scribentis
1277 184 1430 217 duntaxat
1454 186 1652 229 referantur,
1688 198 1791 232 neque
1807 200 1835 222 a·

52 227 234 268 cujusquam
262 227 401 259 utilitate
418 248 429 265 ,
464 225 586 264 veluti,
618 227 639 257 11
657 224 708 262 id,
732 223 818 266 quod
835 222 919 263 juffit

52 269 220 307 vetuitve‚
251 277 309 300 nec
333 267 425 309 ipsius
450 265 606 299 testatoris
631 264 753 298 interfit
775 265 843 297 fieri
865 265 917 296 vel

50 318 115 341 non
132 310 197 341 ficri
210 334 220 350 ,
245 317 302 342 nec
320 309 479 350 legatarii,
501 317 559 340 nec
574 307 701 340 alterius
720 307 915 348 cujusquam:

52 350 85 382 id
113 351 194 382 enim
221 351 242 383 fi
272 351 327 389 lit,
359 360 423 382 non
447 350 507 382 alia
525 350 634 390 utique
651 346 741 379 causa
757 348 915 380 conditio-

51 400 123 423 nem
142 393 254 434 adjici,
280 402 371 433 quam
390 391 535 433 puniendi
552 391 603 422 vel
627 389 780 429 haeredis,
804 390 855 421 vel
875 390 916 421 lc-

73 435 160 466 atarii
181 459 189 472 ‚
222 434 347 468 nunejus
371 436 455 468 xio·
472 455 482 472 ‚
536 432 675 466 uomodo
702 431 782 463 illud
796 431 916 463 extulit

58 476 84 509 Γ
89 476 255 518 lieophilus
271 476 302 507 in
325 476 353 507 d.
380 474 407 516 §.
432 474 487 505 ult.
546 472 621 505 lossa
638 473 683 505 ita
701 472 830 505 videtur
840 483 915 514 pra:-

50 517 141 550 ivisse
159 518 194 548 ad
219 517 239 548 l.
265 527 294 548 2.
311 516 351 558 ff.
376 518 410 547 de
433 514 495 546 His
517 524 577 557 qnae
600 521 678 556 poen.
702 514 778 557 causi
808 515 913 556 relinq.

47 568 172 602 poenam
188 557 249 589 csse
267 557 447 589 existimans
459 580 468 595 ‚
493 555 515 588 si
534 555 664 588 testator
681 556 817 588 dixerit:
843 556 914 588 Hae-

50 610 96 632 res
115 599 232 638 meusfi
253 599 382 640 Capuam
399 599 490 637 ierit,
517 597 595 630 Titio
612 597 656 630 X.
680 599 767 637 dato,
789 597 811 630 fi
831 597 912 630 scili-

48 649 118 680 cet,
150 650 184 672 ut
207 649 284 671 mox
313 640 478 681 explicat,
509 640 627 672 nullius
651 640 743 681 plane
772 639 912 679 interfit,

48 683 146 715 haeres
163 680 301 723 Capuam
318 690 368 714 cat
382 706 392 720 ‚
417 691 476 713 nec
500 690 540 713 ne
555 704 564 721 ,
592 681 613 713 li
629 680 768 721 interfit,
794 681 823 713 ἃ
843 681 915 712 ideo

47 723 176 756 testator
189 746 198 762 ,
224 723 328 755 addita
344 733 455 765 poena,
475 723 613 754 vetuerit
633 745 644 761 ,
679 722 819 764 Capuam
840 723 886 755 ire
902 745 912 761 ‚

48 774 110 798 non
138 773 201 796 tam
227 774 372 806 poenam,
407 773 498 806 quam
513 764 732 796 conditionem
750 763 811 795 esse
828 787 837 803 ‚
862 763 913 795 cui

45 807 176 839 omnino
193 808 361 847 parendum
382 806 430 839 fit.
455 805 526 838 Hac
544 806 596 837 via
615 813 808 847 prateuntem
821 803 915 836 Glos-

47 848 109 881 sam
129 847 300 890 sequuntur
319 848 477 880 Donellus
495 847 532 879 ad
555 847 574 879 l.
592 857 642 878 un.
670 848 703 879 C.
725 848 759 878 de
778 846 840 878 His
856 856 916 888 quoe

41 889 120 933 pien.
149 899 226 921 nom.
253 892 357 932 relinq.
391 891 421 922 ὃς
443 889 549 931 paffim
574 898 707 928 omnes,
754 888 785 919 ui
799 888 830 920 in
851 887 915 919 hoc

45 939 231 973 argumento
250 933 374 964 ratione
389 930 534 973 magistra
551 937 692 962 utuntur.
754 929 913 970 atalogum

44 982 153 1004 eorum
180 981 219 1004 ne
237 972 400 1015 exspecta,
433 981 502 1004 nam
524 972 636 1012 longus
653 970 751 1009 effet,
777 970 848 1011 quia
871 969 914 1002 fic

45 1024 129 1047 nunc
147 1014 245 1054 vulgo
262 1013 420 1052 sentiunt,
443 1013 496 1054 qui
511 1013 550 1044 de
569 1013 642 1053 Jure
658 1012 804 1044 Romano
819 1011 913 1042 deco*

45 1066 80 1088 re
95 1058 123 1088 ἃ
139 1055 273 1096 benigne
293 1054 393 1087 solent
411 1054 536 1086 sentire.

89 1097 147 1130 Sed
163 1105 238 1136 age,
259 1096 331 1137 quia
347 1097 467 1127 docendi
482 1097 562 1135 iter,
585 1103 622 1128 ut
636 1096 753 1129 Seneca
769 1095 832 1135 ait,
852 1096 913 1127 bre-⁴

47 1149 83 1171 ve
102 1138 138 1174 ὅ)
151 1136 252 1180 ffcax
260 1135 302 1178 est
313 1143 367 1178 per
380 1137 532 1179 exempla,
556 1138 586 1170 δι’.
605 1138 678 1179 quia
694 1137 764 1169 haec
781 1136 910 1169 Doctri-

44 1190 82 1213 na
105 1179 168 1211 fine
192 1180 346 1221 exemplis
376 1180 581 1211 commodum
606 1184 645 1211 ex‘
670 1178 748 1210 ediri
773 1188 838 1211 non
855 1187 910 1219 po-

45 1221 122 1260 test,
145 1230 287 1262 petamus
304 1231 340 1252 ea
357 1221 394 1252 ab
415 1220 486 1262 ipfis
504 1220 602 1262 JCtis.
667 1227 691 1252 ,ε
710 1220 836 1262 quidem
853 1221 910 1252 lar-

44 1263 114 1306 gior
142 1263 190 1294 his
213 1261 464 1304 Interpretibus‚
497 1262 635 1304 legatum
661 1271 786 1303 poenae,
811 1261 841 1294 δε
860 1260 908 1293 so-

44 1306 104 1337 lius
127 1313 228 1345 poenae
255 1304 384 1336 nomine
416 1303 478 1336 dici
506 1314 570 1336 non
587 1302 692 1345 posse,
717 1312 776 1335 nec
790 1302 909 1335 dietum

42 1345 136 1378 fuill'e
165 1354 299 1386 unquam
317 1366 329 1384 ,
360 1345 401 1385 fi,
431 1345 516 1387 quod
540 1345 608 1378 fieri
627 1345 677 1376 vel
697 1354 762 1377 non
778 1344 847 1377 fieri
863 1344 909 1376 ina

44 1386 140 1420 terest
160 1386 339 1427 testatoris,
361 1387 414 1419 vel
431 1387 585 1427 haeredis,
618 1383 671 1418 vel
691 1386 852 1428 legatarii,
877 1385 909 1418 id

43 1428 175 1461 testator
191 1428 297 1469 jubeat
324 1435 473 1469 vetetve,
506 1429 646 1471 apposita
662 1435 774 1460 contra
792 1427 910 1460 facien-

41 1471 128 1503 tibus
144 1480 237 1512 poena
251 1471 316 1504 five
328 1471 437 1503 multa.
482 1471 566 1510 Fac,
589 1470 770 1502 testatorem
783 1468 907 1511 juffiffe,

43 1521 79 1544 ut
97 1512 197 1544 haeres
219 1513 272 1545 vel
296 1512 463 1554 legatarius
487 1512 543 1545 fibi
561 1518 801 1545 monumentum
822 1510 906 1543 face·

41 1561 111 1592 ret,
144 1554 197 1586 vel
220 1563 260 1586 ex
287 1554 441 1586 arbitratu
465 1555 553 1595 eJus‚
578 1563 670 1596 quem
692 1552 878 1586 nominasset
895 1575 907 1593 ,

43 1595 98 1627 vel
115 1595 152 1627 ad
170 1596 351 1637 exemplum
371 1596 460 1636 ejus,
493 1596 579 1638 quod
595 1596 628 1628 in
647 1594 708 1627 Via
726 1594 843 1628 Salaria
861 1604 907 1627 es-

40 1636 88 1670 set
104 1636 210 1669 Publii
228 1637 373 1679 Septimii
399 1636 585 1679 Demetrii,
608 1635 782 1679 adscripta,
806 1636 828 1669 fi
844 1645 909 1671 non

40 1677 164 1711 fecisset
187 1680 285 1712 haeres
310 1680 364 1712 vel
379 1679 568 1721 legatarius,
592 1679 713 1718 multa,
737 1679 831 1711 etiam
848 1684 909 1711 ma-

39 1729 119 1762 gna,
143 1720 304 1754 subfistere
318 1731 387 1754 eam
404 1722 588 1764 scripturam
606 1720 758 1754 testantur
775 1719 910 1762 Pompo-

41 1761 112 1794 nius
131 1762 162 1795 &
180 1763 364 1805 Alphenus,
390 1764 446 1797 ille
461 1766 493 1797 in
517 1764 538 1796 l.
561 1765 592 1796 6.
612 1769 660 1805 pr.
685 1763 742 1795 hic
761 1762 795 1794 in
818 1762 840 1795 l.
857 1767 907 1803 27.

35 1802 75 1845 ff.
99 1805 134 1836 de
160 1805 273 1837 Condit.
299 1806 335 1842 ἐξ
357 1805 508 1848 demonstr.
553 1806 610 1838 Ait
628 1805 755 1847 quidem
771 1803 907 1846 Pompo-

43 1845 112 1878 nius
137 1846 169 1878 in
199 1848 227 1878 d.
263 1848 284 1879 l.
308 1851 339 1880 6.
369 1852 418 1890 pr.
441 1849 573 1881 multam
593 1856 658 1879 non
679 1845 860 1886 committi,
885 1845 908 1878 fi

41 1886 87 1926 is,
112 1889 201 1929 cujus
221 1889 385 1922 arbitrium
401 1890 535 1923 electum
551 1889 596 1922 est
609 1912 620 1926 ,
640 1897 704 1922 non
726 1888 836 1926 vivat,
853 1887 906 1919 vel

41 1928 141 1961 adeffe
165 1939 229 1962 non
253 1931 347 1972 poffit
363 1955 373 1971 ,
405 1933 458 1964 vel
481 1931 625 1964 arbitrari
641 1930 745 1969 nolit,
769 1928 822 1962 sed
839 1929 906 1962 abs-

63 1979 100 2001 ue
121 1971 169 2003 his
188 1971 209 2004 fi
225 1972 282 2011 fit,
307 1973 460 2015 fignificat
477 1974 601 2013 valere,
625 1972 711 2014 quod
726 1971 829 2004 astum
848 1970 902 2003 est.

72 2020 84 2043 t
109 2012 270 2054 Alphenus
300 2015 332 2047 in
353 2016 382 2047 d.
413 2015 434 2047 l.
460 2025 509 2056 27.
545 2024 670 2057 poenam
698 2013 825 2056 quidem
839 2021 906 2045 non

41 2055 199 2086 committi
221 2055 412 2097 respondet,
445 2056 466 2089 fi
493 2066 556 2088 non
583 2055 685 2088 exstet
700 2055 903 2097 exemplum,

40 2094 80 2125 ad
97 2095 182 2136 quod
199 2106 438 2131 monumentum
456 2098 522 2130 fieri
538 2098 666 2139 jufferat
684 2095 834 2136 testator,
858 2104 904 2128 at-

40 2143 144 2168 tamen
163 2137 380 2172 exstruendum
398 2140 459 2172 effe
476 2138 644 2172 secundum
665 2137 906 2171 substantiam&

40 2178 225 2219 dignitatem
241 2179 391 2213 defuncti.
422 2181 617 2223 Argumento
636 2181 708 2213 satis
724 2178 903 2219 manifesto,

40 2229 166 2261 poenam
194 2221 304 2262 utique
327 2223 486 2254 committi
505 2245 516 2261 ,
549 2223 571 2255 fi
596 2223 627 2255 id
645 2221 828 2263 exemplum
849 2231 903 2254 ex-

40 2259 154 2300 staret,
177 2262 230 2294 vel
246 2262 320 2294 alias
338 2273 402 2295 non
419 2263 631 2296 exstrueretur
648 2263 816 2296 secundum
836 2262 904 2295 sub-

39 2301 183 2335 stantiam
213 2304 243 2336 &
269 2304 454 2344 dignitatem
482 2304 633 2338 defuncti.
686 2304 797 2337 Glossa
812 2312 904 2338 notat

39 2343 81 2391 a'd·
99 2345 126 2376 d.
161 2346 182 2378 l.
206 2356 256 2386 27.
280 2345 331 2386 cffe
357 2346 615 2387 idfortespeciale
639 2348 672 2378 in
688 2347 739 2378 hoc
757 2347 843 2388 casu,
867 2354 904 2378 ut

38 2383 160 2418 seilicet
181 2388 284 2419 valeat
309 2387 417 2419 multae
442 2388 540 2420 distio
556 2410 566 2423 ‚
590 2398 607 2419 a
625 2387 774 2420 testatore
789 2387 872 2420 facta
891 2410 902 2428 ,

38 2424 88 2458 sed
105 2437 161 2460 cur
175 2428 232 2467 sit,
259 2436 322 2460 non
345 2430 495 2470 explicat.
542 2429 709 2470 Cujacius,
757 2429 788 2461 ui
806 2429 902 2462 Glos-

39 2466 100 2499 sam
129 2468 287 2511 sequitur,
319 2470 412 2502 latius
439 2471 470 2503 id
488 2471 663 2512 explicavit
681 2471 739 2502 Tra
770 2496 777 2502 .
799 2471 840 2504 V.
864 2472 903 2503 ad

40 2509 221 2549 Asrt'canum
246 2512 276 2543 in
301 2512 322 2544 l.
351 2522 377 2544 1.
396 2512 436 2553 ff.
461 2514 495 2544 de
519 2513 581 2545 His
595 2523 655 2555 quse
668 2518 747 2553 poen.
764 2512 839 2554 taust
858 2523 902 2544 re-

37 2550 109 2592 Zinq.
137 2552 259 2584 Invenio
270 2576 281 2591 ,
307 2553 429 2595 inquit,
453 2554 532 2595 Jure
549 2556 644 2586 veteri
662 2564 717 2586 uno
731 2554 798 2596 casti
811 2560 902 2596 poenae

37 2592 123 2639 cqzqsiz
141 2594 235 2635 legari
250 2595 323 2637 poffe
334 2617 345 2633 ,
362 2594 392 2634 fi
410 2597 443 2627 in
452 2594 563 2636 funere
584 2602 635 2627 aut
656 2603 836 2628 monumento
843 2596 899 2636 fa·

37 2635 136 2665 ciendo
163 2637 302 2667 tuendove
329 2637 477 2668 voluntati
505 2636 650 2679 testatoris
676 2638 762 2669 lomes
782 2647 841 2669 non
855 2639 900 2669 ob-

38 2677 264 2716 tempera-verit,
280 2677 389 2717 favore
407 2678 577 2722 Religionis
596 2681 625 2711 d.
650 2680 671 2711 l.
689 2682 720 2711 6.
741 2685 789 2720 pr.
818 2678 855 2714 ὅ)
870 2680 901 2711 d.

36 2715 56 2745 l.
76 2725 124 2756 27.
171 2717 229 2748 Sed
258 2726 311 2749 aut
334 2717 450 2758 fallor,
479 2729 534 2753 aut
554 2721 687 2753 nimium
704 2721 757 2752 hie
774 2720 900 2762 religio-

35 2755 86 2802 sus
99 2757 143 2788 est
162 2757 327 2804 Cujacius‚
350 2760 386 2791 ad
403 2761 523 2794 causam
540 2763 622 2804 piam
640 2761 797 2801 referens,
815 2761 901 2804 quod

35 2807 68 2828 m
94 2807 181 2845 omni
206 2798 296 2831 causa
319 2810 429 2834 verum
450 2803 516 2843 est,
540 2805 650 2845 utique
665 2804 702 2842 ,in
722 2804 809 2835 omni
829 2812 900 2835 cau-

36 2837 85 2878 sa,
111 2849 143 2886 ¹¹¹.
159 2849 239 2882 qua,
263 2850 303 2872 ne
325 2849 409 2878 nunc
433 2845 506 2885 quid
534 2845 619 2878 aliud
635 2845 756 2884 dicam,
780 2845 833 2877 vel
854 2854 897 2877 te-

36 2879 180 2926 stat5>r¹ss
215 2881 268 2913 vel
296 2881 444 2929 hzeredis,
468 2886 520 2918 vel
538 2886 676 2928 legatarii
694 2884 840 2926 interest,
866 2886 898 2918 id

35 2920 103 2970 fieri
124 2922 175 2953 vel
187 2932 259 2969 *non
276 2922 365 2968 fieri,
388 2925 473 2965 quod
497 2926 626 2959 testator
640 2928 724 2968 juffit
739 2929 896 2960 vetuitve.

37 2963 70 3009 Si
90 2971 166 3003 ergo
178 2962 325 3011 jusserit,
348 2966 508 3008 imaginem
516 2969 604 3009 fitam
623 2970 656 3000 in
679 2971 836 3010 municipio
847 2975 898 3011 po-

36 3013 90 3041 m,
115 3004 236 3050 addita,
259 3006 314 3037 nm
328 3005 489 3052 posuerit,
511 3009 543 3041 in
560 3011 691 3052 gratiam
707 3011 824 3043 Maevii
846 3020 900 3043 co-

36 3044 192 3090 haeredis,
223 3046 276 3078 vel
295 3045 379 3093 Titii
401 3047 561 3090 legatarii,
584 3060 676 3092 poena
690 3052 871 3093 pecuniaria
890 3073 901 3092 ,

36 3085 176 3124 valebit,
198 3087 283 3128 quod
301 3095 429 3129 agitur,
459 3090 577 3124 etiamfi
604 3093 707 3125 omnis
725 3092 903 3135 Religionis

39 3125 130 3157 causa
139 3126 226 3159 abiit.
246 3169 254 3174 ἱ
272 3128 307 3161 Id
325 3131 505 3172 exemplum
524 3133 641 3173 priori,
664 3134 705 3166 de
718 3144 902 3166 monumen-

37 3175 72 3197 to
89 3167 296 3209 exstruendo,
327 3170 452 3204 additur
479 3172 510 3204 in
533 3173 554 3205 l.
579 3183 609 3216 7.
627 3174 670 3215 ff.
693 3176 727 3206 de
751 3175 836 3207 Ann.
864 3176 903 3207 le-

34 3215 112 3281 gat}
123 3217 216 3282 atque
234 3211 278 3243 ita
295 3211 364 3244 haec
382 3214 640 3256 conjunguntur,
662 3223 698 3248 ut
715 3215 754 3248 ad
770 3214 902 3250 auctori-

107 3261 160 3282 om.
200 3275 207 3283 .

962 223 1023 269 tle-o
1040 222 1269 264 obligationem
1287 226 1430 266 pariant,
1455 227 1506 260 sed
1536 238 1614 262 tunc
1628 231 1773 271 demum,
1800 238 1837 262 ut

962 263 1005 296 1b1
1025 264 1128 305 leges,
1161 263 1182 297 fi
1208 275 1243 312 ea
1260 266 1350 306 junio
1367 268 1405 299 ad
1422 267 1524 301 solum
1545 270 1702 303 haeredem
1718 273 1832 314 diriga-

963 313 1034 343 tur,
1065 314 1130 338 non
1153 306 1261 338 addito
1286 308 1452 341 coliaerede
1474 310 1527 343 vel
1557 311 1731 353 legatario,
1754 323 1835 346 neve

963 346 1169 393 multa,·huic
1188 349 1240 380 vel
1261 349 1306 381 illi
1320 349 1512 391 praestanda,
1538 359 1574 384 ut
1592 351 1637 384 est
1655 354 1685 385 in
1710 356 1737 385 (i.
1764 356 1785 386 l.
1803 359 1834 387 6.

957 389 1059 435 pyffi&
1083 398 1115 420 in
1138 390 1165 421 ci.
1184 390 1212 436 i:
1238 396 1287 431 27.
1333 390 1441 437 Quare
1457 393 1656 435 liimaginem
1676 395 1752 436 poni
1769 396 1832 436 jus-

963 432 1057 469 ierit,
1083 431 1133 477 δι’,
1159 433 1214 463 n111
1233 440 1388 473 ponatur,
1413 435 1522 467 decem
1540 436 1604 467 dari
1622 437 1810 477 Sempronio
1823 461 1834 476 ‚

963 471 1121 504 cohaeredi
1140 473 1192 504 vel
1211 473 1384 514 legatario,
1407 476 1516 508 decem
1532 477 1644 518 procul
1665 477 1763 509 dubio
1782 479 1832 509 de-

958 512 1117 560 bebuntur
1134 535 1145 552 ‚
1176 513 1197 546 fi
1216 514 1313 547 haeres
1323 538 1334 554 ,
1363 517 1416 558 qui
1437 517 1534 558 juss'us
1550 517 1616 558 est,
1641 529 1705 551 non
1722 529 1831 561 parue-

958 563 1000 601 rit
1016 553 1177 587 defuneto.
1225 557 1306 602 Satis
1335 558 1397 590 hoc
1417 559 1534 592 indicat
1550 559 1616 602 ipse
1633 560 1831 601 Pomponius

957 606 989 628 in
1012 597 1040 628 d.
1066 596 1087 642 l.
1110 606 1140 643 J.
1186 597 1258 629 Alia
1289 598 1407 645 species
1427 623 1439 640 ,
1467 611 1526 634 nec
1550 602 1718 644 quicquam
1734 603 1831 634 etiam

956 637 994 669 ad
1013 637 1212 679 Rehgronem
1230 649 1409 682 pcrtmens,
1433 641 1526 675 estin
1551 644 1572 676 l.
1598 652 1625 676 1.
1644 643 1685 686 ff.
1711 646 1744 675 cie
1771 644 1830 676 Pe-

958 689 1000 711 nu
1017 679 1041 710 le
1066 686 1110 726 at.
1143 680 1196 712 ubi
1223 683 1314 713 uxori
1334 684 1460 724 penoris
1483 685 1600 727 aliquid
1618 685 1708 725 dare,
1734 686 1784 726 ἃ,
1809 685 1832 718 li

958 730 1022 752 non
1041 721 1171 753 tedrsset
1182 745 1193 760 ,
1216 732 1362 756 nummos
1378 726 1451 756 dare
1467 727 1566 759 lueres
1583 727 1747 759 damnatus
1764 727 1809 760 est
1820 751 1832 767 ‚

958 771 1017 794 nec
1034 762 1140 808 yideas
1161 763 1332 805 Ulpianum
1349 766 1513 807 dubitare,
1537 769 1614 810 quin
1630 769 1734 801 valeat
1748 770 1829 810 ejus-

957 803 1045 850 modi
1063 804 1200 846 legatum
1213 828 1224 844 ,
1249 808 1512 847 quemadmodum
1534 820 1593 842 nec
1612 811 1665 842 alii
1684 811 1753 851 JCti
1773 811 1829 842 du-

958 845 1061 877 bitant
1081 868 1092 884 ,
1125 846 1178 878 ubi
1201 847 1307 879 cadem
1336 847 1454 890 species
1478 851 1524 883 est
1543 875 1552 890 ‚
1586 851 1615 884 in
1642 852 1662 883 l.
1692 862 1718 884 1.
1743 852 1770 894 §.
1798 858 1828 887 8.

951 886 994 928 ff.
1024 887 1063 917 ad
1093 887 1135 919 L.
1169 887 1284 920 Falcid.
1310 890 1330 921 l.
1358 899 1405 927 19.
1424 898 1473 932 pr.
1499 893 1534 927 ἐπ’)
1556 891 1585 934 §.
1616 903 1641 925 1.
1669 893 1705 929 ὅ)
1728 895 1749 925 l.
1776 905 1827 934 24.

952 928 994 976 ff.
1020 927 1146 976 Quando
1163 931 1224 961 dies
1237 931 1328 973 legat.
1353 933 1414 963 ced.
1473 933 1646 976 Disputant
1672 936 1770 967 modo
1797 936 1829 967 in

957 972 1005 1002 lns
1032 970 1197 1012 Legibus,
1227 981 1264 1003 an
1294 972 1448 1012 ejusmodi
1477 975 1614 1016 legatum
1646 976 1683 1008 fit
1708 977 1828 1018 duplex

955 1011 1195 1053 (alternativum
1221 1013 1369 1054 vocant)
1404 1025 1441 1047 an
1471 1026 1549 1047 vero
1581 1026 1676 1048 unum
1701 1019 1731 1050 ἃ
1757 1018 1825 1050 iim·

955 1053 1050 1095 plex,
1075 1053 1127 1085 vel
1148 1055 1294 1095 penoris,
1321 1056 1373 1087 vel
1391 1057 1554 1097 pecuniae,
1580 1058 1629 1096 ὃς,
1654 1059 1675 1090 fi
1694 1060 1760 1091 dies
1775 1058 1824 1092 ad-

954 1096 1103 1136 jiciatur,
1127 1104 1164 1127 an
1191 1095 1345 1128 existente
1370 1097 1422 1129 die
1439 1098 1646 1138 alterutrum,
1668 1109 1706 1132 an
1728 1110 1825 1133 unum

955 1138 1110 1169 duntaxat
1137 1137 1273 1178 praestari
1294 1161 1303 1176 ,
1335 1138 1387 1170 vel
1411 1148 1476 1172 non
1493 1138 1629 1181 praestari
1651 1149 1825 1182 oporteat,

952 1179 1069 1219 dequo
1086 1178 1116 1210 &
1133 1178 1255 1211 Basilici
1278 1179 1320 1211 L.
1344 1179 1436 1214 XLI.
1463 1180 1498 1213 T.
1523 1181 1547 1213 Ι.
1575 1182 1608 1214 C.
1638 1190 1665 1215 1.
1690 1182 1719 1224 §.
1737 1193 1767 1224 4.
1794 1185 1825 1217 &

952 1220 1081 1253 Scholia
1097 1220 1135 1252 ad
1148 1220 1223 1251 hunc
1241 1221 1293 1252 loc.
1318 1220 1370 1253 sed
1385 1226 1455 1264 quae
1473 1221 1647 1265 disputatio
1663 1225 1700 1256 ad
1717 1225 1769 1264 id,
1785 1225 1825 1258 de

950 1272 1015 1306 quo
1032 1271 1116 1294 nunc
1135 1262 1274 1303 agimus,
1299 1271 1364 1294 non
1384 1263 1531 1305 pertinet.
1556 1264 1591 1297 Id
1607 1266 1738 1298 omnino
1755 1276 1825 1308 per-

952 1304 1034 1336 tinet
1046 1326 1058 1343 ,
1081 1302 1217 1345 potuiffe
1235 1303 1496 1337 Patremfamilias
1513 1306 1618 1348 legato
1628 1307 1752 1351 poenam
1771 1308 1823 1340 ad-

950 1346 1067 1387 jicere,
1090 1345 1128 1377 ad
1146 1345 1355 1378 coercendam
1374 1346 1505 1379 haeredis
1526 1351 1667 1389 moram,
1695 1350 1725 1382 δι
1741 1349 1827 1392 plus,

952 1396 1045 1429 quam
1064 1387 1095 1419 in
1113 1395 1232 1428 penore
1248 1387 1427 1428 legaverat,
1450 1388 1483 1421 in
1502 1390 1640 1422 nummis
1657 1390 1780 1434 legare,
1800 1392 1825 1425 fi

952 1429 1057 1461 minus
1087 1436 1236 1470 prompte
1261 1429 1328 1469 ejus
1350 1430 1513 1462 voluntati
1535 1431 1685 1472 paruiss‘et
1708 1433 1823 1467 haeres.

951 1470 1111 1511 Adjicitur
1128 1469 1181 1501 hic
1197 1479 1290 1511 poena
1306 1471 1446 1512 legatarii
1464 1474 1580 1514 gratia,
1604 1475 1637 1505 at
1653 1471 1686 1506 ir'1
1702 1483 1838 1516 praece-¹

950 1511 1099 1586 (cientibus
1118 1511 1273 1554 exemplis
1285 1511 1443 1546 testatoris
1458 1514 1569 1556 gratia.
1585 1523 1755 1559 utrumque
1770 1525 1819 1548 re-

982 1563 1011 1586 e.
1196 1571 1202 1577 ν

994 1595 1083 1628 Cave
1099 1596 1197 1639 igitur
1213 1596 1391 1638 existimes,
1412 1607 1464 1631 eas
1482 1597 1601 1641 species
1614 1599 1772 1642 pertinere
1782 1599 1822 1634 ad

942 1638 1054 1680 ,legata
1069 1647 1172 1679 poenae
1190 1640 1339 1680 nomine,
1363 1648 1400 1672 ut
1416 1640 1638 1674 existimarunt
1654 1650 1779 1675 veteres
1791 1652 1821 1676 a·

950 1679 1056 1721 liquot
1073 1680 1282 1721 interpretes,
1307 1681 1339 1714 δ(
1363 1681 1437 1714 inde
1460 1682 1656 1723 effecerunt,
1678 1690 1716 1716 ut
1733 1684 1821 1726 Capi:

952 1727 979 1769 ξι
994 1723 1127 1762 proximo
1145 1722 1309 1762 dicebam,
1333 1723 1436 1765 legata
1453 1734 1557 1766 poenae
1579 1725 1709 1757 nomine
1723 1726 1821 1758 etiam

951 1772 1020 1804 Jure
1042 1762 1266 1803 Pande-&tarum
1295 1765 1437 1798 valuisse.
1483 1764 1561 1799 Non
1593 1767 1731 1799 vertitur
1765 1765 1823 1799 hic*

951 1803 1042 1836 causa
1058 1803 1162 1838 -solius
1182 1814 1284 1847 poenae
1301 1823 1311 1846 ⁵
1344 1806 1375 1839 &
1399 1814 1502 1840 tamen
1523 1807 1555 1846 id
1574 1827 1586 1846 ,
1617 1816 1653 1840 ut
1679 1807 1822 1850 legatum

951 1855 1055 1888 poenae
1076 1846 1132 1886 fit,
1165 1847 1328 1879 defiderari
1355 1848 1400 1880 ait
1430 1848 1590 1881 Donellus
1607 1849 1644 1888 ad
1666 1850 1694 1882 d.
1719 1850 1740 1881 l.
1764 1860 1817 1881 un.-

953 1888 986 1920 C.
1009 1889 1043 1919 de
1067 1887 1129 1920 His
1150 1898 1211 1930 quae
1226 1895 1305 1930 poen.
1328 1899 1406 1922 nom.
1435 1891 1539 1932 relinq.
1574 1890 1612 1922 ad
1631 1890 1745 1930 instar,
1769 1891 1817 1923 in-

949 1929 1040 1971 quit,
1071 1929 1202 1971 depoliti
1227 1930 1413 1963 miserabilis
1429 1955 1439 1971 ,
1470 1931 1554 1973 quod
1572 1932 1616 1963 ita
1633 1932 1817 1974 interpreta-

951 1978 1002 2003 tur
1018 1970 1173 2012 Ulpianus
1189 1971 1222 2003 in
1244 1972 1265 2004 l.
1291 1980 1317 2004 1.
1342 1971 1371 2014 §.
1382 1983 1413 2015 3.
1432 1972 1474 2015 ff.
1498 1972 1627 2015 Deposit.
1653 1981 1690 2005 ut
1707 1974 1820 2006 isduu·

951 2019 1038 2045 taxat
1055 2012 1201 2044 videatur
1216 2012 1374 2054 deponere
1394 2015 1551 2047 tumultus
1562 2038 1572 2054 ‚
1596 2015 1649 2047 v'el
1666 2015 1819 2055 incendii,

949 2054 1003 2087 vel
1018 2053 1137 2094 ruinae,
1162 2053 1379 2095 velnaufragii
1396 2054 1506 2094 causa,
1529 2058 1578 2098 qui
1593 2056 1708 2088 nullam
1723 2057 1818 2089 aliam

949 2096 1065 2138 cuidam
1080 2097 1239 2137 deponendi
1254 2096 1360 2136 habet,
1383 2107 1470 2139 quam
1497 2099 1654 2130 imminens
1669 2107 1707 2130 ex
1725 2096 1818 2138 causis

939 2138 1035 2180 supra
1050 2137 1175 2179 scriptis
1193 2138 1366 2178 periculum.
1410 2139 1464 2171 Sic
1492 2138 1555 2171 effe
1571 2147 1663 2181 putat
1678 2140 1820 2182 legatum

948 2189 1050 2222 poenae
1067 2179 1213 2219 nomine,
1225 2189 1321 2221 quum
1338 2179 1457 2212 nullam
1474 2180 1567 2213 aliam
1582 2181 1717 2222 legandi,
1725 2191 1821 2223 quam

947 2230 1050 2263 poenae
1074 2220 1197 2252 causam
1215 2242 1225 2260 ‚
1257 2220 1370 2253 habeat
1397 2220 1554 2262 testator,
1579 2222 1610 2254 id
1626 2221 1692 2262 est,
1715 2231 1752 2254 ut
1773 2223 1819 2255 lo-

947 2268 1096 2305 queretur
1120 2261 1275 2303 Ulpianus
1291 2284 1303 2301 ,
1331 2261 1353 2295 fi
1382 2263 1427 2294 ita
1452 2273 1524 2295 eum
1541 2264 1626 2296 reste
1644 2263 1818 2296 restitueri=

946 2313 1035 2343 mus,
1065 2313 1163 2346 quum
1186 2303 1262 2345 quid
1291 2304 1456 2346 praecipiat
1471 2313 1622 2344 vetetve,
1647 2305 1818 2337 coercendi

946 2345 1080 2378 haeredis
1107 2345 1207 2387 gratia
1223 2368 1235 2384 ,
1264 2355 1322 2377 non
1346 2347 1385 2377 ad
1400 2346 1531 2389 legatum
1544 2348 1709 2387 pertinens.
1752 2345 1815 2378 Ad-

945 2388 993 2420 dit
1009 2386 1169 2419 Donellus
1191 2388 1221 2418 d.
1245 2387 1297 2419 loc.
1322 2387 1407 2419 aliud
1423 2390 1455 2420 in
1477 2387 1587 2429 legatis
1607 2387 1670 2420 ess'e
1685 2388 1816 2429 causam,

945 2429 1031 2461 aliud
1043 2435 1161 2470 poenam
1180 2451 1192 2468 ‚
1222 2428 1310 2460 illam
1326 2428 1358 2459 in
1375 2429 1593 2470 praeteritum,
1617 2429 1698 2462 hanc
1714 2429 1746 2462 in
1761 2428 1814 2461 fu-

946 2478 1051 2503 turum
1076 2469 1217 2502 conferri
1236 2492 1245 2509 ,
1277 2478 1314 2501 ut
1331 2471 1480 2512 exemplo
1504 2470 1643 2503 declarat
1659 2471 1815 2512 Ulpianus

943 2512 977 2544 in
1000 2513 1020 2544 l.
1045 2522 1093 2544 12.
1114 2511 1155 2553 ff.
1173 2513 1206 2543 de
1226 2512 1389 2543 Condition.
1409 2511 1445 2547 ἐξ
1460 2510 1613 2553 demonstr.
1652 2513 1712 2545 Sed
1729 2512 1759 2544 ἀ
1776 2522 1813 2543 0—

943 2553 1025 2585 mnis
1048 2552 1117 2585 fere
1143 2552 1288 2584 conditio
1312 2553 1344 2585 in
1364 2552 1510 2585 futurum
1535 2553 1722 2593 confertur,
1754 2562 1813 2585 nec

942 2595 982 2626 de
1007 2604 1046 2626 eo
1073 2602 1239 2635 tantopere
1267 2593 1446 2627 laboramus
1463 2618 1473 2634 ,
1499 2603 1531 2626 at
1549 2605 1644 2636 vero,
1669 2594 1813 2637 quemad-

943 2636 1072 2668 modum
1098 2636 1244 2668 conditio
1270 2645 1288 2667 a
1307 2645 1400 2677 poena
1416 2635 1563 2675 differat,
1586 2646 1649 2669 non
1668 2636 1812 2678 quemad-

944 2678 1074 2709 modum
1101 2676 1227 2709 differat
1249 2685 1343 2718 poena
1368 2687 1386 2709 a
1410 2677 1511 2710 causa.
1555 2678 1634 2710 Eam
1658 2677 1729 2710 sane
1747 2677 1812 2718 spe-

944 2719 1045 2759 ciem,
1076 2728 1169 2761 quam
1198 2718 1242 2750 ibi
1268 2719 1380 2751 tractat
1404 2719 1577 2761 Ulpianus,
1602 2728 1696 2751 nemo
1715 2718 1813 2750 Inter-

943 2768 1067 2802 pretum
1084 2761 1121 2792 ad
1137 2761 1275 2802 legatum
1279 2769 1394 2833 fpoenae
1411 2761 1541 2792 nomine
1555 2760 1730 2799 transtulit,
1743 2769 1815 2797 nec,

943 2810 976 2834 ut
1004 2802 1131 2834 videtur
1150 2824 1160 2840 ,
1194 2809 1279 2833 trans
1294 2802 1408 2834 erenda
1432 2801 1477 2833 est
1494 2811 1504 2840 3
1538 2802 1614 2842 quin
1631 2800 1710 2832 nihil
1728 2801 1815 2842 quic-

942 2852 1035 2917 qusasm
1061 2843 1105 2875 ibi
1129 2843 1202 2884 lego
1218 2866 1230 2883 ,
1262 2842 1348 2884 quod
1374 2843 1454 2875 hanc
1478 2843 1640 2874 materiem
1659 2841 1815 2874 illustrare

964 2895 984 2917 o
1010 2892 1046 2917 it.

941 2894 962 2926 p
985 2926 1144 2959 Caeterum
1162 2949 1172 2964 ‚
1203 2926 1225 2958 fi
1249 2935 1300 2957 me
1321 2925 1427 2957 audias
1444 2949 1454 2964 ‚
1484 2934 1549 2957 non
1574 2925 1636 2957 erit
1652 2924 1813 2959 subfisten-

942 2967 1016 3000 dum
1045 2968 1076 2999 in
1099 2977 1135 2998 ea
1159 2966 1312 2998 sententia
1337 2966 1469 2998 Donelli
1486 2990 1496 3006 ‚
1546 2975 1632 3004 uam,
1658 2976 1694 2999 ut
1710 2967 1779 2999 dixi
1800 2991 1811 3007 ‚

942 3019 1016 3041 cum
1043 3009 1114 3040 aliis
1140 3017 1341 3039 communem
1370 3008 1477 3039 habet.
1549 3007 1689 3048 gnosco,
1711 3009 1814 3050 legata

942 3060 1048 3092 poenae
1072 3049 1200 3081 nomine
1225 3057 1290 3080 non
1316 3048 1378 3080 effe
1397 3072 1407 3088 ,
1438 3048 1461 3080 fi
1480 3048 1659 3090 testatoris,
1678 3049 1699 3082 fi
1716 3046 1811 3082 h‘aere-

943 3092 1011 3130 dis,
1036 3090 1088 3122 vel
1109 3089 1250 3131 legatarii
1266 3089 1409 3129 interfit,
1431 3090 1649 3122 conditionem
1667 3092 1812 3132 impleri,

943 3132 998 3165 vel
1013 3141 1077 3164 non
1095 3131 1238 3172 impleri,
1264 3129 1315 3162 sed
1333 3130 1354 3163 fi
1375 3141 1439 3163 non
1456 3131 1595 3171 interfit,
1620 3133 1672 3165 vel
1694 3133 1726 3165 id
1743 3132 1815 3165 sciri

944 3181 1080 3215 nequeat
1096 3194 1107 3210 ‚
1139 3180 1216 3204 tunc
1236 3171 1298 3204 esse
1321 3172 1424 3214 legata
1447 3182 1551 3214 poenae
1578 3175 1723 3213 nominc,
1750 3174 1817 3215 ipse

946 3224 1010 3248 non
1026 3214 1232 3286 agnoveriml,
1249 3223 1358 3286 lneque
1375 3214 1456 3246 enim
1476 3214 1517 3247 fic
1533 3223 1613 3256 puto
1627 3226 1685 3249 nos
1705 3215 1814 3260 defun3
