2008 3436
143 147 189 180 54
399 130 801 167 CORNELII

145 215 179 246 T.
202 212 332 245 Mucius
349 211 381 242 in
403 211 422 242 l.
445 209 557 252 31.ff.
585 211 624 242 ad
647 211 686 242 L.
709 210 818 252 Aquil.
845 210 1007 249 definivit,

141 257 259 295 eulpam
276 252 348 293 effe,
372 255 447 293 quod
464 277 473 291 ,
496 262 562 284 cum
582 263 601 283 a
622 254 766 294 diligente
784 256 939 292 provideri
958 260 1008 293 po-

140 299 213 328 terit
231 318 240 331 ,
264 305 320 325 non
341 294 408 335 effet
426 293 582 335 provisum
599 317 608 332 ‚
634 294 718 335 quod
736 294 863 335 perinde
877 294 921 325 est
938 318 947 333 ,
973 304 1009 325 ac

138 338 159 369 fi
176 335 320 376 dixisset,
344 337 468 378 culpam
486 335 566 374 else,
591 335 676 376 quod
695 336 943 376 impiimentibus
959 345 1006 366 ac-

139 378 226 409 cidit.
272 378 369 417 Sunt,
395 379 447 419 qui
465 387 522 419 pro
546 378 784 416 imprudentibus
807 377 915 417 legunt
932 384 1006 418 pru-

139 421 280 450 cientibus
296 443 305 455 ,
329 420 482 451 advocata
497 419 591 449 etiam
611 417 768 449 Codicum
791 418 882 449 Mss.
902 419 1006 449 aucto-

142 469 259 499 ritatc;
284 461 314 493 ὃς
337 459 406 492 sunt
422 485 431 500 ,
457 459 508 500 qui
531 461 769 498 imprudentibus
794 458 917 490 servant
933 482 943 497 ,
977 459 1008 490 ἃ

141 509 304 543 exponunt
329 503 416 533 valde
431 502 633 543 prudentibus
649 525 658 535 ,
686 501 722 531 ad
743 500 922 541 exemplum
938 523 947 538 ,
971 507 1007 530 ut

141 543 246 584 ajunt,
271 543 416 585 Virgilii,
440 543 492 583 qui
514 542 554 573 L.
574 541 597 573 Ι.
623 543 761 583 Georgic.
782 542 953 582 VerJ1373.
972 540 1008 575 δ’

132 588 199 626 seq.
222 585 314 616 dixit.

104 639 109 650 ¹
273 643 356 650 —-——-
376 636 529 668 nunquam
550 626 791 666 imprudentibus
812 626 904 656 imber

186 669 232 700 Ob
253 669 308 699 uit.
428 699 431 701 ,

142 710 201 742 Sed
228 669 446 749 {imprudentem
474 719 531 750 pro
561 709 649 740 valde
676 710 826 750 prudente
862 717 925 739 non
949 705 1009 745 cst,

143 753 197 793 qui
214 751 344 782 dixerit:
355 751 503 791 ntqueita
511 751 594 782 reue
608 751 639 782 id
654 750 695 781 ibi
706 748 932 790 improbaverit
941 748 1007 793 Ser3

143 794 222 824 vius.
270 792 319 823 De
343 791 517 823 Codicibus
537 792 629 824 MSS.
654 790 780 823 subfisto
796 815 805 829 ‚
830 799 903 821 cum
919 813 928 828 ,
955 798 1008 829 qul

143 835 205 864 hoe
219 832 377 872 adfirmat,
403 833 510 864 mitior
527 833 601 864 mihi
618 834 674 864 vix
695 833 839 864 videatur
858 830 1010 867 idoneus3

144 874 214 906 sanc
228 884 321 905 nemo
335 884 443 905 corun]
467 884 544 905 unus
560 899 569 913 ,
595 875 647 915 qui
673 875 774 905 varias
799 872 949 905 lectiones
971 880 1012 902 ex

143 916 233 948 MSS.
258 915 519 956 reprzesentarunt
538 939 547 954 ,
582 916 613 947 ὃς
629 916 705 947 mihi
724 915 795 947 sunt
811 915 848 946 ad
867 922 1010 951 manum,

145 957 243 987 edidit
259 959 478 997 prudentibus,
500 965 531 988 at
550 958 788 998 imprudentibus
809 964 918 987 omncs
932 953 1011 986 Bafi-

145 998 201 1030 liCi
218 998 419 1039 simpliciter,
441 1001 472 1025 w)
488 1001 595 1037 τνχκξὰ
616 1002 627 1028 o'
650 999 754 1030 κοινωνὶς
776 999 814 1027 ἐκ
837 997 1010 1040 imm-aluei.

142 1049 182 1070 cf<
197 1050 261 1080 quo
278 1040 316 1071 de
332 1040 519 1072 Latinorum
542 1040 678 1072 lestione
700 1040 779 1072 nihil
801 1039 877 1070 licet
898 1035 1012 1068 const]-

144 1089 242 1113 tuere.

172 1122 249 1161 ¹Pro
265 1123 400 1155 leffione
414 1132 541 1163 recepta
559 1122 630 1155 s'atis
643 1131 752 1164 argute
770 1120 907 1162 disputat
925 1119 1014 1165 Joan-

144 1173 198 1196 nes
220 1165 378 1196 Robertus
401 1165 439 1196 L.
469 1165 507 1197 ll.
533 1165 605 1196 Rec.
629 1165 716 1195 Leet.
745 1164 776 1194 C.
800 1172 854 1205 31.
897 1162 1013 1201 Opina-

144 1214 195 1236 tur
210 1206 281 1246 ille,
306 1215 465 1246 praeeunte
482 1214 584 1237 tamen
600 1205 709 1236 Gloss'a
726 1228 736 1243 ,
762 1204 846 1246 quod
863 1210 928 1234 erat
948 1211 1014 1232 mo-

143 1247 301 1286 nendum,
327 1248 566 1288 imprudentibus
588 1247 658 1278 heic
672 1245 734 1277 esse
750 1256 808 1287 pro
829 1249 868 1277 iis
884 1246 936 1285 qui
956 1253 1015 1274 nort

139 1291 354 1329 providerint,
375 1298 410 1321 ut
426 1289 557 1321 Tullius
572 1297 627 1330 pro
645 1288 749 1319 Sextio
770 1287 955 1328 Pompejum
969 1284 1013 1315 di-

143 1330 193 1362 xit
223 1333 442 1371 imprudentem
468 1331 705 1371 imprudentium.
733 1330 877 1360 malorum
896 1351 906 1366 ‚
935 1335 1012 1367 quo-

142 1372 241 1404 modo
255 1373 284 1405 &
299 1373 468 1414 Virgilium
484 1373 620 1413 accipit,
639 1381 794 1413 nunquam
815 1371 936 1401 imbrem
957 1377 1014 1398 non

143 1420 214 1446 ante
232 1415 387 1455 Provisum
406 1414 545 1454 obfuiffe,
568 1414 662 1455 idque
679 1423 720 1445 ex
737 1412 924 1444 austoi·itate
945 1409 1013 1441 Ser-

144 1455 210 1495 vii,
235 1456 273 1487 de
287 1465 348 1497 qua
366 1465 443 1487 mox
457 1455 569 1487 dicam.
616 1455 688 1487 Alia
710 1455 805 1486 etiam
826 1453 912 1485 addit
927 1475 936 1491 ,
963 1449 1014 1482 sed

144 1496 249 1529 minus
264 1497 302 1528 ad
320 1507 406 1536 rem,
431 1496 487 1529 nifi
502 1496 525 1529 fi
539 1496 614 1538 quid
630 1496 708 1538 Imp.
733 1494 927 1532 Alexander,
951 1492 1011 1524 inl.

145 1541 173 1568 6.
199 1539 230 1570 C.
250 1541 285 1570 de
306 1538 434 1580 Pigner.
457 1538 517 1570 αὲἶ.
547 1538 621 1583 Quae
635 1538 801 1578 fortuitis,
823 1536 944 1577 inquit,
964 1543 1011 1565 ca-

137 1578 222 1618 sibus
248 1582 390 1612 accidunt
407 1604 417 1619 ‚
454 1590 529 1612 CUM
555 1588 755 1611 PRAEVIDERI
785 1587 860 1610 NON
884 1584 1011 1615 PROTUE·

143 1631 232 1654 RINT
255 1640 362 1646 ---
395 1622 479 1654 nullo
500 1625 576 1654 bonae
592 1620 667 1662 fidei
681 1622 798 1664 judicio
815 1617 1012 1660 praestantur.

143 1662 299 1696 Potuisset
313 1665 424 1697 addere
439 1663 587 1696 sexcenta
602 1663 690 1703 loca,
714 1663 747 1695 in
764 1661 878 1703 quibus
899 1663 1013 1700 impru-

144 1706 212 1735 dens
237 1704 420 1747 simpliciter
434 1705 479 1737 est
494 1715 553 1748 pro
575 1706 703 1745 insciens
715 1728 724 1742 ,
745 1712 781 1735 ut
796 1702 964 1744 aliquoties
982 1701 1015 1732 in

144 1745 322 1786 Terentio,
347 1747 422 1788 quin
439 1747 469 1779 &
489 1747 576 1785 alibi3
601 1745 742 1787 &magis
754 1744 842 1776 forte
866 1743 936 1774 haec
958 1751 1013 1782 op-

144 1795 281 1828 portuna
295 1788 412 1820 dixeris
422 1812 431 1827 ,
457 1797 549 1829 quam
567 1788 657 1819 locus
671 1786 816 1827 Virgilii,
831 1785 870 1816 de
886 1793 950 1825 quo
958 1783 1013 1814 du-

143 1829 259 1867 bitem,
285 1839 321 1862 an
338 1829 421 1860 recte
438 1829 566 1861 Servius
582 1852 592 1868 ,
617 1828 639 1860 fi
662 1829 797 1860 Servius.
843 1825 1014 1866 Nunquam

144 1869 297 1910 imbrem,
320 1880 384 1902 non
399 1878 472 1902 ante
486 1869 668 1911 provisum,
693 1867 828 1900 obfuisse
842 1867 894 1899 vel
909 1867 1014 1911 quivis

145 1910 281 1943 rusticus
305 1910 399 1943 facile
422 1911 593 1951 negaverit.
635 1911 687 1942 ‘Ita
711 1919 748 1941 uc
773 1909 794 1941 fi
817 1918 890 1940 vera
913 1908 1016 1939 Servn

147 1953 388 1994 interpretatio,
412 1952 582 1993 Virgilium
597 1961 730 1983 emento
746 1974 755 1990 ‚
782 1951 811 1983 ἀ
826 1951 915 1991 legO,

227 2012 282 2017 -—
301 2012 354 2017 —-
371 2004 524 2035 nunquam
545 1995 784 2034 imprudentibus
806 1995 897 2024 imber

229 2035 345 2076 Adfuit

148 2074 223 2109 Hoc
239 2077 282 2108 est
301 2101 310 2116 ,
334 2087 398 2109 non
413 2076 495 2118 pluit
511 2100 521 2116 ,
547 2077 620 2118 quin
636 2076 837 2118 praevideris,
862 2084 932 2106 nam
946 2098 956 2114 ,
982 2081 1017 2105 ut

147 2128 224 2159 inox
241 2127 302 2157 ait,

213 2160 287 2192 Tum
303 2161 409 2192 cornix
422 2160 513 2201 plena
529 2160 671 2201 pluviam
684 2165 772 2192 vocat
791 2159 919 2201 improba
935 2166 1016 2188 voce.

875 141 984 167 VAN

480 684 908 692 .-——---—-.—-—-.-—-

759 2271 1117 2310 CAPUT

1055 129 1663 167 BYNKERSHOEK

1052 208 1218 281 postquam
1234 208 1354 240 scilicet
1366 233 1374 248 ,
1400 218 1435 242 ut
1451 210 1552 252 inquit
1569 210 1669 243 Poeta
1683 211 1762 244 alter
1777 222 1794 244 a
1813 211 1917 254 Virgi-

1067 260 1117 288 io,

1093 291 1232 323 Horrida
1250 292 1405 332 tempesias
1429 293 1529 324 caelum
1544 296 1697 326 contraxit
1713 294 1748 329 &¹
1767 291 1886 328 imbres.

1054 333 1166 373 Obfuit
1187 344 1249 365 non
1278 333 1381 374 potest
1400 334 1461 365 effe
1484 345 1523 366 et(
1547 344 1652 367 mente
1674 336 1821 377 Virgilii,
1846 348 1919 371 cum

1050 374 1133 415 ligna
1158 377 1270 406 recitet
1292 376 1443 407 duntaxat
1459 400 1468 415 ‚
1494 377 1606 417 quibus
1624 378 1755 409 sciamus
1771 402 1781 417 ,
1806 386 1918 410 ventu-

1051 425 1119 446 rum
1144 416 1272 447 imbrem
1291 440 1299 455 ,
1327 418 1457 448 noxium
1475 443 1484 456 ‚
1509 428 1546 449 an
1571 419 1737 450 innoxium
1752 443 1761 458 ‚
1793 421 1921 460 perinde

1051 456 1103 488 est.
1129 457 1161 489 Si
1177 456 1295 498 semper
1310 467 1461 498 noceret,
1490 460 1605 498 imber,
1630 460 1783 492 servarem
1802 462 1921 500 obfuit,

1050 508 1151 537 nunc,
1177 499 1249 544 quia
1265 499 1389 544 prodest
1405 501 1518 541 magis,
1546 511 1638 546 quam
1654 502 1757 542 obest,
1784 503 1921 535 rescribo

1051 541 1152 580 adfuit
1166 562 1176 577 ‚
1199 541 1227 571 ot
1243 540 1388 581 intelligo
1405 547 1622 583 quemcunque
1640 544 1782 575 imbrem.
1957 546 1960 552 ’

1094 581 1249 628 Quamvis
1265 589 1368 613 autem
1390 592 1453 613 non
1476 593 1586 625 negem
1603 609 1612 624 ‚
1638 586 1836 625 imprudentis
1862 596 1920 618 vo-

1053 623 1200 654 cabulum
1214 632 1250 653 ea
1273 621 1500 663 significatione
1516 626 1749 665 quodammodo
1772 629 1804 658 in
1825 629 1852 659 b.
1879 628 1921 660 L.

1054 664 1154 704 accipi
1179 663 1265 703 poss'e
1284 687 1292 701 ‚
1321 674 1422 695 tamen
1437 689 1446 704 ‚
1472 667 1544 706 quia
1566 667 1676 699 damna
1699 667 1808 700 fatalia
1826 669 1921 701 etiam

1053 714 1089 735 ea
1104 703 1192 742 sunt,
1219 714 1305 749 quae,
1331 705 1406 736 licet
1423 708 1670 748 praevideantur‚
1696 710 1733 741 iis
1757 718 1859 741 tamen
1874 719 1921 742 rc-

1052 744 1112 777 fisti
1134 754 1244 786 nequit
1261 768 1270 783 ‚
1295 746 1401 777 malim
1422 748 1501 788 apud
1524 748 1694 790 Ulpianum
1717 751 1780 783 levi
1804 761 1921 784 manu:

1052 787 1195 825 Damna,
1217 796 1280 827 quae
1304 795 1342 817 IN
1365 797 1605 822 PRUDENTIBUS
1623 794 1783 832 accidunt,
1801 794 1850 825 boc
1866 793 1923 834 est,

1053 832 1161 861 damna
1187 829 1305 867 fatalia
1326 828 1407 868 soczz’
1435 839 1491 860 non
1520 839 1662 872 cogentur
1679 834 1835 875 praestare.
1878 836 1923 870 Et

1053 871 1150 912 magis
1167 879 1318 907 moveor,
1345 870 1417 911 quia
1432 880 1467 902 ea
1491 873 1688 912 imprudentis
1713 874 1922 916 significatio,

1054 913 1092 944 de
1110 922 1170 953 qua
1182 912 1247 942 dixi
1263 920 1303 944 ex
1320 910 1507 944 Auum-{bus
1514 916 1705 956 peregrinis,
1720 916 1923 958 frustraquae-

1055 954 1136 985 ritui·
1152 953 1182 984 in
1203 953 1304 984 Libris
1321 952 1489 992 JCtorum:
1515 954 1634 997 semper
1653 958 1695 989 ibi
1719 958 1844 999 culpam
1859 982 1869 998 ,
1894 959 1924 990 δε

1055 994 1306 1039 negligentiam,
1338 994 1367 1025 δε
1391 993 1527 1027 hominis
1552 996 1650 1038 supini
1676 1000 1790 1031 vitium
1816 1007 1925 1032 notat:

1056 1045 1114 1068 nce
1132 1039 1168 1066 ab
1184 1045 1219 1066 ca
1234 1042 1367 1066 notione
1384 1045 1462 1067 unus
1480 1037 1633 1078 Ulpianus
1649 1049 1712 1071 uno
1728 1041 1802 1072 loeo
1825 1051 1924 1073 reces-

1057 1076 1124 1109 fiss‘e
1140 1076 1294 1123 putandus
1308 1075 1352 1107 cst
1365 1100 1374 1115 ,
1402 1077 1487 1122 §cco
1505 1079 1676 1119 praesertim
1695 1082 1770 1113 loco
1785 1106 1794 1121 ,
1820 1092 1885 1123 quo
1909 1092 1927 1114 a

1058 1118 1085 1164 ᾗ.
1112 1128 1140 1163 a.
1166 1118 1203 1148 ad
1225 1118 1261 1162 ᾖ..
1277 1127 1308 1157 5.
1334 1119 1418 1162 quali
1432 1119 1501 1149 ledc
1517 1122 1659 1163 propria,
1685 1123 1825 1163 edocet,
1850 1123 1926 1165 quid

1059 1163 1179 1191 loeium
1199 1158 1286 1190 socio
1305 1159 1347 1189 ob
1362 1159 1485 1198 calum,
1511 1163 1639 1202 dolum,
1657 1164 1686 1195 ἃ
1706 1165 1830 1205 culpam
1847 1175 1925 1206 prae-

1058 1200 1137 1233 stare
1162 1207 1318 1241 oporteat.
1365 1199 1479 1241 Neque
1499 1204 1667 1244 quicquam
1693 1212 1758 1236 erat
1778 1205 1926 1246 facilius,

1058 1251 1150 1284 quarn
1173 1244 1205 1272 z'n
1222 1243 1440 1282 prudentibus,
1464 1241 1625 1285 scriptura:
1649 1246 1732 1277 vitio
1749 1269 1759 1285 ,
1789 1248 1927 1288 primum

1058 1281 1233 1315 coalescere
1257 1282 1288 1314 in
1320 1285 1552 1324 inprudentibus
1567 1309 1577 1324 ,
1607 1287 1638 1318 δεῖ
1661 1297 1738 1319 mox
1759 1288 1790 1319 id
1812 1289 1929 1320 mutari

1058 1326 1088 1357 in
1118 1326 1371 1365 imprudentibus.
1417 1326 1593 1358 Confirmat
1625 1338 1675 1359 me
1708 1328 1838 1361 Codicis
1865 1330 1927 1361 mei

1056 1367 1127 1398 MS.
1154 1366 1249 1405 fides,
1273 1366 1305 1397 in
1323 1376 1387 1408 quo
1401 1366 1563 1409 perspicue
1588 1367 1737 1401 scribitur
1764 1373 1928 1410 inpruden-

1057 1411 1159 1445 tibus,
1184 1416 1329 1448 tanquam
1345 1417 1404 1439 una
1422 1409 1451 1440 ἃ
1466 1410 1619 1441 continua
1635 1420 1727 1442 voce.
1773 1411 1855 1444 Haec
1872 1422 1926 1444 ve-

1055 1459 1092 1482 ro
1109 1449 1131 1481 fi
1147 1448 1283 1490 separes,
1308 1456 1344 1480 ut
1359 1449 1436 1480 mihi
1457 1449 1620 1492 separanda
1641 1452 1811 1493 videntur,
1837 1453 1928 1496 plana

1057 1491 1118 1522 erit
1144 1491 1175 1522 δε
1201 1489 1354 1522 sententia
1380 1491 1408 1522 <Sc
1434 1491 1568 1523 locutio.
1614 1491 1738 1525 Damna
1760 1494 1929 1527 fataliaita

1056 1532 1166 1564 definit
1188 1531 1343 1573 Ulpianus
1357 1555 1367 1572 ‚
1394 1541 1462 1574 quae
1486 1534 1581 1564 etiam
1604 1535 1635 1565 in
1654 1537 1855 1574 prudentibus
1876 1545 1926 1568 ac-

1057 1574 1185 1613 cidunt,
1210 1572 1341 1613 hocest‚
1366 1583 1434 1614 quae
1450 1575 1537 1606 nulla
1558 1576 1724 1616 prudentia
1746 1577 1874 1619 possunt
1895 1587 1927 1610 e-

1057 1615 1171 1654 vitari,
1195 1622 1290 1656 atque
1304 1615 1381 1646 adeo
1399 1615 1430 1646 in
1449 1616 1702 1657 prudentiflimos
1719 1628 1860 1664 quosque
1876 1629 1926 1651 ca—

1057 1656 1152 1702 dunt:
1176 1656 1270 1698 idque
1283 1655 1408 1698 provisa
1424 1656 1500 1696 sint,
1525 1667 1584 1689 nec
1599 1668 1648 1690 ne.
1694 1658 1781 1692 ldem
1797 1661 1854 1692 ille
1867 1660 1924 1693 Ul-

1057 1706 1167 1740 pianus
1189 1700 1221 1729 in
1253 1699 1273 1730 l.
1298 1708 1325 1730 2.
1357 1698 1385 1739 §.
1408 1708 1439 1738 7.
1461 1699 1510 1739 ff.
1531 1701 1565 1730 de
1587 1700 1773 1742 Acinu'm'str.
1795 1712 1855 1734 rer.
1887 1703 1928 1735 ad

1059 1740 1153 1771 Civit.
1176 1746 1254 1781 pert.
1281 1739 1456 1778 Fortuitos,
1480 1741 1603 1782 inquit,
1627 1743 1712 1783 casus
1732 1744 1850 1776 nullum
1871 1745 1929 1776 bu·

1057 1791 1178 1812 manum
1200 1780 1353 1821 confilium
1374 1790 1570 1815 PnovaRE
1589 1784 1704 1826 potest3
1725 1786 1788 1817 hoc
1808 1784 1854 1818 est
1869 1809 1879 1825 ,
1903 1785 1927 1820 fi

1057 1823 1131 1864 quid
1147 1823 1272 1863 judico,
1296 1827 1416 1862 vitare,
1443 1834 1549 1855 cavere
1566 1848 1576 1863 ‚
1604 1826 1649 1857 ita
1665 1827 1748 1858 enim
1766 1829 1928 1867 providere

1058 1864 1226 1905 aliquoties
1242 1866 1401 1905 occurrit,
1426 1873 1461 1896 ut
1477 1863 1683 1899 Grammatici
1700 1867 1927 1910 observarunt,

1059 1906 1107 1944 ἃ,
1132 1914 1166 1937 ut
1184 1907 1290 1937 onmia
1305 1908 1405 1938 dicam
1416 1931 1425 1946 ‚
1442 1905 1589 1939 Donatus
1605 1909 1642 1939 ad
1656 1909 1803 1941 Terentii
1821 1910 1924 1943 Andr.

1059 1947 1132 1979 Act.
1155 1946 1177 1979 Ι.
1202 1947 1250 1978 Sc.
1273 1948 1328 1980 III.
1350 1950 1428 1984 vers.
1452 1958 1480 1988 3.
1526 1947 1639 1981 Nolim
1665 1954 1792 1992 quoque
1818 1951 1924 1984 durio-

1059 1998 1142 2028 rem,
1169 1998 1261 2029 quam
1277 1988 1321 2021 est
1335 2014 1344 2029 ‚
1369 1990 1468 2023 videri
1491 1989 1686 2022 locutionem
1700 2015 1710 2031 ,
1735 1992 1868 2025 accidere
1892 1995 1928 2026 in

1054 2032 1276 2070 prudentibus,
1301 2032 1331 2062 in
1347 2030 1509 2062 Pandcttis
1524 2029 1594 2062 sunt
1615 2034 1746 2073 geminae
1764 2057 1774 2073 ,
1800 2034 1831 2066 &
1845 2037 1925 2066 acci-

1059 2074 1105 2103 dit
1127 2075 1227 2113 inte,
1248 2072 1420 2104 Terentius
1435 2071 1516 2103 dixit
1538 2071 1642 2105 Andr.
1664 2073 1786 2106 Λᾶν.
1808 2075 1923 2109 Sc.111.

1059 2114 1104 2155 vs.
1131 2123 1179 2155 14.

1215 2270 1300 2306 XI.

715 2370 805 2405 Leve
829 2367 972 2405 mendum
999 2369 1031 2402 in
1059 2366 1346 2403 Institutionibus.

241 2473 262 2505 d
286 2473 380 2504 finem
403 2472 502 2504 Tituli
524 2474 558 2505 de
577 2473 709 2514 Nuptiis
728 2472 928 2505 recensentur
950 2470 1014 2512 spe-

264 2515 338 2553 cies,
357 2515 468 2555 quibus
485 2515 573 2546 liberi
598 2516 628 2547 in
645 2514 833 2557 potestatem
850 2513 1017 2544 Parentum

148 2559 351 2599 rediguntur,
376 2557 515 2597 quiante
531 2566 593 2588 non
614 2564 720 2593 erant;
744 2556 782 2587 de
805 2554 957 2596 ejusmodi
981 2553 1016 2585 li-

150 2599 234 2630 beris
250 2599 344 2629 etiam
361 2597 427 2628 liaec
443 2596 560 2638 specics
575 2597 620 2629 est
635 2609 642 2629 ε
668 2598 734 2629 Nec
751 2608 810 2628 non
829 2599 855 2628 is
875 2619 883 2632 ‚
920 2597 973 2636 qm·
999 2605 1017 2625 ιι

151 2642 276 2671 muliere
292 2641 386 2670 libera
399 2646 576 2678 procreatus
587 2663 595 2677 ‚
620 2641 708 2680 cujus
726 2639 948 2670 matrimonium
963 2639 1002 2667 mi

151 2686 229 2713 nime
244 2683 355 2722 legibus
375 2680 570 2712 interdiclum
585 2681 697 2720 fuerat
715 2705 724 2718 ‚
736 2681 792 2722 sed
809 2683 847 2712 ad
864 2686 1003 2720 quumpa

153 2731 199 2755 zer
216 2724 455 2763 consuetudinem
478 2723 639 2762 habuerat,
656 2721 758 2764 postea
774 2732 810 2753 ex
829 2721 930 2761 nostra
946 2721 1016 2751 Con-

147 2765 309 2806 stitutione
324 2765 471 2796 dotalibus
487 2762 698 2805 instrumentis
717 2763 878 2805 compositis
892 2786 902 2796 .
923 2765 955 2793 in
966 2769 1017 2802 po-

154 2805 260 2846 testate
272 2808 372 2848 patris
386 2805 526 2847 efficitur.
570 2806 613 2837 Et
628 2806 751 2837 additur
765 2818 772 2838 :
795 2808 871 2847 quod
887 2803 923 2839 &1⁰
946 2805 1017 2835 aliis

154 2848 273 2886 liberis,
296 2851 348 2890 qui
366 2858 403 2880 ex
420 2850 514 2879 eodem
537 2849 724 2879 matrimonio
738 2849 863 2888 fuerint
878 2853 1013 2886 procrea-

155 2890 198 2926 ti,
213 2889 353 2928 fimiliter
369 2889 470 2930 nostra
485 2888 663 2930 Constitutio
678 2892 818 2930 praebuit.
862 2888 944 2920 Haee
960 2897 1014 2928 po-

154 2928 264 2961 strema
282 2931 351 2963 sunt
377 2933 407 2963 in
422 2932 553 2970 mendo,
575 2932 604 2963 ὅ(
618 2931 712 2963 video
726 2932 805 2964 alios
818 2938 944 2971 quoquc
955 2939 1017 2961 non

154 2970 304 3003 dubitare.
350 2973 438 3004 Adeo
453 2971 546 3014 stipes
562 2982 624 3004 non
640 2980 706 3004 erat
725 2972 912 3014 justinianus
928 2994 937 3009 ,
963 2979 1016 3010 ut,

156 3011 239 3056 quod
251 3022 346 3057 nemo
362 3023 472 3055 negat,
492 3014 543 3045 vel
561 3014 687 3055 negavit
707 3023 840 3055 unquam
852 3037 861 3052 ,
872 3012 923 3044 sua
933 3011 1016 3043 Con-

158 3049 320 3096 stitutione
333 3054 495 3093 definirct3
519 3055 679 3096 legitimos
696 3055 778 3086 enim
797 3054 858 3085 esse
873 3078 882 3092 ,
907 3063 947 3084 cx
970 3053 1016 3093 ju-

157 3090 210 3136 stis
223 3095 338 3133 nuptiis
353 3097 404 3136 qui
419 3097 483 3127 nati
500 3095 587 3134 sunt,
608 3097 711 3128 omnis
727 3096 785 3128 :cvi
802 3095 1015 3136 jurispruden-

158 3139 201 3162 tia
217 3130 356 3166 sancivit.
402 3137 462 3168 Sed
474 3146 532 3168 nec
546 3137 577 3168 id
591 3137 735 3169 definivit
752 3137 807 3169 ille
823 3137 854 3168 in
869 3138 890 3168 l.
911 3146 957 3168 10.
982 3136 1014 3167 C.

158 3174 192 3203 de
216 3172 332 3205 Natur.
355 3176 439 3207 liber.

197 3214 276 3245 Sunt
290 3237 299 3252 ,
331 3217 383 3256 qui
409 3224 554 3258 tanquam
574 3228 612 3250 cx
635 3219 795 3251 veteribus
817 3218 919 3250 Libris
935 3242 945 3257 ,
971 3219 1015 3250 ita

1058 2471 1181 2514 legunt:
1207 2471 1281 2511 quod
1294 2468 1387 2508 fialii
1401 2469 1487 2501 liberi
1501 2478 1539 2500 ex
1551 2470 1645 2500 eodem
1662 2471 1851 2503 matrimonio
1861 2472 1921 2505 ὅτε.

1058 2513 1118 2545 Sed
1132 2513 1210 2545 nibil
1226 2511 1361 2542 extricat
1376 2520 1410 2541 ea
1427 2511 1520 2541 lectio
1531 2534 1540 2549 ‚
1565 2520 1635 2541 nam
1653 2511 1754 2543 adhuc
1770 2512 1866 2552 dicit,
1892 2512 1925 2546 se

1059 2554 1110 2586 sua
1133 2552 1369 2586 Constitutione
1391 2551 1526 2583 cffeciss'e
1540 2575 1549 2590 ,
1584 2559 1617 2582 ut
1639 2552 1728 2584 liberi
1746 2577 1755 2592 ,
1780 2563 1820 2586 ex
1837 2553 1929 2595 justis

1059 2596 1190 2637 Nuptiis
1213 2594 1288 2625 editi
1309 2618 1318 2633 ‚
1350 2593 1408 2625 fint
1434 2592 1576 2633 legitimi.
1630 2592 1833 2627 blotomanus
1856 2596 1900 2627 ita
1915 2605 1926 2626 ε

1059 2641 1134 2680 quoti
1150 2635 1203 2676 effi
1218 2636 1296 2666 nulli
1312 2637 1367 2666 ulii
1385 2636 1471 2666 libert
1487 2644 1522 2665 ex
1541 2635 1636 2665 eodem
1651 2638 1838 2669 matrimonio
1862 2637 1923 2668 &c-

1060 2688 1095 2711 ut
1112 2677 1282 2720 respexerit
1305 2677 1382 2717 Imp.
1406 2675 1443 2707 ad
1465 2676 1484 2706 l.
1512 2685 1559 2706 11.
1583 2676 1616 2707 C.
1638 2678 1673 2708 de
1694 2677 1815 2710 Natur.
1837 2678 1926 2710 liber.

1059 2722 1151 2753 bruta
1167 2718 1277 2752 Crilis!
1305 2718 1460 2750 Antonius
1484 2717 1818 2762 lN‹lu·1·etus·Observat.
1844 2719 1926 2760 Jur.

1061 2764 1151 2794 ltibr.
1173 2761 1290 2801 Singul.
1314 2761 1346 2791 C.
1368 2758 1425 2791 XI.
1452 2768 1511 2789 una
1528 2758 1618 2790 litera
1633 2760 1817 2793 medicinam
1841 2770 1924 2802 quae-

1060 2805 1132 2837 livit
1147 2827 1155 2841 ‚
1183 2804 1211 2835 δε
1235 2803 1278 2833 ita
1303 2808 1428 2832 mutat:
1454 2803 1529 2841 quod
1544 2802 1570 2831 ei
1587 2801 1657 2832 aliis
1681 2803 1784 2833 liberis
1803 2802 1862 2834 &c.
1888 2808 1927 2833 ut:

1059 2846 1196 2884 dixerit,
1218 2844 1292 2885 quod
1317 2845 1368 2879 ei,
1383 2841 1524 2880 finzilz'ter
1548 2842 1638 2881 aliis,
1664 2841 1779 2875 Graeco
1801 2842 1925 2875 dicendi

1060 2897 1165 2925 more,
1190 2895 1248 2926 pro
1269 2894 1306 2915 ex
1320 2895 1399 2925 aequo
1414 2894 1479 2915 cum
1493 2884 1583 2920 aliis,
1631 2885 1870 2917 uemadmodum
1893 2884 1926 2916 &

1062 2930 1142 2961 alios
1158 2927 1307 2959 Auttorcs
1323 2927 1449 2957 locutos
1463 2924 1591 2966 probat,
1630 2926 1667 2956 cd
1682 2925 1754 2957 sunt
1774 2926 1841 2958 haec
1862 2923 1923 2956 dif-

1062 2971 1160 3002 ficiles
1176 2978 1274 3008 nugae.
1322 2967 1390 3007 Ego
1402 2990 1410 3005 ,
1436 2976 1525 2998 unam
1544 2976 1669 3008 quoquc
1684 2967 1839 2998 literulam
1856 2975 1924 2998 mu-

1062 3019 1126 3043 tare
1142 3017 1310 3041 contentus
1327 3031 1336 3047 ,
1363 3007 1401 3038 lic
1418 3008 1488 3047 lego
1504 3031 1512 3045 ‚
1539 3007 1624 3039 sensu
1641 3007 1778 3039 rotundo
1794 3018 1802 3039 :
1827 3009 1923 3049 quod,

1059 3060 1095 3085 ut
1117 3053 1186 3082 aliis
1202 3051 1324 3087 liberis,
1344 3050 1396 3090 qui
1419 3059 1456 3080 ex
1478 3052 1572 3080 eodem
1595 3050 1781 3081 matrimonio
1797 3049 1924 3089 fuerint

1056 3093 1231 3135 procreati,
1260 3091 1398 3126 similiter
1431 3090 1533 3128 nostra
1569 3090 1746 3131 Constituti«)
1778 3092 1922 3131 proebuit.

1059 3137 1157 3168 Muto
1180 3133 1216 3168 &²
1237 3133 1266 3164 in
1290 3138 1341 3167 ut,
1364 3132 1522 3172 proclivi,
1548 3141 1582 3163 ut
1597 3132 1701 3171 vides,
1728 3132 1819 3164 vitio.
1865 3131 1923 3164 Ait

1058 3185 1160 3208 autem
1179 3199 1187 3211 ,
1214 3174 1244 3205 se
1268 3173 1371 3204 liberis
1394 3181 1464 3204 ante
1482 3173 1716 3205 matrimonium
1741 3173 1822 3205 natis
1838 3172 1921 3204 idem

1058 3216 1220 3257 praebuill'c
1244 3214 1293 3247 sua
1317 3214 1554 3246 Constitutione
1569 3238 1578 3253 ,
1615 3214 1698 3255 quod
1723 3213 1827 3245 liberis
1850 3211 1922 3253 post'

1865 3262 1918 3284 na-
