2008 3436
442 99 838 136 CORNELII

208 176 395 218 postliminii
421 179 450 211 <Sc
476 179 576 211 socios
594 181 623 212 &
644 180 768 212 nostros
784 180 873 211 nullo
889 179 1066 211 discrimine

209 218 271 250 esse
289 219 456 252 habendo&
503 221 591 253 Unde
608 222 637 253 δι
654 221 826 253 Decretum
844 221 997 252 Ordinum
1007 220 1067 252 Ge-

210 260 360 291 neralium
381 271 431 302 23.
458 261 528 293 Oct.
560 266 648 302 1676.
672 263 760 302 cujus
785 262 911 293 memini
928 261 1015 302 supra
1034 262 1065 292 C.

209 300 249 332 V.
275 310 337 332 non
360 303 455 334 modo
482 303 705 343 postliiiinium
735 303 845 333 tribuit
863 303 919 340 iis,
942 313 1012 344 qtiae
1036 303 1066 333 in

211 341 389 374 nostrorum
406 344 536 375 navibus
552 353 639 384 capta
659 346 687 375 dt
707 351 887 384 recuperata
904 343 993 382 sunt,
1017 343 1068 374 sed

211 383 242 413 ὃς
259 392 328 422 quae
346 393 437 423 capta
454 386 483 415 dt
511 393 691 425 recuperata
710 384 806 415 essent
822 385 853 416 in
872 385 1002 416 navibus
1022 383 1067 415 so-

212 423 335 455 ciorum
362 426 412 456 vel
440 426 612 457 amicorum
632 449 641 463 ,
673 426 846 467 geallieerde
872 426 905 465 of
925 425 1065 456 neutrale.

212 464 318 497 Etiam
332 465 405 496 alias
422 467 463 496 itti
481 465 608 507 sapuisse
624 466 758 497 Ordines
772 465 942 497 Gener-ales
953 488 964 504 ,
986 466 1067 497 dam-

210 514 282 536 nata
309 505 516 545 Francorum,
547 507 599 545 qui
625 508 716 538 aliter
740 507 915 546 sapiebant,
946 506 1066 538 senten-

215 547 285 599 tia,
319 547 408 588 supra
432 547 632 578 observabam
659 549 690 580 C.
724 548 797 580 XV.
831 548 873 589 «ιβ
907 548 1068 580 Secundum

211 597 277 618 oaeC.

257 629 363 671 Quum
391 630 475 660 varia
502 630 530 661 in
548 629 678 661 Brafilea
702 630 732 661 δε
748 629 822 661 alibi
847 631 918 662 loca
934 629 1068 661 Ordines

213 668 383 700 Generales
407 670 631 710 occupassent,
658 680 728 710 quae
755 671 832 702 olim
849 672 886 702 ad
904 671 1069 712 Lyritanos

212 711 445 749 pertinuerant,
468 710 518 742 sed
545 721 613 752 quae
643 713 777 744 Ordines
800 712 968 753 Hispanis,
995 719 1070 743 tunc

211 751 375 791 Lylitaniae
394 762 520 793 regnum
536 753 738 792 habentibus,
762 753 955 790 ademerant,
981 753 1010 784 in
1021 752 1068 794 ὃὸ.

213 801 264 822 21.
291 791 326 826 ὅ*
343 803 392 824 22.
441 794 635 825 induciarum
659 794 875 825 decennalium
902 795 985 825 inter
1013 794 1069 826 Re-

212 842 281 872 gem
301 832 464 873 Lyfitaniae
482 835 507 866 ὁ(
526 835 659 866 Ordines
677 834 792 867 Gener.
816 845 864 867 12.
888 835 956 875 Jun.
981 839 1068 875 1641.

213 873 285 914 (9)
302 875 475 916 erpi-eli'uiii
505 875 567 913 est,
593 886 655 907 non
674 876 761 916 posse
776 877 838 918 pati
858 876 991 908 Ordines
1008 876 1069 908 Ge-

211 915 350 954 nerales,
376 925 410 947 ut
426 917 592 957 quicquam
618 927 654 949 ex
672 918 708 948 iis
723 919 791 958 jure
815 917 998 958 postliminii
1018 918 1070 949 vel

213 955 295 995 quasi
315 966 330 987 a
351 957 502 998 Lylitanis
519 966 719 998 repeteretur.
765 960 823 991 Sed
840 958 1071 990 resuscitataest

211 997 268 1028 illa
282 997 414 1038 qtiaesti'o
430 1008 511 1029 anno
532 1002 619 1040 1657.
645 1009 715 1030 cum
735 1008 844 1032 contra
859 1001 908 1038 id,
933 1001 1069 1040 quodin-

214 1037 315 1069 duciis
346 1039 406 1071 illis
431 1040 610 1079 placuerat,
647 1040 715 1072 Rex
739 1041 906 1083 Lysitaniae
929 1042 1069 1081 quaedam

215 1078 368 1111 Americae
394 1081 462 1111 loca
488 1081 590 1121 Belgis
613 1082 792 1120 ademisset,
816 1092 854 1112 eo
881 1083 963 1113 enim
988 1092 1070 1113 anno

213 1119 352 1160 Legatos
379 1120 448 1152 suos
475 1121 505 1153 in
536 1121 724 1163 Lysitani‘ain
750 1123 932 1164 clarigatum
960 1123 1070 1154 misere

215 1160 320 1202 Beigae
336 1161 361 1193 F
363 1162 502 1194 cedei-ati.
547 1162 682 1204 Lysitani
699 1163 940 1205 responderunt,
966 1163 1069 1206 elapso

208 110 278 134 222
909 111 968 136 VA
993 110 1019 136 N

783 1272 1054 1308 CAPU

1093 98 1687 136 BYNKER'SHOEK

1108 180 1259 212 decennio
1274 180 1391 212 nullam
1407 181 1435 212 cl.
1450 178 1498 220 §§.
1511 180 1573 212 esse
1589 179 1774 221 potestatem
1784 181 1857 221 ,illa
1871 183 1962 219 etiam
1995 196 1998 206 ,

1110 221 1181 252 loca
1196 220 1226 253 se
1241 221 1403 253 restituere
1421 230 1481 253 nec
1503 221 1608 262 posse,
1634 231 1692 253 nec
1709 223 1812 260 velle,
1835 232 1960 264 paratos
1992 239 1994 244 v

1111 270 1211 294 tamen
1228 262 1288 294 effe
1306 272 1364 304 pro
1381 263 1418 294 iis
1435 264 1599 304 pecuniam
1616 263 1775 304 quamdam
1794 264 1961 300 Ordinibus

1110 312 1278 335 numerare.
1324 304 1384 336 Sed
1407 313 1477 334 cum
1496 313 1561 335 eam
1590 304 1743 335 Ordinum
1761 304 1961 340 Generalium

1110 343 1219 384 Legati
1235 345 1375 386 accipere
1398 344 1584 383 noluissent,
1610 345 1726 376 bellum
1745 345 1898 388 Lysitanis
1917 347 1961 381 in-

1109 384 1225 417 dietum
1242 395 1291 417 22.
1317 386 1388 418 oo.
1417 390 1493 427 1657
1512 386 1613 427 (10).
1640 385 1781 418 Tandem
1803 388 1962 430 haecquae-

1113 426 1170 456 stio
1185 427 1356 467 composita
1370 426 1414 458 est
1438 431 1515 458 Pace
1529 450 1539 465 ,
1562 437 1630 466 quae
1655 427 1736 458 inter
1753 428 1914 470 Lysitanos
1931 429 1964 462 &

1110 467 1243 498 Ordines
1259 466 1427 500 Generales
1443 468 1609 500 interceffit
1623 473 1652 500 6.
1678 469 1759 516 Aug.
1779 473 1852 502 1661
1873 470 1964 513 (11).

1110 508 1189 539 Sane
1203 518 1265 540 non
1282 509 1392 548 injuria
1409 508 1546 550 Lysitani
1565 510 1720 550 repetiisse
1737 511 1881 542 videntur
1891 512 1963 544 loca
2001 527 2003 530 ·

1112 548 1179 586 sua,
1205 549 1242 580 ab
1265 550 1435 581 Ordinibus
1460 549 1666 583 Generalibus
1695 560 1867 592 occupata,
1891 553 1965 595 quia

1112 589 1245 622 Ordines
1260 589 1455 629 fatebantur,
1480 591 1619 632 Regnum
1637 591 1804 635 Lysiraniae
1821 603 1884 625 non
1899 603 1966 635 per-

1113 631 1211 661 tinere
1227 631 1264 662 ad
1280 630 1498 671 Hispaniarum
1521 633 1648 673 Regem.
1692 634 1803 672 Add0‚
1827 636 1911 675 quod
1934 636 1966 668 δε

1112 671 1249 712 Lysitani
1275 670 1392 702 fuerint
1416 671 1492 703 socii
1528 674 1681 706 Ordinum
1707 674 1909 708 Generalium
1934 677 1968 709 in

1112 712 1198 744 bello
1214 720 1324 743 contra
1340 711 1514 752 Hispanos,
1537 722 1570 745 ut
1586 715 1626 746 fic
1641 715 1707 756 ipso
1724 717 1790 756 jure
1805 716 1969 757 Lysitano-

1114 763 1181 784 rum
1198 754 1267 785 loca
1279 775 1289 790 ,
1312 763 1379 794 quae
1397 763 1427 785 111
1445 754 1597 786 Ordinum
1612 755 1812 788 Generalium
1833 758 1966 797 potesta-

1117 803 1178 825 tem
1204 804 1336 833 venere,
1361 794 1552 840 postliminio
1575 797 1721 828 redierint
1745 797 1781 828 ad
1805 797 1968 838 Lylitanos

1116 845 1154 866 ex
1180 837 1206 866 cl.
1232 836 1251 866 l.
1282 845 1327 872 19.
1353 835 1383 876 ᾖ.
1407 846 1437 877 3.
1455 836 1496 876 ff.
1529 838 1562 867 de
1593 837 1676 877 Capt.
1701 837 1736 872 {9⁹
1756 836 1882 878 pofllz'm.
1905 849 1968 874 rev.

1115 876 1162 907 Eo
1189 877 1312 917 quidem
1340 884 1499 917 tempore,
1525 887 1588 917 quo
1613 879 1644 909 in
1667 884 1851 919 poteiiatern
1878 879 1969 913 Ordi-

1114 927 1186 948 nuni
1206 928 1337 956 venere,
1354 927 1418 950 non
1433 927 1519 950 erant
1537 919 1636 960 Reges
1658 919 1845 960 Lysitaniae,
1863 921 1969 961 postea

1115 966 1216 989 tamen
1246 959 1275 990 in
1301 969 1409 990 eorum
1434 960 1641 999 potestatem,
1666 962 1741 1001 quiri
1767 962 1796 992 dt
1824 961 1854 992 in
1873 961 1972 1003 ipsum

1115 999 1282 1040 Lysitaniae
1308 1000 1449 1041 Regnum
1480 1001 1618 1032 recidere
1645 1002 1838 1041 debuerunt,
1863 1012 1930 1043 quae
1951 1013 1970 1036 a

1115 1039 1207 1072 sociis
1227 1049 1384 1080 occupata
1399 1050 1504 1079 erant,
1519 1041 1603 1073 salvo
1621 1042 1790 1074 Ordinibus
1802 1044 1870 1083 jure
1887 1053 1920 1075 re
1959 1063 1972 1070 ·

1115 1081 1198 1113 tendi
1219 1081 1375 1122 sumptuS,
1390 1082 1420 1113 in
1440 1083 1476 1113 iis
1496 1083 1574 1114 locis
1593 1084 1782 1125 occupandis
1802 1085 1904 1125 imperi
1920 1095 1968 1124 os;

1114 1122 1143 1153 &
1169 1132 1207 1153 co
1233 1123 1320 1155 forte
1347 1123 1480 1164 pertinet
1505 1123 1534 1165 §.
1569 1132 1595 1156 1.
1631 1124 1661 1157 d.
1705 1125 1794 1157 Pacis
1822 1128 1852 1156 6.
1887 1126 1968 1168 Aug.

1116 1166 1208 1195 1661.

1105 1271 1140 1307 T
1235 1272 1424 1308 XVII.

603 1358 655 1394 De
683 1358 850 1403 Pirama,
878 1357 919 1399 δέ’
943 1371 984 1395 an
1013 1360 1152 1396 Barbari
1176 1361 1209 1395 in
1234 1359 1356 1407 Africa
1373 1359 1442 1406 sznt
1464 1361 1594 1406 piratae.

261 1452 377 1485 nterest
402 1452 481 1485 scire
501 1478 510 1493 ‚
536 1456 587 1496 qui
619 1457 727 1496 piratae
754 1467 790 1489 ac
819 1458 957 1489 latrones
987 1456 1074 1496 11111,

274 1504 344 1526 nam
361 1494 399 1526 ab
416 1495 462 1525 liis
481 1504 571 1536 capta
592 1497 765 1531 dominium
785 1509 848 1531 non
867 1507 1008 1537 mutant,
1021 1509 1072 1530 ne-

237 1545 274 1567 ue
296 1536 372 1567 adeo
399 1535 593 1576 postliminio
624 1547 724 1579 egent.
770 1540 824 1572 Sic
857 1540 1070 1578 (1011111110,

213 1546 256 1609 116
283 1576 450 1608 auCtoritas
473 1577 553 1617 Juris
576 1579 606 1610 in
629 1580 648 1611 l.
677 1590 714 1618 19
750 1580 779 1622 ᾗ.
805 1592 833 1613 2.
863 1582 883 1612 l.
910 1591 961 1621 24.
994 1582 1030 1616 &³⁹
1052 1582 1073 1613 l.

216 1629 266 1658 27.
285 1618 325 1658 ff.
351 1619 384 1648 de
409 1618 490 1659 Capt.
517 1618 553 1654 <⁶9⁵
568 1626 604 1660 po
634 1621 694 1652 lim.
719 1632 781 1653 rev.
806 1623 835 1654 ἃ
853 1622 893 1654 fic
912 1632 952 1653 ex
974 1623 1073 1654 Pastis

214 1658 401 1700 quarundam
420 1658 571 1692 Gentium
606 1671 679 1702 upra
690 1663 821 1703 probavi
845 1665 875 1695 C.
903 1664 976 1696 XV.
997 1664 1072 1695 Non

214 1699 259 1731 est
277 1700 390 1740 igitur,
415 1709 450 1732 ut
474 1701 580 1732 addam
601 1703 801 1736 auetoritates
821 1704 927 1736 Grotii
946 1708 978 1736 cle
997 1705 1073 1746 Jztre

216 1741 251 1773 B.
278 1740 313 1775 ἐξ
331 1741 368 1772 Ρ.
394 1741 429 1773 L.
457 1741 509 1773 111.
537 1744 569 1774 C.
593 1753 620 1780 9.
647 1743 675 1785 §.
704 1748 750 1776 16.
777 1746 911 1779 Alberici
937 1746 1075 1779 Gentilis

215 1784 248 1813 de
268 1781 345 1823 Jccre
364 1783 431 1813 belli·
451 1783 490 1814 L.
516 1783 539 1816 Ι.
567 1785 599 1816 C.
623 1795 654 1824 4.
678 1786 820 1819 Zouchei
849 1790 882 1819 de
900 1788 976 1829 Jure
994 1788 1075 1820 Feci-

216 1825 257 1855 abi
277 1823 362 1869 Eart.
391 1823 428 1855 11.
455 1824 530 1856 δεὲῖ.
557 1830 587 1860 8.
613 1826 653 1871 Ω,-
683 1836 730 1868 15.
762 1828 956 1872 aliorumque
980 1830 1072 1870 pluri-

215 1875 266 1897 utn
291 1874 321 1910 in
347 1865 474 1910 eandem
500 1865 691 1900 sententiam.
739 1868 804 1914 Qui
830 1878 933 1902 autem
958 1871 1074 1903 nullius

214 1906 369 1946 PrinCipis
386 1906 594 1947 auom-itate,
617 1908 679 1940 five
700 1914 797 1949 mari,
820 1912 884 1943 five
904 1920 1006 1950 terra,
1029 1922 1073 1943 ra-

216 1949 325 1988 piunt,
349 1948 516 1987 piratarum
544 1950 789 1993 praedonumque
812 1953 967 1986 vocabulo
986 1954 1075 1985 intel-

216 1989 367 2028 liguntur.
412 1988 522 2028 Unde,
547 1998 581 2021 ut
603 1991 729 2033 piram,
753 1994 944 2036 puniuntur,
970 1995 1022 2036 qui
1039 1994 1076 2025 ad

218 2027 338 2060 hostem
365 2029 599 2070 depraedandum
632 2035 798 2075 enavigant
833 2036 895 2067 fine
932 2036 1077 2067 mandato

217 2068 362 2115 Praei-'effi
381 2070 488 2109 maris,
509 2073 538 2102 dt
555 2081 616 2104 non
629 2074 776 2114 praestitis
787 2098 797 2113 ‚
813 2086 883 2116 quae
900 2086 994 2117 porro
1005 2086 1079 2117 prce-

218 2110 288 2143 stari
314 2109 486 2142 desiderant
508 2111 557 2152 §§.
580 2122 610 2153 5.
638 2114 674 2148 δέ)
695 2118 747 2152 69.
773 2117 894 2148 Forma:
915 2117 1078 2149 Admirali-

218 2160 318 2182 tatum
352 2160 398 2193 13.
431 2150 511 2193 Aug.
549 2163 637 2195 1597.
673 2156 691 2196 (
706 2157 749 2198 1)
775 2157 907 2190 Exstant
929 2166 1079 2200 praeterea

217 2192 372 2223 Ordinum
396 2191 596 2226 Generalium
629 2196 739 2229 Edista
766 2208 813 2239 27.
847 2199 905 2239 Jul.
935 2203 1025 2240 1627.
1050 2200 1079 2231 &

217 2237 266 2265 26.
295 2233 369 2280 Apr.
394 2235 581 2282 ¹653·„(,2)
598 2237 708 2277 quibus
729 2240 929 2280 continetur,
954 2250 993 2272 ne
1010 2241 1079 2281 quis

213 2274 369 2320 Foederati
403 2275 502 2316 Belgii
533 2279 637 2310 incola
669 2288 740 2313 cum
778 2281 924 2313 mandato
958 2282 1081 2313 externi

216 2316 372 2362 Principis
386 2318 565 2363 enavigaret
584 2328 621 2351 ex
648 2320 758 2362 Belgio
771 2345 780 2359 ,
805 2323 856 2355 vel
871 2323 930 2354 alia
945 2332 1004 2364 qua
1023 2323 1080 2354 Re-

216 2366 328 2399 gione3
353 2357 383 2388 &
396 2366 436 2388 ne
451 2367 520 2398 quis
537 2360 682 2392 mandato
699 2362 841 2395 Praefcaesti
862 2364 954 2395 maris
973 2364 1080 2395 Foede-

215 2399 273 2430 rati
289 2398 392 2444 *Belgii
412 2399 495 2430 aliud
513 2402 633 2433 externi
653 2402 804 2445 Principis
821 2405 1001 2445 adjungeret
1021 2405 1082 2436 sine

217 2440 373 2472 Ordinum
389 2438 593 2474 Generalium
613 2443 781 2482 consensu,
805 2445 826 2477 fi
870 2446 915 2478 uis
934 2445 1019 2477 secus
1038 2445 1083 2476 fe—

216 2480 330 2525 cisset,
351 2481 453 2526 capite
476 2482 627 2525 bonisque
648 2486 829 2526 puniretur,
853 2490 883 2520 ὁ(
900 2496 935 2518 ca
962 2486 1083 2529 insuper

219 2530 361 2562 pecuniae
379 2523 494 2567 lumina
506 2545 517 2560 ,
534 2534 592 2565 pro
607 2535 667 2566 qua
681 2535 753 2558 ante
768 2528 1020 2569 enavigationem
1036 2537 1084 2559 ca-

217 2569 315 2593 verat.
362 2561 411 2607 Ex
435 2562 496 2603 ipsa
525 2566 647 2596 ratione
674 2566 744 2598 satis
769 2568 935 2610 intelligo,
958 2569 1010 2611 qui
1031 2579 1083 2601 ex-

220 2603 300 2634 terni
333 2601 484 2643 Priiicipis
502 2627 511 2642 ,
547 2613 601 2636 aut
628 2606 758 2646 plurium
793 2608 1001 2651 Principum,
1031 2611 1083 2650 qui

217 2643 353 2676 diversos
377 2643 478 2676 hostes
509 2645 621 2676 liabent
634 2669 643 2684 ,
666 2647 814 2678 mandato
829 2650 867 2680 ad
886 2650 1083 2689 praedandum

207 2692 357 2721 exeunt,
383 2685 552 2725 piratarum
570 2686 698 2718 nomine
716 2688 886 2721 censendos
905 2689 985 2726 effe,
1036 2692 1083 2721 uia

204 2727 260 2761 ,sic
283 2725 403 2768 possent
431 2728 461 2759 ὅτ,
486 2736 549 2758 non
580 2727 683 2759 hollos
715 2729 882 2770 depraedari
905 2753 914 2766 ,
945 2731 974 2762 &
1004 2741 1020 2762 a
1037 2731 1083 2763 ios

218 2767 376 2807 Principes
403 2776 512 2800 contra
538 2768 624 2799 suum
653 2767 810 2802 suscitare.
855 2771 914 2802 Sed
941 2772 969 2803 &
988 2772 1079 2803 Ordi-

205 2818 274 2842 nes
298 2808 469 2841 Generales
487 2819 541 2841 eos
563 2819 621 2850 pro
638 2810 746 2850 piratis
763 2810 825 2842 ess'e
840 2810 997 2843 habendos
1016 2812 1078 2854 spc-

218 2850 341 2882 cialiter
357 2850 522 2883 edixerunt
542 2860 590 2888 29.
614 2850 670 2892 Jan
689 2854 780 2891 1658.
804 2851 822 2892 <
830 2852 878 2894 3)
897 2853 947 2884 cui
966 2852 1078 2885 Edicto

259 2982 317 3018 (9)
338 2983 413 3012 Plac.
436 2985 456 3013 1.
480 2993 503 3014 1.
526 2993 553 3014 2.
573 2989 600 3015 6.

259 3023 271 3054 (
285 3024 338 3054 10)
358 3023 434 3051 Tota
453 3031 495 3051 res
508 3024 548 3053 est
562 3025 589 3052 in
605 3024 634 3053 de
644 3024 815 3064 Hollamiscbe
823 3025 978 3057 Mercurius
991 3029 1074 3063 1657.

218 3067 245 3094 p.
262 3060 367 3093 83—91.
390 3059 426 3094 &³
449 3064 529 3097 1658.
551 3071 577 3098 p.
597 3071 740 3098 117-123.

256 3096 335 3132 (11)
356 3097 429 3126 Flac.
449 3100 483 3127 11.
504 3101 621 3136 Append.
641 3110 668 3139 p.
688 3105 769 3139 2849.

254 3133 313 3167 (1)
335 3134 433 3164 Ibidem
452 3138 487 3166 11.
510 3146 534 3173 5.
557 3141 581 3168 8.
605 3148 628 3168 1.
651 3149 676 3170 1.

255 3170 315 3207 (2)
335 3171 434 3202 Ibidem
453 3174 489 3203 11.
510 3185 536 3211 4.
560 3184 603 3212 13.
625 3186 652 3213 4.

1115 1457 1200 1489 forte
1223 1456 1344 1491 causam
1366 1458 1587 1499 praebuerunt,
1610 1458 1662 1499 qui
1680 1457 1782 1490 mense
1798 1456 1973 1491 Novembri

1119 1503 1208 1540 1657.
1234 1500 1370 1541 rapinam
1389 1508 1557 1532 exercuere
1572 1505 1604 1540 op
1623 1500 1735 1531 dobbele
1750 1498 1900 1542 Commzffie
1913 1509 1975 1531 vau

1117 1541 1244 1572 Vrankr·
1261 1545 1278 1572 le
1296 1551 1332 1571 en
1356 1540 1514 1583 Portugal,
1541 1541 1580 1572 de
1607 1541 1717 1582 quibus
1732 1541 1803 1581 lego
1820 1540 1850 1572 in
1874 1540 1974 1573 Anna-

1116 1581 1198 1612 libus
1216 1550 1424 1622 Hyoiizmdiae<
1435 1592 1455 1622 4
1467 1582 1496 1623 ).

1159 1623 1217 1654 Sed
1240 1623 1314 1664 quid
1334 1623 1472 1656 dicemus
1497 1624 1536 1656 de
1556 1624 1614 1663 iis,
1637 1624 1691 1666 qui
1714 1631 1842 1656 utuntur
1863 1623 1975 1656 dobbele

1116 1663 1293 1696 Zeehrieven
1319 1686 1330 1702 ,
1360 1665 1620 1704 quemadmodum
1656 1665 1736 1706 saepe
1762 1672 1892 1697 utuntur
1922 1675 1975 1697 na-

1117 1705 1223 1737 varclii
1234 1728 1245 1744 ,
1263 1712 1297 1737 ut
1317 1706 1412 1738 tutius
1432 1708 1460 1732 w*
1477 1709 1677 1738 conturbanda
1690 1706 1821 1745 vehant,
1837 1706 1889 1738 vel
1902 1705 1976 1738 alias

1117 1747 1240 1779 fraudes
1252 1747 1369 1788 agant?
1379 1756 1441 1779 non
1450 1748 1582 1788 2‘quidem
1593 1749 1636 1780 illi
1649 1756 1767 1780 tantum
1781 1747 1975 1787 delinquunt,

1117 1796 1265 1830 quantum
1285 1788 1414 1829 piratae,
1438 1789 1488 1821 sed
1504 1797 1605 1821 tamen
1622 1799 1746 1823 eorum.
1793 1788 1823 1820 ui
1841 1787 1872 1819 id
1888 1787 1973 1820 fece-

1118 1830 1182 1861 rint
1193 1853 1201 1866 ,
1222 1839 1317 1861 naves
1333 1831 1362 1862 δε
1379 1839 1498 1862 merces
1512 1830 1662 1872 publicari
1679 1830 1766 1871 jubet
1801 1854 1807 1861 .
1825 1837 1856 1869 5.
1873 1828 1976 1861 Edicti

1119 1870 1271 1902 Ordinum
1287 1869 1404 1903 Gener.
1417 1879 1527 1904 contra
1543 1871 1706 1913 Lysitanos
1723 1880 1774 1913 31.
1790 1870 1868 1903 Dec.
1885 1872 1975 1910 1657.

1120 1911 1137 1952 ζ
1146 1912 1203 1953 5).
1230 1911 1264 1943 Id
1291 1922 1368 1944 vero
1394 1922 1458 1944 non
1478 1922 1612 1949 nocere,
1637 1913 1659 1945 fi
1681 1913 1714 1944 in
1738 1911 1872 1944 nostram
1893 1909 1977 1943 frau-

1120 1953 1191 1984 dem
1218 1962 1281 1984 non
1307 1954 1361 1985 fiat
1380 1977 1390 1992 ‚
1424 1953 1622 1993 Pragmatelli
1650 1953 1775 1994 quidem
1798 1959 1979 1992 argutantur

1123 1993 1203 2035 Cons.
1228 1994 1313 2035 Belg.
1342 1994 1377 2026 T.
1401 1994 1456 2026 IV.
1492 1992 1593 2032 Consil.
1627 2004 1697 2035 2:23.
1722 1992 1772 2025 sed
1797 2000 1977 2039 argutantur

1123 2044 1241 2066 tantum
1253 2059 1260 2069 .
1276 2035 1399 2074 publice
1413 2036 1494 2066 enini
1512 2035 1641 2076 expedit
1653 2060 1660 2071 ,
1676 2042 1711 2065 ut
1728 2033 1978 2075 interPrincipes

1122 2084 1291 2116 eorumque
1321 2075 1458 2108 subditos
1483 2076 1567 2108 bona
1594 2075 1669 2108 fides
1694 2074 1832 2109 servetur
1850 2098 1860 2114 ‚
1885 2075 1916 2107 ἃ.
1938 2083 1980 2108 ne

1122 2117 1281 2158 quisquam
1299 2117 1442 2157 cuiquam
1459 2116 1568 2148 fraude
1589 2117 1640 2148 sua
1656 2124 1780 2148 noceat.

1164 2158 1242 2189 Sunt
1268 2158 1297 2189 &
1323 2158 1376 2189 alii
1399 2158 1563 2197 nonnulli,
1584 2158 1634 2204 qui
1652 2158 1779 2199 proprie
1793 2157 1919 2200 quidem
1933 2157 1978 2200 pi-

1124 2206 1198 2230 ratae
1223 2208 1285 2230 riori
1310 2198 1379 2230 sunt
1399 2221 1410 2238 ‚
1441 2200 1482 2231 ob
1507 2207 1706 2230 atrocitatem
1743 2205 1846 2232 tamen
1876 2199 1978 2232 crirni-

1123 2249 1222 2278 num,
1245 2248 1280 2271 ut
1307 2239 1416 2280 pirata:
1443 2243 1623 2281 puniuntur.
1671 2240 1776 2280 Atque
1802 2241 1845 2273 ita
1878 2239 1924 2273 est
1946 2239 1980 2273 in

1124 2281 1172 2312 liis
1184 2303 1192 2317 ‚
1204 2281 1255 2321 qui
1266 2289 1377 2312 contra
1393 2281 1646 2314 interdiffionem
1656 2306 1663 2316 .
1675 2290 1692 2312 a
1701 2281 1846 2323 Principe
1854 2280 1979 2320 faftam,

1124 2322 1252 2363 propius
1268 2322 1305 2353 ad
1327 2329 1438 2354 terram
1461 2323 1624 2354 accedunt.
1671 2321 1803 2355 Ordines
1826 2321 1895 2354 sane
1917 2321 1981 2353 Ge-

1125 2363 1242 2395 nei-ales
1261 2373 1310 2403 24.
1336 2363 1429 2396 Febr.
1457 2368 1545 2400 1696.
1573 2365 1588 2406 (
1600 2364 1649 2437 61)
1674 2363 1856 2401 edixerunt,
1877 2363 1927 2403 qui
1945 2362 1980 2394 11-

1125 2414 1164 2436 ne
1188 2403 1289 2435 Classe
1314 2405 1506 2446 propinqua,
1527 2406 1598 2437 navi
1652 2404 1772 2437 rancica
1795 2403 1981 2449 praedatoria

1126 2445 1249 2476 veniret
1266 2447 1352 2477 onder
1371 2449 1391 2477 ’τ
1415 2447 1485 2477 land
1497 2469 1507 2485 ‚
1535 2448 1642 2477 binnan
1660 2447 1699 2476 de
1717 2450 1841 2482 tormen,
1874 2452 1981 2485 capite

1125 2486 1336 2528 plecteretur,
1362 2487 1445 2529 quod
1465 2488 1494 2518 iii
1513 2487 1647 2518 Francos
1661 2494 1828 2517 exercuere
1844 2483 1982 2518 Gronin-

1127 2528 1197 2569 gani
1219 2537 1265 2567 14.
1291 2527 1388 2560 Mart.
1416 2531 1502 2564 1696.
1528 2535 1589 2567 quo
1607 2527 1675 2566 jure
1690 2526 1756 2557 haec
1773 2526 1868 2564 fiant,
1892 2525 1981 2567 supra

1126 2568 1282 2609 disputavi
1303 2569 1334 2600 C.
1360 2568 1414 2600 111.
1440 2568 1482 2599 Ut
1508 2568 1616 2608 pii-ata:
1642 2576 1765 2608 quoque
1788 2567 1980 2608 puniuntur.

1128 2611 1180 2650 qui
1208 2610 1238 2640 in
1268 2608 1476 2641 contraffibus
1504 2605 1766 2640 assecurationum
1792 2608 1866 2640 dolo
1897 2608 1980 2641 malo

1126 2657 1221 2692 agunt
1244 2659 1284 2680 ex
1304 2650 1332 2691 §.
1357 2659 1406 2680 22.
1431 2648 1533 2680 Edisti
1560 2648 1692 2690 Philippi
1724 2648 1764 2682 ll.
1788 2649 1828 2681 de
1852 2648 1980 2682 Affecu-

1125 2690 1298 2724 rationibus
1321 2700 1372 2722 20.
1394 2689 1458 2729 Jari.
1497 2699 1586 2730 1570.
1612 2690 1695 2732 (7).
1751 2690 1893 2732 Itemque
1914 2690 1980 2731 illi,

1125 2733 1176 2774 qui
1195 2731 1292 2768 retia,
1316 2731 1352 2761 ad
1364 2729 1535 2802 piscandos
1552 2731 1673 2763 halcccs
1693 2732 1850 2774 exposita,
1875 2730 1981 2764 secant

1201 2797 1207 2804 .
1234 2781 1283 2813 23.
1303 2771 1360 2803 Edi
1378 2771 1405 2802 ti
1422 2771 1557 2812 eJusdem
1581 2772 1717 2814 Philippi
1732 2783 1753 2811 9
1767 2773 1867 2806 Mart.
1887 2777 1977 2812 1580.

1125 2782 1163 2804 ex

1122 2772 1260 2898 (8ἕῇοᾱ
1277 2860 1379 2886 autem
1402 2852 1568 2888 Albei·icus
1588 2854 1727 2889 Gentilis
1747 2855 1788 2887 L.
1813 2855 1838 2888 1.

1863 2857 1978 2889 Advoc.

1848 2898 1976 2940 Hispan·

1156 2987 1214 3025 (3)
1236 2987 1335 3016 Ibidem
1355 2988 1390 3016 Π.
1412 2997 1438 3023 4.
1462 2992 1506 3019 26.
1532 2997 1555 3017 1.
1579 2997 1603 3017 1.

1157 3026 1219 3063 (4)
1241 3026 1311 3054 Inde
1321 3026 1490 3063 Hellandsche
1497 3027 1652 3057 Mercurius
1668 3032 1853 3067 1657.p.107.
1866 3026 1976 3077 &fulg

1156 3066 1215 3101 (5)
1237 3064 1311 3092 Piae.
1334 3065 1368 3092 11.
1391 3073 1418 3100 4.
1441 3068 1486 3095 28.
1512 3075 1521 3094 1
1558 3074 1583 3094 2.
1951 3088 1953 3090 -

1157 3103 1216 3138 (6)
1239 3102 1337 3131 Ibidem
1358 3104 1406 3131 iv.
1430 3112 1454 3132 1.
1477 3112 1502 3139 7.
1524 3113 1550 3141 p.
1571 3108 1634 3135 216.

1155 3141 1215 3177 (7)
1239 3140 1336 3169 Ibidem
1357 3142 1376 3169 1.
1400 3150 1424 3169 2.
1449 3150 1472 3176 7.
1496 3151 1520 3171 x.
1542 3150 1569 3177 3.

1156 3179 1213 3216 (8)
1234 3178 1332 3209 Ibidem
1351 3181 1373 3209 I.
1397 3188 1422 3208 2.
1445 3188 1470 3215 5.
1494 3189 1518 3209 1.
1541 3188 1564 3209 1.
