2008 3436
156 114 226 154 463
402 107 807 147 CORNELII
881 116 993 146 vixx<

155 204 241 228 tante
266 196 383 229 indicio
401 221 411 237 ,
443 198 570 231 notasse.
602 197 826 245 Quapropter,
850 196 872 228 fi
893 206 933 228 eo
955 196 1025 237 quis

154 239 302 270 damnum
322 240 481 281 acceperit
496 262 508 279 ,
530 249 655 272 tenetur
670 242 702 271 in
723 239 853 271 solidum
871 262 880 276 ,
902 238 953 279 qui
971 247 1023 269 an-

156 279 284 311 choram
303 279 364 311 fine
381 281 500 312 indicio
517 282 625 314 habuit
643 280 672 321 §.
690 290 740 319 49.
766 279 838 311 LL.
866 279 962 310 Caroli
981 278 1023 310 V.

155 319 183 363 §.
208 331 238 361 4.
269 320 329 353 Tit.
355 321 396 353 V.
428 322 501 355 LL.
526 322 658 362 Philippi
695 321 732 352 11.
763 321 790 361 §.
816 331 848 361 4.
874 320 913 352 L.
937 319 960 352 Ι.
990 319 1023 350 Τ.

153 361 266 393 XXV.
287 363 356 395 LL.
374 363 477 403 FrzfiC.
502 365 556 396 nili
575 364 635 395 sine
651 363 741 403 culpa
756 362 924 399 indicium,
943 360 1027 401 quod

153 403 295 435 additum
313 403 393 443 fuit,
417 415 488 437 cum
503 405 638 436 anchora
655 404 823 443 ejiceretur
841 426 851 440 ‚
875 402 956 434 unda
976 402 1025 433 ab·

153 443 301 485 stulerit,
335 456 435 487 neque
459 447 561 477 adhuc
591 454 708 476 novum
735 444 884 476 indicium
915 443 1027 474 addere

152 487 311 526 potuerit,
340 495 417 518 tunc
434 488 518 519 enim
533 487 681 518 damnum
697 494 866 517 commune
883 484 929 516 est
937 485 964 515 d.
976 483 1024 525 §§.

196 527 339 567 Superest
358 530 417 560 alia
435 527 585 569 inspectio
598 549 608 565 ,
633 526 707 567 quid
722 526 806 558 enim
825 526 845 558 fi
865 526 1027 566 utriusque

151 568 242 608 culpa
259 569 404 601 damnum
427 570 533 600 datum
558 569 588 601 ὅς
604 577 772 607 acceptum
792 568 829 600 fit
846 568 863 599 ἱ)
887 567 930 599 Et
953 576 1027 598 cum

151 618 283 650 uterque
303 611 429 642 alterius
455 611 577 650 culpam
599 608 786 647 incusaret,
818 610 848 642 &
871 607 1027 647 utriusque

152 651 244 690 culpa
263 661 316 692 par
334 652 393 683 effe
415 651 573 683 videretur
588 674 598 690 ,
636 649 732 682 Curia
764 649 944 682 Hollandiae
976 649 1027 681 da-

151 701 258 723 mnum
276 702 441 725 commune
459 692 520 724 effe
534 691 674 731 censuit,
686 693 716 724 ἃ
730 692 775 723 ita
790 701 935 732 quoque,
953 700 1027 723 cum

151 741 363 772 provocatum
389 733 484 773 esset,
510 734 640 767 Senatus
673 733 853 773 Supremus.
874 732 945 773 (2)
966 732 1026 764 Sed

153 774 252 814 magis
285 783 426 816 putarem
443 797 453 814 ,
486 775 645 816 utriusque
673 775 767 814 culpa
790 774 903 806 damno
925 774 1000 805 dato
1016 796 1028 812 ‚

152 815 270 847 nullam
288 816 425 847 invicem
443 815 504 847 esse
520 816 697 855 actionem,
719 816 749 848 ὃς
769 815 856 848 suum
875 824 1034 857 quemque

153 856 298 889 damnum
325 856 408 888 ferre
432 866 590 899 oportere.
617 856 984 900 Quemadmodumenim
1002 866 1032 887 a·

151 905 228 938 get,
255 899 307 938 qui
327 897 391 939 ipse
416 899 449 930 in
472 900 566 941 culpa
585 899 656 932 est?
681 898 840 931 Damnum
856 896 1031 937 sentit,fa-·

152 947 241 978 teor,
265 940 317 980 qui
342 940 464 972 aeturus
479 939 524 972 est
540 963 550 978 ‚
574 939 626 972 sed
643 940 750 974 sentiit
768 939 819 972 sua
836 940 929 979 culpa
949 961 959 977 ,
978 948 1029 970 ne-

152 989 212 1019 que
230 980 308 1012 adeo
327 981 474 1013 damnum
494 981 556 1013 esse
572 982 761 1024 intelligitur
773 1004 782 1019 ‚
800 980 917 1012 novisti
939 981 1029 1021 quip-

151 1031 190 1061 pe
209 1023 345 1062 regulam
361 1023 481 1062 jurisin
501 1024 521 1055 1.
543 1033 613 1065 203.
626 1024 667 1065 ff.
685 1025 719 1054 de
735 1022 814 1063 R.J.
830 1023 940 1063 utique
964 1031 1028 1053 non

151 1062 316 1102 damnum,
340 1064 394 1096 nili
415 1064 498 1106 quod
524 1064 577 1097 sibi
603 1065 657 1106 ipli
673 1065 769 1102 fecit,
795 1064 884 1103 cujus
899 1063 1029 1095 nomine

152 1104 287 1136 alterum
310 1106 483 1137 convenire
502 1106 573 1138 satis
596 1106 726 1138 incivile
746 1104 801 1136 est.
825 1104 939 1144 Neque
955 1113 1026 1145 pro-

150 1145 234 1176 derit
249 1169 259 1185 ‚
285 1146 420 1185 fulicas,
445 1148 476 1179 &
494 1147 703 1179 adversarium
722 1148 754 1178 in
774 1147 868 1186 culpa
882 1145 965 1184 effe,
992 1152 1025 1176 ut

152 1187 237 1218 enim
260 1197 329 1228 agas
344 1210 354 1226 ,
381 1188 429 1228 jus
452 1195 541 1220 tuum
569 1188 686 1220 fortius
705 1187 742 1219 fit
761 1195 906 1228 oportet,
933 1186 963 1217 ὅ(
983 1185 1025 1217 fic

152 1227 266 1259 Paulus
287 1228 426 1270 disputat
443 1251 453 1268 ,
482 1230 532 1260 ubi
556 1229 713 1269 utriusque
739 1228 901 1267 turpitudo
922 1225 1024 1257 versa-

153 1277 224 1308 tur,
248 1270 278 1301 in
295 1269 403 1311 l.8.ff.
413 1272 446 1302 de
465 1270 595 1301 Condici.
619 1271 659 1300 ob.
685 1275 761 1309 turp.
779 1268 827 1299 vel
844 1267 944 1310 injth.
969 1276 1023 1298 ex-

152 1311 334 1350 ceptionem
359 1312 413 1343 ille
429 1311 560 1353 largitur
575 1333 585 1348 ‚
610 1310 683 1351 quia
707 1310 854 1350 exceptio
867 1333 878 1348 ,
899 1309 983 1350 quod
995 1309 1027 1341 iu

176 1353 218 1383 ari
230 1351 327 1384 eausa
337 1352 391 1391 fit,
402 1351 564 1391 defendit,
576 1351 627 1385 sed
648 1351 805 1383 actionem
821 1359 914 1392 negat
927 1374 937 1389 ,
954 1350 1028 1391 quia

150 1361 220 1424 ἕως
238 1403 300 1425 non
317 1393 408 1424 datur
433 1392 490 1425 nifi
505 1393 556 1432 ei,
580 1393 633 1434 qui
655 1393 704 1432 Jus
726 1392 821 1424 habet
851 1392 1027 1433 potentius.

150 1433 219 1479 Qui
237 1444 330 1466 omne
344 1435 490 1467 damnum
505 1434 558 1465 vel
576 1435 644 1474 plus
659 1434 763 1465 damni
779 1432 880 1473 paffus
895 1432 940 1464 est
949 1455 961 1472 ,
980 1433 1026 1464 ni-

151 1475 198 1509 hil
228 1483 352 1516 repetet
385 1475 424 1506 ab
456 1485 497 1506 eo
515 1499 526 1514 ,
563 1475 614 1516 qui
645 1473 725 1506 nihil
756 1474 808 1505 vel
843 1474 946 1507 minus
976 1473 1028 1506 da-

149 1517 216 1550 mni
244 1515 345 1558 pass‘us
376 1514 448 1556 est,
480 1517 551 1557 quia
575 1517 606 1548 in
631 1515 695 1557 pari
717 1515 806 1549 causa
839 1516 952 1548 melior
983 1514 1029 1548 est

151 1558 296 1592 conditio
320 1557 503 1600 poffidentis
529 1557 551 1592 l.
577 1561 648 1590 126.
672 1556 699 1599 §.
725 1567 756 1590 2.
779 1556 815 1593 ἐξ
837 1557 859 1589 l.
887 1562 956 1592 128.
977 1563 1028 1598 pr.

148 1600 188 1643 ff.
212 1601 246 1632 de
267 1600 309 1632 R.
334 1599 361 1641 J.
387 1608 610 1641 parem-autem
627 1597 753 1633 causam
773 1599 854 1632 facit
871 1597 1028 1640 utriusque

151 1641 245 1684 culpa
258 1664 269 1681 ,
292 1651 364 1673 narn
382 1641 509 1675 fimulac
525 1651 561 1674 ea
579 1640 763 1681 accesserit,
786 1650 913 1673 omnem
931 1640 1028 1673 aetio-

152 1692 226 1716 nem
245 1683 400 1716 excludit.
427 1684 459 1717 Si
475 1684 555 1716 aedes
574 1692 638 1717 tuae
661 1693 745 1715 meas
769 1680 856 1725 lapsu
873 1682 1026 1724 oppresse-

151 1726 300 1764 rint,aut
316 1732 385 1757 tuas
402 1725 580 1767 relinquere
591 1733 665 1765 ,aut
685 1725 831 1758 damnum
850 1723 963 1757 sarcire
978 1724 1028 1757 de-

145 1767 201 1799 bes
212 1766 255 1806 ,fi
273 1775 386 1809 nempe
404 1769 585 1800 cautionem
599 1767 704 1800 damni
723 1765 832 1799 infecti
850 1767 1030 1809 exegerim,

149 1808 174 1841 fi
197 1818 276 1840 vero
300 1818 357 1850 per
381 1810 604 1852 negligentiam
635 1818 702 1842 non
732 1809 890 1850 exegerim
908 1833 917 1848 ‚
945 1809 1029 1840 aliud

151 1850 322 1883 dicendum
341 1851 362 1883 l.
383 1855 411 1886 8.
431 1851 474 1893 ff.
493 1853 528 1883 de
548 1851 666 1883 Damno
682 1848 784 1892 infhft.
810 1851 876 1892 ipse
895 1851 980 1883 enim
997 1849 1030 1882 in

156 1892 250 1932 culpa
267 1891 352 1932 sum,
377 1893 460 1934 quod
477 1893 553 1925 mihi
575 1903 639 1925 non
658 1892 884 1934 prospexerim.
932 1910 936 1915 ·
952 1897 960 1903 '

195 1933 256 1965 Sed
282 1933 330 1965 his
364 1934 464 1975 posses
488 1934 629 1975 objicere
661 1934 689 1977 §.
723 1945 753 1975 ‹3.
785 1933 849 1965 »Τι’ῑ.
884 1933 926 1966 V.
952 1933 1026 1966 LL.

154 1974 290 2015 Philippi
318 1974 360 2007 Π.
385 1975 422 2012 &⁹
451 1975 480 2016 ς.
511 1986 543 2018 3.
574 1976 615 2008 L.
648 1976 672 2008 1.
713 1969 772 2007 Tic.
804 1974 916 2008 XXV.
952 1975 1027 2007 LL.

155 2014 260 2062 Frific.
283 2017 335 2057 qui
356 2016 405 2058 §§.
430 2018 536 2058 ajunt,
561 2017 584 2050 fi
609 2018 696 2050 navis
716 2017 865 2058 navigans
888 2027 952 2049 non
974 2026 1039 2048 nav

156 2057 279 2103 vrganti
299 2058 445 2090 damnum
459 2059 603 2097 dederit,
626 2059 657 2091 ὃς
672 2058 818 2091 damnum
833 2058 937 2090 dantis
956 2067 1030 2090 nau-

153 2105 197 2129 tae
211 2107 336 2137 jurent,
352 2100 414 2130 ia'on
430 2100 521 2140 culpa
537 2099 663 2138 fecisse,
680 2108 849 2132 commune
863 2098 1028 2138 futurum,

153 2138 229 2177 nisi,
253 2139 305 2179 qui
328 2139 475 2172 damnum
490 2140 591 2181 passus
606 2141 669 2180 est,
687 2141 877 2172 contrarium
894 2139 1026 2182 probet,

156 2181 186 2211 ἂ
208 2179 271 2220 ipse
296 2189 422 2221 quoque
444 2191 681 2214 eXtraromnem
711 2181 837 2222 culpam
860 2181 899 2213 sit
915 2204 927 2220 ,
950 2189 1027 2213 tunc

156 2221 240 2253 enim
253 2244 262 2259 ,
281 2221 500 2261 quiaeiamnum
520 2223 628 2260 dedit,
650 2223 689 2254 de
714 2231 786 2254 toto
806 2223 914 2255 teneri.
945 2222 1027 2265 Quae

155 2263 225 2293 duae
238 2261 300 2293 eise
315 2263 426 2304 prioris
436 2264 553 2304 regulae
565 2265 768 2305 exceptiones
780 2264 879 2295 videri
892 2263 1027 2304 poliunt.

157 2303 191 2335 Si
214 2312 276 2334 non
303 2306 496 2336 contrarium
526 2305 678 2345 probetur
696 2329 707 2344 ,
736 2306 840 2346 regula
868 2305 960 2337 habet
982 2305 1029 2335 lo-

157 2353 230 2377 cum
249 2366 262 2383 ‚
285 2343 338 2377 sed
361 2354 399 2377 an
428 2345 512 2379 idem
536 2346 677 2379 dicemus
698 2371 711 2388 ‚
731 2347 753 2379 fi
777 2346 911 2378 secunda
934 2344 1032 2378 ceffet

714 2443 1072 2482 CAPUT

1065 103 1677 147 BYNKERSHOEK

1067 196 1218 237 exceptio
1236 196 1253 227 ἵ)
1275 196 1353 227 Sane
1368 194 1399 225 id
1419 193 1574 235 sequitur,
1594 194 1615 227 fl
1634 204 1651 226 a
1673 193 1759 227 sensu
1776 200 1936 232 contrario

1067 236 1223 278 disputare
1237 237 1341 269 liceat.
1371 236 1422 267 Ex
1438 235 1592 275 thorum
1611 237 1824 268 Romanorum
1846 237 1935 280 scrip.

1070 278 1110 309 tis
1128 276 1209 319 saepe
1224 279 1268 309 ita
1284 278 1367 309 recle
1382 276 1592 317 disputamus,
1614 278 1665 309 sed
1679 279 1731 309 ubi
1746 288 1848 319 parem
1865 289 1934 320 pru-

1068 320 1206 351 dentiam
1218 319 1359 350 invenire
1374 318 1418 350 est
1428 319 1444 350 ‘?
1464 318 1494 349 ln
1511 318 1630 358 legibus
1644 319 1864 359 posterioribus
1873 331 1936 356 non

1070 360 1143 392 satis
1159 368 1257 392 tutam
1279 360 1340 392 esse
1359 370 1374 391 a
1397 359 1555 391 contrario
1579 358 1819 400 disputationem
1839 361 1935 396 lntcr-

1069 409 1175 443 pretes
1194 400 1397 433 observarunt
1418 402 1455 433 ad
1475 401 1494 432 l.
1529 410 1556 432 1.
1580 406 1628 441 pr.
1648 399 1687 441 ff.
1710 403 1742 432 de
1767 401 1852 443 Offic.
1874 404 1936 445 ejus

1070 444 1117 474 cui
1130 444 1228 474 mand.
1252 439 1293 482 est
1305 443 1417 483 jurisd.
1462 442 1545 474 Inter
1565 441 1687 482 Leges,
1712 443 1936 482 posterioribus

1070 484 1262 524 temporibus
1274 484 1348 515 latas
1362 508 1369 519 ,
1385 485 1551 524 prudenter
1563 482 1632 515 sane
1647 483 1836 524 conscriptae
1851 485 1939 528 sunt,

1069 535 1137 566 quae
1154 525 1281 556 nomine
1297 524 1431 566 Philippi
1448 524 1486 556 11.
1506 523 1726 564 Hispaniarum
1741 524 1856 565 Regis,
1868 536 1939 567 pro.

1070 567 1197 598 dierunt
1214 588 1224 604 ,
1249 574 1282 596 ut
1306 573 1381 605 puta
1403 576 1469 606 quae
1487 589 1496 604 ,
1520 565 1541 597 fi
1564 574 1672 597 verum
1693 565 1776 598 fama
1792 566 1940 610 susurrat,

1070 617 1111 639 ex
1130 607 1281 639 sententia
1302 607 1398 647 Viglii
1415 607 1482 638 fere
1500 605 1686 646 conscriptae
1701 606 1791 645 sunt,
1807 607 1858 639 sed
1868 618 1937 645 cum

1069 649 1189 689 nejure
1202 648 1325 689 quidem
1335 649 1480 680 Romano
1495 646 1612 688 semper
1620 648 1703 680 reete
1719 652 1938 689 argumenteris

1069 701 1086 722 a
1104 690 1286 728 contrario,
1311 691 1375 722 noli
1401 691 1433 722 id
1459 688 1639 730 exspectare
1663 698 1680 720 a
1705 690 1940 730 jurisprudentia

1070 730 1252 773 posterioris
1277 731 1348 763 aevi.
1374 732 1452 761 Kana
1470 732 1493 759 αὶ
1518 730 1671 762 convenit
1687 731 1835 772 exceptio
1860 733 1890 764 in
1907 735 1937 767 d.

1077 772 1126 815 §§.
1152 781 1186 804 ut
1208 775 1317 803 „250⁸
1340 772 1534 810 conveniat,
1560 780 1624 802 non
1648 772 1829 813 requiritur.
1859 772 1938 807 Haec

1076 821 1180 846 autem
1208 823 1317 846 eorum
1339 813 1387 855 §§.
1412 813 1564 846 sententia
1589 811 1643 844 est:
1667 814 1755 855 cujtrs
1777 814 1868 856 culpa
1887 816 1938 848 da-

1077 865 1185 888 mnum
1200 856 1306 887 datum
1322 856 1386 896 est,
1410 856 1449 888 de
1462 862 1534 886 toto
1554 861 1699 894 tenetur,
1720 864 1784 886 non
1798 864 1895 896 vero,
1916 856 1939 890 fi

1077 898 1108 930 ὅ(
1123 897 1175 938 qui
1196 896 1295 938 passus
1311 897 1374 935 est,
1385 898 1417 929 in
1436 897 1530 938 culpa
1541 894 1587 927 fit.
1610 895 1717 937 Atque
1734 895 1803 927 haec
1816 896 1942 930 dicendi

1073 939 1156 970 ratio
1171 938 1295 971 constat
1306 962 1315 978 ,
1325 939 1380 971 etii
1392 939 1550 976 dicamus,
1561 937 1685 976 damni,
1699 934 1858 979 utriuffiue
1872 939 1940 972 cul-

1072 988 1112 1021 pa
1129 980 1212 1018 dati,
1235 980 1390 1013 aetionem
1402 989 1467 1013 non
1485 977 1558 1011 esse.
1581 977 1677 1025 Quod
1686 988 1762 1010 vero
1776 978 1941 1012 obscurum

1074 1019 1119 1053 est
1135 1021 1166 1052 in
1175 1022 1202 1052 d.
1216 1020 1263 1063 ἕξ.
1274 1031 1343 1064 3.3.
1356 1023 1599 1062 interpretemur
1613 1020 1747 1061 ex§.46.
1760 1020 1834 1052 LL.
1847 1021 1943 1053 Caroli

1073 1062 1114 1093 V.
1134 1061 1169 1097 ὅ)
1184 1061 1211 1103 §.
1228 1072 1253 1094 1.
1269 1063 1303 1095 T.
1318 1064 1360 1095 V.
1380 1063 1452 1095 LL.
1473 1061 1748 1102 Philippi11.&§.
1763 1071 1790 1094 1.
1805 1061 1846 1094 L.
1859 1062 1883 1094 I.
1905 1062 1939 1094 Τ.

1073 1101 1182 1135 XXV.
1205 1103 1278 1137 LL.
1290 1103 1453 1143 Frific.1lli
1467 1104 1572 1143 ajunt,
1582 1112 1657 1134 tunc
1668 1104 1793 1136 demum
1803 1112 1943 1135 commu-

1070 1145 1189 1184 nicari,
1212 1155 1259 1176 zoo
1275 1145 1313 1186 sy
1339 1146 1515 1177 elkanderen
1542 1154 1599 1175 acm
1621 1146 1697 1175 boort
1715 1153 1858 1185 quamm,
1880 1145 1943 1176 niet

1069 1187 1207 1227 mogontie
1216 1185 1256 1217 of
1268 1190 1331 1217 met
1345 1187 1493 1218 konnende
1505 1185 1643 1226 onzssssilen
1654 1185 1687 1225 of
1701 1187 1859 1227 ontwyken
1871 1209 1881 1225 ,
1892 1186 1946 1217 de-

1068 1226 1201 1258 siderant
1230 1227 1324 1267 igitur
1341 1251 1350 1266 ,
1376 1235 1410 1258 ut
1441 1235 1574 1266 uterque
1602 1226 1639 1258 fit
1672 1235 1762 1258 extra
1791 1228 1912 1268 culpam
1931 1250 1942 1266 ,

1068 1267 1154 1307 quod
1172 1267 1193 1299 si
1213 1275 1343 1309 uterque
1358 1267 1396 1300 fit
1409 1270 1440 1300 in
1456 1268 1568 1308 culpa,
1579 1276 1691 1298 contra
1705 1268 1944 1300 videturdicen·

1070 1309 1164 1348 clum,
1176 1308 1280 1347 idest,
1297 1317 1408 1341 contra
1420 1317 1566 1341 neutrum
1586 1308 1688 1340 damni
1701 1309 1854 1340 actionem
1874 1309 1942 1342 effe.

1113 1349 1199 1393 Quid
1219 1350 1325 1382 damni
1339 1351 1549 1392 appellatione
1573 1351 1771 1381 contineatur
1786 1373 1794 1387 ‚
1818 1350 1946 1382 difficile

1070 1390 1117 1423 est
1138 1390 1281 1424 definire.
1327 1391 1412 1424 Puto
1435 1399 1541 1423 autem
1557 1391 1745 1433 generaliter
1762 1391 1822 1423 effe
1839 1391 1943 1423 dicen-

1068 1432 1142 1463 dum
1160 1454 1171 1470 ‚
1191 1432 1222 1464 id
1245 1442 1339 1466 omne
1362 1433 1520 1465 contineri
1539 1454 1550 1471 ,
1578 1433 1662 1474 quod
1687 1431 1800 1472 causa,
1822 1433 1861 1465 de
1886 1442 1945 1474 qua

1071 1473 1195 1514 agitur,
1214 1474 1263 1512 ei,
1288 1475 1327 1506 de
1345 1483 1409 1515 quo
1426 1474 1551 1516 agitur,
1573 1472 1666 1506 abest.
1699 1474 1758 1506 Sed
1781 1483 1875 1515 quum
1892 1483 1944 1507 na-

1070 1516 1138 1554 vis,
1162 1524 1232 1555 quae
1251 1516 1290 1547 ab
1306 1515 1365 1548 alia
1386 1516 1531 1549 damnum
1555 1523 1742 1556 acceperat,
1765 1516 1837 1547 ideo
1860 1514 1946 1548 Clas-

1071 1555 1134 1588 sem
1154 1555 1237 1597 sequi
1259 1566 1323 1589 non
1348 1564 1493 1597 poterat,
1515 1557 1546 1589 &
1567 1557 1648 1589 intra
1669 1556 1796 1590 XXIV.
1819 1557 1910 1589 horas
1929 1565 1947 1588 a

1070 1597 1303 1631 Praedatoribus
1321 1597 1619 1641 Duynkerkenfibus
1645 1607 1735 1640 capta
1752 1598 1828 1630 effet
1841 1621 1852 1638 ‚
1870 1598 1945 1631 rela-

1072 1646 1140 1671 tum
1161 1638 1206 1672 est
1214 1662 1232 1678 ‚f
1248 1639 1322 1682 (3)
1343 1639 1492 1673 Senatum
1504 1640 1686 1681 Supremum
1704 1640 1762 1673 ult.
1778 1639 1837 1681 Jul.
1855 1643 1946 1682 1633.

1070 1680 1240 1722 judicasse,
1264 1682 1369 1714 damni
1389 1682 1546 1714 aaronem
1566 1691 1630 1714 non
1644 1682 1705 1714 effe
1722 1703 1733 1720 ,
1762 1681 1818 1714 nisi
1838 1681 1948 1722 quanti

1071 1722 1210 1755 deterior
1226 1723 1304 1756 esset
1325 1722 1407 1756 faeta
1428 1724 1517 1757 navis
1540 1722 1608 1765 ipso
1628 1721 1775 1766 appulsu:
1817 1722 1879 1754 uod
1896 1721 1948 1755 alii

1072 1763 1164 1804 sunt,
1186 1766 1239 1807 qui
1257 1765 1389 1808 probant
1405 1775 1437 1797 ar
1459 1774 1587 1798 umento
1603 1766 1623 1798 1.
1637 1774 1689 1797 21.
1707 1764 1736 1807 §.
1749 1775 1779 1807 3.
1821 1765 1874 1796 .de
1885 1761 1948 1794 Ac·

1073 1807 1144 1838 tion.
1165 1813 1252 1848 empt.
1274 1807 1348 1849 (4)
1392 1807 1430 1839 Se
1466 1806 1575 1840 nescio
1590 1831 1600 1846 ‚
1625 1817 1664 1840 an
1692 1807 1802 1848 utique
1820 1804 1945 1847 probari

1071 1848 1202 1888 debeat,
1222 1849 1252 1882 &
1269 1859 1305 1882 an
1324 1858 1386 1881 non
1405 1849 1510 1889 potius
1528 1849 1567 1881 de
1583 1856 1650 1881 tota
1668 1858 1749 1880 nave
1765 1846 1880 1880 diretta
1895 1855 1946 1877 ac-

1073 1890 1121 1921 tio
1143 1889 1181 1922 fit
1199 1912 1210 1929 ,
1232 1891 1348 1932 quippe
1371 1900 1436 1922 non
1460 1890 1556 1922 modo
1582 1889 1762 1930 occasione,
1789 1888 1841 1921 sed
1862 1888 1891 1919 &
1905 1895 1949 1920 ex

1069 1930 1160 1963 causa
1172 1931 1320 1972 impulsus
1338 1932 1478 1973 perdita,
1497 1932 1639 1973 quamvis
1653 1941 1716 1963 non
1733 1931 1764 1963 in
1780 1930 1946 1962 continen-

1071 1972 1122 2011 ti,
1143 1973 1174 2004 ὅτ.
1189 1972 1253 2012 fic,
1275 1974 1306 2005 in
1322 1973 1425 2015 specie
1439 1983 1504 2005 non
1524 1973 1674 2012 absimili,
1697 1971 1852 2014 Ulpianus
1872 1979 1946 2002 cen-

1072 2012 1120 2046 set
1144 2014 1176 2046 in
1201 2014 1222 2046 l.
1256 2024 1286 2056 7.
1317 2014 1345 2056 δ.
1376 2025 1406 2055 7.
1426 2014 1466 2057 ff.
1489 2015 1527 2046 ad
1546 2015 1586 2046 L.
1611 2013 1718 2055 Aquil.
1742 2021 1841 2045 totam
1860 2012 1946 2057 enim

1072 2064 1185 2087 navem
1206 2056 1335 2098 perdere
1360 2055 1405 2087 est
1428 2058 1472 2088 ita
1493 2064 1713 2096 corrumpere,
1737 2063 1773 2086 ut
1796 2054 1829 2086 in
1849 2062 1947 2092 mari,

1071 2096 1299 2138 praedatoribus
1325 2095 1463 2137 infesto,
1488 2097 1627 2129 hostibus
1654 2095 1719 2128 sola
1742 2103 1918 2137 exponatur
1935 2116 1947 2134 ,

1072 2146 1167 2179 atque
1183 2138 1227 2169 ita
1246 2139 1386 2180 capiatur
1402 2140 1432 2171 ἃ
1449 2139 1552 2180 praeda
1564 2138 1619 2170 fiat
1629 2160 1639 2176 ,
1652 2136 1879 2178 praedatoribus
1897 2144 1949 2168 au·

1071 2187 1137 2211 tem
1154 2179 1302 2212 infestum
1319 2179 1409 2212 fuiffe
1426 2189 1512 2211 mare
1531 2179 1625 2211 ctiam
1649 2178 1747 2209 elesta
1771 2177 1879 2210 Claffis
1899 2185 1947 2208 tu-

1073 2221 1135 2252 tela
1153 2221 1254 2262 palam
1270 2221 1382 2262 arguit.
1424 2221 1521 2253 Plane
1546 2218 1805 2262 quemadmodum
1828 2219 1948 2251 dicere-

1073 2271 1143 2295 mus
1157 2263 1195 2293 de
1219 2269 1287 2293 tota
1313 2263 1386 2294 navi
1412 2262 1532 2301 teneri,
1556 2262 1629 2303 qui,
1651 2269 1724 2292 cum
1750 2259 1948 2301 naufragium

1073 2303 1256 2341 timeretur,
1281 2304 1406 2335 clavum
1422 2302 1569 2340 abstulit,
1594 2312 1630 2334 ac
1646 2302 1690 2333 ita
1707 2302 1797 2334 navis
1813 2301 1908 2342 periit
1921 2300 1947 2334 1.

1074 2354 1104 2386 3.
1130 2345 1160 2386 §.
1185 2349 1215 2379 8.
1234 2344 1275 2386 ff.
1301 2345 1335 2376 de
1359 2344 1481 2377 Incend.
1505 2345 1583 2376 ruin.
1609 2342 1713 2384 naufr.

1172 2443 1402 2480 XXIII.

161 2531 214 2566 An
231 2531 312 2567 aelio
328 2533 364 2567 de
384 2533 518 2578 damno,
544 2534 637 2580 culpa
652 2533 748 2577 dato,
773 2535 872 2570 etiam
897 2539 1053 2580 competat
1082 2529 1236 2578 adversus
1256 2531 1451 2568 exercitores
1470 2532 1586 2576 navis,
1612 2527 1654 2570 ἐξ
1675 2540 1717 2565 an
1734 2530 1768 2563 in
1779 2525 1947 2573 fhlidum?

253 2632 358 2672 ignum
379 2630 424 2662 est
448 2631 528 2663 hanc
551 2631 755 2673 quaestionem
770 2643 940 2673 excutere,
964 2643 1036 2666 nam

271 2672 452 2713 quotidiana
477 2672 521 2703 est
545 2696 555 2712 ,
588 2672 639 2705 sed
663 2674 770 2706 nescio
787 2697 798 2713 ,
823 2685 860 2706 an
881 2676 963 2707 reete
981 2684 1035 2705 ex-

163 2715 258 2747 cuffa.
287 2713 322 2744 Id
344 2714 469 2754 quidem
493 2713 691 2746 manifestum
716 2716 762 2747 est
778 2738 788 2753 ‚
819 2716 972 2748 actionem
996 2716 1036 2747 de

162 2756 276 2789 damno
292 2777 303 2793 ,
326 2755 419 2795 culpa
443 2754 587 2796 Magistri
612 2755 705 2795 dato,
723 2764 836 2788 contra
850 2756 951 2798 ipsum
965 2756 1036 2789 Ma-

164 2796 293 2837 gistrum
317 2796 348 2827 in
363 2795 497 2827 solidum
517 2805 718 2837 competere,
745 2798 795 2830 sed
815 2807 852 2830 an
879 2799 909 2830 ὃς
924 2805 1035 2829 contra

163 2841 353 2869 exercitores
378 2837 519 2869 dabimus
534 2838 552 2869 ἱ)
576 2839 605 2870 &
632 2839 703 2879 quia
722 2837 867 2880 Magistri
888 2837 955 2871 fere
971 2848 1038 2871 non·

165 2880 281 2911 liabent
298 2902 307 2917 ‚
332 2878 413 2909 unde
435 2878 582 2917 solvant,
605 2878 686 2919 saepe
703 2889 739 2911 ea
762 2879 891 2921 quaestio
911 2880 1034 2912 incidit.

163 2921 194 2952 Si
218 2919 406 2961 farraginem
428 2919 544 2960 Legum
568 2920 750 2952 Rhodiarum
775 2921 939 2962 sequamur
957 2945 966 2961 ‚
997 2929 1036 2953 ex

164 2962 229 3000 ejus
243 2961 263 2992 l.
286 2964 337 3001 36.
363 2970 399 2991 ca
420 2960 520 2992 disces
537 2961 576 2992 de
591 2961 705 2994 damno
725 2962 852 2994 navium
866 2985 876 2999 ‚
901 2971 972 3002 quae
984 2984 996 3001 ,
1013 2961 1037 2994 fi

163 2998 260 3041 scias,
283 3011 357 3033 mox
373 3000 444 3032 sunt
459 3001 661 3042 dediscenda,
684 3003 736 3035 sed
753 3003 826 3044 quia
844 3003 898 3035 illa
911 3003 1037 3044 farrago

164 3043 251 3074 nulla
268 3042 456 3075 auetoritate
474 3043 551 3083 juris
567 3043 732 3085 censetur,
755 3052 829 3078 tuto
853 3053 922 3078 earn
940 3053 1036 3078 trans-

201 3163 265 3201 (2)
284 3162 442 3192 Neostadio
458 3164 575 3202 Suprem.
596 3166 658 3195 Cur.
681 3165 769 3205 Decis.
789 3166 892 3196 XLIX.

203 3202 261 3240 (3)
288 3203 352 3232 Van
368 3202 510 3237 Letuwen
525 3205 560 3236 R.
576 3205 616 3236 H.
633 3205 668 3235 R.
687 3205 723 3237 L.
738 3207 789 3239 IV.
808 3205 841 3237 T.
856 3213 903 3244 39.
924 3205 949 3245 §-
966 3210 995 3243 7.

1079 2632 1246 2665 mittimus.
1292 2632 1364 2673 Ego
1380 2638 1477 2669 ver0,
1496 2630 1568 2671 quic
1592 2627 1642 2660 uid
1661 2627 1714 2659 alii
1731 2627 1839 2673 dicant
1849 2649 1870 2672 ².
1882 2633 1948 2658 non

1080 2674 1172 2706 ausim
1199 2673 1380 2711 adfirmare,
1402 2672 1423 2704 fi
1438 2672 1513 2703 dolo
1537 2680 1576 2701 ve
1620 2669 1713 2710 culpa
1735 2666 1871 2709 magistri
1885 2667 1948 2714 ‘da-

1079 2724 1188 2747 mnum
1207 2715 1315 2746 datum
1328 2713 1384 2752 fit,
1409 2713 1441 2744 id
1461 2713 1499 2743 ab
1517 2711 1692 2744 exercitore
1709 2709 1768 2742 else
1783 2708 1947 2754 resarcien-

1080 2757 1165 2788 dum.
1187 2754 1368 2796 Repetenda
1385 2754 1416 2786 in
1435 2753 1515 2785 hanc
1530 2762 1596 2784 rem
1611 2751 1682 2784 sunt
1700 2751 1838 2784 Decreta
1852 2749 1953 2789 juris,

1080 2806 1147 2837 quae
1167 2797 1288 2838 prolixe
1309 2802 1486 2836 exequutus
1506 2793 1572 2826 sum
1594 2793 1665 2825 Lib.
1691 2793 1715 2825 1.
1741 2789 1848 2836 Qgcaest.
1866 2789 1944 2836 Jur.

1078 2838 1165 2870 Puhl.
1192 2838 1225 2869 C.
1252 2846 1299 2874 19.
1315 2837 1344 2868 &
1359 2845 1400 2867 ex
1418 2836 1454 2867 iis
1468 2835 1644 2873 constabit,
1668 2844 1706 2866 ex
1723 2833 1807 2866 facto
1822 2831 1947 2877 quidem

1078 2878 1213 2920 magistri
1229 2878 1326 2910 teneri
1343 2878 1551 2909 exercitorem
1563 2901 1572 2915 ‚
1595 2875 1646 2908 sed
1660 2885 1724 2907 non
1743 2884 1780 2920 ex
1801 2872 1863 2904 alio
1881 2870 1947 2918 fae-

1080 2928 1134 2959 t0,
1155 2929 1245 2961 quam
1266 2919 1317 2949 cui
1337 2918 1519 2959 praepositus
1533 2918 1579 2950 cst
1593 2941 1601 2951 .
1626 2926 1660 2949 ut
1685 2916 1779 2948 variis
1797 2913 1950 2954 exemplis

1079 2961 1110 2992 id
1127 2959 1261 2993 illustrat
1276 2959 1427 3001 Ulpianus
1444 2960 1475 2991 in
1492 2960 1513 2991 l.
1540 2967 1566 2991 1.
1593 2958 1622 3000 §.
1646 2968 1694 2991 12.
1717 2955 1758 2998 ff.
1790 2956 1826 2986 de
1851 2953 1948 2985 Exer-

1079 3004 1131 3034 εῖτ.
1152 3001 1210 3034 aei.
1256 3000 1370 3032 Omnis
1387 3000 1564 3042 praepositio
1582 2999 1628 3032 est
1644 3009 1682 3032 ex
1698 2997 1862 3043 mandam,
1886 2994 1951 3027 five

1080 3043 1223 3086 express'o
1239 3064 1251 3083 ,
1273 3040 1338 3074 five
1363 3042 1464 3074 tacito
1478 3064 1492 3084 ,
1514 3042 1545 3077 &
1565 3041 1589 3078 fi
1611 3040 1686 3085 quid
1703 3039 1866 3080 delinquat
1885 3045 1947 3083 ma·

1903 3086 1948 3121 αι’

1120 3164 1163 3215 ρ
1171 3164 1186 3205 )
1208 3164 1317 3198 ibidem
1332 3166 1359 3200 a.
1379 3163 1433 3205 toa.
