2008 3436
198 97 263 131 128
439 94 837 134 CORNELII
912 108 1022 136 van

193 169 383 210 disputatum
414 174 572 216 patrisque
591 176 787 218 prospestum
810 178 857 210 sit.
903 177 999 222 Quod
1019 189 1055 210 ea

192 209 314 243 foedera
337 221 395 245 nec
415 216 660 257 intervenerint,
685 229 742 250 nec
766 220 966 252 intervenisse
987 230 1056 261 pos-

194 251 252 282 sint
276 253 434 297 intelligi,
458 258 560 298 arguit
590 258 645 290 suo
674 269 807 301 quaeque
834 259 920 293 Gens
952 271 1056 293 exem-

195 292 272 333 plo,
297 293 371 327 dum
399 304 492 329 omne
516 306 617 337 mare,
641 299 718 332 olim
746 301 821 332 licet
841 310 1056 344 occupatum,

195 341 258 365 non
276 343 316 367 ex
331 338 528 371 concessione
543 341 689 379 alterius,
714 346 746 377 at
765 341 820 373 suo
833 342 902 382 jure
915 344 1054 385 navigan

195 375 291 407 etiam
309 377 387 409 illud
406 389 510 419 mare,
554 381 616 412 uod
640 379 762 414 constat
788 385 893 414 animo
909 393 972 415 non
993 383 1055 415 esse

196 414 337 449 habitum
352 428 409 461 pro
428 420 524 453 dereli
559 432 594 454 o:
619 432 683 454 non
704 424 763 455 alia
779 425 904 456 ratione
922 425 990 456 haec
1003 425 1055 456 de-

196 454 376 498 fendimus,
399 467 489 502 quam
514 463 602 503 quod*
621 462 788 496 secundum
822 465 944 506 regulas
973 465 1055 506 Juris

197 495 359 532 Naturalis
392 510 501 541 mare,
534 503 664 536 desitum
687 504 855 545 poffideri,
889 506 994 537 redeat
1016 506 1054 537 ad

197 542 454 575 communionem
478 543 656 584 pristinam3
680 555 778 587 neque
800 548 885 578 enim
900 546 952 578 hic
969 547 1058 578 locus

197 578 243 612 est
260 579 422 616 sententiae
441 584 587 623 Proculi,
609 585 839 626 existimantis,
861 596 925 619 non
942 587 1057 619 desine-

198 630 233 652 re
260 632 324 655 rem
351 624 412 656 esse
439 625 576 664 domini,
600 627 653 659 nisi
672 627 710 658 ab
733 628 798 659 alio
824 628 953 669 possessa
974 628 1059 667 fuit,

198 660 251 693 sed
272 665 380 703 potius
403 665 536 705 juliani,
559 667 695 700 desinere
720 669 848 710 quidem
876 670 1056 702 emittentis

196 703 258 734 esse
268 726 279 742 ,
302 714 364 737 non
380 706 445 738 fieri
466 716 570 740 autem
588 709 735 748 alterius,
760 710 814 742 nisi
831 710 928 743 fuerit
944 710 1057 753 poffes-

198 742 248 783 sa,
272 745 308 780 &2⁹
328 746 421 785 refte,
447 748 547 789 inquit
575 750 659 782 rede
685 750 798 783 Paulus
821 752 892 783 inl.
917 762 947 784 2.
971 752 999 792 §.
1030 761 1056 784 1.

194 784 233 827 ff.
254 794 308 826 pro
333 788 460 820 dereliffl.
507 789 611 822 Etiam
635 790 768 823 Grotius
795 793 829 823 de
885 803 935 824 ure
963 793 998 825 B.
1023 793 1059 828 59⁹

201 827 240 858 P.
266 827 336 860 Lib.
362 828 400 861 II.
427 830 459 861 C.
483 840 513 872 3.
539 841 568 863 η.
597 832 733 864 11.&de
749 832 835 865 Mari
866 835 940 866 ibero
959 835 991 866 C.
1017 834 1060 867 V.

198 876 302 908 mare,
326 879 386 911 qua
401 872 548 912 occupari
566 873 654 913 posse
670 874 837 913 concedit,
861 884 924 907 non
941 875 1061 907 diutius

199 911 385 951 occupantis
412 911 473 943 esse
492 935 503 950 ,
530 922 621 954 quam
651 914 741 946 durat
767 916 958 962 occupatio,
982 916 1062 948 bene

197 949 361 990 observat,
387 951 438 984 sed
461 953 560 993 male,
584 962 618 986 ut
647 955 772 988 videtur
789 980 799 996 ,
830 966 935 998 ejusce
958 958 1002 989 rei
1018 967 1062 989 ra·

200 991 321 1024 tionem
337 993 458 1026 arcessit
480 1005 497 1026 a
514 1004 623 1028 natura
645 997 758 1036 maris,
781 1008 871 1039 quae,
894 998 915 1031 si
934 999 1061 1030 credere

198 1032 328 1106 gignqm
353 1033 398 1067 est
416 1059 426 1075 ,
458 1035 632 1078 posseflioni
656 1038 847 1079 reluctatur,
871 1049 981 1072 verum
1005 1039 1061 1072 suo

225 1083 271 1105 aec
300 1084 374 1107 oco.

188 1128 191 1129 ⁷
242 1114 384 1149 Tantum
416 1117 514 1158 igitur
540 1120 560 1153 si
582 1119 706 1162 praestet
736 1121 878 1163 poffeffio
896 1145 908 1162 ,
939 1122 1060 1155 summo

200 1165 297 1197 opere
315 1151 443 1192 interest
468 1160 563 1200 scire,
589 1172 672 1194 mare
697 1171 841 1195 exterum
859 1173 920 1205 qua
939 1165 1062 1196 ratione

199 1205 375 1240 occupetur
384 1201 642 1244 poffideaturque.
661 1203 869 1246 Intelligimus
879 1215 955 1237 vero
968 1215 1062 1237 occu-

199 1239 267 1279 pari
283 1249 299 1270 a
318 1238 444 1282 singulis
460 1243 659 1284 pluribusve,
683 1246 756 1291 qui,
780 1253 816 1276 ut
831 1246 885 1278 sibi
925 1255 1060 1285 uaeram,

201 1285 337 1312 vacuum
353 1291 438 1315 mare
457 1284 529 1315 navi
550 1285 602 1317 vel
627 1287 760 1318 navibus
785 1286 889 1319 secant
918 1288 974 1319 uis.
999 1287 1060 1333 Va3

202 1329 298 1353 cuum
316 1331 400 1354 mare
415 1325 569 1364 dicimus,
594 1326 625 1358 in
641 1327 726 1367 quod
750 1336 844 1359 nemo
851 1350 863 1366 ,
884 1328 1061 1369 occupandl

200 1362 326 1402 animo,
349 1363 528 1405 descendit,
550 1367 625 1406 vel,
650 1367 671 1400 si
694 1367 908 1408 descenderit,
934 1369 1062 1416 posside3

201 1409 236 1434 re
259 1403 372 1436 iterum
392 1405 500 1444 defiit3
529 1407 641 1440 desinit
666 1417 771 1441 autem
799 1410 950 1450 poffidere
965 1433 976 1449 ,
1008 1420 1061 1452 qui

189 1443 281 1477 -illud
307 1454 392 1477 mare
415 1447 534 1480 domini
565 1450 671 1482 animo
701 1460 764 1483 non
792 1451 972 1493 frequentat
998 1461 1061 1484 arn-

186 1485 294 1526 -pliusx
338 1486 430 1520 Unde
457 1488 551 1522 conse
575 1491 659 1523 uitur
678 1515 688 1531 ‚
721 1491 911 1525 Hannonem
929 1515 940 1531 ‚
971 1493 1061 1525 verbi

186 1527 319 1567 -gratia,
342 1527 374 1561 in
399 1528 526 1571 Periplo
566 1540 608 1563 uo
629 1533 752 1566 nullum
777 1543 860 1566 mare
876 1534 1062 1575 occupaffe,

187 1574 291 1608 -nam,
315 1577 350 1600 ut
369 1578 410 1601 ex
433 1580 473 1602 eo
493 1570 660 1614 discimus,
682 1583 747 1606 non
770 1574 822 1607 hic
848 1575 895 1607 illi
912 1574 976 1608 fuit
996 1576 1060 1608 ani-

201 1614 293 1649 mus,
312 1610 363 1642 sed
377 1611 531 1645 duntaxat
545 1617 633 1647 πόλεις
648 1616 742 1654 κτίζει.
757 1615 946 1652 Λιςυφωίκυν.
974 1617 1064 1661 Quin

203 1649 226 1683 fi
241 1651 440 1693 occupasset,
464 1655 592 1688 reverso
609 1655 830 1699 Carthaginem
848 1656 997 1691 Hannoni
1017 1658 1064 1691 ni-

200 1691 246 1724 hil
264 1692 341 1732 juris
358 1692 466 1726 fuisset
481 1696 635 1738 reliquum
646 1721 656 1737 ,
682 1698 802 1731 remissa
820 1706 932 1741 utpote
949 1699 1064 1742 poss'es-

202 1732 297 1766 stone.
343 1734 526 1778 Occupandi
545 1740 574 1770 ἀ
600 1738 768 1780 poffidendi
785 1741 907 1774 animus
924 1751 990 1774 non
1005 1740 1062 1774 sta-

201 1773 260 1807 tim
276 1776 441 1817 colligitur
454 1786 495 1810 ex
512 1777 576 1811 sola
590 1781 809 1822 navigatione3
832 1780 884 1814 fac
900 1783 983 1815 enim
999 1792 1064 1815 non

202 1821 327 1848 tantum
354 1818 585 1852 condendarum
611 1822 734 1854 urbium
751 1846 760 1862 ,
792 1832 827 1855 ut
851 1823 989 1863 Hanno,
1012 1823 1064 1857 sed

201 1865 388 1890 mercaturae
413 1859 503 1892 causa
527 1884 537 1900 ,
572 1861 622 1894 sed
649 1864 863 1905 peregrinandi
898 1865 1064 1907 voluptate

201 1898 339 1940 aliquem
354 1900 517 1942 navigare,
539 1911 597 1934 nec
616 1913 652 1935 ea
667 1913 780 1945 praeter
802 1906 886 1937 aliud
905 1907 1065 1948 cogitare,

204 1949 268 1972 non
286 1940 312 1972 is
329 1941 421 1973 maris
433 1964 445 1981 ‚
467 1943 552 1984 quod
575 1945 722 1986 navigat,
746 1946 902 1979 efficietur
917 1948 1064 1980 dominus

204 1980 422 2022 possessorve‚
455 1992 527 2016 cum
552 1985 664 2027 utique
692 1987 791 2027 palam
821 1988 897 2020 desit
924 1989 1063 2029 animus,

205 2023 236 2053 ἃ
251 2022 313 2055 fine
328 2023 433 2055 animo
459 2025 580 2058 titulus.
626 2026 727 2059 Immo
753 2028 775 2060 si
801 2030 871 2070 quis
894 2031 946 2062 vel
963 2030 1062 2072 pisca-

207 2063 303 2096 tionis
320 2073 396 2106 ergo
419 2075 503 2097 mare
528 2066 677 2107 ingressus
692 2068 746 2109 sit,
771 2070 825 2102 nisi
850 2071 889 2102 de
914 2072 1019 2105 animo
1034 2081 1064 2104 a-

206 2103 312 2136 liunde
328 2104 465 2137 ‘constet
481 2130 491 2146 ,
523 2108 687 2150 occupasse
717 2119 780 2143 non
808 2110 1005 2153 censebitur,
1029 2121 1065 2145 ut

206 2155 266 2177 nec
288 2146 442 2187 poffidere
458 2169 469 2185 ,
501 2148 522 2180 si
548 2150 618 2189 quis
654 2150 735 2182 idern
763 2161 847 2184 mare
879 2154 1066 2194 quotannis,

207 2186 442 2227 quotmensibus
458 2189 511 2220 vel
541 2189 636 2222 etiam
658 2192 800 2232 quotidie
825 2194 863 2225 ad
886 2193 1066 2235 piscandum

206 2236 315 2270 pergat
338 2229 475 2270 ingredi:
508 2239 624 2271 quotus
647 2234 729 2264 enim
757 2235 888 2275 quisque
907 2234 952 2267 est
972 2236 1067 2277 pisca·

207 2277 312 2301 torum
333 2291 345 2308 ,
368 2269 420 2311 qui
442 2270 606 2311 imperium
630 2273 721 2305 maris
746 2275 854 2307 animo
870 2275 970 2308 versat
994 2277 1069 2316 suo,

207 2310 239 2342 &
254 2320 319 2342 non
344 2319 436 2351 optet
458 2311 558 2353 pisces
586 2314 683 2355 magis
698 2324 788 2356 quam
808 2316 885 2348 illud
902 2317 1037 2350 nancisci
1050 2319 1067 2351 ⁴?

208 2358 334 2393 apparet
353 2351 445 2390 inde,
470 2353 526 2385 vix
551 2363 656 2394 mare,
680 2363 715 2387 ut
732 2366 908 2398 occupetur
922 2368 957 2390 ac
976 2359 1066 2400 possi-

206 2393 337 2430 deatur,
360 2391 572 2441 frequentari,
597 2394 644 2435 &,
666 2396 687 2429 si
710 2397 765 2429 fiat
782 2420 794 2437 ‚
823 2399 983 2433 difficilem
1006 2400 1068 2433 ess‘e

203 2433 427 2477 probationem
445 2436 549 2468 animi.

249 2473 326 2506 Non
354 2482 456 2508 tamen
484 2476 610 2509 aliunde
633 2480 732 2522 magis
758 2481 897 2522 pellucet
923 2483 978 2515 ille
1004 2483 1067 2516 ani-

208 2525 298 2555 mus,
321 2525 413 2557 quam
434 2516 455 2549 si
475 2518 545 2559 quis
568 2518 637 2560 post
663 2522 907 2563 occupationem
926 2534 1009 2556 mare
1027 2526 1071 2557 ita

208 2565 317 2597 pergat
333 2556 502 2597 poffidere,
527 2566 562 2591 ut
583 2560 666 2593 vires
685 2561 752 2597 suas
767 2564 907 2604 explicet
924 2565 961 2597 ad
979 2573 1068 2598 tuen·

207 2597 282 2629 dum
294 2620 304 2636 ,
329 2598 414 2639 quod
431 2599 538 2631 naetus
554 2599 617 2639 est,
637 2602 821 2636 dominium.
864 2605 989 2638 lllustre
1003 2607 1070 2648 ejus

208 2638 255 2670 rei
283 2638 463 2680 exemplum
490 2639 536 2672 est
561 2640 592 2672 in
621 2643 697 2674 mari
723 2642 983 2687 Mediterraneo‚
1005 2657 1070 2689 quo

210 2679 250 2710 de
267 2679 332 2722 agit
348 2679 465 2720 ,L.1x.
491 2690 583 2721 quam
601 2682 797 2724 interpretati
825 2685 938 2719 sumus.
984 2688 1008 2720 F
1011 2689 1070 2720 uis-

209 2719 242 2753 se
256 2720 286 2752 id
305 2721 472 2762 aliquando
490 2721 703 2755 Romanorum
716 2748 726 2763 ‚
747 2735 811 2758 non
829 2735 908 2768 puto
925 2727 1068 2761 dubitan-

208 2761 302 2801 dum,
327 2762 443 2804 quippe
459 2762 542 2804 quod
561 2762 636 2805 ipsi,
658 2774 718 2806 qua
732 2765 910 2808 Europam,
930 2768 1069 2802 Africam

209 2802 374 2844 Asiamque
389 2803 500 2842 alluit,
525 2804 658 2846 imperio
681 2805 737 2838 suo
761 2808 1069 2850 complectebantum

209 2850 245 2875 ut
263 2844 307 2875 ita
326 2853 420 2876 nemo
440 2843 557 2885 fuerit,
580 2846 634 2886 qui
658 2847 750 2887 juxta
765 2848 951 2890 poffidebat,
973 2851 1004 2882 ἃ
1023 2851 1067 2883 ἰη-

210 2884 251 2915 de
272 2885 347 2926 quid
363 2885 440 2925 J'uris
453 2885 486 2918 in
504 2895 544 2920 eo
560 2886 615 2919 sibi
633 2887 779 2921 ass'ereret
795 2889 950 2931 potestate
966 2899 1066 2925 terrae.

211 2922 284 2957 Nec
301 2925 331 2957 id
347 2927 516 2967 duntaxat,
541 2926 592 2960 sed
607 2928 675 2969 post
700 2939 768 2963 uam
790 2930 990 2973 occupassent
1017 2934 1067 2966 vel

210 2965 285 3006 Jure
297 2965 448 3007 Naturae,
473 2968 525 3000 vel
542 2968 614 3009 Jure
630 2939 732 3010 Befli,
755 2980 890 3014 quatuor
908 2972 1070 3013 classibus,

209 3016 285 3047 quas
309 3007 462 3041 habebant
511 3018 544 3041 er
567 3016 654 3043 etuas
670 3034 681 3050 ,
703 3020 883 3054 perpetuam
912 3014 993 3054 quasi
1016 3015 1068 3049 de-

213 3048 423 3081 tentationem
447 3050 485 3081 ha
508 3050 539 3082 ui
567 3060 585 3082 e
606 3052 800 3086 existimandi
828 3053 915 3087 sunt:
938 3064 1024 3096 quo,
1046 3056 1069 3089 fi

208 3087 296 3128 ullo,
316 3089 412 3121 modo
439 3091 532 3123 maris
557 3092 723 3134 imperium
747 3095 815 3136 jure
839 3096 964 3137 optimo
985 3103 1069 3129 tene-

211 3136 273 3159 tur.
318 3129 420 3162 Prima
444 3132 543 3164 claffis
570 3132 657 3167 stetit
674 3135 712 3167 ad
732 3135 913 3175 Misenum,
938 3135 1071 3170 secunda

209 3167 247 3199 ad
266 3168 465 3212 Ravennam,
489 3174 582 3206 tertia
602 3175 640 3206 ad
665 3175 782 3209 Forum
805 3177 940 3218 Julium,
963 3186 1070 3220 quarta

211 3209 248 3242 ad
267 3208 470 3253 Bysantium3
492 3215 532 3248 de
548 3214 597 3248 his
617 3216 657 3249 ab
673 3217 742 3251 aliis
760 3217 836 3252 satia
852 3218 883 3251 ἀ
900 3217 1069 3262 Γυρσῐ,ἀίε-

1094 101 1694 146 ΒΥΝΚΕΚὸΙ-ΙΟΕΚ

1098 189 1164 213 tum
1181 181 1236 214 est.
1280 181 1346 215 Illis
1362 192 1466 218 autem
1490 186 1632 219 classibus
1657 187 1789 223 Romani
1806 200 1866 224 non
1887 201 1948 229 tan-

1099 229 1164 254 tum
1189 223 1375 256 submovere
1399 234 1547 267 poterant
1571 229 1668 268 mari,
1691 229 1741 262 sed
1767 233 1797 264 ἀ
1822 236 1948 273 quadam

1098 263 1241 305 indagine
1273 265 1432 298 includere
1463 269 1493 300 ὅ(
1519 278 1539 299 ο
1563 270 1695 310 primere
1718 273 1865 313 quicquid
1885 285 1948 310 erat

1098 306 1327 347 peregrinarum
1352 309 1498 340 navium.-
1521 309 1530 340 i
1553 319 1612 350 que
1633 311 1676 343 ita
1691 312 1862 353 praestitum
1888 316 1950 357 est,

1098 353 1133 375 ut
1160 346 1284 378 tandem
1308 348 1576 382 Mediterraneum
1601 360 1702 391 mare,
1726 354 1781 386 nisl
1807 364 1824 386 a
1841 354 1952 391 Roma-

1096 395 1209 418 norum
1234 386 1363 421 subditis
1384 389 1415 421 ἃ
1438 390 1580 423 classibus
1602 393 1758 433 publicis,
1780 405 1843 429 non
1866 400 1950 431 navi-

1096 435 1239 467 garetur,
1262 431 1506 476 nec-quisquam
1535 433 1612 465 adeo
1636 434 1712 466 effet
1727 459 1737 474 ‚
1769 446 1821 478 qui
1845 447 1952 473 eorum

1094 467 1308 509 possessionem
1325 480 1394 510 Jure
1408 473 1461 504 vel
1476 473 1587 513 iniuria
1603 475 1750 509 turbaret.
1796 477 1953 514 Caeterum
1998 495 2000 507 ι

1100 508 1130 540 ἀ
1148 509 1207 540 alia
1223 510 1325 542 adhuc
1343 513 1464 545 ratione
1480 514 1558 547 illud
1575 525 1658 548 mare
1673 517 1835 558 possedisse
1844 520 1955 554 Roma—

1099 558 1158 581 nos
1182 550 1248 590 ejus
1285 552 1431 585 conditio
1454 555 1580 588 videtur
1607 556 1820 591 domonstrare
1839 584 1849 600 ,
1882 571 1953 596 nam

1099 599 1174 621 ecce
1193 591 1231 622 ab
1249 592 1317 624 aliis
1333 603 1396 626 non
1413 595 1468 628 nisi
1483 606 1538 637 per
1561 597 1685 639 angusta
1710 599 1905 634 Herculeum
1921 603 1953 636 ἀ

1099 630 1273 664 Thracium
1299 632 1382 666 freta
1406 635 1482 668 adiri
1513 646 1660 679 poterat,
1685 642 1853 684 eademque
1874 642 1955 676 freta

1099 672 1258 713 utrimque
1280 674 1411 707 Romani
1442 677 1655 717 poffidebant:
1688 692 1748 723 qua
1767 682 1835 716 fere
1860 685 1955 716 ratio-

1099 722 1139 745 ne
1155 712 1237 745 freta
1255 714 1285 747 in
1311 717 1496 757 potestatem
1523 720 1724 762 rediguntur,
1749 733 1783 756 ut
1802 735 1896 771 porro
1911 725 1957 758 di·

1100 763 1206 786 cemus
1232 756 1301 802 Cap,
1328 764 1414 797 prox.
1439 758 1504 805 Qui
1523 758 1610 792 freto
1641 763 1778 803 perfecte
1800 774 1956 807 imperat,

1101 796 1196 827 etiarn
1222 806 1298 828 mari
1316 819 1327 835 ,
1356 799 1440 839 quod
1465 810 1505 831 eo
1528 801 1636 833 limine
1665 804 1786 845 aditur,
1807 808 1958 847 imperare

1101 836 1258 875 dicimus,
1283 837 1304 870 si
1331 839 1356 871 is
1380 839 1417 871 sit
1445 841 1511 881 ejus
1531 842 1678 883 animus,
1708 855 1768 877 nec
1788 847 1840 879 alii
1868 848 1959 889 juxta

1103 877 1285 919 possideant.
1329 878 1405 912 Hoc
1430 891 1502 913 cum
1529 882 1592 921 sit,
1624 885 1654 917 ὅ(
1678 895 1762 918 mare
1785 888 1851 928 ejus
1872 899 1958 931 repe·

1104 919 1202 950 riatur
1224 920 1464 962 magnitudinis,
1490 932 1525 955 ut
1549 923 1643 957 facile
1665 927 1762 967 alios,
1786 929 1838 969 qui
1863 940 1957 963 occu-

1104 965 1203 1001 pent,
1227 961 1388 1002 admittat,
1413 964 1468 996 etsi
1481 964 1572 997 fretis
1589 967 1779 1008 imperetur,
1801 970 1901 1003 adhuc
1917 980 1960 1004 ta-

1104 1010 1175 1033 men
1196 1001 1333 1034 claffium
1358 1003 1497 1037 custodia
1522 1007 1559 1038 ad
1583 1009 1727 1041 tuendam
1746 1009 1960 1051 possessionem

1104 1041 1269 1074 necessaria
1285 1044 1356 1076 erit.
1401 1045 1496 1086 Juxta
1520 1057 1604 1079 mare
1627 1049 1894 1085 Mediterraneum
1910 1064 1961 1087 au-

1105 1091 1169 1115 tem
1192 1084 1277 1116 orbis
1303 1094 1369 1117 erat
1393 1087 1572 1129 ubicunque
1597 1089 1775 1132 Romanus,
1799 1094 1828 1125 ἀ
1846 1093 1867 1126 si
1887 1095 1962 1136 quid

1104 1124 1207 1156 minus
1223 1123 1315 1157 fretis
1332 1127 1530 1168 imperassent
1541 1153 1550 1169 ,
1576 1129 1738 1171 supplebat
1754 1134 1890 1167 classium
1908 1145 1961 1168 cu—

1105 1166 1204 1197 nodia
1221 1188 1232 1204 ,
1256 1176 1339 1207 qua,
1363 1177 1398 1199 ut
1423 1169 1579 1209 diximus,
1602 1181 1751 1213 perpetua
1777 1175 1963 1217 utebantur;

1103 1215 1287 1247 argumento
1318 1208 1387 1240 haec
1408 1207 1479 1241 sunt
1499 1234 1509 1249 ,
1540 1221 1630 1252 quam
1656 1215 1737 1246 recte
1763 1215 1794 1247 id
1817 1225 1900 1249 mare
1924 1218 1963 1250 ab

1104 1247 1195 1280 Mela
1212 1248 1240 1279 ὅ(
1257 1248 1471 1282 Romanorum
1488 1251 1558 1283 aliis
1574 1252 1699 1294 nostrum
1713 1257 1898 1297 appelletur.

1147 1288 1281 1320 Romani
1297 1299 1422 1330 quoque
1438 1300 1504 1323 eam
1521 1292 1638 1326 Oceani
1656 1303 1795 1337 partem,
1819 1308 1887 1339 quae
1897 1300 1963 1333 Bri-

1104 1329 1240 1361 tanniam
1258 1330 1288 1362 &
1304 1331 1520 1364 continentem
1537 1333 1685 1374 interest,
1709 1336 1826 1378 imperii
1835 1339 1903 1379 jure
1919 1348 1964 1372 te—

1103 1378 1258 1409 nuerunt,
1283 1371 1313 1403 &
1343 1373 1416 1413 quia
1443 1374 1600 1416 utrimque
1620 1376 1828 1418 poffidebant‚
1853 1380 1967 1423 &quia

1104 1410 1205 1453 ipsum
1224 1411 1302 1444 illud
1325 1411 1442 1446 fretum
1462 1415 1558 1447 etiam
1578 1416 1670 1449 class'e
1684 1418 1864 1452 Britannica
1884 1429 1963 1454 tuta-

1104 1453 1227 1485 bantur.
1271 1453 1424 1487 Meminit
1446 1454 1538 1496 hujus
1559 1457 1588 1489 &
1612 1458 1632 1490 l.
1656 1462 1709 1499 46.
1727 1460 1770 1501 ff.
1793 1461 1831 1493 ad
1855 1462 1966 1496 Seium

1108 1494 1230 1526 Trebell.
1253 1494 1284 1526 &
1301 1494 1383 1526 victa
1399 1496 1474 1528 hinc
1490 1497 1665 1531 Brittannia
1673 1500 1789 1534 dicitur
1797 1503 1872 1536 allui
1889 1514 1964 1547 aqua

1104 1535 1242 1568 Romana
1267 1535 1300 1569 in
1316 1536 1408 1570 versu
1435 1538 1516 1581 apud
1536 1538 1651 1583 Scalig.
1677 1542 1773 1577 Catal.
1797 1542 1823 1578 Ι.
1849 1543 1909 1579 Ἰῖε.
1929 1549 1965 1587 '2-

1125 1601 1133 1609 .
1158 1586 1230 1609 210.

1099 1582 1122 1618 p
1148 1618 1210 1651 Illa
1217 1619 1317 1659 procul
1334 1619 1426 1663 nostro
1431 1623 1544 1666 semota
1560 1627 1730 1670 exclusaque
1746 1628 1811 1662 coelo
1821 1651 1837 1669 ‚

1190 1660 1329 1694 Alluitur
1345 1672 1482 1698 NosTRA
1498 1667 1579 1700 vista
1588 1668 1744 1702 Britannis
1764 1679 1869 1712 AQUA.

1105 1699 1262 1734 constaret
1277 1704 1373 1737 etiarn
1392 1705 1549 1747 versus‚si
1569 1709 1687 1751 legeres
1712 1711 1891 1752 Britannia3
1911 1721 1965 1746 ne·

1106 1742 1190 1783 scio,
1214 1752 1272 1784 an,
1296 1744 1375 1778 sicut
1397 1746 1557 1790 Illyridem
1576 1751 1607 1783 ἀ
1625 1751 1777 1785 Persidem
1801 1753 1934 1787 dicimus
1953 1778 1966 1795 ‚

1105 1785 1184 1816 alius
1197 1793 1260 1826 quo
1284 1795 1322 1817 ue
1339 1786 1376 1819 fit
1426 1789 1481 1830 qui
1509 1790 1716 1825 Britannidem
1736 1793 1862 1827 dixerit.
1902 1795 1967 1828 Ro-

1105 1835 1214 1857 manos
1232 1826 1271 1872 ali
1298 1827 1307 1858 i
1328 1828 1360 1860 in
1377 1811 1507 1863 decano
1526 1832 1650 1866 classem
1671 1834 1806 1867 habuisse
1820 1844 1967 1878 perpetu-

1106 1876 1175 1905 am,
1197 1876 1273 1908 qum
1297 1869 1350 1901 vel
1379 1871 1470 1903 unius
1494 1874 1583 1906 navis
1600 1874 1792 1915 custodiam,
1814 1886 1878 1909 non
1896 1876 1963 1909 scio

1106 1908 1267 1940 memoriae
1293 1909 1354 1942 ess'e
1380 1913 1567 1953 proditum:
1600 1916 1740 1958 adeoque
1767 1917 1789 1949 si
1813 1917 1967 1959 reliquum

1107 1949 1291 1990 Oceanum,
1315 1954 1457 1993 quamvis
1483 1962 1610 1995 totum,
1639 1967 1699 2004 quq
1720 1958 1903 2000 navigatur,
1927 1959 1967 1991 iis

1106 1993 1199 2022 etiam
1217 1993 1347 2024 attribui
1373 1994 1478 2027 videas
1490 2019 1500 2036 ‚
1525 2006 1589 2028 non
1607 1998 1737 2030 ulterius
1755 2006 1856 2031 tamen
1871 1999 1966 2031 ditio-

1107 2040 1146 2063 ne
1163 2030 1214 2063 sua
1231 2040 1418 2074 tenuerunt,
1442 2046 1533 2077 quam
1550 2038 1749 2079 continenti,
1771 2040 1810 2072 ab
1832 2040 1880 2073 his
1895 2049 1965 2082 pos-

1108 2071 1214 2111 seffae,
1236 2082 1301 2105 erat
1328 2074 1488 2116 subditus;
1513 2087 1571 2109 nec
1591 2079 1674 2113 enim
1695 2081 1890 2113 continentis
1909 2090 1966 2122 po-

1109 2113 1360 2187 geaslaslfllterius
1388 2119 1588 2159 extenditur,
1620 2129 1655 2151 ut
1681 2120 1745 2153 late
1772 2121 1971 2155 defendimus

1185 2205 1221 2227 ec
1237 2203 1339 2230 tamen
1356 2198 1419 2239 est,
1444 2201 1528 2242 quod
1543 2202 1613 2243 quis
1626 2203 1749 2242 credat,
1773 2205 1967 2246 praecipuum

1108 2237 1139 2269 in
1154 2237 1228 2268 mari
1245 2239 1294 2280 jus
1308 2240 1379 2271 dare
1395 2251 1452 2273 nos
1465 2243 1631 2284 praecipuae
1643 2253 1800 2277 armorum
1819 2246 1968 2281 claffium=

1109 2287 1171 2320 que
1186 2281 1356 2320 potentiae3
1372 2291 1406 2313 ea
1421 2282 1668 2324 Jurisprudentia
1683 2295 1746 2318 non
1762 2287 1899 2328 utimur,
1918 2287 1970 2321 sed

1110 2320 1241 2352 naturali
1258 2322 1328 2362 illa,
1346 2332 1415 2364 quae
1432 2325 1551 2364 aequale
1566 2325 1615 2365 jus
1632 2326 1733 2358 reddit
1742 2328 1906 2367 omnibus,
1923 2339 1970 2362 ar·

1110 2360 1201 2392 matis
1216 2361 1304 2401 juxta
1316 2373 1352 2394 ac
1372 2364 1551 2399 inermibus.
1575 2365 1718 2400 Dominii
1735 2368 1881 2400 maritimi
1896 2371 1971 2402 titu-

1110 2401 1175 2433 lum
1193 2402 1330 2436 diximus
1349 2404 1410 2437 esl'e
1429 2407 1681 2448 occupationem.
1707 2407 1787 2440 Haec
1803 2417 1907 2441 autem
1922 2411 1970 2451 ju-

1111 2443 1155 2474 sla
1179 2453 1244 2476 non
1270 2444 1335 2485 est,
1359 2446 1415 2479 nisi
1441 2455 1598 2488 quaeratur
1624 2457 1677 2480 aut
1693 2448 1775 2489 justo
1790 2449 1894 2488 bello,
1916 2459 1970 2483 aut

1110 2485 1312 2526 navigatione
1329 2488 1441 2526 marie,
1464 2489 1552 2529 cujus
1600 2489 1718 2522 osseslio
1737 2498 1799 2521 non
1815 2499 1973 2533 occupata

1111 2524 1157 2557 est
1184 2527 1236 2558 vel
1255 2527 1414 2561 derelicta.
1460 2529 1551 2561 Unde
1571 2499 1598 2562 K
1615 2531 1684 2570 quis
1709 2530 1759 2561 vel
1782 2540 1841 2562 una
1859 2530 1971 2580 scapha

1112 2575 1250 2609 occupet
1267 2578 1351 2600 mare
1369 2579 1430 2601 non
1446 2578 1633 2610 occupatum
1651 2571 1680 2602 ὅ(
1696 2570 1859 2611 possessum
1875 2583 1972 2615 prius,

1113 2609 1201 2649 isque
1223 2609 1329 2641 eadem
1357 2609 1484 2652 scapha,
1507 2610 1626 2643 domini
1645 2612 1769 2651 animo,
1794 2622 1901 2656 pergat
1917 2624 1970 2647 na·

1111 2649 1218 2690 vigare
1248 2650 1330 2682 idem
1353 2660 1456 2689 mare,
1478 2660 1541 2683 non
1569 2651 1623 2683 ille
1641 2651 1695 2684 nisi
1720 2653 1831 2693 injuria
1846 2665 1886 2686 eo
1904 2655 1972 2688 sub-

1111 2690 1310 2730 movebitur,
1333 2699 1396 2723 non
1419 2689 1506 2723 secus
1532 2702 1568 2724 ac
1592 2691 1613 2724 si
1634 2693 1704 2734 quis
1727 2703 1885 2736 occupato
1904 2697 1974 2737 post

1135 2731 1242 2763 rimam
1257 2732 1511 2764 communionem
1529 2732 1629 2765 fundo
1650 2734 1769 2767 invitus
1786 2735 1972 2778 depellatur.

1112 2740 1160 2804 {lt
1175 2773 1304 2813 quisque
1320 2771 1470 2812 possidet,
1484 2773 1527 2804 ita
1543 2775 1708 2815 quominus
1724 2776 1891 2818 poffideat,
1907 2779 1973 2811 vim

1112 2812 1180 2844 fieri
1201 2821 1301 2851 vet0;
1325 2812 1345 2845 si
1363 2813 1568 2854 deturbetur,
1591 2816 1620 2848 ἃ
1636 2816 1753 2856 injunae
1767 2826 1821 2858 par
1837 2818 1873 2851 sit
1885 2841 1896 2858 ‚
1918 2829 1972 2861 po-

1113 2853 1188 2885 terit
1204 2853 1269 2884 vim
1287 2853 1318 2884 vi
1335 2854 1505 2894 repellere,
1528 2866 1600 2888 cum
1619 2857 1661 2888 ita
1679 2867 1696 2888 a
1710 2867 1819 2890 natura
1837 2859 1873 2892 sit
1886 2870 1972 2893 com—

1110 2902 1270 2936 paratum,
1293 2894 1323 2926 δι
1341 2903 1449 2927 omnes
1474 2896 1503 2927 le
1525 2906 1558 2929 es
1576 2898 1742 2939 omniaque
1757 2899 1823 2939 jura
1843 2902 1972 2942 permit-

1113 2942 1191 2967 tant.
1233 2934 1293 2967 Sed
1317 2935 1400 2976 quod
1427 2936 1465 2968 de
1485 2947 1502 2968 c
1517 2938 1626 2970 affibus
1641 2939 1800 2979 diximus,
1823 2950 1862 2973 eo
1881 2943 1973 2983 perti-

1112 2983 1187 3014 net,
1209 2983 1245 3007 ut
1263 2975 1411 3016 sciamus,
1435 2988 1498 3010 non
1518 2979 1581 3011 alio
1595 2978 1662 3011 fere
1679 2979 1796 3020 modo,
1822 2982 1891 3014 sane
1909 2992 1974 3018 non

1112 3016 1222 3048 illustri
1240 3017 1356 3058 magis,
1380 3018 1418 3049 dc
1442 3027 1564 3052 retenta
1589 3021 1681 3053 maris
1696 3020 1878 3062 possessione
1897 3033 1972 3057 eon-

1111 3056 1191 3089 stare
1206 3056 1301 3098 posse.
1336 3057 1500 3092 exstruttis
1521 3061 1558 3093 ad
1573 3061 1702 3093 tutelam
1721 3064 1814 3095 maris
1833 3063 1972 3097 classibus

1113 3107 1207 3130 nemo
1222 3098 1262 3130 de
1276 3107 1315 3130 co
1328 3099 1538 3141 dubitaverit,
1561 3111 1655 3144 quum
1673 3102 1716 3134 ita
1734 3102 1800 3144 ipso
1816 3104 1900 3137 fauo
1916 3106 1970 3138 do-

1113 3139 1244 3171 minium
1260 3148 1462 3174 exerceatur:
1486 3143 1562 3175 alias
1577 3143 1630 3175 vul
1654 3153 1674 3175 0
1693 3144 1856 3186 navigatur
1869 3147 1972 3178 animo

1112 3179 1205 3221 plane
1223 3179 1346 3214 diverso
1356 3204 1368 3222 ‚
1392 3182 1496 3216 alieno
1508 3191 1596 3217 certe
1659 3185 1802 3221 tuendam
1817 3186 1970 3228 poffeffio-

1112 3229 1193 3254 lm
1875 3265 1965 3305 CdA·
