2008 3436
199 86 270 127 380
441 85 471 119 C
497 84 531 120 O
556 84 590 119 R
614 83 653 119 N
679 85 708 121 E
732 86 761 119 L
786 86 801 120 1
827 85 843 119 1

194 168 254 200 suri
272 178 334 200 non
360 168 437 208 sint,
463 171 558 202 cesset
576 172 730 204 EdiCtum.

235 209 354 252 Quaero
373 233 381 247 ,
404 212 478 250 quid
495 213 569 252 juris
591 213 646 250 sit,
672 213 691 245 fi
710 221 883 254 cognatus,
905 215 956 256 qui
1002 223 1056 245 rae-

196 252 306 283 teritus
331 251 375 283 est
392 274 401 289 ,
421 252 529 293 justam
552 254 758 294 praetereundi
779 254 900 286 causam
920 266 980 297 prae
1005 264 1057 285 ue-

193 291 260 322 rit?
285 293 359 324 item
377 294 397 326 fi
417 295 538 332 minor,
560 302 633 326 ante
650 295 801 333 tutelam,
820 304 958 328 tutorem
971 296 1057 327 suum

191 332 252 372 jam
278 332 431 374 scripserit
458 335 628 366 heredem?
653 336 788 376 itemque
812 336 834 368 fi
850 338 879 369 <St
896 337 1053 379 pupillum

191 375 265 404 vice
280 384 385 407 mutua
408 375 575 407 instituerit
594 377 707 408 tutor?
732 387 800 418 quae
823 380 929 411 omnia
949 378 1003 410 alii
1020 385 1054 410 ut

190 414 327 448 rationes
342 440 350 453 ‚
384 427 439 448 cur
461 416 555 448 ceffet
579 417 722 448 Edictum
739 441 749 456 ,
785 420 921 451 attulere
946 419 1051 460 (13).

189 455 250 487 Sed
268 458 365 496 prima
384 459 464 489 ratio
479 458 557 489 nibil
569 458 734 498 quicquam
752 460 854 499 valet,
866 461 941 502 quid
950 459 1053 492 enim?

191 496 247 529 Tu
269 496 348 538 juste
374 499 514 539 praeteris
542 507 712 539 cognatum
736 507 844 539 tuum,
875 511 950 543 ergo
972 501 1055 533 10610

190 538 277 570 dabis
305 540 478 571 immobilia
504 540 620 579 tutori,
666 541 696 572 ui
718 541 857 582 alioquin
884 552 920 574 ea
938 552 992 584 per
1011 543 1054 574 le-

191 589 245 620 ges
263 591 372 621 capere
391 591 451 612 non
468 579 596 621 potest?
613 581 645 612 vi
668 591 707 619 e,
725 582 800 623 quid
814 584 907 616 dieas.
942 585 1055 616 Secun-

188 622 256 652 dam
274 623 428 654 rationem
447 620 542 653 facile
561 621 734 654 admiserim
746 646 756 662 ,
780 633 875 665 quum
894 625 925 657 id
941 626 971 658 &
987 634 1055 656 ver-

193 661 230 693 ba
257 664 287 695 δε
315 662 465 694 sententia
494 664 523 695 cl.
548 663 576 705 §.
605 672 653 696 12.
683 663 767 696 ferre
789 666 982 703 videantur,·
1013 666 1058 697 ait

191 703 275 735 enim
288 727 298 741 ‚
320 704 421 745 gisleri
441 706 557 746 geduan
586 711 635 736 ten
652 706 770 746 profyte
791 717 853 738 van
870 708 938 739 hare
966 709 1055 739 Cura-

191 750 268 775 tezzrs
286 745 345 776 &tn
371 747 453 785 quod
471 754 589 787 tempus
605 745 740 779 dationis
757 747 883 789 respicit
895 773 903 786 ‚
925 758 979 787 ut,
1003 748 1056 789 qui

180 786 268 827 *siriani
286 786 389 827 legat,
414 787 444 817 id
465 787 565 827 legare
585 787 728 825 videtur,
750 790 833 829 quod
851 798 994 831 tempore
1011 798 1055 821 te-

190 827 330 860 stamenti
351 825 436 859 suum
454 826 559 859 fuisset
582 828 601 859 l.
622 829 704 870 7.ff.
721 830 755 860 de
768 830 844 862 Aur.
859 832 889 863 δι
902 831 981 873 Arg.
995 831 1052 872 leg.

187 868 230 899 Et
256 869 352 900 tutori
379 878 439 900 non
460 869 542 900 1οξὶο
559 869 665 901 datum
681 870 820 910 dieitur,
844 873 929 912 quod
952 873 980 904 ei
1003 873 1055 903 da-

191 917 258 947 tur,
285 911 337 947 qui
359 908 506 951 deinceps
523 917 610 941 tutor
626 910 670 942 est
687 910 796 945 factus.
828 912 926 954 Igitur
942 914 1054 946 111010-

192 960 249 982 cus
267 950 311 981 est
328 951 462 991 regulae,
487 961 577 992 quam
595 951 723 984 exhibet
743 953 764 985 l.
782 958 833 994 85.
857 953 884 995 §.
913 964 938 986 1.
957 954 998 996 ff.
1020 955 1054 986 de

189 991 230 1023 R.
249 991 284 1032 J.
312 992 340 1023 ἃ
369 1001 492 1023 omnem
513 991 629 1024 fraudis
646 992 699 1026 sus
718 994 853 1026 icionem
875 996 907 1027 in
928 1005 964 1027 ea
991 995 1053 1036 spe-

189 1033 240 1063 cie
271 1031 385 1064 cessare
414 1033 577 1074 plusquam
607 1035 686 1066 mani
706 1034 806 1067 estum
836 1034 889 1068 est.
935 1036 1053 1068 Postre-

186 1083 268 1106 mam
297 1074 452 1111 rationem
480 1073 544 1114 ipse
570 1075 751 1114 rejicerem,
774 1085 870 1116 quum
895 1077 972 1109 nihil
999 1077 1052 1108 tri-

188 1115 410 1148 buendum-sit
433 1116 616 1156 captatoriis
643 1116 704 1149 illis
729 1116 999 1156 institutionibus,
1023 1118 1053 1150 ἀ

185 1155 254 1187 fere
273 1164 459 1199 argumento
473 1156 549 1195 fint,
575 1164 696 1189 tutores
712 1158 805 1189 etiarn
825 1167 861 1189 ea
875 1166 942 1189 arte
958 1159 1002 1189 uti
1015 1159 1053 1189 ad

187 1198 401 1238 emungendos
426 1198 575 1238 pupillos
627 1199 718 1239 Saepe
744 1198 866 1230 seilicet
892 1198 1053 1239 praedones

187 1237 258 1270 sunt
269 1260 279 1276 ,
306 1238 358 1279 qui
378 1247 496 1270 tutores
515 1238 576 1269 ess'e
590 1238 754 1271 debebant.

231 1279 281 1311 An
297 1279 329 1312 ἀ
344 1279 381 1311 ad
403 1279 571 1317 maritum,
594 1279 733 1311 mulieris
753 1280 835 1321 suae,
860 1291 928 1323 quae
953 1281 1053 1314 adhue

186 1320 309 1360 minor,
334 1328 531 1357 curatorem,
555 1319 700 1352 Edictum
720 1323 895 1361 pertineat,
918 1323 1053 1356 dubitari

188 1360 299 1401 poffet.
347 1360 448 1393 Verba
471 1361 597 1403 quidem
626 1362 730 1394 EdiCti
757 1365 787 1396 δι
809 1364 893 1396 hunc
914 1365 1052 1405 comple-

184 1402 313 1434 &untur
322 1425 331 1438 .
341 1402 528 1443 generaliter
540 1403 623 1434 0111111
640 1403 684 1434 ait
695 1427 704 1441 ,
715 1413 751 1435 ne
765 1406 828 1446 quis
839 1406 933 1437 minor
941 1405 1050 1437 XXV.

185 1444 272 1475 annis
291 1441 425 1474 Curatorz'
434 1443 488 1484 suo
508 1444 569 1476 &c.
592 1453 694 1485 neque
716 1443 803 1477 forte
821 1446 946 1484 oberit,
972 1446 993 1478 fi
1011 1446 1056 1478 di-

185 1494 237 1515 cas
255 1507 264 1523 ,
289 1484 412 1526 nuptias
441 1483 546 1517 facere
574 1485 728 1526 majores,
752 1487 804 1528 qui
829 1496 902 1519 ante
928 1486 1054 1519 fuerant

185 1525 343 1565 minores,
365 1535 461 1567 quum
481 1526 513 1557 id
538 1527 646 1567 utique
672 1527 704 1559 in
726 1527 853 1560 feminis
877 1525 948 1567 non
963 1529 1053 1561 aliter

185 1567 351 1607 obtineat,
376 1577 470 1608 quam
486 1575 522 1598 ut
540 1568 639 1600 tutela
659 1576 842 1601 exterorum
863 1570 1053 1608 liberentur,

185 1609 216 1641 ἃ
238 1608 269 1640 111
294 1609 421 1641 1111013111
444 1609 548 1641 mariti
577 1609 732 1642 transeant
748 1634 758 1649 ,
784 1610 834 1642 sed
862 1619 965 1644 tamen
988 1610 1053 1644 sen-

186 1649 285 1681 tentia
301 1649 404 1682 Ediffl
426 1659 465 1681 eo
487 1651 644 1692 pertinere
663 1660 727 1684 non
744 1652 888 1691 videtur,
912 1652 1053 1692 alioquin

185 1691 269 1723 enim
284 1691 314 1723 δε
328 1691 486 1724 bonorum
502 1692 685 1724 communio
702 1693 782 1725 inter
798 1693 949 1733 eiusmodi
969 1693 1054 1726 Con-

183 1731 272 1773 iuges
292 1731 484 1773 prohibenda
507 1732 625 1765 fuiss‘et.
671 1734 713 1766 Et
734 1744 804 1766 cum
829 1734 941 1766 mulier
960 1734 997 1767 fit
1021 1735 1053 1767 in

185 1781 336 1814 perpetua
364 1774 463 1806 tutela
486 1775 610 1814 mariti,
635 1775 672 1807 ad
698 1776 851 1807 minorem
872 1785 997 1807 aetatem
1022 1776 1054 1808 id

184 1814 328 1856 restringi
348 1824 411 1847 non
431 1823 613 1856 oporteret.
637 1816 659 1848 si
677 1817 707 1848 ἃ
723 1817 754 1848 111
771 1826 807 1848 03
823 1816 926 1858 specie
939 1817 1053 1850 Editio

185 1856 277 1888 loeus
296 1855 380 1887 ess'et.
411 1856 521 1895 Addo,
547 1857 577 1889 &
597 1866 670 1890 mox
688 1857 847 1898 probabo,
873 1858 968 1890 etiam
987 1868 1052 1890 ces-

186 1896 249 1929 sare
267 1897 413 1929 Edistum
438 1898 470 1929 in
491 1898 636 1931 omnibus
656 1899 851 1931 curatoribus
865 1922 874 1937 ‚
898 1909 976 1940 quos
995 1899 1055 1931 alia

186 1939 217 1970 ὃς
235 1937 353 1969 fortior
368 1962 377 1976 ,
402 1948 493 1979 quam
521 1939 627 1971 tutelae
651 1939 752 1978 ratio,
781 1940 955 1973 minoribus
978 1950 1053 1973 con-

186 1979 299 2019 jungit.
342 1979 402 2011 Sed
429 1979 524 2021 quid,
548 1981 684 2021 inquies,
708 1980 866 2022 disputas,
891 1991 986 2022 quum
1010 1990 1055 2014 tu-

187 2030 239 2050 tor
265 2020 417 2052 minorem
438 2031 501 2053 non
524 2021 606 2053 recte
628 2023 724 2054 ducat
748 2032 876 2054 uxorem
893 2023 910 2055 ἵ)
933 2023 986 2055 Sic
1010 2022 1056 2054 est

917 95 1026 122 VAN

187 2060 260 2100 ]ure
278 2060 430 2097 Romano.
455 2063 515 2094 Sed
531 2062 681 2102 quicquid
702 2063 746 2095 est
755 2063 973 2104 interpretum
993 2063 1056 2095 hoc

187 2101 372 2142 abrogavit,
394 2103 423 2134 &
440 2102 461 2134 si
478 2103 525 2135 his
542 2104 719 2136 hominibus
735 2103 934 2136 constitueris
946 2114 982 2136 os
997 2104 1052 2135 ob-

188 2152 311 2181 turare,
351 2151 471 2174 tantum
494 2142 667 2184 profeceris
682 2168 693 2184 ,
717 2154 754 2177 ac
781 2144 803 2178 fi
830 2145 956 2178 Baccho
981 2145 1054 2177 bac-

189 2183 295 2214 chanti
314 2184 393 2215 velis
410 2184 603 2217 adversarier.

233 2224 378 2255 Edistum
404 2224 608 2258 Curatoribus
633 2227 719 2259 addit
744 2237 853 2261 eorum
879 2229 1000 2268 liberos,
1024 2228 1055 2260 δε

187 2266 271 2297 recte
283 2289 292 2303 ,
314 2265 386 2307 quia
401 2275 472 2297 eum
491 2267 669 2306 parentibus
685 2269 779 2301 iidem
799 2270 868 2302 sunt
881 2269 970 2310 (14).
996 2269 1056 2301 Sed

189 2317 228 2338 311
246 2306 348 2338 nullos
363 2306 441 2339 alios
458 2308 675 2347 excludemus,
697 2310 749 2351 qui
767 2310 804 2341 ad
820 2319 978 2342 curatores
989 2319 1057 2351 per-

191 2347 320 2379 tinent?
346 2348 375 2379 &
393 2357 430 2379 an
447 2358 510 2380 non
530 2358 669 2391 uxorem¹
683 2351 863 2383 curatoris?
886 2350 980 2384 Hanc
1000 2360 1055 2382 no-

190 2388 334 2421 minatim
363 2389 503 2421 excludit
524 2391 553 2421 d.
576 2389 604 2431 §.
630 2401 676 2431 14.
703 2391 761 2423 Ed.
784 2391 917 2432 Perper(
946 2392 989 2423 Et
1012 2400 1054 2422 ta-

191 2439 264 2461 men
283 2439 409 2461 uxorem
425 2431 576 2463 curatoris
594 2441 610 2462 a
626 2433 748 2464 minore
767 2442 801 2464 ea
826 2443 877 2464 ere
893 2432 978 2474 posse
990 2433 1055 2464 exi-

191 2470 296 2502 stimat
313 2469 459 2510 Cujacius
482 2472 607 2510 Conliclt.
623 2472 709 2505 XLI.
730 2474 760 2506 &
776 2443 824 2505 Hp
839 2473 971 2506 Grotius
986 2474 1056 2505 Con-

187 2511 236 2549 fil·
256 2511 301 2542 H.
325 2510 358 2542 T.
377 2511 432 2543 111.
457 2512 559 2551 Confil.
581 2518 648 2548 188.
666 2524 695 2546 n.
715 2524 744 2546 2.
759 2515 788 2546 ὅ(
806 2514 847 2546 fic
865 2524 990 2555 quoque
1003 2514 1057 2546 alii

192 2553 362 2592 opinantur
375 2576 384 2590 ,
408 2553 460 2591 qui
487 2555 680 2594 caetcroquin
698 2556 727 2587 ἅ
744 2556 954 2588 concubinam
974 2565 1058 2587 cura-

197 2593 275 2624 toris
293 2592 477 2624 excludunt.
502 2594 615 2624 Verius
631 2595 696 2633 est,
721 2606 850 2627 uxorem
870 2606 980 2636 capere
994 2606 1058 2628 non

194 2633 301 2675 polle,
318 2634 525 2664 concubinam
544 2634 640 2674 posse.
664 2636 724 2667 Sed
742 2637 780 2667 de
796 2637 971 2668 concubina
982 2646 1059 2668 mox

194 2676 296 2705 dicam
317 2675 391 2705 loco
407 2674 555 2714 singulari.
603 2674 689 2707 Uxor
706 2685 808 2707 autem
825 2677 950 2708 videtur
967 2687 1056 2717 cape-

195 2726 228 2747 10
250 2725 311 2746 non
331 2714 434 2755 posse,
453 2715 524 2755 quia
544 2715 571 2746 &
588 2715 632 2746 ita
649 2725 774 2757 caperet
791 2726 935 2756 curator,
959 2720 1056 2750 maxi-

196 2765 246 2787 me
270 2755 290 2787 ii
310 2756 391 2787 inter
414 2764 588 2787 curatorem
610 2757 738 2798 eiusque
760 2758 921 2789 mulierem
942 2758 978 2790 fit
1003 2760 1056 2790 bo-

195 2807 306 2829 norum
324 2819 332 2832 ,
358 2797 409 2828 vel
431 2805 466 2827 ut
491 2797 672 2838 plerumque
693 2797 758 2836 cst,
788 2798 866 2831 lucri
890 2799 1056 2839 damnique

195 2837 397 2876 communio,
421 2846 507 2869 vetat
527 2839 610 2869 enim
632 2839 778 2872 Edictum
801 2839 973 2873 immobilia
989 2841 1055 2874 dari

235 2969 315 3005 (13)
336 2970 361 2997 d.
383 2969 474 3006 Consti.
498 2969 531 2999 B.
556 2969 588 2998 T.
605 2971 628 2999 1.
649 2970 740 3008 Cmfii.
760 2981 823 3009 114.

210 3042 218 3047 ⁴
236 3008 313 3043 (14)
336 3009 407 3036 Vide
426 3010 450 3037 ἃ
466 3008 559 3038 sande
578 3009 666 3049 Decis.
682 3010 748 3049 lsi-ij:
772 3012 807 3041 L.
822 3012 858 3041 11.
884 3011 938 3042 Tit.
954 3020 982 3047 9.
1002 3010 1057 3041 De-

193 3048 424 3117 μᾘέπξῗὸειηάε
446 3084 471 3112 d.
491 3086 537 3113 loc.
755 3101 775 3130 ,α

237 3124 250 3154 1(
265 3124 317 3157 16)
337 3121 411 3151 Prae.
433 3123 537 3152 l·'.'an..='r.
562 3122 632 3154 Tom.
647 3125 680 3153 11.
698 3131 724 3161 p.
742 3135 777 3156 m.
792 3133 854 3161 739.

1098 84 1696 122 BYNKERSHOEK

1101 177 1142 203 tot
1159 173 1294 215 profyte⁹
1319 173 1349 204 in
1372 172 1540 204 utilitatem
1564 181 1740 204 curatorum
1755 195 1765 211 ,
1788 174 1817 205 61
1846 175 1952 208 immo-

1100 211 1209 246 bilium
1237 214 1356 246 frustus
1380 213 1487 252 utique
1514 223 1570 254 pro
1595 213 1712 245 semisse
1735 215 1847 246 marito
1867 219 1953 248 cede-
2005 245 2006 248 ,

1099 262 1189 293 10111,
1213 255 1234 287 fi
1254 256 1305 287 vel
1321 254 1385 287 sola
1401 254 1481 285 lucri
1496 254 1661 294 damnique
1677 256 1857 286 communio
1874 257 1953 289 obti-

1100 296 1283 327 110101111101
1299 306 1370 328 eum
1390 295 1518 335 ejusque
1540 304 1678 327 uxorem.
1713 295 1875 328 Frisiorum
1892 299 1955 339 qui-

1098 335 1169 368 dem
1190 336 1285 368 Curia
1304 348 1353 378 27.
1365 337 1437 368 061.
1456 340 1544 376 1607.
1562 337 1592 368 &
1607 345 1657 367 20.
1674 334 1754 368 Dec.
1767 340 1857 377 1625.
1872 337 1956 381 (15)

1095 378 1242 417 probavit
1266 378 1412 409 heredem
1434 376 1609 409 institutam
1626 378 1776 409 curatoris
1803 388 1952 420 uxorem,

1097 416 1149 449 sed
1163 419 1291 450 eandem
1309 428 1435 460 quoque
1451 418 1579 450 minoris
1594 425 1801 450 materteram.
1833 419 1954 461 Probo,

1097 457 1149 490 sed
1172 460 1370 500 cognationis
1397 459 1609 502 propinquitas
1634 459 1842 498 improbitatis
1861 459 1952 502 suspi-

1088 500 1222 531 »cionem
1248 499 1441 532 existimandi
1470 510 1531 532 non
1549 500 1651 531 minus
1672 499 1723 530 hic
1739 500 1842 539 ratio,
1863 511 1955 543 quam

1097 550 1166 582 quae
1183 540 1228 573 est
1247 542 1278 573 in
1311 542 1331 572 l.
1353 551 1399 579 19.
1432 541 1465 572 C.
1486 542 1519 572 de
1543 540 1641 581 Episc.
1663 540 1698 575 δέ’
1718 540 1793 572 Cler.
1811 541 1840 573 ἁ
1856 552 1891 574 ea
1907 553 1952 576 ra-

1100 582 1187 613 tione
1204 592 1331 623 quoque
1345 582 1469 620 probari
1489 581 1589 622 poffec
1616 581 1737 621 Cujacii
1755 584 1784 613 d.
1807 583 1952 625 Conficitu-

1099 624 1138 654 tio
1154 622 1243 655 XLI.
1273 625 1303 656 &
1326 622 1434 655 Grotii
1457 623 1485 654 d.
1510 621 1612 660 Confil.
1637 627 1706 667 188.
1729 633 1797 655 nam
1815 625 1843 656 ἂ
1861 626 1902 657 ibi
1920 636 1954 658 u-

1098 673 1191 695 xores
1214 672 1354 696 tutorum
1376 672 1464 696 erant
1486 663 1567 695 inter
1595 672 1786 704 propinquos
1817 665 1954 706 ipsorum

1100 704 1292 737 testatorum.
1337 706 1368 738 Si
1387 715 1450 737 non
1469 704 1547 743 fint3
1572 704 1666 736 etiam
1683 714 1796 737 uxores
1812 709 1954 741 tutorum

1098 755 1191 778 arceo
1211 746 1254 778 ob
1273 747 1428 784 rationes,
1445 755 1519 787 quas
1535 745 1601 776 dixi
1611 767 1623 783 ,
1639 745 1668 777 &
1685 746 1866 779 nominatim
1876 757 1952 790 quo-

1099 796 1161 827 que
1185 797 1294 820 arcent
1311 787 1459 820 Albertus
1478 787 1508 818 61
1527 786 1657 818 Isabella
1678 786 1709 818 in
1731 786 1758 828 §.
1780 797 1828 828 14.
1851 788 1953 822 EdiCti

1098 828 1242 870 Perpetui
1271 838 1317 861 12.
1342 828 1404 869 Jul.
1428 831 1520 859 1611.
1543 827 1624 868 (16)
1647 827 1677 859 ὃ(
1696 837 1801 860 arcent
1821 828 1905 862 Frisii
1923 832 1954 863 in

1097 868 1159 901 suis
1181 869 1318 911 Legibus
1351 871 1378 901 d.
1415 869 1457 901 L.
1475 868 1497 899 I.
1527 869 1562 900 T.
1581 868 1651 900 VH.
1676 868 1703 909 §.
1720 869 1775 901 uit.
1798 879 1908 911 nempe
1923 871 1955 904 111

1097 911 1261 942 noviffirna
1289 911 1439 943 Editione
1462 910 1533 941 anni
1562 919 1654 951 1723.
1685 919 1754 942 narn
1779 910 1812 942 in
1830 911 1956 958 antiqua

1097 951 1246 984 Editione
1262 953 1333 984 anni
1356 955 1447 986 1628.
1471 951 1509 982 de
1528 952 1672 985 uxoribus
1687 959 1865 986 curatorum
1883 953 1959 987 1111111

1096 994 1262 1034 quicquam
1281 1002 1407 1025 cautum
1430 991 1483 1024 est.

1137 1034 1321 1075 Excipimus
1342 1035 1436 1075 igitur
1451 1043 1573 1066 tutores
1591 1034 1620 1066 ὅ(
1637 1043 1815 1074 curatores,
1828 1036 1878 1077 qui
1888 1045 1958 1077 pro-

1094 1075 1270 1117 pinquitate
1286 1076 1421 1107 minores
1437 1076 1645 1117 contingunt,
1678 1075 1730 1108 sed
1745 1087 1783 1109 an
1800 1086 1908 1109 omnes
1926 1078 1957 1109 &1

1119 1126 1159 1147 uo
1197 1117 1296 1148 tadu?
1319 1116 1425 1148 Tacet
1442 1115 1546 1148 noster
1567 1115 1594 1157 §.
1621 1126 1667 1148 12.
1693 1116 1744 1149 sed
1762 1118 1906 1150 Albertus
1925 1119 1957 1150 <Sc

1095 1126 1181 1189 {lsabe
1196 1158 1268 1189 lain
1290 1159 1318 1189 d.
1343 1157 1371 1198 §.
1394 1166 1440 1197 14.
1465 1158 1631 1198 excipiunt
1649 1166 1791 1198 tutores,
1815 1160 1867 1200 qui
1885 1158 1957 1191 sunt

1096 1198 1253 1229 minorum
1275 1204 1392 1238 patres,
1425 1205 1551 1234 matres,
1576 1200 1647 1235 avi,
1671 1201 1765 1237 aviae,
1780 1201 1896 1240 fratres
1918 1200 1954 1235 &³

1086 1239 1215 1280 sorores,
1239 1248 1348 1269 verum
1366 1238 1398 1269 id
1413 1238 1558 1270 Edictum
1574 1239 1611 1268 ad
1629 1239 1732 1270 forum
1747 1240 1885 1272 nostrum
1895 1250 1959 1274 non

1096 1279 1253 1321 pertinet,
1275 1280 1304 1311 &
1320 1278 1433 1310 frustra
1449 1279 1488 1310 de
1498 1279 1644 1320 fluoribus
1659 1278 1760 1311 sermo
1777 1279 1840 1319 est,
1863 1290 1959 1322 quum

1096 1321 1205 1361 utique
1223 1321 1352 1353 tutrices
1366 1319 1428 1351 esse
1458 1327 1626 1361 nequeant.
1669 1319 1703 1352 In
1724 1320 1772 1353 his
1789 1330 1893 1353 autern
1909 1321 1957 1354 so-

1096 1362 1136 1394 lis
1152 1371 1190 1393 an
1208 1360 1427 1394 subsistemus?
1450 1360 1541 1392 Nihil
1561 1361 1696 1392 extricat
1720 1361 1900 1401 Anselmus,
1920 1363 1959 1396 ad

1097 1404 1124 1434 d.
1149 1401 1178 1444 §.
1201 1402 1306 1435 dicere
1329 1410 1497 1436 contentus
1514 1426 1523 1440 ‚
1555 1403 1628 1434 ideo
1647 1403 1678 1434 in
1693 1402 1740 1435 his
1755 1403 1870 1435 cess'are
1887 1413 1956 1444 pro-

1097 1444 1285 1476 hibitionem
1303 1468 1313 1483 ,
1349 1444 1419 1487 quia
1445 1444 1541 1476 etiarn
1565 1444 1602 1475 ab
1629 1443 1777 1476 intestato
1797 1444 1957 1478 succeffuri

1097 1493 1194 1517 erant.
1242 1484 1331 1517 Unde
1371 1494 1474 1522 uaero,
1506 1495 1543 1516 an
1568 1485 1753 1517 remotiores
1769 1486 1910 1524 arcendi,
1934 1486 1958 1519 fi

1098 1526 1197 1568 &ipsi
1212 1527 1249 1559 ab
1278 1495 1427 1559 incestato
1452 1525 1615 1559 succeffuri
1633 1525 1756 1558 effent‘?
1780 1527 1810 1559 &
1829 1537 1867 1558 an
1888 1537 1958 1568 pro-

1095 1568 1264 1605 ximiores,
1286 1569 1339 1609 qui
1361 1567 1526 1600 succedere
1543 1577 1605 1599 non
1628 1567 1749 1608 possent
1768 1568 1785 1599 ‘3
1816 1567 1959 1602 Perezius

1097 1609 1134 1641 ad
1161 1609 1221 1642 Tit.
1249 1611 1281 1641 C.
1305 1611 1338 1641 de
1362 1610 1471 1652 Legat.
1497 1619 1528 1640 n.
1545 1609 1601 1641 ult.
1624 1609 1728 1641 verbis
1741 1608 1844 1641 Edieti
1863 1609 1958 1642 inhae-

1096 1660 1185 1690 rens,
1209 1650 1267 1683 hos
1286 1660 1393 1682 omnes
1412 1658 1534 1682 arceret
1546 1673 1556 1689 ,
1583 1651 1612 1682 &
1630 1649 1781 1682 Hollandi
1795 1650 1888 1683 etiam
1904 1651 1961 1683 hos

1097 1691 1181 1725 solos
1195 1693 1343 1724 videntur
1359 1692 1542 1732 admittere,
1568 1692 1620 1732 qui
1638 1691 1770 1732 proximi
1789 1690 1859 1723 sunt
1877 1692 1956 1724 inte-

1097 1733 1247 1765 statorum
1280 1733 1380 1766 futuri
1412 1733 1538 1765 heredes
1575 1732 1665 1774 (17).
1698 1732 1802 1775 Atque
1825 1733 1869 1764 ita
1897 1742 1957 1765 nec

1097 1774 1272 1806 immobilia
1285 1784 1396 1816 capere
1411 1774 1532 1815 poss'cnt
1551 1781 1694 1814 parentes
1720 1782 1895 1812 curatores,
1921 1774 1958 1806 li—

1097 1816 1179 1848 beris
1210 1826 1274 1848 non
1303 1815 1477 1848 successuri.
1532 1815 1612 1858 Quae
1636 1814 1719 1847 forte
1738 1815 1890 1848 sententia
1912 1813 1958 1848 est

1098 1857 1126 1899 §.
1146 1861 1176 1888 6.
1213 1857 1273 1889 Tit.
1296 1857 1335 1889 V.
1366 1857 1438 1889 LL.
1463 1857 1574 1897 Pupia.
1599 1856 1766 1897 Enchusan.
1793 1865 1864 1887 cum
1885 1856 1955 1895 ait,

1098 1898 1192 1939 legari
1220 1898 1305 1939 posse
1331 1898 1565 1931 ascendentibus
1590 1899 1623 1938 of
1644 1899 1781 1940 zodanige
1797 1898 1959 1939 Voogden,

1099 1942 1145 1971 die
1171 1940 1305 1971 evenwel
1338 1949 1374 1971 en
1400 1941 1505 1971 zonder
1531 1941 1564 1971 de
1588 1939 1668 1970 zelve
1685 1940 1805 1981 making
1833 1949 1893 1971 van
1921 1939 1956 1970 de

1102 1981 1325 2014 Weeskimieren
1339 2004 1350 2020 ,
1373 1982 1406 2012 de
1424 1981 1505 2012 zelve
1523 1982 1559 2011 ab
1581 1978 1715 2021 intestato
1738 1982 1844 2012 zouden
1855 1980 1958 2022 flacce-

1098 2024 1196 2054 deren.
1255 2021 1351 2053 Potes
1377 2030 1479 2053 tamen
1513 2022 1542 2053 dt
1571 2023 1614 2053 ita
1644 2023 1671 2053 cl.
1697 2021 1725 2062 §.
1748 2021 1903 2062 accipere,
1926 2030 1957 2052 a·

1097 2063 1316 2096 scendentibus
1330 2062 1515 2104 generaliter
1531 2062 1624 2104 legari
1641 2063 1726 2103 poss'e
1736 2085 1746 2101 ,
1770 2063 1799 2094 δε
1812 2062 1906 2093 etiam
1927 2071 1957 2092 a·

1098 2104 1169 2142 liis,
1201 2112 1316 2145 praeter
1332 2103 1550 2141 ascendentes,
1582 2104 1792 2141 curatoribus,
1816 2103 1958 2134 dummo-

1096 2145 1139 2177 do
1166 2145 1198 2176 hi
1222 2145 1260 2176 ab
1283 2143 1431 2176 intestato
1455 2143 1621 2176 succeffuri
1647 2144 1762 2184 effent3
1780 2154 1848 2186 quae
1867 2144 1960 2176 inter-

1095 2186 1234 2228 pretatio
1257 2186 1422 2218 humanior
1444 2185 1500 2218 est.
1543 2186 1614 2217 Alia
1636 2185 1785 2218 sententia
1810 2186 1854 2217 uti
1875 2185 1960 2216 vide-

1098 2236 1170 2267 tur,
1215 2227 1244 2258 ui
1271 2227 1387 2267 absque
1410 2227 1473 2257 ulla
1492 2226 1688 2259 distinetione
1713 2226 1829 2268 scripsit
1850 2225 1930 2267 (18)
1947 2248 1959 2265 ,

1097 2267 1159 2300 csse
1209 2268 1285 2299 aroli
1303 2268 1343 2299 V.
1366 2268 1529 2306 Edictum,
1554 2278 1617 2309 quo
1638 2268 1821 2300 omnimodo
1836 2267 1958 2300 filiimi-

1098 2319 1208 2349 nores,
1241 2309 1274 2341 in
1297 2308 1461 2347 Parentes,
1494 2309 1582 2348 cujus
1605 2307 1694 2340 sacris
1717 2309 1746 2340 δι
1772 2309 1878 2340 tutelae
1893 2307 1960 2340 sub-

1099 2349 1170 2382 sunt
1185 2374 1194 2390 ,
1228 2350 1369 2382 liberales
1391 2349 1452 2382 esse
1476 2349 1690 2391 prohibentur.
1742 2349 1802 2381 Sed
1821 2348 1840 2381 fi
1864 2348 1957 2394 semel

1099 2391 1246 2423 admittas
1267 2391 1487 2432 exceptionem
1517 2391 1549 2422 in
1574 2390 1728 2422 tutoribus
1757 2390 1957 2435 propinquis,

1099 2433 1181 2464 ratio
1199 2431 1322 2469 suadet,
1347 2440 1382 2462 ut
1398 2432 1583 2473 generaliter
1602 2431 1744 2470 admittas
1763 2440 1792 2461 in
1813 2430 1960 2463 omnibus

1099 2473 1230 2514 Agnatis
1253 2473 1283 2506 ἂ
1307 2472 1459 2513 Cognatis
1475 2494 1486 2510 ,
1513 2472 1565 2513 qui
1581 2470 1744 2512 aliquando
1759 2470 1797 2501 ab
1813 2469 1959 2502 intestato

1098 2514 1282 2547 succedendi
1303 2514 1386 2554 spem
1407 2513 1521 2544 habent
1535 2535 1546 2550 ,
1570 2511 1729 2553 quamvis,
1749 2519 1783 2542 ut
1799 2520 1882 2544 nunc
1898 2511 1956 2551 est,

1099 2555 1224 2587 exstent
1237 2555 1461 2595 proximiores,
1484 2554 1534 2595 qui
1551 2562 1605 2584 eos
1622 2551 1825 2597 excluderent
1841 2577 1850 2589 .
1874 2554 1957 2584 ratio

1100 2597 1184 2628 enim
1213 2596 1336 2636 pietatis
1356 2595 1429 2626 hinc
1451 2601 1592 2625 removet
1612 2593 1760 2634 quicquid
1775 2602 1956 2636 interpreta-

1101 2637 1198 2669 tionis
1213 2635 1257 2668 cst
1271 2634 1416 2673 sinistrae,
1439 2635 1530 2675 plane
1558 2642 1592 2664 ut
1611 2633 1640 2664 in
1664 2636 1795 2672 marito,
1820 2635 1958 2668 mulieris

1099 2678 1158 2711 suae
1182 2684 1351 2714 curatore,
1384 2676 1432 2715 jus
1456 2674 1609 2715 sanguinis
1636 2674 1665 2705 ἃ
1692 2675 1839 2707 amicitiae
1863 2675 1958 2708 facile

1100 2718 1215 2760 subigit
1229 2716 1450 2757 suspicionem,
1473 2725 1540 2755 quae
1563 2715 1698 2755 alioquin
1718 2725 1758 2746 ex
1778 2717 1959 2748 auctoritate

1101 2759 1215 2791 tutoris
1231 2755 1455 2798 proficiscitur,
1492 2755 1541 2787 sed
1561 2755 1709 2796 exspecto
1727 2757 1932 2797 legislatorem
1944 2780 1954 2794 ,

1098 2800 1151 2841 qui
1179 2799 1223 2830 ita
1247 2797 1369 2829 statuat.
1425 2797 1504 2829 Sane
1529 2796 1549 2828 si
1576 2798 1669 2827 tutori
1696 2797 1726 2828 111
1746 2797 1956 2830 immobilibus

1097 2850 1161 2873 non
1178 2839 1249 2881 plus
1264 2838 1475 2878 relinquatur,
1486 2847 1577 2879 quam
1593 2837 1631 2868 ab
1648 2837 1793 2870 intestato
1809 2838 1954 2911 effessha‘

1893 2888 1953 2911 itu-

1138 2975 1149 3004 (
1163 2971 1216 3008 17)
1237 2971 1450 3006 Groenewegen
1469 2969 1503 2997 ad
1519 2969 1554 2998 L.
1565 2969 1647 3005 17.C.
1664 2969 1694 2998 de
1706 2966 1862 3002 Adminiſtr.
1878 2974 1958 2999 tutor.

1098 3020 1124 3039 n.
1146 3021 1172 3041 2.
1200 3009 1290 3046 Confil.
1309 3010 1348 3038 H.
1378 3008 1410 3036 Τ.
1432 3009 1453 3036 Ι.
1478 3008 1568 3046 Confil.
1594 3017 1637 3038 10.
1659 3006 1695 3042 &³
1718 3016 1778 3042 114.
1806 3006 1899 3044 Corfil.
1920 3007 1955 3036 B.

1102 3048 1136 3079 Τ.
1152 3052 1174 3079 1.
1194 3047 1284 3084 Consil.
1301 3055 1364 3082 113.
1386 3046 1412 3075 &
1434 3047 1498 3075 Van
1524 3048 1665 3076 Leeuwen
1684 3045 1720 3074 R.
1734 3046 1776 3075 H.
1798 3044 1834 3074 R.
1854 3044 1888 3074 L.
1903 3045 1957 3075 m.

1100 3089 1220 3164 Cel-8⁷5-
1232 3094 1368 3155 111120011ιά.
1388 3122 1478 3162 Deris.
1499 3123 1575 3162 Supr.
1596 3122 1657 3153 Cur.
1671 3121 1745 3154 CXI.
1765 3131 1791 3154 n.
1803 3128 1828 3151 1.
