2008 3436
138 129 215 166 266
384 121 788 162 CORNELII
857 125 974 160 vari*

135 205 194 239 dos
209 212 294 246 erat,
324 211 426 248 neque
452 203 718 244 adventitiorum,
744 211 940 246 quaecunque
955 211 1000 235 es·

135 245 224 287 sent,
249 247 308 279 alia
327 255 404 280 tunc
419 255 486 280 erat
516 246 606 278 causa
619 270 629 285 ,
658 247 718 287 alia
734 245 999 288 profectitiorum.

135 287 208 328 Jure
227 298 315 323 novo
334 288 364 321 se
382 299 431 321 res
450 288 544 319 habet
563 288 672 327 aliter,
696 296 736 318 eo
757 286 872 328 quippe
888 286 1000 316 adven-

134 329 282 362 titiorum
307 331 481 373 proprietas
505 330 550 360 est
573 338 667 371 penes
694 326 778 370 ipsos
810 328 945 363 liberos,
968 335 1002 355 u·

137 365 309 404 russi-uuus
330 371 413 404 solus
433 380 527 413 penes
545 378 646 411 patres
665 378 703 401 ex
727 370 747 400 l.
772 374 800 403 8.
828 369 860 399 C.
876 368 909 397 cle
930 365 1002 397 Bon.

136 420 197 453 quae
214 412 296 445 liber.
321 413 455 455 ideoque
474 421 533 443 nec
553 411 610 443 dos
628 410 802 442 adventitia
823 409 891 447 jure
915 416 1003 438 novo

136 452 276 486 conferri
304 454 431 486 videtur
455 462 494 485 ex
521 453 541 483 l.
575 453 629 483 ult.
666 453 698 482 C.
722 452 756 481 de
783 450 886 497 Callet.
932 448 1004 487 Jure

135 496 239 526 veteri
259 494 480 527 conferendam
495 494 612 525 dixeris
628 502 667 523 ex
691 493 710 523 l.
733 502 762 531 4.
789 492 819 521 C.
846 489 918 535 Ιροεζ.
955 487 1003 519 Ad

136 534 207 567 haec
228 535 293 577 ipse
319 536 470 577 Ulpianus
483 559 492 574 ,
517 535 605 574 cujus
623 533 718 564 verba
737 530 977 572 praescrrpInnm
991 552 1002 567 ,

140 572 176 608 Τ.
203 577 256 609 Vl.
293 576 413 619 Fragm.
451 576 478 617 ἓ.
500 579 531 606 6.
554 574 656 615 palam
676 573 839 609 adfirmat,
854 578 979 617 *patrem
993 592 1003 608 ,

160 618 190 650 ui
210 618 306 650 filiam
328 619 419 649 habet
439 618 470 648 in
488 620 643 658 potestate
657 637 667 652 ,
688 613 830 659 adjuncta
843 612 918 643 nliae
936 619 1003 657 per-

154 668 233 698 ona,
263 660 370 691 dotem
397 666 558 698 repetere,
585 655 647 686 hoe
666 653 860 696 superdnffto:
884 661 936 682 nec
959 661 1003 681 m-

138 699 243 741 terest,
270 700 437 732 adventitia
459 697 501 737 fit
524 699 590 734 dos,
614 706 652 727 an
669 695 849 740 pmfetiitifz.
897 692 1004 736 Quare

137 741 305 773 dicendum
332 740 522 778 videbatur,
559 738 792 770 Tribonianum
822 745 852 767 in
878 734 947 779 (nl.
974 744 1004 765 2.

137 782 165 822 ἓ.
196 792 221 814 1.
246 783 313 813 haec
330 781 442 820 verba,
469 780 504 816 {5³
525 780 573 810 dos
588 781 623 810 ab
642 789 671 809 eo
684 775 817 822 profetia
829 775 870 814 sir
880 797 891 813 ,
912 783 1004 820 inter-

136 822 240 864 jecisse
263 831 302 854 ei<
334 822 456 853 ratione
484 821 561 852 novi
586 820 679 860 juris,
705 827 777 850 cum
796 824 863 862 jure
882 822 1003 863 veteri,

137 864 222 905 quod
244 864 281 895 ad
307 864 530 904 repetitionem
553 884 563 900 ,
596 861 758 902 utriusque
781 859 866 889 dotis
898 866 1005 902 caucin

138 904 283 936 conditio
299 904 408 936 fuerit.
434 902 567 943 Cujacio
589 902 662 934 Not.
683 902 720 933 ad
743 902 770 932 [ἰ.
801 899 833 931 Τ.
857 898 911 930 VI.
935 903 962 939 §-
973 901 1003 929 6.

136 945 169 977 in
189 954 309 977 tantum
327 946 447 985 placuit
465 945 610 976 Goveani
628 942 827 983 conjectura,
851 948 888 985 ut
907 949 941 970 ea
953 948 1006 970 oc-

139 987 262 1019 canone
289 987 344 1033 ipli
375 988 458 1018 inter
484 994 593 1017 omnes
612 985 692 1025 Juris
710 982 889 1023 Justinianci
908 980 1005 1011 Inter-

136 1035 242 1070 pretes
264 1028 474 1070 principatum
490 1027 649 1058 detulerit.
695 1025 883 1055 Goveanum
901 1026 929 1052 oc
941 1021 1004 1052 Cu-

135 1070 250 1111 Jaeium
266 1070 344 1110 pede
365 1078 442 1100 varo
460 1068 599 1109 sequitur
614 1065 791 1107 Giplianius
807 1064 843 1094 ad
865 1064 885 1094 l.
910 1065 940 1093 6.
970 1062 1000 1092 C.

93 1107 96 1111 ’
138 1112 172 1142 cie
199 1110 283 1142 Pati.
314 1114 449 1141 convent.
481 1116 540 1140 tam
558 1108 648 1150 super
674 1109 732 1138 dot.
756 1108 938 1147 qztamjuper
956 1103 1003 1133 do-

135 1157 200 1183 nat.
227 1151 398 1193 sequuntur
414 1149 444 1182 ὃς
461 1151 524 1182 alii.

179 1192 291 1226 Nolim
308 1192 486 1224 emblemati
508 1190 723 1233 praejudicium
742 1185 1006 1234 arceffere,quod

134 1238 247 1276 magna
266 1232 407 1265 Nomina
424 1232 624 1270 dissentiant,
649 1233 678 1264 ὃς
694 1230 778 1272 quod
797 1227 861 1269 lpse
879 1227 933 1258 ille
944 1226 1005 1257 Cu-

135 1276 253 1317 jacius,
286 1275 339 1316 qui
365 1282 428 1306 tam
456 1273 582 1315 prolixe
600 1271 788 1304 Goveanuin
807 1268 1006 1315 laudaverat,

136 1317 204 1357 eius
221 1316 406 1348 sententiam
427 1322 549 1347 tantum
572 1323 636 1346 non
663 1312 782 1344 deserat
805 1320 836 1341 in
854 1308 1004 1340 Mercato-

134 1368 166 1391 re
199 1358 232 1390 C.
266 1356 388 1391 XVIII.
435 1357 583 1388 Rationes
612 1353 758 1395 putandae
783 1350 876 1388 sunt,
900 1348 930 1380 ὅ(
951 1349 1005 1379 has

136 1407 202 1432 non
220 1399 350 1446 expedit
381 1397 528 1437 Cujacius
549 1398 578 1428 d.
603 1397 635 1427 C.
659 1392 784 1427 XVIII.
808 1400 867 1423 nec
884 1413 896 1436 ⁹.
919 1389 1004 1432 quod

177 1440 333 1473 aeceslerat
350 1463 360 1477 ‚
393 1439 422 1470 ὅ(
443 1438 482 1469 de
506 1437 617 1469 eodem
641 1441 826 1480 argumento
848 1440 913 1473 agit
931 1454 942 1470 ,
970 1431 1001 1462 C.

173 1480 243 1514 VII.
269 1479 360 1512 Nihil
376 1488 501 1520 quoque
510 1503 520 1519 ,
546 1478 599 1520 qui
615 1476 776 1509 dissentire
791 1473 1007 1520 Videtur-,ep

136 1522 260 1566 pedivit
278 1520 445 1553 Russ'ardus
464 1519 502 1551 ad
524 1522 551 1552 d.
577 1520 599 1552 l.
624 1529 652 1551 2.
675 1516 704 1560 §.
734 1527 760 1549 1.
807 1516 891 1553 Ain,
912 1522 947 1545 ut
963 1517 1004 1560 lic

135 1563 259 1603 audies,
283 1562 384 1594 multa
397 1561 568 1601 dixerunt,
591 1560 643 1593 sed
657 1568 722 1593 non
738 1557 884 1590 multum.
931 1555 1004 1587 Uti-

221 1613 285 1636 non
310 1604 387 1636 licet
414 1602 543 1645 defungi
569 1611 605 1634 ea
632 1601 780 1638 ratione,
811 1607 870 1647 qua
886 1595 951 1629 sola
974 1595 1005 1628 se

135 1614 267 1688 agangi
285 1644 419 1678 credidit
435 1641 592 1677 Gerardus
619 1642 733 1676 Noodt
752 1641 790 1672 ad
815 1641 872 1686 Izt:
888 1638 928 1680 ff.
956 1637 1012 1669 So:

137 1688 193 1720 lut.
224 1688 352 1719 matrim.
386 1686 462 1728 vers.
498 1683 642 1727 Ostendi,
665 1683 688 1717 fi
703 1688 823 1724 nempe*
836 1681 976 1727 dicamus
992 1703 1003 1719 ,

137 1729 308 1771 Ulpianum
326 1727 452 1774 quidem
471 1728 504 1759 in
527 1728 555 1759 d.
580 1727 601 1758 l.
627 1735 656 1758 2.
677 1724 707 1767 §.
720 1733 746 1757 1.
772 1721 910 1764 inJeciss'e
919 1730 1004 1767 men-

138 1771 260 1804 tionem
283 1769 368 1802 dotis
397 1766 587 1810 profestitiae
603 1792 613 1808 ,
645 1765 697 1799 sed
722 1773 787 1797 non
814 1771 851 1795 ut
863 1763 1005 1794 adventi-

137 1813 216 1845 tiam
230 1810 432 1850 excluderet,
457 1811 488 1842 in
508 1809 690 1851 profectitia
705 1815 816 1853 verum
826 1802 904 1844 esse,
921 1802 1007 1845 quod

138 1853 244 1894 dixit,
279 1852 332 1885 sed
358 1861 422 1884 non
447 1852 550 1883 minus
575 1851 607 1883 in
625 1850 819 1886 advent1t1a3
844 1853 1004 1888 argumen-

141 1899 207 1928 tum
220 1918 231 1934 ,
255 1893 341 1936 quod
361 1903 378 1925 a
395 1893 556 1925 contrario
579 1891 668 1924 sensu
686 1889 842 1927 efficitur,
866 1895 902 1919 ut
925 1885 1006 1933 saepe

141 1936 235 1975 alias,
265 1937 310 1967 ita
338 1935 368 1968 δι
391 1933 444 1966 hic
466 1933 538 1966 satis
553 1940 658 1965 tutum
673 1941 738 1964 non
755 1928 826 1962 effe.
871 1928 915 1961 At
938 1936 1006 1969 quis

142 1976 199 2011 fibi
216 1976 278 2008 hoc
300 1976 427 2007 obtrudi
456 1975 613 2017 patiatur,
637 1974 691 2006 ubi
709 1972 881 2014 Ulpianus,
905 1969 1006 2001 osten-

140 2017 249 2057 surus,
278 2017 386 2057 dotem
404 2017 500 2057 patris
520 2017 549 2048 &
568 2014 642 2048 filiae
669 2021 869 2046 communem
881 2033 892 2049 ,
915 2018 1008 2051 atque

142 2059 221 2092 adeo
244 2055 436 2098 coniunctim
464 2057 616 2099 agendum
642 2056 729 2094 effe,
762 2054 793 2086 in
817 2051 1008 2099 antecessum

142 2101 218 2132 duas
236 2099 436 2131 conditiones
459 2097 634 2131 desiderat?
668 2097 771 2129 Prima
787 2094 851 2134 est,
870 2092 898 2132 fi
911 2103 943 2124 m
955 2099 1007 2133 pa-

145 2142 201 2182 ssis
213 2138 353 2182 potestate
372 2137 413 2181 est
424 2162 436 2178 ,
455 2140 573 2179 altera,
594 2138 630 2173 δέ)
644 2139 692 2169 dos
713 2139 749 2169 ab
770 2146 799 2167 eo
811 2133 944 2182 prQseCia
954 2133 1005 2173 fit.

146 2182 420 2223 Oportet·igitur‚
452 2189 488 2212 ut
504 2187 636 2221 utraque
656 2178 799 2210 conditio
813 2176 979 2218 impleatur
996 2198 1008 2214 ‚

144 2224 326 2266 priusquam
350 2222 442 2255 locus
464 2221 502 2254 fit
524 2220 797 2262 Jurisprudentiae‚
820 2227 911 2263 quam
931 2226 1008 2264 mox

145 2262 338 2305 exsequitur.
362 2262 449 2295 Esset
465 2263 606 2303 alioquin
621 2270 656 2293 ea
673 2261 755 2293 ratio
771 2258 1011 2291 amol1end1e1n-

145 2306 291 2339 blematis
314 2303 387 2337 satis
418 2301 645 2345 fimpliciffima.
698 2302 758 2334 Sed
785 2301 857 2341 quia
875 2308 983 2331 omnes
999 2323 1010 2339 ‚

145 2355 227 2389 quot
254 2346 342 2385 vidi,
385 2344 575 2386 Interpretes
604 2341 855 2385 persuafiffimum
897 2340 1010 2387 habue-

146 2395 220 2420 runt
229 2410 240 2426 ,
248 2387 306 2419 hac
316 2396 380 2419 non
390 2385 555 2418 succedere
565 2408 575 2424 ,
585 2386 645 2417 alia
658 2392 724 2417 rem
733 2383 858 2424 adgreffi
871 2381 1010 2429 suntvia.

191 2428 357 2461 Accursius
370 2427 575 2459 adventitiam
590 2426 698 2458 dotem
719 2424 836 2466 separat
853 2434 869 2455 a
885 2424 1012 2469 reliquis

148 2467 360 2503 ffliaefamilias
371 2468 577 2507 adventitiis,
606 2475 643 2499 ut
657 2467 727 2507 jure
741 2465 961 2511 Pandectaruin
980 2474 1011 2496 m

147 2512 216 2544 haec
235 2509 360 2552 quidem
376 2509 493 2550 patris,
516 2509 548 2540 in
576 2509 662 2540 illam
682 2515 760 2539 vero
780 2506 875 2538 solius
892 2504 1011 2537 filiasfa-

147 2552 250 2585 milias
264 2585 267 2590 ‹
275 2552 324 2592 jus
349 2549 387 2582 fit
411 2559 446 2581 ac
465 2549 621 2590 potestas,
646 2556 750 2588 ratus,
774 2555 959 2589 argumento
982 2547 1010 2578 h.

148 2595 171 2626 l.
196 2604 225 2626 2.
256 2591 286 2634 §.
312 2600 337 2624 1.
370 2590 401 2622 id
419 2590 569 2632 fingulare
588 2590 650 2622 esse
670 2590 702 2622 in
722 2590 817 2627 dote,
838 2588 927 2628 cujus
941 2596 1012 2619 cau-

150 2632 182 2667 sa
201 2633 319 2674 semper
333 2629 401 2664 fere
418 2632 449 2663 ἂ
464 2630 578 2672 ubique
603 2631 761 2672 praecipua
774 2629 830 2661 est.
872 2629 932 2660 Sed
953 2637 1013 2670 ego

149 2681 214 2709 non
231 2674 326 2706 aufim
342 2672 374 2704 id
391 2671 552 2704 adfirmare
571 2670 632 2703 fine
648 2671 829 2703 testimonio
846 2670 944 2710 magis
965 2679 1014 2700 ro-

152 2716 272 2755 tundo,
295 2723 360 2746 non
376 2720 497 2745 tantum
515 2720 603 2744 metu
624 2713 652 2744 d.
677 2713 698 2743 l.
719 2716 749 2747 8.
773 2712 805 2743 C.
827 2712 860 2742 de
872 2710 1015 2752 Boiuquae

150 2758 233 2789 liber.
269 2765 338 2797 quae
363 2754 445 2786 inter
468 2753 639 2785 adventitia
665 2753 747 2793 Juris
763 2751 880 2784 veteris
892 2760 955 2782 non
969 2751 1014 2782 di-

153 2798 302 2838 stinguit,
332 2795 384 2828 sed
409 2794 494 2836 quod
504 2802 619 2835 «aperte
649 2793 844 2825 contradicat
864 2791 1016 2832 Ulpianus

153 2840 183 2871 d.
208 2839 267 2870 Tit.
292 2837 349 2871 VI.
371 2836 492 2878 Fragm.
514 2835 542 2877 ὃ.
565 2839 596 2867 6.
641 2835 734 2874 Scio,
760 2834 858 2866 &alia
875 2831 1014 2864 testiino-

153 2880 204 2912 nia
220 2878 368 2911 Accurfio
386 2877 524 2918 opponi,
546 2884 594 2915 at,
619 2885 691 2908 cum
706 2875 835 2908 refutari
851 2873 1015 2914 for-tepos-

155 2919 222 2951 sent
234 2942 245 2958 ‚
267 2919 367 2952 nolim
384 2918 416 2951 in
437 2927 501 2949 rem
518 2917 701 2958 praesentem
718 2917 883 2948 advocare.
919 2914 1016 2960 Scho-

156 2960 259 2994 nastes
284 2960 409 3001 quidam
435 2958 637 2991 Bafilicorum
661 2957 698 2990 ad
727 2959 755 2989 d.
780 2958 800 2989 l.
824 2967 853 2988 2.
878 2955 905 2997 §.
933 2964 958 2987 1.
983 2964 1016 2987 1n

156 3000 330 3032 adventitia
347 3001 424 3032 dote
443 3000 488 3031 ita
509 2999 587 3040 juris
602 2998 664 3032 ess'e
684 2999 747 3038 ait,
772 3001 803 3031 ὠς
819 2999 859 3028 ἐπὶ
874 2997 909 3026 «ἕ
923 3009 1014 3028 πων·

157 3043 204 3085 ξιίκ
221 3041 365 3079 Ματέρων,
386 3047 419 3072 ut
434 3041 466 3071 in
502 3041 592 3072 eculio
610 3042 776 3072 debitorum.
823 3038 920 3086 Quod
937 3037 960 3070 fi
982 3043 1018 3068 tu

157 3080 333 3123 mtelligas‚
357 3083 467 3113 benee
504 3105 514 3122 ,
538 3091 598 3124 ego
614 3090 677 3114 non
698 3080 800 3113 intelli
824 3090 854 3112 0.

201 3120 338 3153 Accurfii
353 3121 431 3154 vesti
456 3123 484 3154 ia
508 3123 624 3164 premit
645 3122 778 3164 Joannes
827 3121 958 3153 obertus
978 3118 1020 3152 L.

158 3158 216 3193 111.
250 3160 390 3193 Animad.
447 3174 496 3195 ur.
529 3165 595 3196 Civ.
619 3164 650 3197 C.
677 3173 690 3196 1
719 3188 726 3196 .
748 3162 785 3199 ὅ)
808 3166 855 3198 18.
879 3161 1019 3194 adventi-

153 3201 232 3236 tiam
250 3200 359 3235 dotem
379 3201 438 3236 soli
465 3213 591 3249 quoque
611 3206 686 3243 fili-ae
705 3204 831 3239 amilias
850 3202 990 3237 tribuens
1003 3225 1018 3243 ,

1852 164 1868 181 φ

1040 200 1100 233 Τρᾶ
1123 201 1160 233 ab
1190 199 1254 243 ipsa
1278 201 1354 233 dote
1372 200 1533 234 secernens
1555 201 1710 233 neironem
1728 195 1767 233 de
1782 204 1915 244 utraque

1047 242 1141 281 dote,
1165 249 1227 274 tam
1253 242 1450 284 profectum,
1484 253 1574 282 quani
1592 242 1775 275 adventitia.
1825 242 1915 277 Hanc

1042 283 1179 324 largitur
1204 283 1296 315 fuiil'e
1322 293 1520 314 communem
1540 307 1550 322 ,
1575 285 1603 315 v&
1619 286 1657 314 de
1676 293 1727 323 ea,
1754 294 1816 316 non
1833 285 1872 316 de
1888 286 1914 318 i-

1072 323 1101 355 sa
1114 324 1190 356 dote
1212 325 1378 366 loquutum
1399 324 1460 355 effe
1479 325 1648 366 Ulpianum
1667 326 1697 356 in
1717 325 1915 368 Fragmentir.

1082 373 1168 396 ocem
1187 366 1392 397 adventitiam
1405 367 1440 396 ad
1461 365 1556 397 solam
1573 365 1806 398 filiumfamilias
1821 368 1917 408 perti-

1044 405 1145 437 nuiffe
1163 429 1174 445 ,
1211 407 1331 448 duplici
1365 406 1556 448 potissimum
1591 407 1713 438 ratione
1743 406 1916 450 defendit,

1045 448 1143 478 altera
1161 456 1202 479 ex
1226 449 1244 479 l.
1272 458 1300 490 3.
1320 448 1360 488 ff.
1384 448 1473 479 Salar.
1489 449 1616 479 marrim.
1640 448 1737 480 altera
1752 457 1793 481 ex
1809 447 1916 481 discri-

1047 488 1131 519 mine
1155 490 1240 520 dotis
1262 490 1451 530 profectitiae
1469 513 1479 528 ,
1510 497 1636 520 mortua
1653 488 1856 522 filiafamilias
1877 489 1916 522 ad

1046 536 1167 569 patrem
1190 531 1395 568 revertentis,
1433 532 1462 561 δι
1489 530 1692 569 adventitiae,
1713 540 1808 572 penes
1828 531 1918 563 mari-

1048 577 1115 600 tum
1134 571 1330 602 remanentis.
1377 570 1495 602 Verum
1522 581 1556 602 ea
1575 569 1746 611 sententia,
1773 573 1917 613 quamvis

1047 609 1139 641 nobis
1157 611 1311 651 prodcfl'et
1333 611 1369 642 ad
1386 610 1585 643 refutandum
1600 612 1771 653 emblema,
1796 613 1841 645 uti
1852 622 1918 647 non

1048 652 1125 683 licet
1150 660 1279 692 propter
1303 662 1337 682 ea
1355 675 1364 691 ,
1397 661 1464 692 quae
1492 654 1682 685 contradicit
1714 653 1864 694 Cujacius
1884 655 1918 688 in

1049 692 1216 724 Mercatore
1246 692 1284 723 L.
1311 691 1367 724 ΙΙΙ.
1401 694 1431 723 C.
1460 702 1505 733 17.
1532 694 1567 728 ἐξ
1592 699 1640 728 18.
1663 695 1694 727 δε
1713 704 1776 735 quo
1793 695 1918 727 Catone

1048 735 1140 765 nonis
1166 734 1242 764 licet
1271 732 1332 764 esse
1360 735 1529 765 contentis.
1575 735 1665 766 Addo
1680 735 1855 776 duntaxat,
1878 745 1920 769 ne

1048 775 1175 815 quidem
1190 775 1364 806 Robertum
1383 773 1565 806 satisfeciffe
1593 783 1798 817 argumento,
1830 778 1918 819 quod

1049 814 1114 856 ipse
1131 823 1236 846 movit
1259 816 1297 846 de
1319 816 1493 846 collatione
1512 816 1597 848 dotis
1615 817 1819 857 adventitiae,
1845 828 1917 860 quae

1048 857 1116 896 jure
1145 858 1244 887 veteri
1268 856 1432 887 obtinebat
1448 880 1457 895 ,
1487 857 1556 896 J‘ure
1580 867 1669 889 novo
1693 867 1756 889 non
1779 859 1931 898 obtinet„

1049 897 1082 928 Τ
1084 905 1191 929 antum
1211 898 1257 929 illi
1282 906 1347 928 erat
1373 898 1567 938 prudentiae,
1590 907 1625 929 ut
1643 899 1682 929 de
1699 908 1739 930 eo
1755 900 1889 939 tacuerit
1904 923 1915 940 ,

1050 939 1169 970 utinam
1185 939 1214 970 <St
1237 946 1358 969 tantum
1376 940 1575 979 ignorantiae,
1596 949 1635 971 ne
1653 939 1842 980 protulisset.
1866 939 1920 972 De

1048 980 1169 1020 vulgari
1195 979 1442 1011 adventitiorum
1472 989 1598 1019 natura,
1625 991 1640 1011 a
1659 989 1722 1021 qua
1738 981 1845 1013 dotem
1865 990 1920 1014 ex-

1049 1029 1173 1061 ceptam
1191 1021 1322 1061 probare
1341 1020 1513 1058 deouiffet,
1533 1022 1612 1053 nhil
1628 1021 1723 1053 etiam
1740 1021 1824 1063 ipse3
1846 1023 1918 1055 reli*-

1049 1071 1108 1103 qua
1125 1062 1265 1093 invenies
1284 1068 1363 1102 apud
1381 1061 1554 1100 Cujaciuzn.

1090 1103 1249 1134 Antonius
1266 1102 1363 1133 Faber
1376 1103 1414 1133 L.
1427 1102 1516 1133 XIII.
1547 1103 1704 1147 Conjetiur.
1733 1106 1762 1136 C.
1773 1115 1805 1145 5.
1821 1104 1916 1138 ctiam

1047 1143 1281 1175 Tribonianurn
1299 1152 1363 1174 non
1380 1144 1495 1183 reperit
1519 1144 1549 1175 in
1574 1147 1601 1177 ri.
1626 1146 1646 1176 l.
1671 1156 1699 1176 ε.
1724 1146 1751 1187 §.
1783 1156 1808 1177 1.
1855 1144 1917 1178 Sed

1048 1185 1122 1215 dum
1147 1185 1228 1214 vitat
1254 1185 1333 1214 vitia
1359 1184 1497 1215 Accuriii
1526 1188 1555 1217 tt
1585 1187 1737 1226 Rooerti,
1769 1187 1859 1227 plane
1883 1188 1916 1221 in

1050 1225 1206 1256 contraria
1229 1225 1339 1255 currit.
1386 1223 1554 1256 Existimat
1581 1229 1655 1264 ille,
1676 1227 1714 1258 de
1734 1227 1798 1259 sola
1812 1225 1916 1268 profe-

1048 1266 1137 1297 {titia
1167 1266 1332 1306 loquutum
1359 1265 1420 1296 ess'e
1442 1264 1609 1305 Ulpianum
1628 1268 1658 1298 in
1681 1270 1709 1298 (ι’.
1735 1268 1754 1299 l.
1777 1279 1805 1300 a.
1831 1270 1860 1308 ᾖ.
1887 1277 1915 1302 ῐ.

1049 1307 1121 1349 quia
1143 1306 1200 1337 dos
1226 1305 1400 1337 adventitia
1423 1307 1608 1348 quandoque
1634 1308 1729 1339 solius
1749 1310 1843 1349 [atris
1860 1308 1918 1342 est.

1048 1346 1250 1386 Profffliria,
1284 1347 1405 1388 inquit,
1438 1346 1555 1388 semper
1573 1349 1618 1380 cst
1635 1350 1830 1388 eommunis,
1854 1350 1919 1382 fi--e

1047 1388 1188 1420 divortio
1208 1385 1349 1419 solvatur
1367 1389 1600 1421 matrimonium
1613 1415 1621 1430 ,
1654 1389 1718 1422 five
1731 1398 1834 1422 morte
1852 1400 1915 1423 ma-

1046 1429 1119 1469 riti,
1149 1429 1322 1461 adventitia
1349 1437 1453 1461 autem
1477 1439 1540 1461 noa
1567 1432 1679 1471 aliter,
1712 1441 1804 1474 quam
1827 1432 1848 1464 fi
1871 1431 1918 1464 di·

1048 1471 1177 1510 vortio‚
1203 1470 1289 1502 secus
1306 1470 1326 1502 fi
1347 1479 1451 1502 morte
1469 1472 1572 1504 mariti
1585 1496 1595 1511 ,
1623 1480 1699 1504 tunc
1718 1473 1800 1504 enim
1818 1472 1931 1506 solius*

1047 1513 1145 1553 patris
1168 1511 1229 1544 ess'e
1258 1512 1376 1543 dotem.
1422 1511 1653 1545 Auctoritatem
1668 1514 1734 1554 ejus
1751 1511 1916 1554 sententiae

1047 1551 1190 1595 quaefivit
1219 1552 1251 1585 in
1277 1553 1414 1594 Ulpiano
1445 1555 1473 1585 d.
1507 1553 1567 1586 Tit.
1600 1554 1655 1587 VI.
1686 1553 1806 1598 Fragm.
1830 1555 1858 1596 ς).
1879 1555 1915 1589 ’6.

1047 1604 1120 1626 cum
1146 1595 1210 1633 ait,
1242 1595 1366 1626 divortio
1375 1593 1461 1634 fabio
1487 1595 1566 1627 nihil
1587 1594 1749 1636 interesse,
1773 1596 1919 1629 adventi-

1048 1637 1091 1667 tia
1105 1635 1142 1667 sit
1162 1636 1237 1675 dos,
1261 1645 1299 1667 an
1317 1634 1507 1677 profectitia.
1552 1636 1612 1669 Sed
1637 1647 1748 1670 verum
1766 1637 1832 1679 est,
1850 1645 1918 1673 non

1046 1677 1139 1709 aliam
1160 1677 1202 1709 ob
1227 1675 1348 1709 causam
1373 1677 1494 1708 divortii
1519 1677 1691 1711 meminisse
1715 1678 1887 1722 Ulpianum
1902 1702 1917 1721 ,

1046 1728 1138 1761 quarn
1162 1719 1246 1760 quod
1275 1718 1306 1750 in
1331 1716 1358 1760 §.
1390 1728 1421 1759 4.
1454 1717 1490 1753 ὅ)
1520 1727 1549 1758 5.
1582 1719 1643 1759 jam
1665 1729 1771 1763 egerat
1787 1721 1826 1754 de
1843 1718 1920 1763 casu

1047 1760 1181 1799 mortis,
1202 1769 1267 1793 non
1282 1758 1426 1801 equidem
1449 1760 1574 1800 mariti,
1596 1760 1720 1802 fateor,
1750 1758 1802 1794 sed
1820 1763 1860 1795 de
1875 1768 1922 1795 ee

1048 1802 1216 1834 admonere
1238 1801 1296 1833 vix
1321 1810 1427 1843 operae
1458 1800 1624 1834 videbatur
1649 1804 1809 1844 pretium:
1841 1809 1915 1838 nam

1047 1843 1070 1876 fi
1088 1842 1253 1885 superstite
1268 1843 1402 1882 marito,
1427 1842 1659 1876 interveniente
1676 1853 1789 1887 nempe
1805 1844 1916 1877 divor—

1048 1885 1115 1924 tio,
1145 1892 1253 1927 pater,
1284 1883 1427 1924 adjuncta
1452 1884 1527 1916 filiae
1552 1885 1683 1926 persona
1699 1909 1710 1925 ‚
1743 1893 1813 1928 agat
1828 1885 1866 1918 ad
1881 1895 1916 1918 u·

1048 1933 1192 1974 tramque
1214 1926 1321 1958 dotem
1337 1948 1349 1965 ,
1377 1924 1449 1957 satis
1469 1925 1634 1959 videbatur
1659 1928 1864 1969 expeditum,
1887 1927 1914 1959 i—

1047 1968 1118 1999 dem
1140 1968 1217 2008 Juris
1241 1967 1303 1999 effe
1319 1966 1470 1999 defuncto
1487 1967 1610 2000 marito.
1655 1967 1850 2010 Simpliciter
1866 1968 1914 2001 di-

1048 2016 1137 2041 xerat
1167 2009 1320 2051 Ulpianus
1342 2008 1374 2040 in
1404 2007 1432 2048 §.
1452 2017 1486 2050 5.
1514 2016 1639 2041 mortua
1655 2009 1687 2042 in
1707 2010 1914 2042 matrimonio

1048 2051 1199 2089 muliere,
1229 2050 1338 2082 dotem
1360 2049 1564 2081 adventitiam
1589 2060 1684 2091 penes
1705 2051 1851 2083 maritum
1867 2059 1916 2083 re-

1049 2101 1191 2131 manere,
1219 2099 1251 2123 at
1276 2091 1352 2132 quid
1366 2091 1443 2131 juris
1467 2090 1523 2131 fit,
1545 2098 1674 2123 mortuo
1692 2093 1827 2131 marito,
1849 2099 1916 2126 non

1050 2134 1208 2174 explicat,
1233 2132 1263 2164 ὅ(
1282 2141 1323 2163 ex
1338 2131 1408 2163 aliis
1433 2131 1515 2173 Juris
1535 2133 1692 2173 capitibus
1708 2132 1915 2176 supplendum

1049 2174 1104 2207 est.
1150 2173 1274 2206 Vellem
1292 2173 1434 2215 equidem
1452 2171 1475 2204 F
1477 2173 1549 2205 aber
1563 2175 1700 2207 rationes
1717 2174 1847 2206 dedisset
1857 2172 1919 2207 dis-

1051 2216 1216 2254 ferentiae,
1240 2224 1334 2246 eccur
1359 2224 1414 2256 per
1435 2214 1610 2247 divortium
1634 2215 1738 2248 soluto
1755 2216 1916 2248 matrimo-

1052 2258 1108 2290 nio
1126 2257 1182 2288 dos
1200 2256 1374 2287 adventitia
1386 2253 1461 2287 esset
1482 2257 1675 2296 communis,
1694 2256 1800 2289 soluto
1810 2264 1917 2289 autem

1053 2308 1106 2340 per
1125 2304 1260 2330 mortem
1289 2298 1392 2329 mariti
1409 2321 1419 2336 ‚
1449 2296 1503 2329 illa
1523 2296 1599 2328 effet
1619 2296 1714 2330 solius
1728 2298 1851 2339 patris?
1872 2294 1917 2329 sa.·

1054 2339 1152 2379 ne,in
1162 2348 1197 2370 ea
1206 2337 1331 2380 specie,
1352 2339 1423 2380 plus
1438 2338 1514 2378 J'uris
1528 2338 1664 2369 tribuere
1700 2339 1757 2371 atri
1767 2339 1798 2370 in
1806 2338 1917 2371 dotem

1054 2381 1260 2412 adventitiam
1275 2403 1285 2419 ,
1319 2388 1411 2420 quam
1437 2381 1468 2411 in
1487 2377 1581 2421 ipsam
1607 2388 1665 2420 pro
1681 2379 1839 2418 ettitiam,
1864 2379 1918 2411 ha·

1054 2423 1107 2454 bet
1121 2420 1227 2453 neseio
1242 2421 1315 2462 quid
1330 2419 1470 2452 monstri.
1498 2420 1558 2453 Sed
1573 2429 1636 2451 non
1653 2428 1744 2452 vacat
1758 2420 1789 2451 in
1811 2419 1918 2452 omnia

1054 2463 1193 2504 digredi,
1224 2471 1295 2503 quae
1318 2461 1383 2503 ipse
1410 2461 1492 2493 dixit
1506 2485 1516 2501 ,
1551 2460 1672 2492 videbis
1689 2483 1701 2500 ,
1730 2459 1753 2493 fi
1770 2460 1827 2492 tibi
1845 2461 1918 2502 plus

1055 2505 1114 2536 otii
1135 2504 1190 2543 fit,
1215 2503 1245 2535 ἀ
1269 2502 1356 2535 fimul
1382 2502 1628 2540 animadvertes,
1652 2511 1725 2534 eum
1741 2501 1834 2533 valde
1850 2501 1919 2544 qui-

1054 2546 1124 2577 dem
1147 2545 1306 2583 laborare,
1329 2542 1379 2574 sed
1394 2543 1472 2574 nihil
1492 2543 1655 2584 proficere.

1097 2582 1279 2618 Franciscus
1300 2583 1502 2616 Hotomanus
1533 2583 1572 2615 L.
1596 2582 1655 2616 IX.
1683 2583 1805 2626 Olgserv.
1829 2583 1860 2617 C.
1885 2593 1918 2617 Ξ.

1055 2627 1163 2659 multis
1176 2625 1311 2667 disputat
1328 2625 1365 2656 de
1378 2625 1600 2656 communione
1615 2624 1699 2658 dotis
1715 2625 1922 2698 prosecuti&

1056 2669 1087 2700 &
1104 2669 1142 2699 ad
1159 2668 1256 2706 hanc,
1279 2675 1342 2697 non
1361 2665 1398 2697 ad
1415 2665 1619 2697 adventitiam
1634 2667 1792 2712 pertinere
1803 2689 1814 2706 ,
1835 2676 1877 2708 qu

1055 2708 1209 2751 Ulpianus
1226 2707 1309 2739 dixit
1327 2707 1360 2739 in
1379 2708 1408 2738 d.
1431 2706 1450 2737 l.
1476 2717 1504 2738 2.
1525 2705 1553 2747 ᾗ.
1575 2715 1600 2739 1.
1637 2707 1687 2739 sed
1708 2716 1765 2739 cur
1780 2708 1848 2748 J'ure
1866 2715 1921 2738 ve-

1059 2751 1116 2781 teri
1144 2759 1207 2781 non
1230 2748 1312 2779 idem
1338 2748 1511 2779 obtinuerit
1538 2749 1569 2779 in
1595 2748 1789 2788 adventitia,
1814 2748 1922 2780 nullus

1058 2791 1214 2832 explicat,
1247 2788 1391 2820 subducit
1420 2796 1521 2820 tamen
1538 2789 1568 2820 &
1584 2788 1648 2830 ipse
1666 2788 1829 2831 personam
1845 2788 1920 2820 Tri-

1058 2831 1195 2863 boniani.
1284 2831 1397 2861 uicum
1414 2829 1580 2870 intelligit,
1603 2839 1653 2861 me
1668 2830 1738 2872 plus
1758 2829 1846 2872 sapit.

1101 2873 1151 2904 Cl.
1177 2870 1393 2911 Schultingius
1422 2870 1458 2901 ad
1481 2871 1509 2901 d.
1534 2871 1593 2902 Tit.
1616 2870 1670 2903 VI.
1696 2870 1816 2914 Fragm.
1845 2870 1918 2913 Ulp.

1058 2913 1085 2955 §.
1107 2917 1137 2944 6.
1169 2911 1357 2943 Triboniani
1385 2911 1628 2953 interpolantcrn
1649 2919 1775 2958 quoque
1794 2920 1920 2944 manum

1058 2953 1162 2994 rejicit
1188 2953 1220 2984 in
1246 2954 1275 2985 d.
1307 2953 1327 2984 l.
1350 2962 1379 2984 9..
1412 2951 1439 2993 §.
1468 2962 1492 2984 1.
1525 2952 1667 2984 causatus
1685 2976 1695 2991 ,
1724 2962 1755 2984 in
1768 2954 1867 2993 princ.
1888 2953 1918 2986 d.

1057 2996 1078 3028 l.
1103 3005 1131 3027 2.
1154 2994 1250 3035 quaeri
1262 3017 1272 3034 ,
1305 3003 1343 3025 an
1362 2990 1492 3025 maritus
1506 2993 1614 3026 dotem
1634 2993 1708 3031 alii,
1728 2995 1779 3025 cui
1800 2993 1922 3037 delega-

1060 3045 1111 3068 tur
1122 3057 1134 3074 ,
1176 3035 1338 3066 remittere
1353 3034 1492 3066 debeat?
1516 3035 1636 3066 &mox
1653 3043 1693 3066 ex
1717 3034 1770 3066 oni
1792 3034 1823 3066 in
1843 3033 1872 3082 §.
1891 3041 1920 3067 1.

1060 3078 1093 3110 in
1110 3086 1128 3108 e
1166 3084 1216 3107 em
1234 3075 1355 3107 scilicet
1379 3074 1480 3117 specie
1505 3076 1677 3116 perti-attan
1701 3085 1730 3115 a,
1756 3075 1831 3121 quid
1844 3075 1921 3116 Jurie

1061 3118 1098 3152 fit
1115 3118 1199 3149 circa
1214 3116 1366 3157 ejusmodi
1382 3117 1629 3158 delegationem,
1658 3115 1681 3148 fi
1697 3117 1809 3148 mulier
1834 3117 1871 3148 iit
1889 3116 1922 3148 in

1060 3157 1236 3201 potestate,
1249 3158 1462 3199 &donapatre
1472 3156 1611 3199 profeEta
1619 3179 1633 3198 ,
1648 3158 1682 3188 in
1736 3167 1755 3188 a
1765 3179 1778 3196 ,
1798 3157 1919 3197 inquit,

1060 3200 1109 3232 vel
1127 3201 1287 3232 maximum
1303 3199 1354 3241 jus
1385 3199 1471 3231 habet
1483 3203 1579 3240 pater.
1623 3166 1920 3243 Sedfftantundern

1836 3246 1919 3280 patu
