2008 3436
167 107 608 154 OBSERVATiONUM
641 103 774 155 JURIS
807 100 1020 139 ROMANI
1076 102 1164 139 LIB.
1189 102 1258 141 1V.
1311 103 1416 143 CAP.
1443 105 1547 146 XVI.
1573 105 1696 146 XVII.
1750 116 1822 156 119

36 205 87 232 tur
107 199 200 240 culpa
215 196 354 235 domini,
378 203 452 226 cum
466 190 568 224 nautis
584 197 647 220 non
663 184 817 231 agen-dum
836 208 846 223 ,
871 190 903 215 at

35 251 108 274 cum
130 239 260 272 domino
278 248 288 275 ·,
317 247 380 278 quo
404 236 449 272 sic,
469 229 690 269 (idib-mauduni
714 226 902 273 videretur,

36 283 122 325 quod
145 289 227 314 nunc
252 288 343 321 negat
369 277 532 318 Ulpianus.
585 271 628 303 Et
651 270 714 318 'hoc
737 278 769 300 in
792 276 904 320 primis

34 332 128 367 urget
155 322 311 355 Antonius
338 319 434 352 Faber
457 317 496 348 L.
519 315 559 346 V.
582 310 808 357 Conyeciffur.
832 310 900 340 civ.

36 368 71 399 C.
101 376 146 405 ¹7-
169 365 198 396 ὗε
223 364 253 395 in
274 363 398 394 Ration.
419 358 456 390 ad
475 360 504 390 h.
528 357 568 388 L.
598 363 684 386 ratus
709 352 828 398 {ublata
848 360 900 402 ne-

36 409 165 449 qatione
182 404 361 445 legendum,
387 397 741 444 cumdominqogendum
755 394 818 441 eſje.
841 392 901 425 bed

36 442 147 482 Qerum
171 445 215 479 cst
230 469 240 485 ‚
271 453 383 477 neutro
407 441 478 475 casu
498 442 662 473 dominum
687 445 786 483 teneri
801 459 811 475 ,
836 444 901 470 non

35 491 158 534 priori,
189 488 261 528 quia
287 486 378 527 culpa
397 484 518 516 domini
540 491 614 528 non·
631 486 792 525 arguitur,
817 475 902 524 quod

33 540 147 566 navem
170 528 256 561 forte
277 525 470 559 commiserit
495 521 677 556 hominibus
708 530 810 552 nunus
834 518 899 564 ido-

33 574 121 611 ncis,
144 570 195 603 sed
210 578 375 602 nautarum
392 592 402 608 ‚
427 567 481 609 qui
501 565 609 598 navim
632 562 782 610 regebant
798 585 807 600 ‚
833 569 900 603 qui-

59 623 95 646 ue
119 613 196 645 adeo
220 609 278 643 soli
306 618 452 642 tenentur
468 632 478 648 ,
502 606 586 648 quod
612 604 669 637 soli
686 604 833 650 dammum
848 602 900 634 de-

55 656 154 694 crint,
179 654 215 685 ut'
231 651 303 685 satis
323 652 477 693 Ulpianus
495 646 643 690 exposuit
662 647 691 678 in
710 654 809 688 prima
833 653 900 685 pas-

34 707 94 737 τε,
132 697 163 728 δε
186 704 262 727 mox
284 693 401 734 repetit
430 693 460 723 in
485 691 512 733 §.
538 701 577 736 4.⁴
593 691 619 721 b.
644 690 665 720 l.
690 699 739 726 29.
785 684 900 727 Alphe-

34 749 77 772 no
107 738 202 770 etiam
226 735 382 777 suppetias
410 732 535 765 ferente
571 741 602 764 in
633 731 652 762 l.
677 741 729 771 52.
755 728 783 771 §.
810 738 838 759 2.
858 726 900 768 ff.

32 779 72 813 ἀλ
95 780 134 812 L.
159 778 267 820 Aquil.
316 776 425 808 Altero
441 784 518 806 vero
542 772 614 805 casu
638 772 709 804 ideo
731 780 796 803 non
818 777 901 801 tenc-

34 823 121 855 bitur
141 820 287 853 dominus
306 842 316 858 ‚
347 817 419 858 quia
436 841 446 856 ,
477 823 588 848 contra
610 823 701 860 quam
727 812 825 844 Faber
845 820 901 856 pu-

36 864 139 902 tabat,
164 870 240 893 tune
256 868 381 901 quoque
397 866 487 890 extra
504 857 628 898 culpam
646 856 724 900 ruia,
746 852 823 900 'Sed
837 861 900 893 pri-

37 913 167 944 usquam
184 902 213 934 id
230 901 376 943 probum,
400 900 438 931 de
454 898 556 930 verbis
571 898 602 929 ἃ
617 899 817 937 oppoiitione
846 892 899 925 Ul-

37 946 122 989 piani
158 943 326 975 videndum
349 942 401 972 eil.
434 939 532 972 Faber
554 940 582 970 d.
608 939 640 969 C.
670 947 717 977 17.
759 935 873 967 retiam
888 957 900 973 ‚

38 987 91 1022 scd
106 1009 118 1026 ,
148 985 251 1018 minus
276 992 382 1014 veram
409 981 586 1012 orationem
612 978 718 1010 censet
734 1001 744 1017 ,
769 976 898 1022 sidege-

35 1030 124 1062 re'tur
138 1049 150 1066 ‚
172 1027 228 1067 sed
258 1024 295 1059 ὅ)
308 1023 338 1062 fi
351 1026 431 1064 fune
450 1029 538 1063 rapio
561 1022 625 1061 &Q
665 1019 821 1065 Quamvis
847 1027 898 1049 au-

34 1079 103 1105 tem
125 1065 290 1100 commode
319 1065 363 1096 ita
387 1064 447 1105 legi
475 1063 568 1105 poffit
585 1085 597 1101 ,
633 1071 687 1104 per
710 1061 899 1106 dvaiixaaeoig,

25 1108 118 1155 [ΕΓ
126 1108 157 1148 fi
170 1131 179 1146 ‚
207 1107 310 1140 minus
353 1114 456 1138 tamen
493 1105 593 1136 adhuc
629 1103 744 1135 rectam
781 1101 899 1147 dixeris

31 1151 210 1187 ‚orationem
226 1171 237 1188 ,
274 1157 345 1180 nam
371 1147 470 1179 aliena
488 1145 693 1178 nihilominus
717 1143 817 1175 videri
844 1152 899 1189 po-

34 1193 109 1228 terit
126 1190 253 1233 Ulpiani
274 1189 377 1222 illatio
392 1211 403 1228 ,
427 1188 500 1230 quia
521 1188 554 1220 in
577 1184 829 1231 praecedentibus
853 1193 898 1217 ni-

30 1235 79 1271 hil
119 1232 220 1266 adhuc
257 1231 381 1263 dixerat
419 1230 458 1262 de
487 1229 630 1261 domino.
685 1227 834 1267 Cujacius
858 1226 897 1258 L.

31 1275 144 1311 XXV.
171 1272 301 1315 Observ.
326 1273 360 1304 C.
389 1281 436 1304 10.
469 1280 628 1313 receptam
654 1269 821 1301 ieffionem
850 1276 897 1299 tu-

29 1327 104 1353 etur
123 1339 135 1356 ‚
166 1316 211 1348 ita
236 1323 338 1347 tamen
355 1337 366 1353 ,
391 1321 427 1345 ut
449 1313 488 1345 de
511 1322 545 1344 re
569 1311 634 1354 ipsa
655 1321 719 1343 non
740 1308 897 1351 disputet,

31 1359 85 1393 sed
105 1366 198 1391 -totus
220 1365 396 1397 occupetur
425 1355 458 1388 in
485 1353 661 1396 digerendis
683 1353 714 1385 δε
740 1352 898 1393 explican-

32 1401 81 1434 dis
100 1398 225 1440 Ulpiani
253 1398 368 1429 verbis.
415 1396 547 1437 Accipit
566 1395 618 1427 hic
632 1394 688 1435 sed
712 1403 771 1436 pro
797 1403 896 1425 vocu-

29 1442 62 1477 la
88 1440 325 1481 conjungente,
363 1438 440 1478 vel,
477 1438 499 1470 si
521 1437 702 1479 disjungat,
733 1433 898 1474 hocsensu

29 1483 222 1524 disjungere:
248 1480 400 1522 superiori
420 1478 493 1513 casu
510 1488 582 1510 cum
604 1479 709 1516 nautis
728 1477 896 1520 agendum,

31 1525 106 1568 quia
127 1519 159 1556 in
180 1522 273 1564 culpa
297 1521 386 1561 suut,
411 1521 462 1555 sed
483 1520 649 1563 posteriori
665 1531 731 1553 cum
748 1520 852 1553 naulis
865 1529 895 1556 a>

27 1563 160 1610 'gendum
178 1574 235 1596 non
249 1563 302 1604 effe
316 1588 325 1602 ,
348 1565 403 1596 imo
419 1575 471 1596 nec
486 1573 553 1599 cum
569 1564 683 1596 domino
691 1573 704 1601 ‚-
725 1562 896 1604 implicata,

29 1617 68 1641 ut
82 1606 187 1646 vides,
210 1605 382 1645 sententia,
406 1606 444 1638 ab
457 1605 528 1638 aliis
545 1614 648 1638 tamen
662 1605 809 1646 deinceps
824 1612 895 1645 pro-

28 1650 112 1685 bata.
154 1647 226 1690 Ego
246 1647 341 1680 altius
367 1657 434 1680 rem
457 1656 587 1689 repetO,
620 1655 674 1686 ut,
697 1646 895 1689 quemadmo-

28 1691 105 1733 dum
129 1689 294 1723 Accursius
316 1688 361 1721 ait
378 1713 388 1729 ,
420 1689 458 1721 ad
474 1690 599 1724 literam
617 1689 714 1731 magis
732 1687 898 1720 descendat

28 1733 152 1771 oratio,
177 1731 207 1764 &
225 1726 308 1764 salva
330 1730 368 1763 fit
393 1731 562 1774 oppoiitio.
608 1730 820 1772 Proposuerat
839 1729 896 1763 Ul-

26 1775 155 1818 pianus,
180 1782 249 1815 quae
267 1772 350 1805 actio
367 1780 585 1814 competeret,
609 1773 632 1806 fi
652 1773 741 1804 navis
768 1779 822 1804 tua
840 1771 895 1803 im-

27 1815 114 1859 paQa
137 1815 171 1846 in
197 1824 298 1854 meam
321 1814 466 1856 scapham
488 1814 635 1851 damnum
651 1814 728 1846 mihi
742 1813 864 1846 dederit
878 1814 895 1846 ⁴?

28 1858 60 1891 ἀ
75 1866 116 1889 ex
131 1855 271 1888 Proculo
285 1855 472 1898 respondet,
498 1856 632 1897 Aquiliae
648 1863 847 1897 competere,
872 1855 895 1888 fi

26 1906 129 1935 nautae
142 1896 289 1931 damnum
305 1897 448 1930 dederint
464 1920 475 1936 ‚
505 1897 687 1934 sednullam
701 1905 895 1939 competere,

26 1940 51 1974 fi
62 1939 139 1973 fune
154 1947 268 1981 rupto,
293 1948 347 1972 aut
363 1949 435 1971 cuin
452 1950 469 1971 a
483 1940 574 1972 nullo
602 1948 781 1981 regeretur,
806 1940 897 1973 navis

27 1979 212 2018 incurriss‘et.
264 1981 312 2014 Ita
335 1980 439 2013 sensus
461 1980 546 2023 pisce
571 1980 673 2014 sanior
696 1981 763 2013 est:
789 1981 896 2013 eadem

27 2023 119 2066 plane
143 2022 324 2055 tranfitione
349 2023 380 2055 δε
401 2022 602 2064 oppositione
618 2047 627 2063 ‚
659 2034 728 2065 quae
747 2022 792 2065 est
809 2024 843 2057 in
865 2024 894 2056 h.

28 2068 51 2096 ι.
73 2063 102 2107 §.
125 2074 154 2105 4.
179 2063 288 2096 nautas
302 2065 386 2096 enim
403 2063 614 2103 dicit'teneri,
639 2066 692 2097 ubi
710 2074 820 2097 eorum
829 2065 894 2097 cul-

29 2115 70 2148 pa
88 2104 150 2144 est,
174 2103 242 2144 sed,
268 2105 319 2138 ubi
334 2106 384 2138 vis
403 2106 519 2147 major,
545 2107 709 2140 dominum
731 2107 830 2140 teneri
842 2116 894 2139 ne-

39 2140 110 2185 tat}
141 2144 238 2220 {uod
262 2156 335 2179 cum
363 2146 406 2179 ibi
434 2157 634 2190 concoquere
656 2149 798 2190 potuerit
818 2148 893 2182 Ant.

42 2188 129 2220 ⁴'aber
179 2189 270 2219 avion.
287 2189 324 2220 ad
343 2189 372 2219 d.
396 2187 424 2230 §.
448 2199 477 2230 4.
502 2198 634 2236 oportet
651 2191 702 2222 hic
720 2189 818 2223 fuerit
835 2189 895 2222 dif-

27 2229 174 2262 ficilioris
201 2228 361 2262 stomachi.
406 2231 560 2263 Meminit
584 2240 689 2265 autem
714 2231 897 2264 infecunda

28 2279 118 2314 parte
137 2273 248 2303 domini
262 2271 415 2303 duntaxat
433 2295 443 2310 ,
474 2272 547 2313 quia
570 2282 676 2315 nautae
694 2283 759 2306 non
779 2281 868 2306 erant
885 2283 895 2311 ς

28 2313 118 2344 navis
136 2312 243 2351 enim,
276 2322 345 2354 quae
370 2311 449 2344 fune
472 2321 568 2354 rupto
584 2314 730 2348 damnum
746 2315 855 2354 dedit,
879 2324 897 2349 a

29 2353 119 2386 nullo
145 2354 318 2396 regebatur.
374 2354 436 2386 Sed
454 2353 535 2395 hoc,
559 2354 583 2388 fi
596 2356 726 2388 minima
745 2356 895 2389 mutatio-

602 2454 877 2491 CAPU

929 2455 965 2491 T

946 193 986 215 ne
1010 183 1094 224 legas
1111 206 1121 223 ,
1153 193 1201 216 UT
1224 193 1292 216 cum
1308 195 1326 216 a
1341 187 1424 218 mallo
1438 195 1617 230 regeretur,
1646 190 1690 224 fin
1717 194 1825 222 antem

946 224 1095 267 praefcras
1121 232 1195 264 aut,
1218 233 1253 273 ut
1276 236 1362 259 nunc
1383 229 1483 270 vulgo
1501 230 1637 274 legitur,
1662 231 1742 265 nihil
1756 229 1825 272 qui-

946 268 1017 299 dem
1046 274 1137 298 vetat
1161 266 1261 299 adeste
1287 278 1416 310 nautas,
1450 281 1524 303 cuin
1542 273 1629 306 funis
1646 273 1824 315 rumpitur,

948 308 999 341 sed
1018 307 1057 339 ad
1070 318 1128 355 cos
1146 318 1212 341 non
1228 310 1327 352 inagis
1341 313 1481 352 pertinet
1500 313 1554 346 illa
1569 318 1622 347 sess
1640 318 1708 353 βία,
1752 322 1825 346 uam

945 350 967 383 fi
989 349 1169 382 abfuissent.
1204 350 1326 397 *Quare
1352 352 1469 387 frustra
1495 354 1572 388 ess'et
1597 357 1636 389 de
1659 358 1697 389 iis
1718 367 1734 389 a
1756 364 1826 388 mo-

944 401 1038 438 nere,
1061 391 1101 423 dc
1123 392 1272 433 domino,
1303 396 1356 435 qui
1379 394 1491 428 funem
1514 399 1714 440 comparavit
1728 422 1738 438 ,
1769 397 1825 429 vel

944 443 1051 467 navim
1083 433 1147 466 fine
1185 436 1289 468 nautis
1321 436 1475 479 reliquit,
1507 441 1606 482 inagis
1629 447 1695 472 erat
1713 463 1723 479 ‚
1767 448 1826 471 cui·

946 484 1151 518 quaereretur.

987 517 1048 551 Sed
1080 525 1186 554 tamen
1218 519 1301 552 refle
1331 520 1487 563 Ulpianus
1510 523 1611 563 dixit,
1636 525 1734 557 etiam
1756 523 1827 556 nul-

945 560 1008 606 lam
1049 566 1126 606 tunc
1165 560 1313 594 adversus
1346 563 1511 597 dominum
1545 566 1607 599 effe
1640 566 1825 604 affionem,

944 611 1014 648 quis
1047 610 1133 648 euim
1166 602 1298 635 domino
1322 606 1479 647 imputet,
1504 606 1615 641 funem
1639 608 1723 640 vitio
1747 617 1768 639 o
1792 616 1823 638 e-

945 653 988 690 ris
1012 652 1115 684 rumpi
1125 667 1142 690 ³.
1160 654 1215 676 aut
1232 646 1401 691 *religatam
1424 649 1533 681 navim
1555 650 1697 692 apposita
1719 651 1774 681 cui
1791 658 1826 680 o-

945 684 995 716 dia
1026 694 1091 716 non
1124 687 1238 732 lervari
1256 711 1266 727 ,
1296 698 1393 730 quum
1424 691 1534 733 utique
1565 692 1694 735 ligando
1716 691 1827 723 navim

946 726 1068 772 abiuide
1085 725 1323 773 satisfecerit?
1354 730 1512 778 Quiuiino
1543 734 1565 767 fi
1597 744 1661 766 non
1691 733 1824 775 ligatam

945 768 1109 814 reliquerit
1131 768 1295 816 dominus,
1321 782 1359 804 an
1385 781 1548 815 teneatur,
1572 776 1710 808 dubitari
1733 782 1825 816 pote-

943 817 986 841 rit
1002 832 1017 854 ,ἢ
1045 819 1118 856 quia
1150 818 1246 843 etiam
1277 822 1313 845 ea
1345 813 1448 855 specie
1477 826 1579 859 neque
1609 817 1696 860 ipse,
1722 825 1826 857 neque

944 860 1053 889 naws,
1078 851 1130 882 ied
1155 853 1319 900 tempestas
1342 857 1490 890 damnum
1513 859 1628 892 dcdiss'c
1645 859 1746 892 videri
1766 867 1824 898 po-

945 899 1047 938 terat,
1073 892 1158 933 quod
1183 894 1220 940 &D
1237 905 1368 929 innuere
1386 899 1554 933 videbatur
1569 900 1650 933 vers.
1667 909 1727 943 aut,
1740 909 1825 937 cum,

943 942 997 978 qui
1027 934 1090 965 ime
1121 943 1286 968 mentione
1316 939 1423 981 ligatae
1453 943 1543 975 navis
1574 943 1761 984 simpliciter
1792 951 1823 973 a—

943 976 1090 1020 cuonem
1106 984 1209 1022 negat.
1256 978 1353 1012 Plane
1377 989 1413 1013 iit
1436 991 1527 1015 extra
1549 985 1676 1027 culpam
1695 995 1759 1027 quo
1784 992 1825 1015 ue

945 1014 1011 1061 ⁶st³
1037 1025 1092 1056 qui
1114 1017 1277 1051 ruinosum
1301 1022 1454 1062 parictem
1477 1025 1591 1065 habet,
1615 1027 1647 1058 ἃ
1672 1037 1736 1059 non
1760 993 1826 1058 {flul-

944 1065 991 1087 Cit
1015 1057 1036 1088 l.
1060 1067 1090 1104 7:
1119 1058 1148 1098 §.
1174 1069 1202 1106 2:
1233 1062 1254 1092 l.
1274 1066 1303 1096 3.
1326 1063 1369 1104 ff.
1401 1066 1437 1097 de
1456 1065 1572 1100 Damn.
1594 1069 1654 1108 inf.
1676 1067 1824 1110 quamvis

942 1097 1012 1130 fere
1028 1097 1121 1145 'sciat
1151 1109 1311 1138 ruiturum
1341 1106 1361 1136 ι.
1386 1116 1440 1147 44.
1460 1115 1511 1149 pr.
1534 1111 1595 1141 eod.
1624 1109 1686 1141 Tit.
1713 1112 1743 1142 δε
1767 1118 1824 1151 po-

944 1138 1003 1185 test
1026 1140 1057 1172 id
1079 1141 1267 1185 plerumque
1290 1149 1465 1187 praevidere
1489 1151 1598 1182 caduci
1620 1152 1748 1194 parietis
1767 1151 1824 1181 do-

942 1191 1068 1222 minus,
1116 1192 1181 1230 non
1218 1195 1324 1219 autem
1364 1191 1455 1223 navis
1487 1192 1655 1232 dominus,
1699 1201 1820 1233 tempe—

942 1222 1054 1255 statem
1093 1234 1200 1258 nawm
1243 1228 1306 1260 effe
1344 1230 1558 1274 impulsui-am.
1621 1234 1736 1277 Neque
1773 1233 1823 1265 his

941 1264 1048 1311 obest,
1073 1266 1160 1308 quod
1190 1267 1280 1311 supi-a
1312 1272 1395 1305 dixit
1413 1298 1423 1314 ,
1447 1283 1559 1308 nautas
1583 1278 1700 1317 teneri,
1726 1276 1747 1309 fi
1772 1285 1824 1308 na-

942 1317 1008 1339 vim
1032 1317 1099 1340 non
1124 1315 1323 1353 temperent,
1348 1315 1397 1347 illi
1421 1318 1529 1357 enim,
1553 1318 1575 1350 fi
1599 1328 1663 1351 non
1701 1327 1822 1360 tempe-

939 1356 1032 1388 rant,
1057 1358 1131 1396 cum
1155 1352 1271 1392 poffint
1286 1379 1296 1394 ,
1323 1364 1492 1399 tenentur,
1519 1360 1591 1402 quia
1613 1370 1656 1393 ex
1680 1359 1823 1403 ipsorum

939 1388 1027 1423 fatto
1051 1401 1141 1424 naVis
1172 1393 1319 1429 damnum
1352 1398 1458 1432 dedit:
1484 1411 1575 1442 nam,
1601 1411 1637 1435 ut
1660 1402 1744 1434 recle
1774 1411 1823 1433 re-

938 1440 1156 1480 gant'naveS,
1183 1437 1214 1468 δε
1236 1437 1384 1472 damnum
1402 1467 1413 1483 ‚
1445 1450 1599 1485 quantum
1630 1445 1660 1477 in
1693 1444 1724 1476 se
1756 1443 1825 1483 est,

940 1474 1158 1515 prohibeant,
1189 1486 1294 1525 uautae
1326 1481 1398 1515 sunt
1415 1507 1428 1523 ,
1460 1485 1491 1517 δι’.
1522 1485 1554 1517 in
1577 1486 1705 1528 Aquilia
1727 1487 1823 1527 culpa

940 1515 987 1547 est
1017 1526 1082 1564 non
1112 1520 1298 1562 providere,
1332 1526 1418 1565 quod
1442 1536 1460 1558 a
1482 1526 1636 1569 diligente
1658 1527 1823 1570 provideri

940 1566 1062 1605 poterit
1087 1559 1107 1592 l.
1129 1570 1183 1603 31.
1199 1562 1240 1604 ff.
1265 1567 1304 1596 ad
1324 1566 1366 1598 L.
1389 1567 1500 1610 Aquil.
1543 1570 1699 1602 Similiter
1713 1569 1735 1602 fi
1751 1569 1822 1612 quis

940 1603 995 1646 iua
1017 1601 1112 1642 culpa
1133 1603 1289 1651 caducum
1323 1617 1448 1642 murum
1480 1610 1691 1651 exstruxerit,
1717 1620 1754 1643 ut
1776 1611 1825 1642 vi-

941 1651 1016 1674 cino
1041 1652 1174 1685 noceat,
1200 1647 1327 1681 Videtur
1351 1653 1472 1691 teneri3
1503 1663 1570 1685 non
1592 1661 1698 1685 autern
1722 1653 1745 1685 fi
1768 1661 1825 1694 per

941 1683 1133 1731 vetustatem
1167 1689 1336 1731 concidat,
1369 1693 1443 1734 quia
1472 1694 1505 1726 id
1537 1705 1603 1727 non
1626 1695 1744 1727 accidit
1766 1695 1823 1726 do-

938 1735 1018 1758 mini
1040 1726 1145 1767 facio,
1178 1728 1231 1777 sed
1262 1730 1333 1765 fato
1357 1735 1485 1776 potius,
1510 1736 1589 1769 ficut
1613 1736 1679 1769 sola
1703 1745 1822 1778 tempe-

939 1767 1018 1816 state
1040 1778 1129 1806 mota
1151 1780 1251 1805 naVis.
1276 1772 1329 1806 De
1351 1785 1391 1807 eo
1414 1776 1485 1809 fato
1501 1779 1612 1810 caduci
1632 1779 1738 1820 operis
1749 1779 1822 1820 plus

937 1810 1006 1842 dixi
1030 1812 1059 1843 h.
1081 1811 1128 1859 L..
1143 1812 1199 1845 IV.
1226 1815 1266 1862 C..
1282 1825 1315 1853 9.
1360 1817 1504 1860 Ligando
1528 1820 1653 1862 quidem
1689 1819 1822 1852 retineri

938 1851 1027 1884 forte
1056 1863 1146 1886 navis
1174 1857 1355 1903 potu1ss'et,
1388 1870 1428 1891 ne
1459 1861 1607 1893 damnum
1629 1862 1741 1902 dai-et,
1767 1860 1821 1893 sed

939 1894 981 1941 &.
994 1904 1120 1935 murus,
1144 1894 1328 1939 fulciendo,
1352 1910 1392 1932 ne
1416 1911 1532 1934 rueret.
1579 1903 1686 1945 Atque
1701 1903 1745 1936 ita
1762 1903 1821 1934 do-

939 1945 1114 1982 ininus‚ex
1128 1936 1184 1970 suo
1204 1938 1312 1981 facto,
1338 1940 1486 1984 seipsum
1510 1944 1654 1986 obligat,
1680 1954 1745 1977 non
1764 1945 1823 1977 do-

940 1987 1061 2024 minum
1092 1989 1141 2026 res
1172 1979 1225 2013 sua
1241 2005 1252 2020 ‚
1285 1992 1321 2014 ut
1344 1984 1417 2016 inde
1441 1986 1598 2027 obligatio
1623 1987 1653 2018 δε
1676 1986 1759 2018 acrio
1783 1996 1820 2018 o-

939 2028 1056 2052 riatur:
1088 2021 1145 2053 nifi
1174 2030 1279 2056 tamen
1302 2025 1372 2057 Lex
1395 2026 1457 2067 fit,
1482 2037 1552 2068 quae
1577 2027 1608 2059 id
1630 2028 1758 2069 jubeat,
1783 2035 1822 2060 ut

939 2061 984 2094 est
1007 2063 1077 2095 Lex
1100 2063 1139 2095 de
1161 2065 1250 2112 pastu
1273 2076 1436 2108 pecorum.
1482 2068 1584 2111 Igitur
1606 2070 1723 2120 absque
1753 2077 1820 2101 tru-

939 2105 1067 2152 culenta
1091 2106 1332 2148 emendatione,
1357 2119 1449 2151 quain
1472 2110 1633 2143 Antonius
1654 2111 1672 2143 1⁴
1681 2111 1755 2143 aber
1772 2111 1819 2144 in-

938 2145 1060 2195 sptuit,
1085 2147 1164 2178 bene
1188 2147 1219 2180 se
1243 2149 1337 2183 habet
1362 2155 1388 2184 d.
1416 2152 1437 2184 l.
1451 2162 1502 2190 29.
1527 2154 1557 2194 §.
1581 2163 1610 2184 2.
1631 2154 1677 2186 ait
1691 2153 1820 2194 quidem

939 2188 1038 2236 Faber
1056 2213 1066 2229 ,
1098 2189 1237 2236 debuiss'e
1267 2192 1432 2226 dominum
1471 2195 1593 2228 idoneis
1617 2194 1755 2227 -funibus
1787 2195 1819 2227 δε

939 2238 1043 2263 nautis
1066 2241 1172 2263 navun
1197 2232 1368 2275 instruere,
1394 2235 1445 2267 sed
1471 2235 1548 2269 teste
1571 2237 1726 2280 produeto
1750 2236 1820 2269 nul-

940 2272 990 2305 lo:
1027 2280 1120 2320 negat
1151 2273 1233 2307 dicta
1262 2276 1364 2316 ratio,
1389 2287 1483 2319 negat
1506 2281 1535 2310 d.
1562 2281 1590 2319 ᾗ.
1615 2289 1644 2309 2.
1668 2286 1762 2320 negat
1785 2279 1818 2310 d.

939 2315 1012 2362 Ly.
1036 2316 1064 2355 g.
1093 2325 1120 2347 2.
1144 2315 1164 2347 l.
1188 2317 1252 2364 8..l
1286 2327 1342 2359 44.
1365 2327 1414 2359 pr.
1430 2320 1473 2360 ff.
1496 2322 1531 2354 de
1557 2321 1672 2354 Dama.
1695 2320 1756 2362 inf.
1780 2329 1817 2352 u-

940 2365 981 2389 tri
1005 2357 1132 2389 credere
1150 2368 1270 2400 aequius
1293 2361 1405 2394 melius
1428 2360 1499 2394 est?

1053 2457 1222 2494 XVII.

534 2543 589 2579 Ad
609 2544 650 2578 L.
678 2554 735 2589 29.
765 2542 796 2592 §.
825 2555 858 2590 3.
885 2542 923 2580 ἅ
946 2556 972 2590 4
993 2544 1033 2580 ff.
1061 2544 1105 2582 ad
1131 2547 1172 2582 L.
1200 2548 1318 2597 Aquil.

33 2637 280 2720 Superioribus
305 2639 465 2672 difficilior
487 2641 565 2673 inihi
593 2641 720 2673 videtui·
738 2641 895 2675 Labeonis

109 2679 277 2718 sententia,
300 2690 390 2722 quam
410 2682 562 2724 Ulpianus
582 2683 694 2715 retulit
713 2684 744 2716 in
764 2686 792 2715 d.
809 2685 830 2715 l.
844 2694 892 2720 29.

33 2724 65 2762 5.
81 2732 111 2764 3.
133 2721 206 2753 Item
220 2745 229 2758 ‚
247 2721 349 2765 inquit
361 2747 371 2763 ‚
395 2724 610 2765 Labeoscribic
621 2749 630 2764 ‚
645 2724 676 2764 fi
689 2736 755 2757 cum
768 2728 803 2758 vi
820 2735 892 2757 ven-

34 2769 131 2794 torum
144 2766 234 2794 navis
253 2765 379 2804 impulsa
397 2765 465 2806 effen
481 2768 513 2798 in
522 2768 619 2806 funes
636 2769 834 2800 anchorarum
849 2769 892 2799 al-

34 2805 150 2842 terius,
171 2804 206 2839 &²
223 2814 319 2836 nautae
328 2807 422 2843 funes
433 2809 633 2850 praecidzffent
649 2833 658 2848 ‚
679 2809 710 2849 fi
732 2812 813 2843 nullo
836 2812 894 2843 alio

33 2847 134 2884 modo,
155 2845 212 2884 mfi
229 2847 355 2887 proeczfis
370 2850 537 2891 funibus,
556 2853 751 2894 explicarese
761 2854 863 2895 potuit
883 2877 892 2892 ‚

34 2887 150 2935 nuilam
179 2887 319 2920 astionem
345 2891 484 2924 dandam.
540 2893 588 2926 Ita
618 2895 758 2926 creditur
786 2894 894 2927 Labeo

34 2928 200 2976 scriptule,
234 2930 264 2961 δε
285 2930 329 2962 ita
349 2941 472 2976 quoque
495 2934 658 2969 Labonem
673 2937 825 2969 exhibent
839 2938 894 2969 Ba-

34 2970 114 3017 s¹¹¹‘.³¹
149 2971 184 3017 L:
208 2970 291 3015 LIiI.
325 2972 359 3003 T.
384 2973 422 3006 11.
455 2977 486 3008 C.
510 2986 562 3013 29-
599 2978 628 3018 §.
652 2988 683 3011 2.
714 2978 765 3010 sed
789 2988 828 3010 an
852 2978 896 3010 ita

34 3010 192 3054 scripserit
218 3012 314 3060 vaide·
333 3013 482 3062 dubitem.
525 3017 684 3053 Definiret
708 3030 744 3052 ea
758 3019 893 3061 scriptu-

33 3063 88 3100 ra,
119 3060 226 3086 nautas
241 3074 260 3100 ³,
282 3064 315 3086 Vl
336 3063 505 3091 ventorum
530 3059 563 3093 in
592 3062 713 3095 alienos
729 3061 821 3094 funes
839 3062 895 3094 im-

33 3093 159 3136 pulsos,
182 3094 205 3126 fi
220 3095 310 3140 aliter
326 3094 357 3128 se
373 3099 519 3138 expedire
534 3111 706 3143 nequeant,
724 3102 824 3136 >funes
839 3103 896 3135 im-

27 3135 316 3184 *pune'praecidere
360 3137 498 3184 Nescio,
527 3153 565 3175 an
584 3144 615 3180 id
631 3144 726 3177 facile
744 3144 897 3186 explicari

27 3177 126 3225 possit
152 3187 193 3208 cx
217 3186 284 3209 arte
305 3178 404 3219 Jur153
437 3183 625 3226 nulloenim
640 3187 737 3219 modo
752 3186 899 3217 videban-

36 3225 87 3252 tur
101 3227 228 3261 impune
241 3218 333 3254 funes
352 3223 525 3262 praecidere
537 3248 548 3265 ,
571 3226 640 3266 sed,
664 3227 807 3269 quamvis
824 3226 856 3260 se
869 3236 899 3260 a·

938 2643 1013 2689 litei·
1035 2644 1194 2687 explicare
1221 2656 1285 2679 non
1312 2647 1427 2691 poliint
1445 2673 1456 2690 ,
1491 2657 1593 2682 tamen
1611 2647 1742 2681 domiuo
1765 2645 1813 2679 fu-

937 2694 1032 2732 niuin‘
1043 2688 1159 2727 teneri,
1184 2698 1249 2720 non
1268 2697 1389 2722 tantum
1413 2691 1452 2722 de
1471 2690 1622 2729 funibus,
1648 2689 1702 2721 suo
1726 2689 1813 2721 facio

937 2727 1089 2775 pi‘aeciiis,
1114 2739 1226 2762 verum
1243 2732 1273 2764 ἅ
1289 2733 1328 2763 de
1343 2732 1467 2773 reliquo
1481 2733 1595 2764 damno
1607 2756 1616 2770 ,
1642 2731 1726 2772 quod
1741 2731 1815 2762 inde

936 2779 1103 2811 provenit:
1128 2781 1229 2806 neoue
1248 2774 1331 2805 enim
1353 2773 1501 2806 dominus
1529 2772 1654 2804 funium
1673 2772 1737 2813 pati
1757 2782 1811 2803 co-

937 2811 1023 2853 gitur
1048 2811 1142 2860 funes
1168 2807 1240 2845 suos
1266 2815 1382 2853 incidi,
1418 2815 1473 2846 nisi
1499 2814 1685 2845 conditione
1699 2813 1753 2846 iibi
1773 2824 1813 2845 ae-

937 2862 1006 2898 qua.
1052 2853 1077 2885 'i
1089 2864 1127 2894 u,
1152 2863 1188 2887 ut
1203 2856 1310 2887 navim
1329 2864 1414 2887 tuam
1431 2856 1589 2894 cimices,
1614 2864 1716 2886 meam
1731 2864 1811 2896 prae-

937 2894 1007 2926 eisis
1036 2894 1166 2928 funibus
1189 2897 1321 2936 objicies
1351 2897 1495 2937 periculo
1515 2920 1524 2936 ,
1567 2898 1597 2928 <jc
1612 2896 1742 2938 impune
1759 2896 1811 2928 da-

938 2945 1048 2969 mnum
1073 2937 1159 2968 dabis
1177 2937 1194 2968 ‘3
1225 2937 1294 2969 sane
1320 2937 1340 2970 fi
1366 2938 1455 2969 navis
1480 2938 1512 2969 vi
1538 2938 1657 2978 majore
1672 2961 1682 2977 ,
1706 2945 1742 2970 ut
1759 2937 1814 2970 hic

938 2979 1026 3009 venti
1044 3002 1054 3018 ,
1085 2979 1117 3010 iri
1145 2978 1274 3010 alterius
1291 2989 1400 3010 arvum
1422 2978 1522 3010 fuerit
1536 2979 1639 3011 delata
1651 3003 1660 3018 ,
1675 2989 1748 3012 ‚non
1766 2989 1814 3011 re-

937 3019 986 3051 eie
1016 3028 1139 3060 repetes
1157 3043 1166 3058 ,
1200 3019 1255 3051 nifi
1280 3019 1447 3051 defuturo
1467 3020 1582 3053 damno
1599 3030 1710 3053 caveas
1735 3022 1744 3052 l
1777 3032 1812 3062 5.

941 3062 1014 3100 §.4
1032 3061 1073 3103 ff.
1096 3063 1133 3092 ad
1148 3061 1260 3092 Exhib.
1306 3062 1350 3093 Et
1382 3069 1484 3093 tamen
1519 3062 1626 3095 Labeo
1658 3062 1785 3096 dixiss'et
1801 3087 1812 3102 ‚

938 3101 1030 3133 funes
1050 3102 1238 3143 praecidere,
1264 3103 1396 3135 omnino
1413 3112 1506 3134 extra
1530 3103 1654 3145 culpam
1671 3104 1751 3143 esse3
1776 3105 1812 3136 ii<

939 3143 970 3176 le
994 3143 1116 3176 scilicet
1141 3143 1248 3176 Labeo
1267 3169 1275 3184 ‚
1309 3145 1381 3186 qui,
1406 3152 1519 3176 contra
1536 3145 1670 3178 aliorum
1692 3144 1813 3178 senten·
1861 3157 1866 3160 ·

942 3185 1038 3224 tiam,
1062 3187 1094 3218 in
1120 3187 1141 3217 l.
1160 3197 1190 3228 3.
1221 3187 1239 3226 §3
1271 3197 1299 3228 7.
1323 3187 1363 3228 ff.
1387 3188 1422 3217 de
1448 3186 1566 3218 Incensi.
1597 3190 1679 3219 ruin.
1701 3188 1812 3227 manfr.

940 3228 1092 3270 negabat,
1116 3237 1156 3265 ne
1173 3228 1298 3269 quidem
1316 3236 1390 3261 orto
1401 3228 1547 3262 'incendio
1564 3229 1651 3271 posse
1672 3228 1812 3302 ine,sdca

1763 3280 1815 3303 eu«
