2008 3436
419 110 820 149 CORNELII
895 120 1005 147 van

169 197 243 227 EOEI.
268 194 298 225 ἅ
317 192 424 234 quidni
443 194 538 225 etiam
561 192 668 225 addam
698 193 718 224 i.
742 202 792 233 44.
820 190 862 232 ff.
895 190 1034 236 Mona?

168 246 236 275 quae
256 235 319 273 ait,
342 235 451 266 dolum
467 234 546 272 effe,
569 234 591 266 fi
608 234 676 275 quis
696 243 760 265 non
779 240 921 273 exegerit
932 254 943 270 ,
960 233 1032 273 quod

165 278 281 317 exigere
299 298 310 313 ,
324 275 439 317 solvere
451 299 462 315 ,
492 276 582 308 nullo
600 276 691 317 plane
708 273 805 306 sensu.
851 273 932 305 Loci
948 282 1032 304 men-

165 317 249 355 doli,
275 315 297 348 si
315 317 385 358 quis
399 316 536 359 uspiam,
561 317 647 348 varie
667 324 786 348 tentata
802 315 956 346 medicina
973 313 1029 353 est,

162 358 264 389 nolim
282 358 393 390 euntia
408 359 547 398 referre,
571 358 620 389 vis
638 358 736 397 major
761 356 878 397 ubique
898 355 1033 396 pelluce-

162 399 229 439 bit,
254 399 308 431 nifi
316 399 430 440 solvere
448 410 559 442 parva,
580 409 618 431 an
633 399 718 430 nulla
737 398 913 429 mutatione
927 419 938 434 ,
964 406 1032 441 ver-

166 448 213 472 tas
228 441 397 481 infiriuere,
421 452 479 482 pro
489 442 573 483 soliti
585 440 661 481 sunt
684 450 702 471 a
717 440 821 481 Λίσος
843 438 935 483 dolus
951 435 1033 482 scili-

162 490 216 513 cet
243 482 289 513 est
306 506 315 521 ‚
330 509 333 513 .
351 482 386 514 fi.
415 483 462 514 uis
483 493 546 514 non
569 482 696 523 exigat,
729 479 814 521 quod
834 479 885 510 alii
905 487 1032 518 exigere

163 522 237 555 sunt
257 523 353 555 soliti.
418 524 500 555 Varro
519 524 557 555 de
581 523 621 554 L.
649 522 688 553 L.
714 522 801 552 Lior.
825 519 912 551 VlH.
932 525 963 559 p.
988 529 1026 550 ni.

167 574 237 606 123.
264 565 308 596 ita
329 565 422 597 infit:
473 567 587 596 uoniam
605 560 646 603 eft
669 571 788 600 SOLEO‚
813 566 919 601 oportet
943 561 1002 606 clici
1017 583 1027 598 ‚

165 615 266 638 soLUI
281 628 292 644 ‚
310 612 342 637 ut
363 607 432 637 Cato
451 576 487 640 ἔπ’)
508 602 771 644 Erimusscribzmt
784 625 795 641 ‚
826 612 884 632 nori
908 606 941 632 ut
954 602 1028 631 dicit

164 647 272 689 ‘vulgus
284 670 294 685 ,
317 657 456 678 sou'rus
480 655 558 678 SUM.
585 645 628 676 Et
647 643 688 676 fic
700 643 745 675 est
757 644 788 675 in
804 644 862 674 illo
873 641 1027 680 sallustii,

161 690 249 740 quod
267 699 307 719 ex
329 686 441 728 HJ'Jior.
469 687 558 718 L.H.
579 685 624 717 est
637 685 718 726 apud
736 684 927 716 Priscianum
941 684 1026 714 [Aer.

162 729 207 761 A.
234 727 465 771 nequesiilrfiuiir
482 729 526 758 uti
538 727 669 769 soluerat
685 725 861 766 compositis,
884 733 942 765 pro
960 725 1029 770 joli-

144 771 338 810 mussitem&
361 769 524 810 praeterito
549 768 586 800 ad
605 766 738 809 praesens
757 768 945 807 componto,
970 765 1027 805 JC-

160 819 213 843 tos
231 820 353 842 veteres
369 810 566 850 antiquitatis
582 807 927 845 fuiffestudiosissinios‚
949 812 986 838 al)
999 817 1028 839 a·

161 852 213 883 liis
236 852 338 893 passizn
358 850 404 882 est
431 851 601 890 traditum,
626 851 656 882 ἂ
671 849 793 881 constat
811 859 850 881 ex
873 848 1027 889 Conjuga-

160 894 285 924 tionum
298 892 470 932 exemplis,
494 903 562 934 quae
580 893 695 931 attuli,
718 891 748 923 ἃ
765 891 803 922 de
821 892 1028 932 quibusnune

160 933 263 966 solum
281 943 371 975 agere
387 933 597 965 constitutum
613 942 689 965 erat.

202 976 347 1016 Species,
373 984 466 1015 quam
487 976 639 1016 proponit
658 973 791 1007 Alfenus
809 998 819 1013 ‚
854 973 906 1004 vel
925 982 965 1004 ex
989 983 1027 1005 eo

159 1016 275 1049 Paulus
295 1017 516 1058 Epitomator‚
541 1017 599 1048 vix
619 1017 739 1057 indiget
756 1016 939 1056 interprete.
960 1014 1027 1046 Du-

157 1058 229 1089 bito
255 1065 358 1090 tamen
379 1081 388 1096 ,
429 1067 466 1089 an
489 1067 556 1089 eam
573 1058 656 1089 reete
675 1056 947 1098 repraesentaverit
965 1056 1027 1087 Sal-

159 1099 269 1131 maiius
288 1096 496 1140 Disquaefitione
514 1101 547 1130 de
567 1099 674 1130 Μἰιῑτιο
694 1105 724 1139 p.
750 1109 787 1129 m.
814 1102 863 1132 28-
911 1097 948 1128 In
973 1108 1026 1127 na-

159 1150 247 1178 vem,
271 1141 395 1182 inquit,
419 1140 535 1183 Scizifeji
554 1140 699 1172 Naziclerz'
716 1139 903 1180 frumentum
923 1138 1023 1178 plures

159 1188 330 1213 mercatores
348 1181 540 1222 impty‘oerant
559 1204 570 1220 ,
591 1181 646 1222 sed
676 1182 708 1212 in
729 1182 822 1211 eodem
842 1189 963 1218 acervo,
989 1179 1025 1214 &²

160 1223 319 1265 consulam.
366 1222 505 1266 Saufejiis
525 1224 578 1256 uni
599 1232 636 1256 ex
654 1222 699 1254 his
715 1223 904 1264 frumentum
927 1221 1022 1252 recidi-

178 129 247 161 250

771 1333 1123 1371 CAPUT

1078 110 1683 149 BYNKERSHOEK

1075 193 1158 223 derat
1167 192 1199 222 de
1213 193 1356 223 communi
1366 215 1377 230 ‚
1398 193 1430 222 in
1447 193 1489 223 ali
1511 202 1542 222 uo
1551 192 1669 233 scilicet
1683 197 1769 234 portu
1780 214 1790 231 ,
1808 196 1845 226 ad
1857 206 1935 237 quem

1066 233 1100 274 se
1116 231 1181 273 fisti
1198 255 1208 270 ,
1245 233 1281 267 &³
1303 235 1351 264 ubi
1367 233 1455 274 stium
1476 202 1534 272 sihi
1546 234 1733 274 frumentum
1754 244 1773 264 a
1793 234 1937 270 Nauciero

1073 276 1156 305 reaciz'
1165 276 1331 315 pepigerat.
1365 272 1470 315 Postea
1486 276 1573 305 navis
1587 276 1702 314 periit,
1725 276 1793 306 dum
1810 278 1847 307 ad
1865 279 1935 310 uite-

1073 317 1152 346 riora
1168 317 1284 353 tendit,
1306 325 1357 356 quo
1379 316 1473 346 caleri
1489 321 1589 355 nempe
1615 322 1786 346 mercatores
1803 317 1938 357 frumen-

1078 363 1139 387 tum
1153 356 1242 396 situm.
1265 357 1481 397 per-vehendum
1500 357 1692 395 locaverant,
1713 355 1856 398 quaefitum
1877 358 1939 400 est,

1077 407 1116 428 an
1134 399 1228 428 caeteri
1242 404 1294 437 pro
1306 398 1365 438 st'ca
1378 404 1465 438 parte
1482 398 1633 437 frumenti
1652 407 1717 428 cum
1735 404 1828 429 nauta
1851 409 1936 443 agere

1070 437 1181 478 poffent
1203 441 1295 470 oneris
1318 438 1415 478 aversi
1427 439 1443 471 ἑ)
1472 439 1504 471 Si
1532 439 1576 470 ita
1593 438 1765 470 constituas
1782 439 1913 480 speciem
1925 464 1938 484 ,

1075 489 1139 510 non
1154 479 1389 519 animadverto,
1413 480 1675 521 quemadmodum
1696 480 1753 511 ulli
1775 481 1938 521 quaestioni

1071 519 1222 561 potuisset
1236 520 1297 552 ess'e
1314 522 1423 560 locus,
1448 521 1469 553 fi
1485 530 1596 562 nempe
1613 521 1730 563 fingas,
1757 523 1874 561 navim>
1887 533 1938 564 pe-

1071 561 1172 599 riiffe,
1193 561 1267 592 dum
1282 562 1342 592 iter
1362 561 1556 604 persequitur
1571 562 1609 593 ad
1621 562 1805 594 ulteriorem
1819 563 1940 605 locum,

1072 611 1135 643 quo
1152 602 1249 633 ceteri
1266 601 1463 635 frumentum
1479 602 1567 635 suum
1584 604 1750 635 exonerari
1773 605 1938 637 mandave-

1072 650 1161 682 rant,
1171 653 1230 684 qua
1243 642 1352 675 fronte
1367 645 1451 676 enim
1466 653 1543 676 tunc
1553 645 1617 676 ulla
1628 652 1826 686 competeret
1838 646 1938 679 atrio?

1073 684 1127 716 Sin
1149 692 1253 715 autem
1273 686 1377 724 dicas,
1402 693 1438 717 ut
1453 685 1535 717 dixit
1553 686 1707 718 Vivianus
1724 686 1757 718 in
1779 686 1871 727 Casu,
1887 697 1938 720 na-

1072 734 1146 757 vem
1161 725 1311 767 appulisse
1332 726 1370 757 ad
1394 734 1542 767 portum,
1570 728 1625 759 ubi
1646 727 1793 759 omnious
1811 729 1938 762 redden-

1072 766 1146 798 dum
1173 775 1240 798 erat
1272 767 1491 806 frumentum,
1521 769 1551 800 <Sc
1569 767 1733 810 postquam
1750 768 1804 800 uni
1822 792 1833 808 ‚
1857 778 1940 802 cete-

1073 808 1114 839 ris
1138 807 1224 839 forte
1245 808 1278 839 in
1305 808 1461 854 exigendo
1479 809 1700 850 diligentiori,
1725 809 1802 841 esset
1819 811 1942 844 reddita
1975 831 1977 836 -

1072 847 1124 880 sua
1139 850 1296 890 quantitas
1311 873 1322 889 ,
1346 860 1451 881 navim
1465 874 1475 889 ,
1500 858 1613 882 exorta
1630 851 1717 892 gravi
1737 850 1940 893 tempestate,
1982 864 1985 869 ·

1073 890 1103 921 δε
1118 890 1219 930 ruptis
1234 889 1321 922 forte
1340 891 1547 923 anchorarum
1564 891 1713 931 funibus,
1726 891 1851 933 periisse
1868 902 1942 927 cum
1968 917 1986 924 1.

1982 876 1993 899 3,

1071 931 1193 972 reliquo
1211 930 1374 963 frumento
1391 956 1400 971 ,
1424 933 1486 972 jam
1506 933 1710 964 commodum
1734 933 1830 974 quaeri
1851 941 1942 975 pote·
1970 929 1983 970 ᾖ

1071 972 1113 1002 rit
1129 995 1138 1010 ‚
1173 973 1271 1004 ceteri
1297 982 1489 1006 mercatores
1512 973 1660 1006 adversus
1694 981 1820 1006 nautam
1849 985 1940 1017 agere

1071 1013 1183 1054 pofiint
1200 1036 1209 1053 ,
1244 1023 1304 1045 nec
1326 1025 1365 1046 ne
1380 1016 1396 1046 ἱ)
1423 1025 1493 1047 nam
1516 1016 1603 1056 quod
1620 1014 1777 1054 restituit,
1802 1015 1941 1049 restituit:

1070 1064 1109 1085 eo
1131 1055 1205 1086 loco
1222 1079 1232 1095 ,
1267 1055 1320 1086 ubi
1346 1056 1494 1089 omnibus
1522 1058 1558 1087 ad
1578 1057 1811 1088 restitutionem
1833 1065 1949 1099 parata>

1069 1104 1136 1126 erat
1155 1097 1259 1135 actio,
1281 1097 1310 1128 ἅ
1326 1097 1462 1129 rellituit
1476 1099 1509 1128 cle
1528 1099 1669 1128 communi
1683 1122 1692 1137 ,
1718 1096 1769 1129 sed
1792 1098 1854 1130 hoc
1875 1099 1936 1131 effe

1066 1137 1307 1179 intelligendum
1327 1138 1365 1169 de
1388 1140 1530 1169 communi
1558 1149 1661 1170 acer-vo
1672 1161 1685 1178 ,
1714 1148 1778 1170 non
1795 1140 1834 1171 de
1851 1149 1939 1172 com·
1971 1141 1975 1147 ’

1066 1179 1154 1211 muni
1181 1179 1322 1210 omnium
1343 1188 1554 1212 mercatorum
1572 1180 1735 1213 frumento
1751 1203 1763 1220 ,
1795 1190 1874 1214 mox
1891 1182 1937 1215 di·
1983 1186 1992 1219 ζ

1067 1219 1206 1260 sputabit
1225 1219 1291 1261 ipse
1307 1219 1450 1252 Alfenus.

1219 1333 1313 1369 111.

230 1426 289 1463 Ad
315 1427 462 1464 eandem
486 1428 506 1463 i.
535 1426 590 1464 his
609 1426 743 1464 verbis.-
767 1423 946 1474 Quaefitunz
966 1423 1030 1473 est,
1055 1436 1097 1460 an
1117 1425 1218 1460 ceteri
1231 1433 1289 1471 pro
1297 1423 1364 1471 sua
1384 1433 1478 1473 parte
1483 1423 1652 1472 frumenti
1673 1436 1742 1461 cum
1762 1430 1866 1462 nauta

717 1499 814 1533 agere
836 1486 962 1534 poffimt
980 1489 1084 1523 oneris
1104 1483 1208 1531 averfi
1224 1487 1344 1522 afflone
1363 1487 1382 1521 .9

220 1585 309 1627 offunt
325 1586 408 1633 legas
419 1610 429 1627 ,
453 1594 490 1619 ut
508 1587 623 1628 legitur
639 1585 810 1618 Florentiae
827 1608 837 1624 ,
868 1595 905 1617 an
920 1584 1024 1627 poffint

236 1628 406 1669 velpoſjenr
423 1651 435 1667 ,
468 1637 504 1660 ut
521 1629 566 1660 est
584 1629 614 1660 in
632 1627 701 1659 aliis
717 1627 823 1659 Libris
836 1650 846 1666 ,
878 1626 970 1658 editis
993 1627 1024 1658 &

154 1670 247 1703 vMSS.
272 1670 352 1702 nihil
372 1679 560 1711 magnopere
577 1667 713 1701 interest.
761 1667 834 1700 Plus
851 1667 929 1699 scire
950 1668 1022 1699 atti-

155 1720 230 1750 net,
252 1720 320 1752 quae
347 1710 446 1742 fucrit
462 1713 556 1743 oneris
578 1709 674 1749 aversi
694 1709 768 1741 acrio
781 1732 793 1748 ,
826 1709 864 1740 de
889 1718 949 1750 qua
971 1709 1025 1740 hic

156 1753 267 1790 audiS,
291 1752 321 1783 &
339 1752 432 1792 alibi,
459 1753 543 1794 quod
561 1751 675 1791 sciam,
700 1750 850 1792 nuspiam.
874 1750 933 1782 Per
950 1759 1024 1781 con-

153 1794 286 1834 jefturas
305 1802 353 1825 res
368 1793 458 1825 transi
475 1794 559 1833 ⁶enda
573 1793 619 1825 est
660 1801 731 1824 nam
750 1800 836 1823 certa
857 1791 1023 1823 auctorita-

154 1844 188 1866 te
204 1833 412 1866 destituimur.
457 1804 555 1881 {uod
578 1834 609 1866 in
626 1817 698 1866 MS.
721 1843 793 1864 meo
817 1831 964 1864 Gloffato
982 1832 1024 1863 le-

409 1876 504 1949 1quod
518 1876 548 1908 ὅ(
564 1874 664 1917 ipsum
681 1880 810 1907 notatur
826 1875 907 1905 inter
923 1873 1024 1905 varias

177 1885 245 1907 atur
262 1875 395 1914 adverst,

443 1916 625 1949 aloandrum
636 1939 646 1955 ‚
666 1916 783 1947 vitium
799 1914 961 1956 scripturae
977 1924 1023 1946 es-

169 1918 305 1949 ectiones
323 1916 393 1959 post

153 1957 185 1991 se
211 1958 336 1999 opinor.
380 1958 477 1990 Forte
501 1959 531 1991 ἃ,
559 1956 724 1990 Accurfius
748 1957 779 1988 in
803 1955 955 1996 ejusmodi
982 1956 1023 1987 le-

154 1999 293 2030 {tionem
311 1999 440 2039 incidit,
461 2009 533 2031 cum
551 2000 615 2037 ait,
628 1998 676 2029 vel
694 1999 803 2029 dicitur
822 2006 969 2029 ADVERSI
986 1998 1023 2028 ab

154 2049 410 2073 ADVERSITATE.
456 2039 575 2072 Melius
593 2039 648 2071 ille
663 2039 749 2070 addit
766 2037 860 2077 ajoerfi
878 2039 916 2070 ab
940 2048 1023 2070 aver-

155 2087 183 2111 to
196 2103 207 2119 5
237 2082 267 2111 ici
288 2079 328 2121 est
345 2103 356 2119 ,
387 2091 523 2113 removeo.
570 2081 716 2112 Avertere
741 2078 891 2111 tralatitia
909 2079 1021 2119 fignifi-

155 2122 282 2163 catione
301 2122 382 2163 apud
396 2123 548 2154 Auctor-es
566 2121 690 2153 nostros
708 2121 738 2153 ἃ
754 2127 901 2160 exteros,
915 2120 959 2152 est
977 2122 1022 2151 in-

156 2164 294 2203 tercipere
310 2185 320 2201 ,
355 2174 496 2195 ccmo-vere.
551 2162 764 2194 Auctoritates
794 2161 913 2193 Lexica
941 2161 1021 2193 suffi-

155 2204 254 2235 cient.
290 2203 402 2244 'Ipsum
431 2215 499 2236 onus
518 2210 649 2235 avertere
674 2202 718 2234 est
742 2204 822 2243 apud
847 2203 1020 2234 Tertullia-

155 2255 231 2276 num
250 2245 386 2286 adverstes
407 2246 592 2277 Marcionem
613 2245 652 2276 L.
676 2244 714 2275 V.
746 2246 776 2275 C.
807 2253 833 2275 1.
855 2252 890 2275 ut
902 2243 1021 2276 &Bris-

156 2285 262 2318 sonius
291 2287 444 2326 notavit,
477 2287 507 2318 &
535 2285 574 2317 G.
601 2285 784 2317 Pancirolus
813 2285 852 2316 L.
878 2284 916 2316 ΙΙ.
943 2285 1021 2317 Var.

155 2327 240 2359 Leti.
267 2328 298 2359 C.
320 2338 373 2369 43.
417 2328 493 2369 Agit
511 2327 555 2358 ibi
571 2326 789 2359 Tertullianus
807 2327 845 2357 de
865 2336 898 2357 re
921 2326 1022 2358 nauti-

158 2378 195 2400 ca
204 2392 213 2407 ‚
237 2372 416 2411 quamohrem
424 2393 434 2409 ‚
459 2369 561 2410 inquit
572 2392 582 2407 ‚
595 2368 717 2399 Pontice
732 2367 879 2399 Nauciere
890 2366 934 2406 ,fi
948 2377 1021 2398 nun-

157 2420 243 2451 quam
254 2411 393 2450 furtivas
411 2420 517 2442 merces
529 2410 577 2442 vel
591 2410 714 2441 illicitas
729 2410 761 2440 in
778 2415 875 2439 acatos
893 2415 957 2439 tuas
974 2418 1018 2440 re-

157 2449 277 2491 cepisti,
293 2449 322 2489 fi
338 2452 450 2482 nullum
465 2452 578 2482 omnino
596 2460 665 2482 onus
685 2447 820 2490 avertisti
838 2450 886 2481 vei
905 2450 1017 2481 aduite-

156 2490 228 2532 rasti
253 2493 315 2524 &tu
361 2492 409 2523 Ad
428 2502 496 2534 quae
510 2516 520 2531 ‚
544 2502 611 2523 onus
636 2489 771 2531 avertisti
788 2513 800 2529 ,
821 2491 904 2522 reete
928 2498 1019 2522 notat

155 2534 271 2566 Beatus
290 2532 457 2564 Rhenanus
475 2557 484 2573 ‚
501 2533 639 2574 sarcinas
661 2533 807 2574 intelligit
824 2554 836 2570 ,
858 2542 918 2573 quae
935 2533 1022 2563 navi-

157 2577 207 2605 bus
226 2576 266 2605 im
288 2580 412 2606 onzmtur
423 2596 434 2612 ‚
455 2576 487 2605 in
511 2575 685 2616 longinquas
710 2573 859 2615 Regiones
881 2574 1022 2604 devehen-

155 2617 217 2654 clae,
241 2580 385 2656 &escum
406 2616 446 2646 ha·
469 2625 675 2656 nonnunquam
689 2616 724 2644 ab
742 2613 809 2654 ipsis
823 2615 1022 2646 nauclerisin-

157 2658 274 2698 tercipi.
293 2656 344 2688 Ex
361 2665 423 2697 quo
441 2656 517 2688 loco
534 2654 747 2693 Tertulliani,
771 2656 800 2686 dc
815 2654 904 2686 simul
923 2655 1020 2687 notis'-

155 2697 231 2731 sima
252 2699 405 2728 avertendi
418 2697 644 2738 significatione
659 2704 717 2736 pro
733 2697 857 2726 adimere
867 2717 878 2733 ‚
892 2696 1023 2735 azeferre,

151 2745 318 2779 pervertere
330 2762 340 2777 ,
360 2738 450 2776 satis,
467 2739 599 2780 opinor,
615 2735 757 2774 constat,
774 2735 948 2767 Antonium
966 2736 1021 2768 Fa-

157 2781 248 2811 brum
262 2780 385 2811 Ration.
406 2780 443 2812 ad
459 2780 486 2810 h.
512 2779 595 2821 l.31.
618 2777 744 2819 prolixe
757 2776 849 2822 falli,
874 2786 946 2808 cum
966 2786 1023 2817 pu-

158 2827 224 2859 tat,
259 2821 413 2852 actionem
442 2820 546 2853 oneris
576 2818 673 2851 aversi
700 2819 764 2849 diei
781 2817 818 2848 ab
840 2820 996 2849 avertendo
1011 2840 1023 2857 ,

157 2862 189 2892 id
206 2859 246 2902 esi
262 2884 273 2900 ,
297 2863 340 2892 ita
360 2864 518 2901 vertendo,
540 2861 636 2902 permi
650 2861 736 2891 cencio
764 2857 799 2892 &⁹
816 2860 1023 2897 conturbando,

158 2907 191 2932 ut
212 2904 276 2944 jam
303 2904 457 2944 internosci
484 2912 541 2934 non
585 2912 598 2932 0
620 2907 664 2939 it,
686 2901 827 2942 quodnam
853 2901 935 2942 cujus
955 2910 1024 2931 onus

152 2942 259 2981 suerit.
305 2943 429 2976 Vellem
452 2942 613 2976 indicalet
630 2965 642 2981 ‚
678 2942 730 2973 ubi
749 2946 879 2972 avertere
898 2941 930 2973 in
956 2950 1023 2972 eam

160 2981 345 3016 sententiam
368 2993 532 3023 occurrat,
556 2981 607 3015 sed
625 2992 688 3015 non
704 2982 877 3021 indicavit,
901 2981 930 3014 &
946 2981 1024 3013 mihi

160 3032 222 3053 non
240 3024 348 3064 liquet.
369 3025 412 3056 Et
432 3026 536 3057 oneris
561 3024 657 3058 aversi
679 3024 832 3056 duntaxat
849 3030 1023 3065 competet,

161 3063 214 3093 ubi
235 3073 326 3096 nauta
344 3075 465 3098 merces
483 3065 630 3099 confudit
647 3066 664 3097 ἱ)
694 3064 809 3098 Omnis
827 3065 887 3096 alia
905 3063 1023 3096 averfio

162 3103 192 3133 in
211 3103 340 3151 censum
356 3115 419 3138 non
445 3106 577 3140 veniet?
607 3107 687 3138 Sunt
713 3106 782 3138 haec
805 3105 1024 3146 ejiismodi‚ut

160 3141 269 3187 sci-iam
290 3148 513 3181 multationem
529 3157 594 3182 non
612 3154 797 3179 mereantur.

201 3183 219 3215 X
232 3193 318 3216 erum
331 3186 365 3215 ad
381 3188 454 3226 quid
471 3191 574 3224 oneris
590 3188 686 3223 averli
701 3187 808 3222 attio?
831 3187 863 3220 Si
881 3186 1020 3221 frumen-

1068 1592 1136 1616 tum
1161 1591 1264 1616 nautae
1293 1591 1378 1616 certa
1395 1585 1538 1617 mercede
1558 1584 1820 1618 transvehendum
1842 1582 1934 1617 dede·

1066 1626 1145 1665 rim,
1169 1625 1283 1656 incidit
1301 1634 1336 1657 ea
1352 1636 1400 1658 res
1416 1626 1447 1658 in
1463 1626 1657 1659 locationem
1676 1626 1937 1667 conductionem,

1066 1674 1102 1698 ut
1125 1668 1155 1698 δε
1178 1665 1306 1706 sequens
1321 1666 1427 1698 Alfeni
1451 1666 1622 1708 disputatio
1642 1667 1779 1700 ostendit
1795 1691 1806 1708 ‚
1830 1668 1936 1700 locato-

1067 1718 1128 1739 rem
1149 1716 1286 1747 vocanS,
1311 1708 1364 1748 qui
1384 1717 1502 1740 merces
1518 1709 1675 1742 vehendas
1690 1709 1777 1748 dedit
1789 1731 1801 1747 ,
1830 1710 1937 1742 condu-

1067 1750 1192 1787 aorem,
1220 1749 1273 1789 qui
1298 1750 1429 1790 recepit.
1473 1749 1625 1791 Alioquin
1647 1748 1793 1792 magister
1817 1751 1907 1784 navis
1924 1774 1939 1792 ,

1067 1790 1120 1832 qui
1143 1790 1250 1821 navim
1268 1790 1414 1822 Utendam
1431 1790 1484 1822 dat
1499 1814 1509 1830 ‚
1535 1791 1565 1822 ἀ
1582 1799 1693 1832 operas
1708 1790 1834 1832 praessat
1846 1816 1857 1831 ,
1885 1792 1934 1824 lo-

1067 1839 1157 1863 cator
1172 1831 1308 1870 dicitur,
1335 1832 1365 1863 ἃ
1384 1831 1458 1870 ille,
1483 1832 1538 1873 qui
1553 1833 1627 1863 navi
1638 1833 1805 1874 operisque
1818 1833 1936 1873 utitur,

1068 1872 1243 1905 conductor
1260 1872 1292 1903 in
1316 1873 1335 1904 i.
1364 1882 1410 1904 10.
1430 1879 1479 1913 pr.
1504 1872 1540 1908 ἐπ’)
1560 1874 1589 1915 §.
1616 1883 1641 1905 1.
1666 1872 1703 1908 ὃ)
1724 1883 1754 1905 2.
1770 1872 1811 1914 ff.
1832 1875 1866 1906 de
1890 1874 1936 1907 L.

1067 1915 1162 1946 Rhod.
1184 1914 1217 1944 de
1241 1912 1326 1955 Jaft.
1370 1913 1429 1946 Sed
1447 1914 1511 1946 illae
1538 1914 1766 1956 appellationes
1793 1915 1933 1956 recipro-

1069 1963 1181 1987 cantur
1197 1978 1206 1993 ,
1238 1962 1274 1986 ut
1294 1955 1419 1997 prolixe
1442 1956 1473 1987 id
1496 1963 1715 1997 argumentum
1741 1954 1939 1997 exsequutus·

1065 1996 1110 2028 est
1133 1995 1280 2036 Cujacius
1302 1996 1341 2028 L.
1367 1996 1408 2028 ΙΙ.
1434 1997 1555 2037 Observ.
1584 1997 1614 2028 C.
1640 2001 1692 2031 28.
1737 1997 1858 2038 Siquid
1875 1997 1932 2039 igi-

1066 2046 1117 2069 tur
1143 2038 1323 2079 peccaverit
1350 2045 1466 2077 nauta,
1500 2038 1597 2070 locati
1620 2038 1744 2069 actione
1766 2037 1937 2072 videbatur-⁴

1065 2078 1127 2110 ess‘e
1148 2078 1373 2119 experiundum
1393 2103 1403 2117 ‚
1427 2087 1496 2111 nam
1509 2077 1539 2117 fi
1560 2086 1614 2110 res*
1625 2079 1818 2120 perferendas
1837 2076 1937 2111 nautii

1064 2121 1203 2151 condierit
1220 2142 1230 2158 ‚
1263 2129 1300 2150 ex
1320 2120 1410 2151 locato
1435 2121 1624 2151 convenietur
1658 2120 1677 2151 l.
1702 2131 1733 2162 3.
1772 2120 1802 2162 §.
1829 2129 1841 2152 1
1887 2120 1924 2162 ff

1065 2161 1162 2193 Naut.
1185 2166 1269 2200 caup.

1064 2202 1127 2233 cati
1146 2201 1176 2233 &
1192 2201 1301 2233 dolum
1318 2203 1348 2234 ὅ(
1367 2203 1491 2244 culpam
1509 2202 1659 2234 vindicet.
1691 2202 1751 2235 Sed
1775 2202 1933 2236 acrionem

1064 2243 1168 2275 oneris
1196 2243 1291 2275 aversi
1320 2243 1443 2275 actione
1480 2244 1576 2275 locati
1611 2240 1703 2275 fuiffe
1732 2244 1934 2286 pinguiorem

1064 2294 1129 2316 non
1151 2283 1215 2323 est,
1247 2285 1332 2325 quod
1360 2284 1549 2316 dubitemus.
1595 2283 1630 2317 In
1658 2285 1788 2325 duplum
1810 2284 1934 2325 fuisse,

1066 2325 1213 2366 Cujaeius
1229 2325 1362 2357 credidit
1385 2325 1424 2357 L.
1440 2325 1510 2357 VII.
1536 2325 1659 2367 Observ.
1682 2326 1933 2368 C.39.&Comm.

1065 2367 1102 2398 ad
1125 2367 1146 2398 l.
1167 2376 1199 2406 5.
1225 2367 1258 2398 C.
1278 2368 1311 2398 de
1336 2367 1482 2398 Navicui.
1505 2367 1542 2398 ad
1561 2367 1742 2407 exemplum
1762 2365 1885 2398 scilicet
1898 2376 1930 2398 a·

1061 2408 1176 2439 &ionis
1195 2406 1275 2440 furti
1286 2430 1298 2446 ,
1315 2408 1386 2449 quia
1403 2409 1522 2440 aversio
1539 2408 1583 2439 est
1596 2407 1741 2448 proxima
1759 2405 1860 2438 furto.
1871 2407 1930 2438 At-

1061 2458 1121 2490 que
1138 2448 1209 2480 inde
1227 2457 1340 2490 putat,
1371 2449 1526 2480 actionem
1545 2448 1656 2480 oneris·
1674 2446 1770 2479 averfl
1796 2447 1937 2480 neceffa-.

1061 2491 1139 2522 riam
1155 2499 1220 2521 non
1236 2489 1347 2528 fuisse,
1370 2499 1442 2521 cum
1460 2499 1524 2520 non
1538 2488 1679 2528 constet,
1702 2489 1868 2530 quicquam
1878 2489 1933 2521 ha-

1063 2530 1161 2562 buiffe
1179 2539 1237 2571 pro
1262 2531 1351 2563 rium.
1377 2530 1559 2561 Franciscus
1581 2529 1752 2562 Connanus
1770 2530 1928 2563 comment.

1065 2571 1138 2613 Jur.
1163 2573 1253 2603 Civi.
1281 2572 1322 2603 L.
1347 2570 1418 2603 VII.
1446 2571 1477 2602 C.
1506 2579 1554 2602 11.
1584 2581 1614 2602 n.
1639 2581 1670 2608 9.
1693 2577 1824 2612 propter
1849 2580 1930 2603 onus

1064 2611 1206 2644 aversum
1228 2613 1258 2644 δε
1280 2612 1358 2644 furti
1374 2636 1384 2651 ,
1419 2612 1448 2644 &
1464 2612 1567 2644 oneris
1584 2611 1681 2644 aversi
1698 2611 1852 2644 actionem
1870 2611 1932 2644 effe

1063 2653 1242 2693 existimat,
1267 2661 1432 2694 utramque
1450 2654 1489 2684 ad
1506 2654 1626 2683 eundem
1648 2651 1741 2693 finem
1760 2675 1772 2691 ‚
1803 2652 1839 2688 ΕΡ
1855 2651 1930 2696 ιῘωέ

1064 2697 1128 2727 ciem
1141 2700 1255 2735 prenae,
1283 2700 1316 2724 ut
1327 2694 1406 2735 satis
1421 2694 1530 2734 futura
1557 2693 1721 2735 effletaftio
1738 2694 1847 2734 furti,
1873 2691 1932 2732 nis}

1058 2737 1137 2779 juris
1145 2735 1300 2776 subtilitas
1314 2735 1539 2778 refragaretur,
1566 2745 1617 2776 quo
1634 2735 1702 2778 jure
1719 2735 1839 2775 furtum
1861 2732 1934 2775 desii

1064 2779 1147 2808 nitur
1165 2776 1215 2817 effe
1235 2785 1506 2808 CONTRECTATIO
1532 2785 1590 2808 nar
1614 2785 1779 2814 ALIENAE,
1799 2780 1831 2806 ut
1849 2776 1932 2808 nemci

1065 2819 1098 2849 in
1114 2828 1144 2849 re
1155 2821 1215 2858 Jua
1226 2818 1349 2858 propria
1360 2815 1442 2858 poffit
1459 2817 1534 2848 iilud
1552 2818 1741 2848 committere.
1786 2815 1831 2848 At
1859 2815 1931 2859 quid

1065 2859 1198 2890 locantur
1219 2859 1345 2899 quaeclam
1369 2868 1415 2888 res
1438 2859 1482 2888 ita
1497 2881 1507 2897 ,
1542 2864 1575 2889 ut
1598 2868 1697 2889 earum
1717 2858 1875 2889 dominium
1891 2855 1931 2890 ad

1066 2898 1262 2931 conductorem
1281 2899 1497 2939 tranrl'eratur,
1512 2900 1543 2930 in
1563 2900 1666 2941 quibus
1680 2904 1778 2930 tamen
1788 2898 1908 2939 furtum

1066 2946 1117 2972 aut
1138 2941 1236 2971 verius
1246 2939 1333 2979 furto
1345 2939 1471 2978 similem
1488 2941 1604 2981 culpam
1621 2938 1656 2974 ἃ
1671 2939 1814 2980 fraudem
1836 2945 1902 2982 pote

1067 2983 1240 3012 committere
1250 3003 1261 3019 ‚
1273 2982 1395 3023 dignam
1413 2981 1528 3023 Legum
1545 2978 1794 3018 animadverfione
1806 3002 1818 3019 ‚
1834 2981 1928 3023 vistim

1065 3020 1106 3063 est
1121 3023 1153 3053 in
1171 3022 1247 3052 hunc
1267 3031 1372 3063 quoque
1390 3022 1512 3053 actionis
1519 3022 1605 3062 furti
1620 3023 1682 3052 vim
1701 3019 1737 3056 ἐξ
1746 3027 1863 3062 poenam
1881 3019 1928 3064 afa

1058 3064 1163 3104 serre,
1176 3062 1231 3103 sed
1256 3072 1328 3094 novo
1355 3062 1391 3097 ἐξ
1414 3063 1471 3094 alio
1493 3064 1606 3094 nomine
1627 3085 1640 3102 ,
1669 3071 1705 3094 ne
1724 3063 1792 3102 quiri
1815 3060 1928 3105 absurdi

1066 3104 1296 3146 consequeretur,
1310 3102 1339 3142 fi
1348 3126 1357 3141 ,
1378 3105 1426 3134 ubi
1434 3104 1554 3145 furtum
1572 3113 1629 3134 non
1646 3102 1688 3144 est
1699 3125 1710 3141 ‚
1729 3105 1848 3134 claretur
1857 3103 1926 3145 furl-

1065 3147 1089 3177 ti
1109 3145 1192 3176 actio.
1240 3144 1340 3185 ltaque
1364 3147 1478 3186 proprio
1505 3155 1568 3176 eam
1591 3143 1627 3179 ὅ)
1648 3143 1794 3184 Ρεειιίῐανί
1813 3145 1925 3176 nomine

1064 3195 1189 3222 omnus
1213 3194 1335 3219 Ανηιιει
1355 3194 1543 3221 ΑεΉοΝιῑΜ
1565 3190 1764 3224 vocaverunt,
1784 3185 1926 3257 cusui‘flff

1861 3233 1932 3265 ‘m'

1966 1664 1989 1721 3

1963 1758 1990 1935 i

1289 2159 1399 2201 stabul.
1424 2162 1517 2193 etiam
1537 2162 1608 2193 ideo
1628 2185 1637 2200 ‚
1663 2161 1748 2202 quod
1774 2162 1856 2194 attio
1884 2163 1935 2194 lo«
1975 2182 1977 2186 .
