2008 3436
252 125 690 168 OBSERVATIONUM
740 123 875 171 JURIS
924 123 1139 160 ROMANi
1189 125 1276 161 ΜΒ.
1302 126 1404 164 vill.

665 253 936 291 CAPU

1456 126 1496 163 C.
1522 128 1605 166 Vll,
1765 140 1833 177 257

983 252 1019 288 T
1117 253 1229 289 V11.

69 385 123 422 Aa
150 381 299 419 eandem
327 381 347 415 l.
373 379 425 415 his
449 377 585 413 verbis:
612 375 660 411 Et
685 374 751 409 ideo
769 371 809 419 se
837 373 1014 418 improbare
1044 373 1183 408 abliones
1216 376 1320 409 oneris
1346 375 1476 420 aversi,
1505 378 1579 423 quia
1597 376 1669 423 five
1694 381 1763 426 ejus
1784 393 1841 428 ge-

116 435 202 469 neris
233 430 327 478 efflent
360 439 500 470 merces,
535 437 599 471 quae
632 432 738 458 nautae
776 422 978 456 traderentur
999 447 1009 463 ,
1042 429 1077 456 ut
1110 424 1268 458 continuo,
1292 426 1363 470 ejus
1380 425 1526 471 fierent,
1556 425 1597 466 ὅ)
1626 437 1784 463 mercator
1809 434 1843 466 in

117 483 269 519 creditum
306 481 389 521 iret,
421 487 480 511 non
510 475 672 510 videretur
708 483 784 507 onus
821 470 877 517 ‘Iffi‘’
902 472 1050 524 aversani
1067 497 1076 512 ,
1105 473 1216 517 quippe
1241 476 1319 518 quod
1343 484 1451 510 naatae
1468 474 1613 521 sufflat,
1633 476 1705 522 ssve
1733 480 1844 514 eadem

118 543 186 573 res,
211 541 276 575 qiice
301 527 423 562 tradita
454 523 526 571 effer
547 551 554 565 ,
589 523 672 558 reddi
703 522 851 564 deberet,
877 518 971 566 farei
998 518 1056 565 ςζΙε
1081 523 1234 557 actionem
1268 523 1399 559 locatori
1408 537 1422 568 ,-
1453 523 1494 565 &⁹
1519 529 1586 560 ideo
1604 525 1844 573 supervacuum

114 580 173 627 effe
193 578 351 625 judicium
374 576 477 610 oneris
504 571 620 618 averfi.

130 720 165 742 ro
184 719 242 751 quae
258 714 353 739 natrice
369 706 570 741 traderentur,
597 707 628 733 ut
647 701 780 746 continuo
797 699 858 742 ejus
871 696 925 739 fie-

67 712 126 794 P
150 757 238 789 rem,
272 748 448 781 Huloandcr
476 745 569 786 legit,
604 750 656 781 uz,
679 742 926 788 Jznaataetiacle-

68 802 188 831 rentur,
212 792 344 823 εοηεῖηιιο
359 787 554 832 ejasflerent:
591 794 681 831 quain
697 782 878 823 scripturam
897 782 927 814 &

69 837 120 868 alii
144 834 290 866 Editores
316 830 437 872 sequuti
466 827 535 860 sunt
552 851 561 866 ‚
595 827 729 876 ledxnon
745 823 814 873 9st?
839 832 894 854 cur
911 832 928 854 a

70 876 222 911 Lectione
238 872 418 905 Florentina
434 869 618 901 rect-danius.
643 870 721 911 Sunt
733 866 839 910 &ahaz
848 872 928 909 quae-

71 920 141 950 dam
166 915 326 952 minutiae,
361 913 390 944 in
413 911 522 953 quibus
541 908 623 940 Libri
639 914 759 953 yariunt
775 930 783 945 ‚
809 905 927 954 ledun-

70 960 172 1001 dignae
184 980 193 996 ‚
217 965 291 996 quas
308 963 424 986 notem.
470 951 549 982 Cum
564 950 669 994 aitse,
693 947 804 978 Paulus
816 946 927 992 Epito-

71 1009 174 1033 mator
191 996 336 1029 Alfenum
356 992 523 1033 intelligit,
546 999 615 1022 nam
633 998 663 1020 in
681 988 847 1034 enarranda
862 996 928 1027 cJus

72 1039 224 1075 sententia
246 1043 425 1076 occupatur.
470 1029 661 1063 Praemiserat
689 1029 833 1067 iclllcet,
866 1029 929 1059 duo

74 1090 174 1115 rei-um
197 1079 368 1110 locatarum
388 1082 500 1116 genera
526 1071 605 1109 ess'e3
629 1071 779 1109 alterum,
805 1079 845 1101 ex
865 1079 929 1115 quo

72 1133 120 1156 res
145 1118 254 1152 tradita
274 1116 391 1148 domini
420 1121 542 1153 manet,
567 1113 721 1150 alterum,
745 1121 784 1144 cx
809 1121 873 1158 quo
897 1120 928 1142 in

71 1161 222 1196 creditum
248 1158 320 1189 itur.
364 1157 562 1189 Mercatorcs
577 1177 588 1193 ,
628 1151 762 1185 confuso
787 1161 928 1199 omnium

70 1203 249 1239 frumento,
275 1199 325 1230 hic
343 1199 373 1230 in
390 1197 544 1229 creditum
561 1194 670 1233 iviss'c,
691 1203 817 1226 nautam
832 1201 928 1240 igitur

68 1245 202 1288 primum
218 1240 359 1272 venienti
386 1237 520 1280 potuiss'e
546 1236 672 1268 reddere
688 1245 755 1268 cam
774 1243 927 1277 quantita-

69 1294 132 1318 tem
144 1308 154 1323 ‚
179 1291 270 1324 quam
286 1279 349 1323 ipse
366 1281 397 1312 in
418 1288 529 1311 navem
545 1278 712 1317 intulerat,
739 1276 854 1308 secusfi
865 1275 928 1308 fru-

66 1334 207 1360 mentum
221 1323 370 1363 cujusque
386 1322 417 1353 in
435 1320 508 1352 navi
524 1319 629 1351 fuiss‘et
643 1317 819 1350 distinctum
829 1342 838 1357 ,
853 1326 928 1350 tunc

67 1368 151 1400 enim
167 1364 254 1398 suum
272 1364 322 1395 cui
347 1372 383 1394 ue
400 1362 460 1394 ess'e
475 1361 681 1398 reddendum,
702 1360 732 1391 <St
749 1360 839 1391 alteri
855 1359 929 1405 alte-

67 1409 133 1442 rius
157 1407 265 1438 datum
287 1414 304 1436 a
347 1404 455 1436 omino
480 1402 630 1434 vindicari
664 1400 758 1442 poss'e.
809 1400 858 1432 Ex
881 1400 928 1447 his

67 1458 151 1483 nunc
178 1446 304 1489 preffius
322 1444 506 1487 respondet,
540 1443 613 1485 quid
636 1442 689 1475 fibi
709 1443 739 1473 in
757 1442 814 1473 hac
828 1441 929 1483 specie

67 1491 211 1523 videatur
234 1488 272 1519 de
291 1487 412 1519 actione
434 1485 538 1517 oneris
554 1483 669 1523 aversi,
689 1484 728 1515 de
750 1493 808 1524 qua
827 1483 930 1516 fuerat

68 1531 241 1574 quaesitum.
295 1528 338 1561 Et
366 1529 448 1566 ideo,
478 1527 601 1568 inquit,
617 1526 650 1567 se
672 1527 830 1566 improbare
845 1523 929 1571 astio-

66 1583 117 1605 nes
146 1572 238 1604 oneris
265 1568 366 1609 aversi.
412 1569 521 1601 Efficit
547 1567 577 1599 id
606 1577 647 1599 ex
680 1566 929 1608 praecedentibus

67 1623 202 1657 quorum
225 1618 439 1653 argumentum
465 1618 541 1641 mox
569 1608 693 1650 repetit.
741 1607 927 1639 Constanter

63 1663 172 1688 autem
197 1654 310 1695 ubique
334 1653 447 1693 legitur
468 1651 613 1689 actiones,
645 1659 703 1691 pro
725 1658 789 1690 quo
803 1649 928 1680 mallem

64 1697 224 1738 legeretur
250 1694 407 1732 astionem,
434 1693 486 1724 cui
512 1692 594 1723 enim
612 1692 698 1723 bono
712 1690 763 1721 hic
782 1699 928 1722 numerus

63 1736 230 1780 plurium?
257 1735 296 1767 de
314 1735 436 1767 actione
459 1733 563 1765 oneris
590 1732 686 1764 averli
704 1732 901 1777 quaerebatur
915 1755 926 1770 ,

64 1779 104 1810 de
121 1788 157 1810 ea
172 1777 269 1819 igitur
283 1776 446 1808 videbatur
468 1774 725 1815 respondendum.
772 1772 834 1818 Ubi
850 1772 927 1804 dire-

63 1819 123 1852 &ae
141 1819 172 1851 ὅ(
187 1818 352 1850 contrariae
376 1816 513 1848 aCtioncs
536 1815 625 1854 sunt,
656 1824 692 1845 ea
706 1815 853 1855 loquutio
867 1823 927 1845 nia-

64 1861 112 1903 gis
127 1858 252 1892 defendi
272 1858 392 1900 poffet,
409 1857 460 1889 sed
478 1857 582 1889 oneris
599 1855 696 1888 avcili
710 1856 791 1887 attio
800 1865 863 1887 non
874 1865 928 1896 po-

66 1901 128 1935 test
140 1911 208 1934 non*
220 1900 282 1932 ess'e
299 1900 414 1932 diretta
432 1898 562 1940 semper.
606 1897 707 1941 Forte
726 1897 815 1928 litera
833 1897 863 1928 S.
888 1906 929 1928 ex

63 1942 204 1985 sequenti
230 1944 324 1973 oneris
348 1950 509 1983 perperam
536 1939 669 1980 repetita
692 1941 774 1977 fuit,
798 1937 929 1970 fallente

63 1983 224 2017 librarium
258 1981 346 2015 son0.
391 1983 446 2015 Sin
469 1981 531 2013 hoc
558 1980 721 2022 displiceat
739 2003 749 2019 ,
768 2021 773 2025 .
790 1979 929 2026 dicamus

66 2024 216 2058 Alfenum
232 2023 451 2065 loquutionem
476 2023 626 2064 pluralem
648 2020 836 2059 adhibmffe,
858 2030 930 2062 quia

65 2073 222 2107 utroque,
244 2074 336 2107 quern
353 2064 470 2103 refert,
484 2062 557 2095 casu
573 2062 677 2095 oneris
695 2061 791 2094 aversi
802 2063 851 2104 agi
865 2071 929 2094 non

90 2114 201 2137 otei-at.

66 2115 88 2148 p
109 2147 182 2179 Plus
197 2147 391 2180 difficultatis
413 2147 457 2180 est
475 2147 506 2179 in
531 2155 566 2177 re
586 2145 669 2188 ipsa,
693 2155 764 2177 nam
782 2154 856 2176 ecce
874 2145 928 2178 Al-

65 2187 157 2221 fenus
173 2188 325 2220 actionem
341 2189 444 2220 oneris
465 2187 561 2220 aversi
582 2195 693 2219 contra
710 2194 836 2218 nautam
853 2185 928 2217 fem-

64 2239 120 2272 per
141 2230 171 2262 &
191 2229 304 2271 ubique
323 2229 448 2261 videtur
467 2229 656 2267 excludere,
674 2237 802 2269 eamque
817 2228 848 2259 in
862 2237 928 2259 rem

64 2270 111 2302 uti
130 2269 191 2301 hoc
208 2270 402 2302 dilemmate:
424 2277 477 2301 aut
497 2278 615 2301 merces
628 2293 639 2309 ,
661 2277 764 2301 nautae
784 2269 928 2308 traditae,

63 2311 96 2344 in
115 2320 228 2353 genere
246 2311 317 2343 sunt
346 2310 562 2355 restituendae,
591 2319 648 2356 aut·
660 2311 691 2356 in
711 2309 832 2351 specie3
856 2310 877 2342 si
894 2311 926 2342 in

64 2360 197 2394 genere,
230 2360 386 2384 mercator
410 2352 441 2383 in
462 2352 615 2383 creditum
639 2359 720 2389 ivit,
743 2361 800 2383 nec
818 2361 898 2383 onus
913 2375 923 2390 ,

89 2393 150 2425 uod
165 2402 269 2425 nautae
286 2392 413 2432 fuiss'et,
450 2391 590 2423 aversum
606 2392 670 2424 dici
686 2391 799 2433 potest.
845 2393 877 2424 Si
893 2392 925 2424 in

62 2403 86 2468 P
119 2435 184 2474 cie,
216 2434 382 2466 mercatori
409 2434 472 2465 sive
496 2433 631 2465 locatori
665 2433 820 2474 competit
843 2433 924 2465 aetio

80 2476 152 2508 urci.
196 2475 283 2508 Mox
303 2475 494 2516 superdicit,
518 2474 555 2510 ὅ)
572 2476 632 2506 ideo
642 2474 856 2515 fitpervacuwn
874 2474 924 2515 effe

58 2517 203 2560 judicium
228 2518 321 2548 oneris
346 2514 450 2554 aversi.
495 2515 530 2547 In
555 2516 627 2548 MS.
657 2525 730 2547 meo
753 2514 899 2548 Gloss‘ato
914 2539 925 2554 ‚

55 2558 266 2601 supervacuum
284 2558 334 2599 effe
351 2560 486 2596 videtur,
508 2566 690 2603 perperam,
726 2566 797 2589 nam
818 2571 842 2585 π
863 2556 926 2598 effe,

61 2606 98 2631 ut
118 2600 296 2640 improbare,
318 2600 412 2630 via'eri
424 2620 435 2636 ,
458 2598 579 2639 potuiſje
610 2599 669 2630 &a
690 2598 804 2639 pendet
819 2608 836 2630 a
851 2607 927 2639 prae-

62 2639 186 2672 cedenti
210 2640 364 2681 respondit.
408 2640 468 2671 Sed
491 2640 566 2681 quid
589 2639 757 2671 dicemus?
781 2639 925 2681 superva-

62 2689 157 2713 cuum
180 2680 240 2712 ess'e
266 2681 417 2722 judicium
438 2681 543 2713 oneris
560 2680 684 2713 aversi?
707 2680 728 2713 fi
746 2681 802 2719 sit,
827 2680 926 2713 inanis

60 2722 168 2763 utique
191 2720 255 2753 fuit
282 2722 384 2754 omnis
408 2730 482 2753 cura
504 2722 570 2762 ejus
592 2721 723 2753 actionis
747 2731 806 2764 pro
830 2731 925 2754 onen-

61 2762 108 2794 dae
119 2786 128 2801 ,
153 2762 252 2795 inanis
268 2763 306 2794 de
324 2772 360 2794 ea
373 2761 503 2804 quaestio
524 2764 554 2795 ὃ(
569 2762 749 2804 disputatio.
795 2764 842 2795 he
857 2763 926 2794 fere

60 2803 184 2835 inanem
207 2802 300 2835 fuiffe
326 2802 498 2835 subindicat
527 2803 674 2844 Cujacius
702 2803 742 2836 L.
767 2804 836 2836 VII.
863 2805 923 2835 Ob-

54 2843 135 2884 serv.
163 2844 195 2875 C.
215 2853 264 2885 39.
290 2844 320 2875 &
335 2844 435 2885 palam
450 2845 480 2877 id
490 2845 630 2877 adfirmat
648 2844 746 2877 Faber
765 2846 924 2878 Antonius

63 2883 185 2916 Ration.
214 2884 251 2915 ad
272 2885 301 2915 b.
317 2884 338 2916 l.
372 2884 424 2916 sed
441 2895 497 2917 cur
520 2887 582 2918 illis
597 2895 661 2918 non
678 2886 732 2919 sim
749 2887 895 2919 credulus
911 2909 922 2926 ‚

61 2925 154 2966 plena
177 2934 270 2958 manu
292 2924 481 2967 exsequutus
505 2925 572 2959 sum
600 2927 690 2970 supra
718 2929 750 2961 C.
779 2928 832 2961 111.
879 2928 923 2961 At

59 3288 76 3295 ,ι
104 3257 182 3291 Tom.
200 3256 227 3293 Ι.

968 694 1173 737 postulabunt
1191 701 1275 733 credi
1291 701 1429 744 Alfeno,
1454 705 1506 746 qui
1524 704 1576 736 hle
1594 703 1626 736 id
1640 703 1740 746 ipsum
1755 706 1842 738 vid-:2

972 747 1023 784 tui·
1040 738 1132 770 velle.
1179 740 1351 776 Audiamus
1375 746 1442 785 ejus
1468 746 1629 778 rationes:
1657 746 1699 786 li,
1724 747 1850 789 inquit,-

971 788 1108 825 primum
1132 790 1229 827 genus
1259 784 1429 818 locationis
1455 786 1675 828 inspiciamus,
1707 798 1771 830 quo
1788 789 1845 821 do-

971 830 1103 866 minium
1117 831 1161 853 rei
1180 823 1296 868 locatae
1314 827 1440 866 transit,
1462 827 1577 860 frustra
1594 829 1744 870 quaeritiur
1758 830 1796 861 de
1814 840 1845 862 a-

972 862 1076 893 &ione
1103 871 1207 912 oneris
1235 867 1353 906 averli,
1387 878 1460 901 cuin
1484 879 1578 902 nemo
1594 880 1660 902 rem
1678 869 1762 903 suam
1781 870 1847 913 ipse

971 910 1103 949 avertat.
1149 905 1192 936 ht
1212 905 1252 937 fic
1270 907 1315 939 est
1334 911 1476 942 omnino.
1520 911 1614 943 Αξὶὶο
1636 912 1741 944 oneris
1758 922 1846 945 aver-

971 946 992 976 11
1008 954 1071 976 non
1085 947 1241 986 competit
1257 949 1312 980 nifi
1329 950 1476 983 adversus
1484 961 1555 984 eum
1565 975 1576 991 ,
1598 954 1651 994 qui
1670 953 1701 985 in
1721 963 1754 985 re
1769 954 1845 986 alie-

970 995 1009 1016 na
1034 995 1164 1026 peccat,
1200 988 1346 1034 adyersus
1371 991 1532 1032 Saufeium
1548 994 1646 1035 igitur
1661 1003 1845 1037 competere

971 1036 1033 1058 non
1052 1027 1174 1072 potest,
1193 1038 1329 1074 quippe,
1354 1032 1375 1064 fi
1404 1033 1480 1074 quid
1513 1035 1734 1075 cominisiss'et‚
1777 1047 1845 1070 non

971 1068 1171 1114 commisisset
1189 1079 1222 1101 in
1239 1079 1272 1101 re
1290 1072 1412 1111 aliena,
1437 1072 1488 1105 sed
1508 1077 1646 1116 propria.
1691 1076 1725 1109 In
1742 1078 1846 1110 altero

971 1109 1141 1153 locationis
1163 1119 1276 1157 genere
1297 1112 1450 1146 Alfenum
1472 1115 1591 1148 diceres
1609 1127 1698 1158 aequc
1715 1119 1847 1159 rejicere

971 1149 1127 1181 achonem
1153 1160 1258 1198 oneris
1284 1154 1403 1195 aversi,
1428 1165 1518 1196 nam,
1543 1157 1666 1200 inquit,
1692 1158 1713 1190 fi
1737 1161 1846 1194 eadem

971 1199 1038 1238 res,
1062 1200 1131 1232 quae
1157 1193 1271 1226 tradita
1290 1194 1386 1236 esset,
1421 1198 1506 1230 reddi
1523 1199 1670 1240 deberet,
1687 1200 1772 1240 furti
1793 1203 1846 1244 effe

972 1232 1114 1279 athonem
1142 1233 1262 1280 locatori
1279 1258 1292 1274 ‚
1323 1236 1359 1272 ἐξ)
1382 1239 1444 1270 ideo
1463 1240 1681 1282 sapervacuum
1696 1243 1746 1284 effe
1762 1244 1845 1286 judi-

971 1283 1048 1304 ciam
1072 1284 1166 1306 oneris
1192 1277 1295 1316 welfi.
1342 1277 1456 1312 Nolim
1482 1281 1552 1314 haec
1577 1282 1622 1314 ita
1647 1285 1775 1325 accipi,
1807 1295 1846 1318 uc

973 1322 1076 1347 tamen
1104 1317 1207 1358 accipi
1233 1319 1328 1351 video
1344 1343 1354 1360 ,
1386 1330 1479 1363 atque
1504 1323 1526 1355 fi
1542 1322 1661 1366 semper
1677 1326 1708 1358 &
1727 1326 1845 1368 ubique

971 1365 1083 1388 contra
1098 1365 1224 1390 nautam
1241 1360 1323 1392 affio
1339 1361 1419 1394 furti
1439 1363 1494 1402 fit,
1518 1374 1582 1397 non
1597 1366 1719 1399 reddita
1735 1369 1845 1401 eadem

971 1406 1021 1437 re,
1046 1407 1116 1438 quae
1138 1399 1226 1446 reddi
1252 1401 1390 1435 deberet.
1435 1404 1616 1451 Quominus
1633 1407 1665 1439 id
1682 1409 1843 1450 dicamus,

970 1439 1141 1487 prohibent
1163 1440 1322 1487 Principia
1344 1445 1421 1485 juris
1435 1469 1445 1485 ,
1487 1447 1645 1488 explicata
1673 1452 1703 1482 d.
1732 1452 1764 1483 C.
1785 1451 1843 1484 ΙΙΙ.

970 1484 988 1513 b
999 1488 1061 1528 urti
1078 1490 1244 1526 „competit
1261 1507 1270 1523 ,
1305 1484 1327 1518 fi
1343 1508 1355 1524 ,
1385 1495 1420 1518 ut
1446 1486 1491 1519 est
1508 1489 1589 1530 apud
1605 1489 1845 1526 Tertullianum

970 1524 1107 1563 aaversus
1129 1523 1316 1557 Marcionem
1344 1527 1384 1559 L.
1406 1528 1445 1560 V.
1482 1530 1512 1561 C.
1538 1530 1562 1562 1.
1577 1531 1706 1572 sarcinae
1722 1535 1758 1564 ab
1776 1533 1844 1575 iinr

969 1564 1115 1594 naucleris
1141 1567 1390 1607 intercipiantur,
1421 1569 1484 1602 hoc
1508 1571 1574 1611 est,
1605 1573 1627 1605 fi
1645 1581 1749 1606 nautae
1765 1575 1844 1608 dolo

969 1605 1054 1636 malo
1074 1606 1104 1637 dc
1118 1605 1200 1638 lucri
1219 1606 1265 1639 sui
1282 1608 1372 1641 causa
1388 1619 1508 1644 merces
1526 1615 1725 1647 contrectent
1750 1616 1779 1648 ὀί
1796 1616 1845 1649 in-

971 1654 1164 1691 teryertant,
1188 1646 1240 1680 sed
1256 1649 1278 1695 si
1293 1650 1356 1682 alio
1373 1652 1488 1693 modo,
1515 1655 1569 1695 qui
1590 1656 1622 1688 in
1637 1655 1760 1689 furtum
1778 1667 1847 1692 non

969 1688 1073 1733 cadit,
1105 1697 1217 1720 contra
1241 1690 1408 1724 dicendum
1433 1693 1487 1726 est.
1533 1696 1565 1728 Si
1601 1705 1695 1729 nauta
1723 1708 1846 1731 merces

970 1736 1120 1769 retineat,
1145 1730 1248 1762 donec
1264 1733 1401 1773 pretium
1417 1736 1557 1768 vecturae
1574 1736 1733 1779 solvatur,
1757 1739 1844 1773 abest

970 1770 1062 1802 dolus
1080 1771 1188 1818 malust
1236 1773 1325 1817 Quin
1341 1773 1363 1806 fi
1381 1775 1457 1808 adiit
1468 1799 1480 1815 ‚
1503 1777 1533 1810 &
1557 1778 1654 1811 cess'et
1672 1780 1752 1812 lucri
1769 1790 1843 1814 cau·

971 1810 1022 1850 sa,
1043 1812 1143 1843 adhuc
1157 1813 1316 1854 dicemus,
1329 1813 1407 1848 furti
1426 1817 1581 1851 actionem
1592 1830 1656 1852 non
1673 1821 1745 1853 effe.
1770 1822 1841 1855 Do-

972 1853 1005 1884 lo
1024 1853 1107 1885 malo
1119 1862 1225 1902 'nauta
1249 1855 1446 1902 naufragium
1469 1861 1594 1892 curavit
1609 1885 1618 1900 ‚
1643 1869 1679 1894 ut
1694 1862 1845 1898 damnum

972 1894 1060 1926 daret
1069 1917 1082 1940 ,
1106 1896 1136 1926 oc
1153 1904 1234 1928 onus
1246 1906 1382 1942 periret,
1405 1898 1485 1932 furti
1500 1911 1564 1934 non
1581 1911 1763 1944 competet,
1778 1904 1843 1945 sed,

972 1942 1008 1966 ut
1023 1945 1157 1976 opinor,
1182 1946 1287 1969 oneris
1303 1939 1410 1972 aversi.
1456 1941 1542 1974 Idem
1556 1943 1715 1984 dicemus,
1736 1946 1842 1979 sinau-

973 1983 1004 2023 ta
1020 1987 1089 2016 res,
1112 1978 1151 2008 ad
1164 1978 1322 2024 M3aevium
1335 1981 1502 2024 curandas,
1524 1984 1602 2016 dolo
1623 1986 1707 2018 malo
1724 1988 1762 2019 ad
1782 1988 1815 2020 T
1818 1989 1843 2020 i-

972 2025 1053 2050 tium
1076 2027 1244 2064 curaverit.
1291 2018 1400 2053 Glossa
1426 2023 1464 2054 ad
1495 2025 1625 2058 verbum
1662 2028 1844 2068 vindicare,

973 2060 1068 2091 etiam
1095 2069 1127 2105 in
1151 2060 1209 2092 hac
1235 2060 1337 2102 specie
1360 2085 1371 2101 ‚
1411 2065 1566 2098 actionem
1598 2066 1678 2099 furti
1710 2069 1843 2111 largitur

971 2108 1073 2132 contra
1092 2100 1299 2142 suscipientem
1313 2104 1466 2145 scienter,
1501 2106 1537 2142 ὅ)
1565 2114 1666 2140 contra
1690 2111 1809 2143 dantem
1828 2134 1841 2150 ,

971 2141 1023 2174 sed
1042 2151 1153 2174 contra
1169 2144 1294 2176 dantem
1312 2146 1368 2178 vix
1394 2146 1456 2186 est,
1486 2156 1523 2180 ut
1539 2148 1604 2181 dari
1621 2150 1724 2191 possit.
1769 2152 1841 2184 Uti-

971 2193 1032 2225 que
1056 2185 1121 2214 <lari
1148 2186 1259 2226 nequit
1276 2209 1286 2225 ‚
1317 2185 1340 2218 fi
1363 2186 1427 2219 sola
1449 2189 1542 2230 culpa
1558 2200 1677 2223 merces
1691 2193 1729 2225 ad
1743 2193 1842 2226 alium

970 2234 1134 2269 perperam
1156 2235 1275 2272 curatae
1291 2226 1360 2260 fint.
1386 2229 1531 2271 Superest
1547 2241 1564 2263 e
1589 2232 1692 2264 uidem
1709 2244 1748 2266 eo
1769 2234 1842 2266 casu
1866 2264 1867 2267 ,

970 2270 1052 2299 actio
1075 2266 1175 2298 locati
1199 2268 1345 2301 conducti
1363 2294 1374 2310 ,
1405 2280 1442 2302 ut
1458 2270 1548 2313 supra
1586 2273 1764 2314 icebamus,
1788 2274 1841 2307 sed

969 2318 1021 2349 ea,
1043 2308 1126 2340 ultra
1145 2309 1176 2340 id
1195 2310 1280 2350 quod
1293 2310 1439 2351 interest,
1462 2323 1526 2345 non
1547 2315 1739 2356 porrigitur,
1758 2317 1840 2348 hanc

969 2359 1073 2382 autem
1089 2373 1099 2388 ‚
1133 2352 1266 2396 quae-de
1295 2361 1391 2384 onere
1418 2353 1527 2386 averso
1554 2354 1617 2395 est,
1651 2356 1682 2388 in
1706 2357 1839 2399 duplum

969 2391 1080 2429 fuiffe,
1103 2391 1260 2424 adsentior
1279 2392 1498 2435 Cujacio,*0b
1516 2397 1674 2437 rationes,
1700 2408 1838 2439 quasex-

969 2434 1074 2474 pedivi
1098 2433 1125 2464 d.
1152 2433 1183 2464 C.
1207 2432 1263 2465 ΙΙΙ.
1309 2434 1416 2476 thue
1432 2435 1510 2468 adeo
1525 2437 1636 2470 multis
1655 2440 1838 2472 nominibus

969 2475 1051 2506 aestio
1072 2475 1177 2506 oneris
1194 2474 1290 2507 aversi
1307 2485 1371 2507 non
1389 2476 1487 2509 fuerit
1503 2477 1704 2520 supervacua.
1730 2480 1838 2528 Quare

969 2516 1054 2556 quod
1069 2514 1203 2547 Alfenus
1219 2516 1282 2556 ait,
1300 2517 1384 2558 farti
1401 2518 1542 2550 actionem
1558 2519 1608 2561 effe
1620 2521 1738 2552 locatori
1751 2531 1836 2560 ,non

969 2562 1068 2587 ‚caeam
1095 2557 1283 2598 accipimus,
1316 2558 1368 2590 sed
1384 2561 1451 2588 mni
1473 2560 1515 2599 π’,
1547 2561 1629 2593 Utin
1648 2562 1772 2594 Scholis
1788 2563 1836 2595 lo-

969 2599 1112 2639 quimur,
1137 2599 1168 2631 &
1189 2600 1256 2627 zara*
1271 2602 1292 2627 π’
1332 2610 1436 2642 uoque
1461 2601 1634 2643 accipimus
1655 2602 1813 2644 sequentia
1826 2628 1839 2643 ‚

962 2640 1005 2675 ’ἐξ
1021 2642 1081 2672 ideo
1104 2641 1163 2672 ἃς.
1208 2641 1297 2682 Saepe
1330 2641 1401 2674 Ctis
1418 2641 1530 2674 nostris
1547 2643 1733 2675 exciderunt
1744 2654 1835 2685 gene-

968 2682 1047 2714 rales
1073 2682 1277 2723 loquutiones
1293 2705 1305 2722 ,
1337 2693 1407 2724 quae
1433 2692 1535 2715 tamen
1561 2684 1675 2717 finibus
1692 2683 1754 2716 suis
1777 2686 1841 2717 cir·

967 2723 1213 2756 cumscribendae
1240 2723 1330 2764 sunt,
1363 2734 1402 2757 ne
1427 2724 1571 2757 laborent
1596 2725 1656 2756 alia
1682 2724 1835 2766 Jurispru-

966 2764 1081 2797 dentiae
1102 2765 1214 2806 capita.
1262 2765 1320 2797 Per
1337 2766 1425 2797 mille
1442 2764 1561 2806 poffem
1581 2773 1706 2796 currere
1730 2774 1835 2798 exem-

966 2807 1036 2852 pla,
1062 2815 1097 2838 ut
1120 2807 1150 2836 id
1177 2806 1309 2847 probem
1323 2831 1332 2845 ‚
1370 2805 1419 2837 sed
1435 2807 1522 2837 forte
1541 2804 1741 2846 suffecerint,
1765 2817 1838 2847 quae

966 2856 1007 2902 mr
1016 2847 1095 2880 hanc
1111 2856 1178 2878 rem
1197 2848 1264 2880 dixi
1287 2847 1376 2889 supra
1409 2846 1448 2883 L.
1479 2845 1548 2879 VII.
1597 2847 1628 2878 C.
1659 2851 1707 2881 18.
1748 2848 1836 2890 Vei-JL

967 2890 1180 2922 nihilominus.

1229 3259 1284 3294 Kk
1747 3265 1777 3296 C
1796 3265 1838 3298 A-
