2008 3436
0 3118 3 3201 i

281 111 849 165 QUAEST.JUR18
901 111 1254 153 PRIVATI,
1305 113 1582 151 L113.1.C.xr.

30 208 89 242 que
112 202 231 238 partem
258 194 420 234 adductas,
451 204 514 229 non
536 194 676 233 addunt,
699 199 828 225 monent
851 199 893 224 ta-

26 250 114 278 men,
139 238 234 269 etiam
251 246 305 268 eos
325 238 511 276 Senatores,
537 237 591 278 qui
607 236 645 267 dc
666 235 735 276 jure
755 234 891 266 consulti

27 279 274 323 respondebant,
296 277 525 319 Delegatorum
548 276 693 318 personas
716 276 754 308 ab
777 276 892 309 arresto

28 333 91 357 non
106 320 168 353 esse
191 321 364 358 immunes,
400 320 458 352 atis
482 319 574 351 fuisse
594 318 771 360 proclives,
797 326 831 350 ut
852 328 892 350 ex

26 363 220 405 benignitate
238 361 267 393 δε
286 362 383 401 gratia
401 362 622 393 eximerentur.
667 359 727 392 Sed
749 360 834 399 quod
856 360 893 391 ad

27 408 109 440 bona
137 413 250 435 eorum
311 403 526 443 elegatorum,
566 410 634 442 quae
664 401 695 432 in
722 400 893 433 Hollandia

27 448 116 486 sunt,
148 445 210 478 ssve
235 444 428 484 immobilia,
461 443 526 475 five
553 442 702 481 mobilia,
736 442 800 474 ssve
825 441 894 474 usui

28 487 212 532 quotidiano
234 485 391 520 serviant.
423 484 486 517 five
513 493 595 523 non,
628 484 758 516 Senatus
783 485 894 526 Supre-

27 539 94 564 mus
113 528 298 570 simpliciter
313 526 423 559 arresta
440 525 663 567 permittebat,
680 524 771 557 salvis
790 535 895 558 tamen

28 570 321 607 Conventionibus,
345 577 413 609 quae
438 576 475 598 ea
496 566 535 598 de
554 577 588 598 re
609 568 691 599 inter
716 566 894 599 Ilollandos

27 612 242 653 Zelandosque
267 608 513 642 intercedebant.
561 608 667 650 Atque
691 618 731 640 ex
757 609 803 640 liis
829 609 893 640 effi-

27 653 170 692 ciebant,
209 651 336 683 Titinm
365 650 445 681 bona
471 650 687 690 Semproniae,
721 650 760 681 de
782 651 895 692 quibus

27 696 92 728 dixi
113 693 201 735 supra
221 693 254 724 C.
271 692 356 724 VIII.
376 692 406 723 in
426 691 587 722 territorio
608 691 896 723 Amsterdammensi

28 737 111 770 reste
128 733 306 773 arrestass'e,
337 734 366 765 δε
390 733 473 764 reste
495 733 673 771 Maevium,
703 734 895 775 Semproniae

29 778 196 814 maritum,
221 785 262 807 ex
281 773 370 807 causa
393 773 499 806 ari-esti
517 774 697 807 conveniss'e
714 775 794 816 apud
811 774 894 815 Judi-

29 829 81 854 ces
97 815 422 850 Amsterdammenses.

69 861 123 893 Sic
138 859 275 892 breviter
301 859 453 897 Senatus,
479 856 531 889 sed
561 857 656 890 Curia
679 858 834 900 prolixius
858 857 898 888 de

27 903 113 937 Foro
132 900 325 933 Hollandico
342 900 371 931 in
389 899 483 931 caulis
500 901 686 940 pecuniariis
703 899 896 941 disputavit,

29 945 59 977 &
79 943 180 984 plures
197 941 314 983 species
330 941 487 973 enarravit
500 964 510 980 ,
539 941 578 972 de
595 942 708 983 quibus
725 941 823 981 quaeri
844 949 898 980 po-

26 985 96 1020 test.
143 983 312 1016 Videamus
331 983 370 1014 de
389 982 522 1023 lingulis.
549 982 680 1015 Certum
698 982 761 1020 est,
785 989 820 1013 ut
830 991 896 1012 nar-

28 1027 96 1060 ravi
121 1027 150 1058 d.
170 1025 203 1057 C.
231 1024 318 1056 VIII.
343 1023 425 1065 ipsos
450 1024 585 1056 Ordines
605 1022 800 1062 Generales,
825 1022 898 1054 solis

28 1068 200 1102 Hollandis
225 1065 492 1102 dissentientibus,
526 1075 576 1106 27.
599 1064 659 1104 Jui.
695 1074 785 1106 1735.
818 1063 898 1095 nibil

27 1109 112 1143 aliud
128 1107 321 1145 decrevisse,
343 1116 434 1147 quam
453 1115 491 1136 ne
508 1106 546 1136 de
562 1105 691 1144 debito,
713 1115 787 1137 ante
804 1105 897 1136 Dele-

29 1151 188 1195 gationem
203 1148 389 1186 contracto,
412 1147 443 1178 in
467 1146 638 1179 Holiandia
652 1147 900 1179 convenirentur

31 1193 84 1224 vel
107 1190 226 1223 arresto
241 1189 478 1232 detinerentur,
504 1188 589 1221 &ait
606 1187 722 1228 Curia,
747 1189 818 1230 quia
835 1187 899 1220 De-

31 1233 144 1275 legati‚
168 1232 207 1264 de
232 1231 345 1272 quibus
369 1230 496 1272 agitur,
520 1230 571 1261 hic
595 1230 768 1262 neeess'ario
786 1229 901 1261 morari

31 1275 163 1312 debent,
195 1273 225 1305 δι’
243 1273 313 1313 quia
341 1281 451 1303 eorum
473 1271 632 1312 delegatio
653 1281 716 1303 non
741 1271 787 1302 est
806 1271 901 1313 impe·

33 1316 144 1350 dienda
157 1339 166 1355 ,
194 1314 223 1346 se
238 1315 269 1346 id
288 1313 461 1345 Decretum
481 1312 614 1353 probare
629 1312 734 1353 posse,
753 1313 899 1345 salvista-

33 1368 105 1392 men
140 1357 278 1398 quinque
308 1354 550 1395 exceptionibus
568 1378 577 1393 ,
609 1354 648 1386 de
671 1355 784 1395 quibus
808 1354 903 1386 modo

33 1400 187 1433 dicebam.
231 1397 291 1428 Sed
311 1396 333 1428 si
362 1396 516 1434 rationes,
550 1405 605 1427 cur
624 1397 757 1437 probant
784 1395 902 1427 Decre-

34 1451 120 1480 tum,
144 1438 327 1476 subsistant,
351 1447 408 1468 cur
432 1447 495 1469 non
519 1437 549 1468 δε
572 1446 622 1469 eas
647 1437 848 1479 probabimus
873 1438 905 1469 in

9 1505 12 1508 »
33 1483 163 1520 debito,
177 1481 309 1512 durante
327 1479 537 1521 Delegatione
555 1478 605 1509 bic
620 1478 905 1511 conti-att0‘2Nam

34 1525 57 1558 fi
76 1524 118 1556 ob
137 1523 297 1560 debiturn,
323 1521 374 1552 hic
388 1520 583 1553 conti-astum
595 1543 604 1558 ‚
627 1521 790 1552 conveniri
813 1521 843 1553 ὃς
861 1530 905 1553 ar-

33 1565 140 1599 restari
158 1563 303 1605 poss'unt,
327 1564 357 1594 &
369 1585 378 1601 ,
399 1562 420 1594 fi
439 1561 709 1609 patiantur‚quod
724 1570 904 1594 extremum
924 1578 925 1581 ¹

36 1607 129 1640 estin
153 1605 385 1647 jurisdittione,
411 1603 521 1644 utique
540 1613 604 1635 non
627 1613 729 1635 minus
756 1604 904 1645 impedie-

36 1658 87 1682 tur
106 1647 297 1688 Delegatio,
322 1654 414 1687 quam
431 1644 453 1676 si
472 1644 502 1675 id
525 1644 579 1676 fiat
600 1644 642 1676 ob
662 1645 804 1678 debitum
827 1645 904 1677 anti-

36 1689 137 1732 quius.
184 1688 276 1720 Unde
290 1688 320 1720 &
337 1687 368 1718 in
384 1686 466 1718 veris
487 1686 613 1727 Legatis
628 1686 710 1718 inter
723 1687 851 1726 debita,
875 1687 906 1719 in

34 1731 232 1773 Legatione,
272 1739 310 1761 an
336 1736 408 1760 ante
438 1727 642 1769 Legationem
670 1729 831 1760 conti-acta
860 1728 908 1768 ius

36 1773 191 1806 Gentium
210 1780 276 1803 non
296 1769 449 1802 distinxit.
479 1770 530 1810 Jus
550 1770 726 1801 Romanuin
742 1770 909 1809 distinxit,

37 1815 68 1848 &
85 1814 164 1846 hanc
177 1811 408 1845 distinffionem
428 1810 587 1852 adoptasse
606 1811 756 1843 videntur
773 1812 909 1844 Ordines

37 1855 232 1891 Generales,
256 1854 287 1886 «St
303 1853 391 1884 forte
405 1862 446 1884 ex
467 1853 615 1894 aequitate
632 1852 782 1894 adoptare
806 1853 910 1894 poffet

21 1908 23 1910 ·
39 1897 210 1937 Princeps,
234 1896 324 1936 cuius
343 1895 373 1926 in
393 1894 564 1934 Delegatos
580 1893 625 1925 est
638 1894 803 1935 imperium
820 1896 850 1927 dc
866 1895 910 1935 ju-

36 1939 199 1976 risdic'tio‚
232 1944 267 1968 ut
292 1945 357 1976 erat
380 1935 532 1975 Principis
556 1935 690 1967 Romani
717 1936 748 1968 in
771 1935 910 1978 Legatos

37 1979 255 2013 Provinciales
274 1978 304 2009 ἃ
319 1977 548 2017 Municipales,
572 1977 609 2008 ad
625 1986 706 2018 quos
723 1976 807 2009 solos
829 1977 909 2009 refe-

39 2022 134 2054 renda
151 2019 197 2052 est
214 2019 295 2060 Juris
310 2018 443 2050 Romani
465 2017 641 2057 distinctio,
667 2026 702 2049 ut
721 2019 791 2059 plus
815 2018 910 2050 semel

39 2063 167 2102 monui,
192 2060 242 2093 sed
259 2069 322 2102 quo
339 2060 407 2100 iure
426 2069 493 2091 eam
518 2060 684 2092 transferas
710 2060 748 2091 ad
775 2059 910 2101 Delega-

40 2113 92 2136 tos
112 2112 290 2135 exterarum
311 2101 571 2140 Provinciarum,
594 2101 647 2143 qui
664 2111 727 2133 non
749 2100 821 2133 sunt
844 2101 911 2134 sub-

39 2146 96 2178 diti
124 2143 329 2181 Hollandiae,
361 2142 411 2174 sed
431 2150 558 2174 manent
567 2165 587 2181 ,⁸
602 2152 637 2174 ut
660 2150 732 2174 ante
756 2142 908 2182 fuerunt,

38 2187 152 2221 subditi
178 2195 284 2217 earum
309 2185 567 2224 Provindarum,
601 2194 672 2227 quae
695 2194 773 2223 eos,
805 2194 910 2216 rerum

27 2228 161 2262 ’suarum
189 2225 296 2265 causa,
327 2227 389 2258 huc
416 2225 595 2258 miserunt?
619 2226 679 2258 Sed
700 2227 797 2258 toties
819 2226 850 2258 id
867 2227 912 2258 in-

39 2269 182 2307 culcavi,
207 2276 244 2299 ut
259 2266 376 2308 pudeat
395 2276 546 2308 repetere.

85 2310 244 2355 Quamvis
267 2315 370 2340 autem
393 2308 491 2340 Curia
513 2309 593 2348 ajat,
625 2309 762 2342 senune
780 2309 913 2352 probare

2 2374 26 2392 χ
40 2355 128 2396 posse
152 2350 385 2383 distinffionem
414 2349 495 2390 Juris
518 2349 653 2382 Romani
677 2351 716 2382 ab
739 2352 912 2384 Ordinibus

41 2393 251 2428 Generalibus
273 2401 356 2424 anno
381 2400 471 2432 1735.
493 2391 672 2432 adoptatam
684 2414 695 2430 ,
719 2403 782 2424 non
802 2393 913 2434 proba-

29 2438 93 2475 ⁴vit
108 2444 212 2469 tamen
231 2443 261 2474 4.
278 2433 375 2465 Mart.
398 2441 488 2473 1712.
514 2432 640 2464 admissa
655 2441 731 2465 tune
748 2434 913 2475 exceptio-

43 2488 82 2510 ne
109 2477 195 2514 fori,
225 2484 318 2516 quam
348 2473 522 2514 Delegatus
544 2473 769 2514 Uici-ajettinus
788 2499 797 2514 ,
832 2476 914 2516 apud

45 2519 174 2552 Curiam
190 2524 385 2554 conventus,
410 2515 454 2546 ibi
471 2514 825 2555 proposuerat,etiamfi
837 2526 913 2548 con-

42 2561 206 2593 veniretur
223 2557 262 2589 de
278 2557 387 2590 debito
398 2580 407 2595 ,
420 2556 552 2588 durante
570 2555 780 2597 Delegatione
792 2557 822 2589 in
832 2557 914 2589 Hol-

15 2622 19 2626 -
43 2603 145 2639 landia
164 2599 349 2638 contracto,
375 2607 411 2629 ut
439 2598 507 2629 haec
525 2598 619 2629 retuli
643 2599 672 2629 C.
698 2597 787 2630 VIII.
832 2599 874 2630 Et
890 2599 913 2631 ss

27 2644 141 2681 ‚Curia
157 2650 241 2674 nunc
259 2641 374 2681 probet
387 2649 454 2671 eam
479 2638 709 2671 distinctionem
720 2662 731 2678 ,
753 2640 913 2681 probanda

26 2685 263 2725 vtique'erat,
286 2690 321 2714 ut
340 2682 411 2723 Jure
435 2681 578 2712 Romano
604 2680 772 2713 constituta
790 2680 851 2720 est,
877 2689 913 2712 ut

26 2735 156 2767 ‘nempe
183 2733 225 2755 ex
247 2723 334 2755 omni
361 2722 548 2760 conti-auu,
579 2723 631 2762 qui
656 2723 766 2754 Romae
789 2731 913 2754 contra-

43 2769 114 2807 xit,
141 2767 251 2799 Romae
271 2764 434 2796 conveniri
453 2763 564 2803 possit,
588 2763 639 2795 sed
658 2763 754 2796 Curia
776 2774 853 2796 mox
867 2765 913 2804 ju-

43 2806 283 2851 risprudentiam
310 2805 394 2837 suam
413 2805 571 2847 restringit
599 2805 637 2836 ad
657 2806 851 2845 contractus,
874 2806 914 2837 de

36 2851 85 2885 ,iis
101 2850 192 2883 rebus
212 2848 308 2879 initos
322 2856 408 2888 ‚quae
425 2847 585 2888 pertinent
601 2847 638 2878 ad
649 2846 914 2887 comnmnemusimz

45 2893 134 2930 vz‘tae,
165 2891 195 2922 ἀ
220 2889 334 2922 multas
357 2887 559 2919 difficultates
581 2896 743 2920 enumerat
761 2911 771 2928 ,
803 2889 916 2929 quibus

69 2940 259 2965 remorentur
275 2930 372 2963 Cives
389 2928 533 2966 nostri,fi
547 2929 668 2960 necesse
684 2930 915 2962 haberentcum

80 2975 210 3016 elegatis
227 2973 290 3004 illis
309 2979 440 3012 peregre
458 2970 583 3011 litigare
596 2993 604 3009 ‚
628 2969 679 3002 sed
695 2971 744 3003 hae
765 2970 839 3012 ipsae
857 2969 916 3002 dif-

46 3017 204 3049 ficultates
218 3014 382 3050 obtinent,
412 3010 432 3042 si
452 3011 631 3044 contractus
654 3013 799 3044 ineantur
821 3013 915 3044 etiam

43 3058 84 3090 de
99 3058 138 3090 iis
155 3057 264 3096 rebus,
290 3063 360 3096 quae
382 3052 420 3083 ad
435 3061 634 3084 communem
651 3054 729 3086 vitae
747 3053 835 3086 usum
852 3062 915 3085 non

87 3107 217 3131 rtinent.

46 3109 152 3173 PeSed
165 3140 229 3172 five
245 3139 275 3171 in
297 3138 466 3177 omnibus,
490 3147 558 3178 qua:
574 3135 763 3168 contrahunt
782 3136 915 3177 Delega-

49 3183 96 3220 ti‚
119 3181 232 3213 sivein
251 3181 320 3220 bis,
342 3190 412 3221 quae
436 3179 474 3211 ad
503 3186 702 3210 communem
725 3178 804 3209 vitae
827 3177 914 3209 usum

49 3223 226 3266 pertinent,
250 3231 305 3255 eos
323 3220 468 3263 subjicias
484 3218 559 3254 foro
575 3217 787 3258 I-Iollandico,
811 3228 915 3261 operae

1729 129 1796 163 323

936 191 1068 235 pretium
1084 191 1129 224 cst
1149 192 1242 230 scire,
1267 200 1322 232 per
1338 201 1428 232 quam
1441 195 1577 233 regulam
1596 205 1631 227 ea
1652 194 1800 237 subjectio

935 236 1000 268 fiat.
1047 233 1186 275 Utraque
1213 232 1308 265 Curia
1341 233 1413 264 illos
1441 233 1609 274 Deleqatos
1634 238 1725 270 babet
1746 248 1803 278 pro

936 286 1000 309 non
1027 275 1175 314 subditis,
1207 273 1380 315 &quidem
1409 274 1470 305 fine
1497 268 1685 317 pfivilesgio,
1709 288 1803 319 atque

936 320 980 351 ita
1000 319 1092 350 habet
1107 317 1219 360 eodem
1236 317 1309 347 loeo
1327 317 1356 347 dt
1371 316 1454 356 jure,
1465 325 1527 355 quo
1544 310 1679 358 reliquos
1694 329 1803 351 omues

936 360 1126 402 peregrinos.
1172 358 1268 403 Quod
1293 358 1312 389 si
1332 357 1387 396 iit,
1419 358 1449 389 in
1470 358 1514 388 eis
1542 358 1637 396 lieet,
1661 361 1745 401 quod
1771 362 1803 392 in

936 401 1106 443 peregrinis
1134 400 1227 431 licet:
1261 399 1312 430 ubi
1331 407 1436 431 autem
1461 396 1583 429 arrestis
1609 401 1744 438 utinum,
1769 411 1804 432 ut

936 444 1052 476 utimur
1069 442 1148 483 apud
1166 452 1242 479 nos,
1265 441 1446 482 peregrinos
1461 439 1536 471 foro
1555 438 1662 471 nostro
1680 441 1804 481 subjici-

938 495 1023 523 mus,
1047 483 1109 516 sive
1127 492 1237 514 eorum
1258 481 1423 524 personas,
1446 481 1509 514 sive
1524 490 1634 512 eorum
1657 491 1805 522 quascun-

938 536 998 568 que
1015 536 1063 558 res
1081 525 1267 556 auam-itate
1282 524 1402 564 judicis
1419 522 1685 564 apprehendamus
1706 523 1735 554 δ(
1754 523 1806 554 de-

937 569 1099 599 tineamus.
1146 566 1216 597 Alia
1235 567 1333 603 ratio,
1358 574 1417 605 qua
1443 574 1505 596 non
1536 563 1691 595 subditum
1720 564 1808 604 juris-

938 609 1067 641 dictioni
1088 606 1202 640 nostrae
1218 607 1426 638 adscribamus
1437 629 1447 644 ,
1469 615 1531 638 non
1547 604 1683 646 suppetit
1697 629 1704 641 ,
1722 615 1809 637 certe

939 651 1105 692 egoaliam
1119 659 1182 681 non
1201 649 1288 680 novi.
1319 648 1497 680 Secundum
1522 647 1607 686 hsce,
1633 646 1653 678 ii
1671 646 1806 686 Delega-

940 694 963 724 ti
982 692 1040 724 sint
1054 691 1166 732 absque
1184 691 1249 722 ullo
1267 690 1329 722 fori
1348 688 1809 730 pi-ivilcyio‚quemadmodum

940 742 1072 775 utraque
1097 732 1194 765 Curia
1224 732 1294 772 plus
1318 730 1412 763 semel
1433 714 1543 761 testata
1564 729 1632 768 est,
1655 730 1739 761 reue
1762 729 1809 760 vi-

938 776 1052 807 dentur
1075 772 1196 806 seniiss'e
1219 773 1262 805 illi
1287 773 1450 804 Senatores
1475 781 1516 803 ex
1541 772 1693 813 Supremo
1714 771 1807 802 Sena-

941 825 996 855 tu,
1023 815 1326 858 quiDelegatorum
1354 812 1526 854 personas,
1557 814 1587 845 ὃς
1612 821 1811 854 qusecunque

941 868 1051 890 eorum
1071 857 1153 889 bona
1171 855 1286 888 ari-esto
1306 854 1528 895 subjiciebant,
1553 854 1615 886 boe
1635 854 1718 886 enim
1741 854 1811 893 jure

942 900 1061 932 utimur
1084 897 1230 930 adversus
1249 905 1396 934 exteros,
1420 905 1479 927 nec
1502 897 1686 937 quisquam,
1710 895 1748 927 de
1763 895 1810 935 ju-

942 950 976 972 re
998 939 1160 972 consultus
1172 962 1182 977 ,
1204 939 1242 969 de
1257 939 1325 978 jure
1341 938 1431 969 aliter
1447 936 1650 978 responderit.

986 983 1132 1014 Attamen
1149 980 1201 1011 alii
1219 980 1385 1011 Senatores
1401 988 1441 1009 cx
1457 977 1566 1009 eodeni
1587 979 1704 1010 Senatu
1717 977 1812 1010 Dele-

940 1032 1084 1065 gatorum
1100 1020 1247 1062 personas
1268 1021 1305 1052 ab
1327 1020 1445 1052 ari-esto
1465 1020 1713 1060 pronunciabant
1739 1019 1815 1050 libe-

941 1075 988 1097 ras
1001 1088 1010 1102 ,
1036 1065 1066 1096 &
1091 1064 1133 1095 sie
1158 1071 1286 1104 quoque
1304 1061 1491 1102 pronunciat
1510 1061 1606 1092 Curia
1625 1062 1656 1094 in
1680 1061 1735 1093 suo
1753 1060 1813 1092 Re-

941 1105 1054 1147 sponio
1068 1127 1079 1143 ,
1123 1104 1172 1135 uia
1186 1127 1195 1139 ,
1221 1103 1325 1143 inquit
1341 1102 1452 1141 Curia,
1479 1101 1623 1142 Delegati
1636 1126 1644 1139 ‚
1668 1102 1754 1134 fusto
1768 1111 1813 1133 ar-

943 1146 1046 1185 resto,
1068 1155 1101 1177 re
1123 1145 1272 1177 derentur
1292 1143 1420 1175 inutiles
1440 1143 1587 1175 obeundo
1611 1143 1753 1180 muneri,
1778 1143 1818 1174 ad

945 1188 1030 1230 quod
1047 1187 1225 1219 obeundum
1242 1185 1318 1216 miffi
1336 1185 1406 1217 sunt
1419 1209 1427 1224 ‚
1454 1185 1485 1216 in
1503 1185 1718 1225 praejudicium
1740 1184 1816 1215 I’ro-

944 1229 1058 1261 vinciae
1070 1252 1080 1268 ,
1104 1238 1173 1270 quae
1188 1237 1244 1259 eos
1261 1226 1351 1258 misit.
1388 1226 1494 1267 Atque
1511 1226 1552 1257 ob
1573 1225 1700 1257 eandem
1722 1226 1817 1256 ratio-

945 1281 1015 1303 nem
1035 1270 1130 1303 Curia
1143 1269 1236 1301 etiam
1254 1268 1337 1300 bona
1360 1268 1490 1300 mobilia
1509 1267 1758 1309 Delegatorum,
1780 1266 1816 1298 si-

945 1322 985 1344 ne
1001 1313 1112 1353 quibus
1131 1310 1299 1352 Delegatio
1316 1309 1397 1341 obiri
1415 1309 1542 1350 nequit,
1564 1307 1678 1340 arresto
1695 1307 1816 1341 eximit.

946 1354 1072 1392 Eecur,
1095 1353 1174 1385 seire
1195 1352 1311 1390 velim,
1337 1351 1401 1383 illae
1421 1350 1659 1392 exemptiones,
1682 1349 1704 1382 si
1723 1348 1819 1380 Dele-

947 1405 1038 1437 gatos
1055 1395 1167 1426 habeas
1192 1402 1250 1434 pro
1272 1393 1448 1431 extraneis,
1473 1392 1588 1432 absque
1612 1392 1678 1423 ullo
1693 1391 1820 1432 privile-

947 1437 1026 1478 gio?
1049 1437 1128 1469 Sane
1152 1435 1216 1467 illae
1237 1433 1312 1476 ipsae
1331 1434 1488 1474 rationes,
1512 1442 1582 1474 quae
1600 1432 1728 1465 Curiam
1747 1441 1815 1465 mo-

947 1486 1042 1519 vent,
1081 1478 1176 1510 etiam
1209 1485 1260 1507 me
1287 1476 1476 1514 moverint,
1504 1483 1539 1506 ut
1562 1474 1746 1516 Delegatis,
1781 1473 1820 1505 ad

946 1521 1126 1563 exemplum
1153 1518 1366 1560 Legatorum‚
1392 1517 1555 1548 tribuerim
1577 1516 1625 1557 jus
1647 1515 1819 1547 revocandi

947 1562 1098 1600 domum,
1125 1561 1156 1593 &
1174 1559 1195 1592 fi
1215 1559 1333 1591 tribuas
1358 1560 1389 1590 in
1416 1558 1508 1591 causa
1531 1559 1641 1596 civili,
1665 1557 1822 1599 quidni&

948 1604 981 1636 in
1000 1603 1173 1640 criminali,
1197 1601 1249 1633 ubi
1269 1601 1386 1632 eaedem
1407 1600 1544 1632 rationes
1567 1598 1732 1631 militant?
1758 1598 1822 1631 Cu-

947 1646 1001 1678 riae
1020 1643 1190 1683 sententia,
1216 1643 1248 1674 in
1267 1642 1356 1674 causa
1371 1642 1480 1681 civili,
1502 1652 1519 1674 a
1535 1651 1603 1673 mea
1627 1640 1707 1672 nihil
1734 1640 1822 1682 quic-

949 1697 1043 1729 quam
1059 1684 1224 1726 discrepat.
1269 1682 1440 1725 Agnoscit,
1464 1683 1608 1724 exeeptis
1628 1683 1764 1723 iis,quae
1779 1691 1822 1714 ex

951 1738 985 1761 re
1010 1727 1074 1769 ipsa
1099 1726 1202 1759 statim
1227 1725 1335 1758 forum
1364 1725 1533 1764 tribuunt,
1565 1724 1661 1756 etiam
1681 1725 1713 1755 in
1737 1723 1822 1756 veris

952 1770 1097 1810 Legatis,
1131 1767 1249 1800 arresto
1279 1776 1360 1806 opus
1386 1766 1465 1807 ess'e,
1502 1774 1537 1798 ut
1570 1765 1718 1807 Delegati
1733 1788 1742 1803 ‚
1781 1765 1825 1796 ob

952 1811 1090 1843 affiones
1123 1819 1209 1842 mere
1238 1808 1435 1850 personales,
1466 1808 1545 1850 apud
1573 1817 1630 1839 nos
1656 1807 1824 1839 conveniri

952 1853 1084 1894 poffint‚
1132 1851 1183 1883 sed
1212 1850 1299 1883 simul
1331 1850 1479 1892 prohibet
1511 1859 1546 1881 ea
1577 1847 1707 1888 arresta,
1776 1857 1826 1880 uae

952 1895 1105 1926 obeundae
1130 1892 1334 1934 Delegationi
1360 1891 1585 1933 impedimento
1607 1890 1726 1929 essent,
1784 1899 1827 1921 oe

953 1935 1020 1975 est,
1042 1935 1155 1968 arresta
1173 1933 1367 1976 personalia,
1390 1935 1420 1966 ὅ(
1445 1932 1598 1974 eiusmodi
1614 1932 1729 1970 realia,
1753 1940 1824 1971 qure

953 1978 1134 2015 efficerent,
1158 1986 1196 2008 ne
1213 1975 1376 2016 Delegatis
1396 1974 1553 2007 instructis
1572 1974 1602 2005 &
1623 1982 1695 2005 eum
1711 1971 1824 2005 instru-

953 2027 1062 2051 mento
1078 2018 1140 2050 esse
1158 2017 1277 2049 liceret.
1303 2016 1385 2060 Quae
1401 2025 1506 2048 autem
1521 2016 1575 2048 illa
1591 2015 1675 2046 bona
1692 2014 1827 2046 mobilia

953 2060 1029 2099 fint,
1041 2070 1112 2102 quae
1122 2060 1160 2091 ad
1179 2058 1386 2100 Legationem
1403 2058 1580 2099 pertineant
1592 2057 1662 2095 ,vel
1674 2065 1738 2087 non
1758 2065 1826 2096 per-

954 2102 1075 2133 tineant
1086 2126 1095 2141 ,
1108 2102 1140 2133 in
1155 2101 1236 2133 veris
1250 2099 1375 2140 Legatis
1385 2099 1499 2132 excuffi
1517 2100 1550 2130 de
1560 2098 1630 2130 Foro
1643 2097 1825 2140 Legatorum

956 2144 987 2175 C.
1006 2143 1098 2176 XVI.
1116 2144 1145 2175 ὃ(
1164 2142 1195 2173 in
1209 2141 1372 2183 Delegatis
1392 2141 1493 2172 habeo
1508 2150 1565 2183 pro
1582 2140 1736 2178 repetitis.

996 2185 1028 2218 Si
1049 2184 1277 2225 Delegatorum
1299 2181 1443 2224 personas
1475 2182 1513 2214 ab
1538 2180 1654 2214 arresto
1685 2181 1826 2219 eximas,

954 2234 991 2258 ut
1008 2227 1122 2258 eximit
1136 2225 1253 2264 Curia,
1277 2225 1308 2257 ὅ(
1320 2232 1505 2256 exemerunt
1531 2223 1666 2256 Ordines
1689 2221 1826 2254 Hollan-

955 2269 1016 2300 diae
1040 2268 1123 2300 binis
1142 2266 1309 2305 Decretis,
1334 2275 1404 2307 quae
1421 2263 1670 2297 commemoravi
1690 2263 1721 2294 C.
1733 2261 1823 2294 VIII.

955 2310 1033 2344 scire
1049 2308 1188 2341 desidero
1201 2332 1210 2347 ,
1228 2307 1491 2349 quemadmodum
1509 2306 1540 2338 id
1559 2305 1625 2338 fieri
1641 2304 1752 2346 possit,
1770 2303 1826 2335 nisi

955 2361 1011 2393 per
1030 2350 1160 2384 modum
1176 2349 1365 2391 privilegii?
1386 2349 1495 2380 Exteri
1508 2370 1520 2386 ,
1543 2356 1579 2379 ut
1594 2346 1676 2387 apud
1696 2355 1754 2377 nos
1775 2344 1825 2376 so-

956 2404 1026 2426 rum
1047 2392 1234 2431 sortiantur,
1266 2389 1384 2422 arresto
1404 2390 1536 2421 detineri
1559 2388 1705 2429 poss‘unt,
1729 2385 1827 2418 Dele-

956 2436 1018 2476 gati
1043 2434 1113 2468 sunt
1137 2433 1265 2471 exteri,
1297 2432 1327 2463 δε
1355 2440 1458 2463 tamen
1483 2429 1616 2462 detineri
1644 2434 1825 2468 nequeunt,

956 2485 1032 2507 eece
1055 2474 1277 2516 privilegium,
1302 2473 1332 2504 ὅ(
1355 2481 1430 2504 ecee
1453 2472 1581 2502 eandem
1607 2469 1760 2500 rationem
1774 2491 1783 2506 ,
1808 2478 1827 2500 a

957 2516 1053 2548 Curia
1069 2516 1260 2557 expositam,
1285 2523 1353 2554 quae
1378 2514 1409 2545 in
1437 2512 1519 2544 veris
1542 2510 1670 2552 Legatis
1698 2509 1826 2551 privile-

955 2558 1040 2598 gium
1061 2556 1204 2589 extorsit.
1247 2556 1307 2588 Sed
1322 2563 1394 2586 cum
1414 2564 1450 2586 ea
1467 2554 1549 2585 ratio
1565 2552 1679 2590 cess'et,
1704 2550 1726 2583 fi
1747 2560 1832 2582 arre-

956 2600 1003 2632 sto
1022 2598 1215 2630 includamus
1233 2606 1287 2635 ea,
1310 2605 1366 2637 per
1382 2605 1452 2637 quae
1469 2595 1604 2636 Legatio
1620 2593 1671 2625 vel
1694 2591 1776 2624 Dele
1798 2602 1828 2623 a-

957 2642 1004 2672 tio
1021 2640 1110 2672 nullo
1127 2639 1223 2672 modo
1239 2638 1448 2679 impediatur,
1471 2645 1505 2668 ut
1525 2637 1596 2668 sunt
1615 2644 1663 2667 res
1682 2634 1779 2666 immo
1805 2634 1828 2664 i-

956 2682 1022 2720 les,
1055 2681 1210 2720 actiones,
1245 2679 1384 2717 eredita,
1415 2675 1618 2711 haereditates
1631 2700 1640 2714 ‚
1674 2673 1826 2715 ejusmodi

957 2722 1070 2755 arresta
1094 2732 1165 2755 cum
1188 2723 1221 2754 in
1246 2721 1374 2763 Legatis
1395 2727 1462 2752 tum
1488 2720 1520 2751 in
1551 2717 1716 2759 Delegatis
1740 2716 1828 2748 omni

956 2766 1024 2805 jure
1047 2763 1270 2806 permittimus.
1316 2762 1364 2795 Ex
1384 2762 1476 2793 bonis
1500 2759 1732 2796 immobilibuS,
1758 2766 1827 2798 quae

957 2805 1038 2847 apud
1063 2815 1119 2838 nos
1145 2804 1233 2843 sunt,
1265 2804 1360 2835 etiam
1388 2801 1470 2844 ipsos
1498 2800 1656 2840 Principes
1679 2806 1831 2836 exteros,

957 2847 995 2879 ad
1008 2856 1087 2888 quos
1101 2857 1137 2878 ea
1156 2847 1334 2888 pertinent,
1360 2843 1434 2876 foro
1449 2842 1556 2875 nostro
1582 2839 1783 2880 subjicimus,
1806 2839 1829 2871 fl

957 2888 1041 2921 recte
1055 2888 1213 2930 disputavi
1233 2889 1266 2918 de
1290 2886 1359 2918 Foro
1385 2885 1566 2927 Legatorum
1593 2882 1625 2915 C.
1651 2881 1706 2913 IV.
1738 2880 1828 2912 Mul-

960 2937 995 2962 to
1011 2930 1108 2971 magis
1131 2929 1227 2970 igitur
1247 2927 1428 2967 subjicimus
1452 2925 1608 2966 Legatos,
1633 2921 1749 2954 arresto
1777 2930 1827 2952 ca-

959 2972 1023 3013 ptis
1047 2971 1140 3002 bonis
1166 2978 1277 3000 eorum
1309 2966 1540 3004 immobilibus,
1579 2963 1644 2997 sive
1670 2962 1824 3004 eiusmodi

959 3013 1130 3045 mobilibus
1141 3034 1150 3050 ,
1161 3010 1274 3052 quibus
1290 3009 1328 3040 ad
1344 3007 1518 3040 obeundam
1533 3005 1743 3046 Legationem
1761 3013 1827 3036 non
1843 3018 1851 3027 ·

958 3054 1122 3095 indigent,
1145 3052 1166 3083 fi
1185 3060 1298 3091 nempe
1316 3049 1384 3080 haee
1406 3048 1488 3090 apud
1511 3056 1569 3078 nos
1594 3045 1826 3087 deprehendan-

959 3103 1027 3133 tur,
1049 3094 1074 3126 fi
1089 3092 1249 3134 indigeant
1265 3091 1317 3122 vel
1335 3089 1390 3131 ipsi
1409 3088 1519 3130 Legati
1531 3087 1598 3126 ‚vel
1614 3096 1724 3119 eorum
1738 3086 1827 3118 Uxo-

956 3146 1025 3174 res,
1054 3145 1090 3166 ut
1119 3133 1207 3173 sunt,
1240 3131 1328 3164 verbi
1356 3131 1475 3172 gratia,
1508 3128 1667 3170 supellex,
1696 3137 1826 3166 aurum,

957 3185 1138 3217 argentum,
1162 3174 1278 3216 lapides
1295 3171 1442 3214 pretiosi,
1466 3170 1570 3202 rhedae
1585 3170 1716 3211 pensiles
1726 3193 1736 3209 ,
1762 3170 1791 3201 ὅ(
1808 3169 1829 3201 si

958 3217 1031 3260 quid
1049 3216 1094 3249 est
1103 3215 1281 3290 Sejusmodi,
1306 3213 1390 3248 aliud
1404 3213 1564 3253 dicerem,
1589 3219 1624 3244 ut
1639 3213 1710 3246 haec
1734 3210 1828 3244 latius

1131 3267 1144 3289 S
1167 3266 1186 3290 2
1774 3260 1830 3284 ΕΣ·
