2008 3436
426 103 460 138 R
491 102 519 138 E
553 104 585 137 R
617 103 651 138 U
684 101 729 136 M
803 112 824 136 1³„
858 112 882 136 ’r

101 197 149 223 bet
164 193 340 226 mandatum,
359 194 502 230 publicum
520 193 545 222 ὅ(
560 193 704 221 secretum.
801 193 837 220 Il.
860 201 924 227 250.

62 234 94 262 de
107 234 218 268 legatis
234 232 312 268 quod
335 234 392 268 egit
407 242 439 261 ex
460 233 581 268 generali
596 231 747 262 mandam.
768 231 853 260 hodie
868 233 923 260 vini

101 275 204 300 nuliam
216 273 307 302 nabet.
319 271 367 299 nifi
377 272 516 300 accesserit
525 270 696 298 ratihabitio.
716 270 779 297 ibid.
790 272 812 297 b.
824 278 857 304 25
867 279 874 298 r
883 293 888 298 .
897 281 922 298 α.

197 317 256 345 quat
271 316 328 345 egit
345 310 494 339 secundum
510 309 640 337 mandata
653 308 716 343 julli
733 309 869 344 Principis
884 308 922 337 cst

99 349 231 385 probare.
810 348 873 375 ibid.
897 349 920 375 b.

196 386 362 423 Hispanicus
377 386 540 416 Francicum
560 384 690 422 praecedit
712 385 786 422 apud
801 387 922 422 Impera-

98 433 188 454 torem
209 427 416 455 Germanicum.
813 433 875 459 255,
896 434 922 452 a.

195 464 342 500 superioris
365 463 517 499 Principis,
541 461 586 490 sed
602 462 741 495 absentis,
765 470 799 490 an
823 471 922 499 praece-

100 503 148 532 dat
170 504 330 531 inferiorern
346 503 516 538 Principem,
542 501 586 529 sed
603 502 773 537 prtesenrcm.
810 501 873 529 ibid.
897 503 922 529 b.

61 542 160 579 Legati
177 551 290 570 munere
305 550 338 568 an
357 541 436 577 poffit
454 540 530 575 iungi
549 540 656 568 mulier.
689 547 754 574 247.
776 539 799 567 b.
822 543 876 574 248
896 550 921 567 a.

60 581 163 617 Legata
193 581 282 614 major
311 581 439 607 minorve
463 580 555 607 honor
578 578 696 606 habetur
712 587 762 614 pro
785 579 923 614 dignitate

96 619 233 648 mittentis
248 640 256 652 ‚
288 618 314 647 ἀ
336 627 388 655 pro
413 617 493 656 ipsius
518 618 618 654 Legati
644 617 720 645 varia
744 618 922 646 conditione.

705 664 771 691 244.
788 657 812 684 b.
829 657 882 689 248
896 666 922 683 α.

59 697 160 732 Legati
175 696 287 732 quinam
306 696 378 724 reae
394 697 549 724 mittantur.
856 702 922 728 247.

193 743 250 762 non
277 735 347 763 reete
370 735 517 763 mittuntur
541 733 637 762 exules
661 733 696 762 ad
720 742 783 761 cum
801 755 808 766 ,
830 742 845 761 a
862 741 920 769 quo

94 774 226 805 exulant,
248 772 348 801 statuta
365 775 392 801 in
408 773 554 802 redeuntes
570 781 652 809 pcena
669 773 777 808 capitis.
854 771 920 799 ibid.

195 820 282 847 quare
296 821 353 840 non
364 811 542 841 lintobnoxii
556 811 689 848 potestati
705 812 763 846 ejus
773 809 824 845 ,ad
838 818 923 846 quem

96 851 254 879 mittuntur.
361 853 365 857 “
811 857 877 884 243.
898 850 922 876 b.

195 889 262 925 quid
279 898 369 917 rernm
386 889 454 918 olim
475 889 583 926 egerint
602 888 628 917 ἃ
644 897 718 917 nnnc
738 894 838 925 agant,
860 895 923 915 cum

94 928 206 965 publice
223 927 385 956 audiuntur.
858 928 923 960 248.

194 974 342 1002 anthuam
357 966 468 1003 publice
486 966 652 1001 audiantur,
665 965 822 996 Codieillos
845 964 923 998 suos,

99 1005 296 1039 Credam-alen,
317 1008 412 1034 edunt.
813 1003 877 1032 ibid.
899 1013 924 1031 α.

61 1059 176 1067 -ν-
198 1053 260 1072 cuni
285 1046 436 1072 audiuntur
460 1044 572 1081 publice
588 1065 596 1078 ‚
626 1043 713 1072 hodie
740 1042 810 1070 nihil
838 1041 926 1069 edunt

97 1090 212 1114 eornin.
233 1091 294 1119 quae
311 1083 372 1110 sunt
389 1083 497 1111 dicturi.
808 1089 874 1115 249.
894 1090 920 1108 a.

58 1136 171 1145 -———
196 1122 267 1157 apul
295 1122 414 1150 Achaeos
437 1129 494 1148 non
516 1119 722 1152 audiebantur,
744 1118 793 1147 nifi
822 1120 866 1152 id,
887 1118 922 1147 de

95 1159 234 1195 quoapud
244 1159 396 1187 Comitium
412 1166 492 1187 erant
501 1158 843 1195 aetursspriusedidiffent.
857 1157 921 1185 ibid.

193 1207 317 1235 quonam
333 1199 361 1226 in
378 1198 444 1225 loco
461 1197 621 1226 audiantur.
859 1195 923 1224 ibid.

198 1237 283 1265 hodie
293 1236 448 1274 promiscue
461 1235 611 1264 audiuntur
628 1234 701 1272 apud
719 1236 795 1264 viros
805 1257 813 1269 ‚
827 1234 924 1262 mulie-

93 1287 152 1311 res,
177 1284 278 1314 pueros
291 1296 300 1309 ,
321 1275 443 1310 puellas.
464 1275 547 1303 etiam
565 1275 637 1310 apud
655 1274 784 1302 infantes.
821 1273 885 1301 ibid.
900 1274 924 1302 b.

199 1322 262 1343 curn
277 1314 463 1342 audiebantur
479 1312 552 1350 apud
568 1310 725 1346 Romanos,
747 1321 806 1340 non
824 1313 925 1340 intere-

93 1361 156 1383 rant
171 1353 289 1382 semInae.
860 1349 924 1379 ibid.

194 1400 257 1420 curn
273 1390 627 1427 audiebantur‚Principes
642 1390 767 1418 Romani
785 1389 926 1418 interdum

92 1431 160 1470 paffi
176 1430 254 1464 sunt,
278 1437 308 1457 ut
324 1431 371 1458 filii
388 1429 436 1457 suo
453 1428 613 1457 interell‘ent
633 1428 785 1457 auditorio.
858 1428 924 1457 ibid.

57 1484 172 1493 ———
193 1469 229 1497 ad
252 1468 375 1497 Ordines
393 1468 545 1496 Generales
560 1467 628 1495 miffi
648 1476 712 1495 cum
733 1467 843 1502 singulis
857 1467 924 1494 Pro-

93 1509 192 1538 vinciis
203 1530 210 1542 ,
231 1515 278 1536 aut
293 1515 357 1536 cum
373 1507 503 1535 membris
519 1514 616 1534 earum
635 1507 706 1534 recle
722 1512 808 1542 agunt
822 1505 857 1533 de
870 1505 924 1533 Re-

93 1549 216 1584 publica.
813 1547 878 1579 246.
897 1554 924 1572 a.

195 1584 320 1620 ejusdem
339 1585 485 1613 commatis
505 1605 514 1617 ,
543 1584 615 1612 inter
631 1583 656 1611 se
672 1583 781 1612 servant
802 1582 924 1611 eundem

94 1626 233 1653 honorem
244 1646 250 1657 ,
272 1632 355 1660 quem
372 1625 476 1651 babent
491 1624 644 1658 Principes.
811 1630 877 1656 254.
897 1631 924 1650 α.

57 1663 218 1700 Legacurum
240 1662 320 1690 causa
341 1670 399 1689 non
419 1670 453 1690 ex
466 1663 526 1696 jure
549 1661 651 1695 Civili,
674 1660 719 1689 sed
739 1668 773 1688 ex
790 1660 849 1688 solo
863 1661 930 1698 jure*

96 1703 231 1731 Gentium
247 1701 285 1729 est
300 1700 469 1729 mstinianda.
809 1701 874 1734 248.
896 1709 923 1727 a.

57 1755 170 1764 -—
193 1739 382 1768 instrumentis
398 1747 432 1767 an
455 1738 529 1768 idem
553 1739 646 1768 honor
662 1737 693 1766 fit
707 1737 868 1769 habendus,
891 1745 924 1765 ac

97 1778 158 1816 ipfis
176 1779 298 1814 Legatis.
857 1780 922 1811 256.

57 1818 171 1853 Legatis
186 1818 304 1846 Senatus
329 1824 365 1844 ex
388 1816 421 1845 L.
442 1817 564 1846 Gabinia
583 1816 664 1845 datus
681 1823 714 1844 ex
730 1815 764 1844 K.
785 1814 867 1843 Febr.
882 1823 924 1843 us-

95 1865 151 1893 que
168 1857 203 1884 ad
220 1857 253 1885 K.
278 1856 366 1883 Mart.
812 1856 877 1888 248.
898 1854 922 1882 b.

57 1896 171 1932 Legatis
184 1903 217 1923 an
236 1894 340 1922 donum
358 1902 457 1922 munus
475 1894 561 1922 liceat
576 1894 713 1928 accipere.
858 1900 923 1925 252.

194 1933 424 1967 admnicntibus,
445 1933 685 1962 commorantibus
705 1931 731 1960 &
752 1931 922 1959 abeuntibus

92 1973 160 2000 olim
175 1980 286 2000 munera
304 1971 378 1999 data.

193 2010 428 2046 apudRomanos
447 2017 505 2038 non
525 2009 638 2038 videtui·
651 2008 828 2037 inter-dietum
842 2008 922 2036 fuisse

91 2051 220 2086 accipere
234 2057 343 2077 munus.
856 2046 920 2075 ibid.

192 2097 250 2116 non
267 2088 351 2115 etiam
369 2086 443 2123 apud
459 2086 723 2124 Graecos‚exceptis
738 2085 804 2114 solis
821 2085 921 2151 Corini—

858 2125 895 2152 ibi
916 2145 923 2152 .

191 2164 357 2193 abeuntibus
377 2162 451 2201 apud
466 2163 609 2201 plerasque
629 2165 736 2192 Gentes
751 2162 837 2192 hodie
858 2162 925 2190 dan-

94 2210 139 2231 tur
154 2211 278 2230 munera.
859 2201 922 2230 ibid.

57 2256 167 2264 -———-—
193 2241 261 2277 quid
271 2241 323 2268 hac
332 2240 365 2268 de
375 2249 404 2268 re
414 2239 689 2269 statuerintOrdines
704 2240 857 2269 Generales
866 2240 925 2268 1⁸oest

96 2280 185 2308 derati
204 2279 303 2314 Belgii.
815 2278 879 2307 ibid.
901 2279 925 2307 b.

192 2317 349 2346 Comitibns
372 2325 448 2352 teque
472 2325 504 2345 ac
525 2315 587 2354 ipfis
607 2317 720 2354 Legatis
746 2317 924 2346 interdietum

98 2357 203 2385 donum
216 2356 320 2384 ‘munus
333 2357 470 2392 accipere.
858 2355 922 2384 ibid.

56 2409 169 2419 ·—-—
193 2395 249 2431 ipsa
266 2402 411 2422 munerum
432 2394 627 2431 prohibitione
643 2395 728 2422 etiam
747 2395 922 2431 prohibitum

97 2435 225 2471 accipere
241 2432 399 2469 dignitates.
809 2441 874 2468 253.
896 2443 921 2461 α.

195 2473 271 2507 quod
291 2471 422 2504 donatur,
441 2479 475 2499 an
487 2471 627 2500 retineant
643 2470 710 2506 fibi,
721 2479 755 2499 an
764 2477 876 2500 vertant
893 2472 922 2499 in

95 2520 154 2540 rem
168 2510 321 2546 Principis,
342 2510 391 2545 qui
407 2517 455 2537 eos
471 2508 550 2537 milit.
724 2510 789 2538 ibid.
809 2511 833 2538 b.
856 2518 921 2544 255.

57 2549 174 2587 Legatos
187 2550 300 2586 quinam
318 2549 428 2576 mittere
445 2547 556 2585 possint.
856 2556 923 2583 243.

192 2588 303 2616 mittere
324 2586 364 2615 est
378 2594 437 2622 e;us
452 2606 462 2622 ‚
481 2587 528 2623 qui
551 2586 684 2615 summum
706 2586 854 2623 imperium
875 2587 922 2615 ha-

810 2625 874 2653 ibid.
895 2635 921 2654 a.

192 2671 284 2699 neque
300 2663 411 2692 interest
427 2684 436 2699 ‚
458 2673 492 2692 an
514 2664 660 2700 imperium
674 2672 708 2692 ex
720 2663 794 2699 Justo
811 2663 895 2692 titulo
912 2684 921 2699 ‚

97 2711 133 2731 an
147 2711 181 2731 ex
196 2702 252 2730 sola
267 2702 366 2736 injuria
381 2703 519 2738 originem
535 2703 659 2731 traxerit.
809 2710 875 2738 244.
894 2711 920 2731 a.

56 2754 168 2765 -—.—
191 2742 300 2768 mittere
316 2748 414 2768 omnes
429 2742 502 2769 reete
518 2742 630 2778 poffunt
645 2741 704 2776 ejus
719 2741 760 2769 rei
772 2749 858 2777 ergo,
875 2749 921 2769 cu-

95 2781 139 2816 J'us
156 2778 270 2816 agendae
285 2777 450 2814 potestatem
467 2780 574 2808 habent
856 2779 920 2808 ibid.

193 2819 305 2846 mittere
315 2824 372 2844 non
383 2817 453 2845 ree'te
461 2818 572 2855 possunt
581 2817 699 2846 rebelles
711 2817 746 2846 ad
760 2817 835 2847 suum
843 2817 922 2846 I‘rin-

57 1252 95 1261 ι..

96 2127 171 2155 thiis.

96 2625 153 2654 bet.

95 2865 268 2940 crpemkciffa
288 2894 317 2922 in
340 2891 474 2921 sactiones
495 2893 607 2932 Repub.
628 2903 754 2931 quamam
772 2903 835 2933 pars
849 2864 922 2923 r2ei5i3e

97 2941 200 2963 mittat.
812 2942 877 2969 244·
895 2943 921 2962 a.

193 2973 302 3000 mittere
320 2968 364 2997 vel
388 2969 517 3006 accipere
537 2978 572 2998 an
590 2970 693 3007 poffint
718 2971 828 3009 fingulae
852 2972 918 3000 Pro-

92 3012 192 3041 vinciae
207 3009 343 3039 Foederati
361 3007 457 3042 neigii.
475 3009 510 3034 V.
531 3008 694 3038 Provinciae.

152 3066 157 3069 ι
195 3049 340 3086 separatim
363 3046 475 3075 mittere
496 3054 554 3074 non
574 3047 668 3084 potuit
689 3048 784 3085 aliqua
812 3049 920 3082 Civitas

94 3087 217 3118 Concilii
231 3085 358 3116 Achaici.
809 3095 875 3121 245.
894 3096 920 3115 α.

191 3132 349 3154 exterorum
359 3123 672 3157 PrincipumNobilibus
681 3123 724 3152 vel
735 3125 935 3154 UrbiumMa-·

94 3164 253 3201 gistratibus
263 3164 289 3191 in
300 3162 453 3191 Hollandia
463 3161 594 3197 privatim
609 3162 707 3190 audire
717 3161 793 3192 licet.
818 3166 885 3199 246.
895 3164 920 3191 b.

229 3201 304 3231 Vide
321 3201 398 3236 supra
415 3200 544 3236 Legatio.
606 3228 609 3229 .

58 3239 222 3280 Legdaga„
244 3248 280 3269 an
301 3239 328 3269 ἃ
343 3238 457 3276 quando
472 3238 501 3268 N
505 3237 627 3268 avarcho
642 3237 807 3275 praestanda.

852 3246 921 3274 473-

855 1969 920 1997 ibid.
939 1967 942 1968 ⁷

955 99 1468 138 VERBORUM.
1757 118 1827 150 495)

968 190 1107 226 Legitima
1126 212 1133 224 ,
1159 189 1214 218 five
1235 191 1331 227 portio
1354 195 1479 227 patronis
1502 194 1597 223 debita
1619 204 1653 224 cx
1674 198 1831 225 hereditate

1007 229 1130 261 Liberti,
1153 228 1206 257 suit
1221 238 1273 266 pro
1291 230 1403 258 ratione
1422 235 1552 268 temporis
1570 236 1645 262 varia
1663 244 1694 263 ae
1712 239 1831 263 inritabi-

1006 267 1048 296 lis.
1676 277 1697 302 l.
1719 282 1783 307 2,-1).
1805 277 1828 301 b.

1100 305 1220 343 relinqui
1237 306 1304 334 olim
1321 306 1442 335 debebat
1457 306 1512 336 line
1530 311 1671 339 conditione
1688 312 1713 340 δι
1729 315 1831 339 ‹mazio-

1720 358 1783 377 2Ἳ.
1805 362 1832 377 ιι.

1103 391 1160 410 non
1184 382 1290 420 semper
1313 391 1346 411 ex
1368 384 1445 418 Lege
1469 384 1553 421 Papia
1576 385 1629 413 fuit
1652 370 1808 415 aetlimzinda
1823 409 1831 418 ,

1005 421 1049 449 sed
1066 428 1173 449 tantuin
1191 422 1372 450 exilientibus
1397 423 1491 450 liberis
1515 424 1604 451 minus
1628 426 1730 457 tribus,
1749 426 1793 453 sed
1813 426 1830 453 ii

1005 459 1121 488 libertus
1133 459 1290 488 linelibei·is
1302 460 1468 494 deceffill‘et‚
1486 470 1620 489 extranco
1637 463 1739 490 herede
1751 465 1830 499 scrip.

1005 505 1035 526 to
1050 519 1058 532 ‚
1089 498 1167 526 semis
1184 498 1339 527 debebatur
1363 500 1487 528 Patrono
1512 508 1546 528 ex
1569 500 1668 529 Edifro
1691 502 1830 531 rumori..

1674 540 1740 567 ibid.
1763 548 1831 574 272.

964 575 1150 612 Legitimatus
1165 576 1192 603 in
1212 576 1365 605 Hollandia
1382 585 1415 605 an
1434 576 1460 606 61
1475 578 1503 606 in
1516 576 1610 606 Gclria
1628 586 1680 614 pro
1695 580 1833 614 legitima-

1004 621 1035 643 to
1051 614 1196 642 habendus
1214 614 1254 642 sit.
1674 617 1710 644 ll.
1733 625 1786 652 372
1807 628 1834 645 a.

965 654 1098 689 Legitiini
1114 652 1296 688 Magistratus
1319 661 1502 692 opponuntur
1519 660 1598 683 extra
1610 655 1738 683 ordinem
1757 664 1834 683 crea-

1000 695 1045 720 tis.
1681 695 1702 722 l.
1725 702 1789 728 314.
1807 704 1834 722 a.

1003 353 1044 372 ne.

965 731 1129 768 Legitimum
1138 729 1286 767 judz'cz'um,
1308 731 1337 760 id
1354 731 1411 767 est,
1431 732 1503 760 affio
1519 732 1653 768 legitima.
1719 741 1784 766 229.
1808 743 1835 761 a.

964 775 1115 807 Ana-afwa.
1720 776 1787 801 262.
1808 773 1833 800 b.

1362 808 1432 838 Lex.

966 886 1025 914 Lex
1042 886 1133 914 omnis
1150 885 1206 913 fine
1225 885 1363 914 sanctione
1379 885 1417 914 est
1434 886 1602 923 iinperfee'ta.
1719 896 1785 923 420.
1807 898 1835 916 a.

966 925 1050 962 Legis
1066 924 1104 953 est
1120 926 1236 959 jubere,
1257 933 1314 952 non
1335 924 1484 961 disputare.
1728 934 1794 962 423·
1811 928 1836 955 b.

965 965 998 992 ln
1015 963 1098 1001 Legis
1113 963 1277 992 sententiam
1295 964 1463 999 impingere,
1486 962 1512 991 δι’
1534 964 1561 991 in
1582 965 1664 1001 Legis
1683 967 1766 994 verba
1786 968 1836 994 im-

1004 1003 1118 1038 pingere
1136 1001 1353 1038 distinguuntur.
1721 1008 1787 1039 436.
1808 1015 1835 1032 a.

966 1040 1086 1078 Legibus
1100 1040 1294 1078 obtemperare
1302 1041 1391 1078 prima
1406 1040 1512 1078 semper
1527 1041 1652 1078 obsequii
1663 1042 1753 1079 gloria
1769 1042 1834 1071 suit.

1743 1089 1787 1116 51.
1807 1092 1834 1110 α.

964 1117 1052 1155 Leges
1075 1117 1222 1154 negligunt
1240 1116 1299 1146 sere
1322 1126 1378 1152 ca,
1408 1126 1469 1155 quae
1492 1127 1507 1146 a
1533 1118 1593 1147 solo
1617 1091 1736 1149 secreto4
1746 1121 1836 1148 animi

1003 1156 1128 1194 pendent
1594 1165 1659 1192 431.
1679 1158 1703 1186 b.
1724 1166 1789 1194 439.
1811 1159 1837 1188 b.

967 1195 1057 1231 Leges
1074 1195 1141 1232 saepe
1157 1196 1184 1223 in
1194 1196 1363 1232 praeteritum
1379 1194 1448 1231 quid
1462 1194 1625 1232 Indulgent,
1649 1197 1728 1233 quod
1747 1199 1774 1225 iu
1792 1197 1823 1226 fu

1004 1241 1097 1263 turum
1113 1241 1219 1263 vetant.
1722 1239 1787 1266 281.
1809 1246 1837 1265 a.

969 1273 1086 1310 Legibus
1100 1278 1130 1301 ut
1145 1281 1290 1310 pareamus
1302 1273 1382 1308 jubet
1399 1272 1455 1308 ipsa
1471 1272 1586 1301 utilitas.
1666 1275 1703 1302 11.
1723 1282 1789 1309 257.
1808 1285 1836 1304 α.

968 1312 1056 1349 Leges
1085 1310 1141 1339 five
1164 1311 1305 1340 sententiae
1333 1312 1469 1349 JCtortnn
1487 1333 1493 1345 ,
1516 1312 1644 1347 quamvis
1670 1314 1839 1349 generaliter

1007 1351 1113 1386 scripta:
1128 1370 1137 1384 ,
1159 1349 1332 1387 explicandae
1351 1349 1412 1378 sunt
1435 1358 1468 1378 ex
1498 1350 1560 1387 iplis
1580 1351 1657 1382 libris
1678 1352 1812 1389 JCtorum
1830 1374 1839 1386 ,

1006 1389 1082 1417 unde
1099 1388 1248 1425 desumptae
1266 1388 1337 1417 sunt.
1680 1391 1701 1418 1.
1725 1395 1789 1425 236.
1810 1402 1837 1419 α.

968 1427 1054 1466 Legis
1069 1429 1176 1455 mentio
1192 1427 1352 1465 simpliciter
1374 1426 1448 1464 apud
1470 1427 1558 1466 JCtos
1578 1436 1631 1463 pro
1644 1428 1763 1464 subjeeka
1779 1438 1837 1458 ma-

1006 1467 1075 1495 teria
1092 1465 1274 1502 intelligenda
1291 1467 1325 1495 de
1341 1475 1374 1494 ea
1391 1467 1468 1501 lege,
1493 1467 1529 1495 de
1544 1474 1598 1502 qua
1615 1468 1721 1504 agitur,
1743 1476 1774 1497 ut
1786 1477 1837 1506 po-

1005 1511 1033 1533 te
1050 1505 1155 1541 semper
1169 1504 1218 1533 fibi
1234 1505 1353 1543 aliisque
1370 1504 1495 1540 cognita.
1767 1515 1836 1543 234.

966 1543 1052 1581 Legis
1067 1544 1132 1572 aetio
1147 1542 1186 1572 est
1201 1546 1292 1572 forma
1315 1543 1477 1573 instituendi
1490 1543 1606 1580 judicii,
1629 1552 1712 1581 quam
1729 1545 1836 1575 Praxin

1005 1591 1149 1611 vocamus.
1724 1592 1789 1619 3²0·
1809 1586 1836 1614 b.

965 1620 1041 1658 Lege
1056 1631 1134 1658 agere
1151 1621 1220 1649 nihil
1238 1622 1314 1651 aliud
1329 1622 1369 1652 est
1385 1630 1469 1660 quam
1492 1621 1615 1659 experiri
1639 1621 1709 1658 legis
1724 1623 1835 1652 afflone

1001 1666 1077 1689 certa
1092 1660 1285 1697 sollemnique.
1722 1669 1789 1695 229.
1806 1672 1834 1692 a.

965 1698 1071 1736 Legum
1084 1699 1293 1735 inscriptiones.
1314 1701 1382 1729 Vid.
1404 1699 1614 1735 Inscriptiones.

965 1737 1057 1774 Leges
1080 1738 1116 1767 ad
1132 1744 1297 1776 perpetuam
1320 1740 1362 1768 rei
1385 1738 1549 1769 memoriam
1565 1739 1612 1767 aeri
1628 1737 1834 1769 incidebantur.

1720 1785 1785 1813 310.
1805 1780 1833 1808 b.

1141 1816 1208 1845 Vid.
1231 1815 1359 1845 Tabulae.

968 1852 1057 1891 Leges
1071 1855 1208 1884 Veterum
1223 1855 1421 1884 Romanorum
1441 1853 1537 1891 rigidae
1559 1860 1590 1883 ut
1609 1862 1708 1884 eorum
1731 1863 1837 1886 mores,

967 1930 1028 1960 Lex
1044 1931 1164 1961 AEbutia
1179 1931 1213 1961 de
1229 1932 1486 1962 Consuetudinibus
1494 1937 1595 1961 contra
1610 1932 1644 1961 L.
1659 1901 1737 1962 Xll.3
1740 1895 1836 1962 '⁴132in

965 2007 1049 2046 Legis
1063 2010 1187 2045 Agrariae
1204 2009 1392 2046 fragmentum
1411 2009 1588 2039 illustratum.
1724 1973 1836 2045 13³2.

966 2047 1001 2075 de
1020 2047 1138 2086 Legibus
1154 2050 1294 2077 Annariis.
1725 2056 1787 2084 197.
1807 2060 1835 2078 a.

967 2085 1051 2123 Legis
1066 2087 1187 2123 Aquiliae
1204 2087 1327 2116 secundo
1342 2088 1435 2126 capite
1450 2086 1563 2116 videtur
1576 2092 1691 2115 cautum
1704 2086 1783 2116 suiffe
1798 2087 1835 2117 de

1002 2125 1114 2160 ‹ieje-etis
1131 2125 1157 2153 ἃ
1171 2125 1272 2154 effusis.
1720 2133 1764 2160 31.
1788 2133 1835 2160 32.

1166 2165 1251 2193 tertio
1273 2164 1365 2201 capite
1387 2164 1422 2193 de
1445 2164 1577 2192 omnibus
1604 2163 1770 2192 animalibus
1790 2164 1835 2192 lae-

1006 2200 1057 2236 fis,
1079 2201 1105 2230 dt
1119 2202 1154 2230 de
1169 2202 1267 2231 occifis
1283 2225 1290 2237 ,
1313 2211 1375 2240 quae
1389 2202 1528 2240 pecudum
1548 2209 1666 2230 numero
1680 2209 1737 2230 non
1755 2202 1833 2236 sunt,

1007 2240 1088 2269 datur
1109 2241 1180 2269 aetio
1196 2242 1315 2275 directa,
1336 2249 1394 2269 non
1412 2243 1440 2269 in
1455 2240 1565 2268 sactum.
1635 2248 1698 2268 120.
1721 2240 1745 2271 b.
1766 2249 1832 2269 121.

968 2279 1046 2314 Lege
1069 2279 1185 2315 Aquilia
1206 2285 1338 2312 tenetur,
1355 2280 1405 2315 qui
1425 2277 1611 2315 suggrundam
1633 2278 1713 2316 super
1740 2287 1834 2308 aream

1009 2317 1083 2345 suam
1099 2318 1250 2354 projectam
1269 2317 1381 2347 recidit.
1724 2320 1785 2347 118.
1806 2328 1834 2347 a.

966 2354 1041 2393 Lege
1057 2356 1174 2392 Aquilia
1188 2356 1303 2393 quando
1320 2361 1469 2385 teneantur
1483 2355 1593 2383 Nautae.
1614 2354 1681 2383 Vid.
1700 2356 1813 2384 Nautae.

966 2178 1045 2186 ——-

945 2416 951 2417 .
965 2393 1054 2431 Leges
1068 2394 1187 2438 Caesereae
1204 2395 1290 2431 vulgo
1307 2394 1457 2430 indigitant
1472 2393 1665 2431 Justinianeas.
1687 2394 1723 2422 ll.
1734 2402 1832 2429 235⁰-

965 2431 1037 2469 Legi
1053 2433 1158 2461 Cinciae
1175 2434 1252 2461 varie
1274 2432 1328 2461 fuit
1342 2433 1522 2466 subrogatum
1546 2433 1582 2459 ab
1604 2431 1749 2466 Augusto,
1770 2433 1833 2461 Ne-

1003 2479 1074 2499 rone
1083 2471 1109 2500 <St
1116 2472 1254 2506 Traiane,
1264 2470 1516 2499 intervenientibus
1524 2470 1610 2498 etiarn
1619 2469 1701 2498 SCtis
1710 2492 1717 2504 ,
1733 2470 1759 2498 ὅ(
1770 2477 1831 2505 tan-

1000 2508 1063 2537 dem
1073 2509 1275 2538 consuetudine
1291 2517 1347 2537 non
1358 2510 1496 2537 utentium
1505 2508 1655 2539 obsolevit.
1676 2509 1699 2537 1.
1720 2515 1785 2544 235.
1804 2516 1847 2539 a:

965 2545 1026 2575 Lex
1041 2548 1245 2577 Commifforia.
1267 2547 1333 2576 Vid.
1354 2547 1539 2576 Intercalaris.

966 2585 996 2613 in
1019 2587 1137 2623 Legibus
1161 2586 1340 2615 Constantini
1363 2586 1453 2615 sermo
1475 2593 1574 2623 parum
1595 2591 1741 2614 accuratus
1762 2585 1831 2615 &o-

1004 2625 1136 2654 stentatio
1157 2625 1317 2653 verborum.
1733 2633 1780 2652 2ο.
1802 2627 1828 2654 b.

964 2660 1025 2693 Lex
1049 2663 1183 2692 Cornelia
1208 2663 1243 2691 de
1270 2662 1341 2692 salso
1364 2660 1573 2692 testamentario
1597 2663 1831 2698 interpretatione

1000 2703 1112 2731 videtur
1128 2701 1263 2739 producta
1280 2702 1316 2730 ad
1331 2710 1416 2741 omne
1431 2710 1518 2737 genus
1534 2700 1606 2733 falsi,
1630 2699 1709 2736 quod
1721 2701 1831 2736 judicio

1002 2741 1118 2779 publico
1132 2741 1217 2769 etiarn
1232 2740 1285 2768 alia
1301 2741 1378 2775 Lege
1399 2740 1535 2767 vindicari
1549 2744 1669 2774 poterat.
1781 2742 1829 2773 89.

965 2795 1043 2802 -—-
1064 2794 1142 2801 —--
1164 2778 1407 2808 senatusconsultis
1426 2775 1625 2806 confirmata&
1640 2776 1776 2813 producta
1792 2777 1830 2806 ad

1002 2817 1056 2847 alia
1070 2818 1197 2847 crimina.
1657 2822 1704 2848 90.
1724 2815 1760 2843 ad
1781 2824 1829 2850 95.

965 2871 1043 2877 ---
1065 2871 1141 2877 ——
1162 2863 1245 2892 poena
1268 2853 1399 2882 adversus
1424 2853 1606 2889 quoscunque
1626 2852 1829 2890 compositores

983 2894 1010 2924 &
1026 2894 1177 2930 lignatores
1192 2892 1250 2922 falfi
1266 2892 1424 2922 testamenti
1441 2891 1562 2920 restricta
1577 2891 1613 2920 ad
1627 2899 1676 2919 eos
1689 2912 1696 2925 ,
1716 2892 1762 2927 qui
1779 2892 1831 2920 do-

1003 2933 1031 2962 lo
1047 2933 1122 2961 malo
1138 2932 1164 2960 id
1181 2931 1317 2960 fecerunt.
1625 2936 1671 2962 90.
1692 2931 1716 2957 b.
1735 2938 1781 2964 91.
1802 2941 1829 2960 a,

963 2971 1037 3008 Lege
1054 2971 1187 3000 Cornelia
1205 2970 1240 2998 de
1255 2969 1358 2998 ficariis
1379 2976 1414 2997 an
1431 2968 1575 2997 vlndicata
1599 2967 1752 2996 liberorum
1777 2978 1830 2997 επ.

1001 3011 1059 3039 des.
1757 3009 1782 3037 8.
1803 3018 1829 3041 a.

962 3048 1048 3085 Legis
1062 3047 1154 3076 Fabiae
1169 3046 1204 3075 de
1219 3044 1360 3084 plagiariis
1375 3044 1502 3080 cognitio
1517 3043 1673 3081 specialiter
1689 3014 1754 3073 (1113ιὲ
1761 3047 1829 3083 qul-

1003 3085 1121 3115 busdam
1139 3085 1376 3117 Procuratoribus
1393 3083 1505 3112 Caesaris
1732 3088 1778 3119 65.
1801 3096 1830 3117 a„

963 3124 1024 3153 Lex
1038 3123 1162 3152 Falcidia
1179 3122 1275 3151 heredi
1292 3121 1479 3159 quadrantem
1501 3121 1622 3157 tribuit,
1643 3121 1688 3150 sed
1711 3122 1768 3151 alio
1788 3130 1829 3151 at-

1021 3171 1055 3190 ue
1072 3161 1129 3189 alio
1145 3161 1216 3195 jure.

999 3171 1017 3199 q
1100 3201 1127 3227 in
1149 3199 1262 3234 Legatis
1275 3197 1395 3226 formula
1409 3196 1572 3227 vindicandi
1587 3197 1686 3228 relictis
1699 3220 1707 3233 ,
1729 3199 1829 3226 heredi

1766 3237 1830 3264 ibid.

1769 3274 1832 3308 Lea:

1003 3237 1063 3275 ipso
1082 3238 1144 3304 jtlire
1158 3237 1344 3272 quadrantem
1357 3236 1451 3265 dabat.

1142 3282 1151 3304 t
1173 3281 1183 3305 t
1205 3283 1226 3302 2

1633 3163 1696 3190 218.
1718 3169 1782 3194 219.
1801 3171 1828 3189 a.
1864 3168 1869 3171 ·
