2008 3436
247 112 530 167 QuAEsm
606 111 837 160 JURIS

43 200 215 242 eupavit-‚·
231 207 325 240 quam
379 195 441 228 uod
469 193 656 226 naturaliter
680 193 914 235 apprehendit:

42 251 143 283 neque
161 240 264 278 enim,
289 247 347 280 pro
378 235 507 275 emisse,
530 243 585 267 aut
599 244 738 276 prorata
758 235 912 277 partium,

41 292 132 325 quam
159 281 292 323 quisque
318 278 512 321 occupavit,
539 284 661 318 cetera,
687 286 757 319 quae
781 285 844 309 non
862 277 913 309 dc-

43 325 212 362 tinentur,
228 321 382 364 possidere
405 319 540 360 licebit,
564 318 639 360 quia
663 319 693 351 in
720 318 783 350 illis
801 319 915 351 ceteris

44 365 158 408 prioris
177 363 366 405 occupantis
390 361 573 407 dominatur
595 359 758 407 poiIeIIiO,
781 369 851 402 qua:
877 361 914 393 ab

41 407 121 447 alia,
143 405 235 438 fimili
250 405 426 442 duntaxat,
448 402 575 435 excludi
589 411 723 444 nequit,
747 402 915 434 earundem

41 448 156 491 quippe
180 447 297 479 virium
323 455 464 487 utraque.
510 444 553 476 Et
578 444 610 476 in
640 453 694 483 ea,
726 453 818 484 quam
836 443 913 476 deti-

41 497 94 523 net
108 512 118 528 ‚
141 498 229 531 parte
247 497 310 520 non
329 488 421 519 aliam
442 486 486 518 ob
509 485 632 517 causam
648 486 779 518 alterius
795 484 910 527 posses-

39 532 178 570 1ionem‚
200 539 291 572 quam
313 530 435 560 civilem
461 535 581 560 vocant
600 551 610 567 ,
640 527 783 559 obolevit
810 525 911 566 poste-

39 574 106 606 rior
128 581 308 613 occupans,
330 580 423 612 quam
450 569 537 610 quod
562 578 629 601 eam
651 569 836 601 naturaliter
865 576 910 600 te-

39 622 135 653 neat,
158 613 308 645 naturalis
335 612 420 644 enim
448 610 594 651 poli'essio
622 611 752 642 civilem
774 609 910 642 sustulit.

39 655 137 698 quue
154 653 255 696 ipsum
283 653 350 693 est,
373 653 457 695 quod
472 651 582 684 Celsus
603 653 646 684 ait
670 652 701 684 in
730 653 750 684 l.
768 657 813 687 18.
839 651 909 693 §.4

34 697 73 740 ff.
99 696 172 728 Eod.
201 696 235 727 Si
252 705 317 727 cum
336 705 447 738 magna
472 696 505 725 vi
525 694 666 737 ingreffus
696 693 737 736 est
754 696 910 732 exercitus,

39 748 102 771 eam
125 739 321 769 tantummodo
340 744 573 778 pm·te7n,quam
599 737 909 774 intraverit,0bcinet.

39 779 189 813 Cumvait
205 801 216 818 ,
237 789 349 822 magna
364 781 397 810 vi
408 802 419 818 ,
443 777 597 820 fignificat
615 777 698 816 csse,
717 778 769 819 qui
795 777 912 809 1611116-

37 829 129 861 rent,
153 820 454 863 poffeffionemque,
480 829 573 860 quam
588 820 707 861 priores
723 819 844 852 domini
860 818 910 849 ha-

37 863 163 902 beant,
177 862 210 894 vi
235 872 361 904 quoque
383 870 557 893 tuerentur.
600 860 678 893 Non
699 860 830 892 ulterius
852 859 907 901 igi-

39 914 91 936 tur
118 902 256 936 hostium
281 904 441 936 exercitus
466 912 574 945 agrum
600 903 791 949 occupavit,
814 910 907 943 quam

37 944 180 979 nostrum
203 945 316 977 cedere
340 945 460 986 coegit.
507 943 603 975 Forte
620 944 650 975 ἃ
669 945 710 976 sse
727 942 905 984 intelligen-

37 987 95 1019 dus
115 985 230 1018 Paulus
248 987 280 1018 in
295 988 324 1019 d.
351 987 372 1018 l.
396 997 427 1027 3.
453 985 480 1027 §.
509 995 536 1016 1.
560 994 633 1015 cum
650 985 714 1023 ait,
740 992 829 1025 parte
853 993 905 1015 oc-

37 1035 170 1069 cupata,
195 1027 270 1059 dum
289 1037 324 1058 ea
350 1035 456 1058 mente
478 1025 533 1064 fit,
559 1034 665 1056 totum
686 1025 831 1066 equidem
852 1034 906 1056 oc-

38 1068 165 1110 cupari,
187 1067 239 1099 sed
261 1078 346 1109 usque
365 1069 404 1099 ad
417 1068 590 1106 terminum,
612 1066 697 1108 quod
717 1067 841 1107 accipio
858 1076 906 1098 us-

40 1119 100 1153 que
124 1109 164 1141 ad
179 1118 247 1140 eam
274 1117 414 1150 partem,
438 1118 532 1150 quam
556 1109 636 1140 alius
663 1108 817 1149 possidct,
841 1109 906 1140 sive

39 1152 164 1184 vicinus
190 1151 223 1182 in
249 1149 304 1182 suo
327 1149 429 1182 fundo
458 1150 625 1191 proximo,
651 1150 715 1182 live
734 1149 803 1190 quis
826 1149 905 1181 alius

37 1193 71 1234 in
86 1192 148 1225 hoc
163 1192 274 1224 eodem
290 1190 412 1231 fundo,
434 1191 473 1223 de
489 1191 579 1232 cujus
599 1191 785 1232 poss‘effione
805 1200 902 1222 oecu-

41 1233 140 1278 panda
155 1233 269 1276 agitur.

81 1275 173 1308 Unde
202 1276 233 1308 in
258 1275 402 1317 Regione
433 1284 588 1316 occupata
616 1284 680 1307 non
710 1273 755 1307 est
777 1274 908 1306 difficile

39 1313 310 1358 animadvertere,
334 1317 409 1359 quid
437 1318 564 1358 proprie
589 1325 780 1357 occupatum
803 1316 904 1348 videri

39 1359 161 1396 debeat.
205 1359 338 1392 Scilicet
365 1359 414 1398 jus
435 1358 727 1400 Metropolitanum
745 1367 802 1400 per
823 1356 853 1390 se
871 1358 902 1390 in

38 1401 101 1434 hoc
118 1407 305 1442 argumento
322 1399 402 1433 nihil
421 1400 589 1442 quiequam
606 1399 643 1430 ad
662 1409 725 1431 rem
748 1400 904 1440 pertinet,

37 1442 71 1475 id
92 1442 176 1474 enim
199 1441 244 1474 est
263 1442 360 1474 civile
381 1441 569 1482 Imperium,
593 1441 678 1482 quod
695 1442 798 1473 vietus
816 1441 902 1473 Prin-

4 1503 6 1505 >
36 1493 112 1526 ceps
128 1483 314 1522 constituit,
338 1483 519 1523 ubicunque
537 1484 649 1523 placet.
697 1482 794 1529 Quod
811 1482 831 1515 ss
847 1482 903 1522 sit,

37 1523 134 1558 facile
157 1525 365 1566 intelligimus
378 1548 388 1563 ,
412 1524 434 1557 fi
452 1534 493 1556 ex
515 1534 595 1566 pago
611 1523 700 1556 forte
717 1524 824 1565 aliquo
844 1523 905 1555 Im-

38 1567 161 1609 perium
182 1568 220 1607 >in
245 1564 419 1603 universam
449 1566 624 1607 Regionem
641 1573 846 1604 exerceatur,
867 1575 906 1597 eo

37 1615 198 1649 occupato
227 1617 291 1640 non
314 1607 410 1640 etiam
436 1606 538 1639 Urbes
553 1630 566 1646 ,
596 1607 723 1649 Oppida
748 1631 758 1647 ,
789 1607 907 1647 Arces,

36 1659 108 1690 quae
131 1649 234 1681 adhuc
261 1649 410 1690 Princeps
434 1649 579 1687 detinet,
602 1657 760 1690 occupata
781 1649 905 1689 videri,

36 1691 90 1724 sed
114 1700 155 1722 ex
181 1689 251 1732 ipso
285 1689 371 1722 faCto
403 1690 629 1731 occupationis
655 1691 685 1723 δε
714 1689 907 1732 poffeffionis

35 1733 107 1774 haec
126 1731 234 1764 omnia
261 1731 440 1764 aestimanda
464 1732 535 1764 ess'e.
580 1732 759 1770 Secundum
776 1731 845 1763 haec
861 1732 907 1763 di-

36 1777 162 1815 cimus,
187 1780 275 1814 parte
302 1773 454 1815 Regionis
480 1780 657 1815 occupata,
680 1781 783 1805 totam
810 1777 906 1805 'occu-

35 1822 138 1858 patam
152 1815 275 1855 videri,
299 1815 321 1848 fi
340 1815 459 1847 nullam
480 1815 571 1848 aliam
593 1823 713 1857 partem
738 1815 841 1847 vietus
859 1824 906 1846 re-

37 1857 199 1895 tinuerit3
231 1855 255 1888 fi
279 1856 446 1888 retinuerit
464 1879 476 1895 ,
498 1857 578 1888 nihil
606 1864 798 1898 occupatum
825 1856 905 1895 effe,

38 1907 131 1940 quarn
157 1897 242 1939 quod
267 1898 299 1928 vi
321 1906 484 1929 extortum
503 1897 549 1929 est
573 1897 680 1936 vieto,
705 1898 736 1930 ἃ
751 1908 768 1929 a
785 1897 908 1929 viCtore

60 1938 217 1972 oss'essum.
263 1938 324 1971 Sed
352 1939 437 1977 circa
461 1939 553 1971 unius
576 1938 705 1980 Imperii
730 1939 836 1980 plures
861 1939 907 1971 di-

36 1949 162 2014 ffinitas
177 1980 321 2021 regiones
336 1980 421 2012 belle
440 1981 540 2021 quaeri
562 1980 683 2022 potest,
709 1990 747 2012 an
767 1990 803 2011 ea
818 1988 906 2013 uten-

37 2017 118 2054 dum·
133 2021 172 2055 fit
196 2021 420 2061 distinctione,
445 2031 507 2063 qua
530 2031 692 2053 uteremur
717 2021 747 2054 in
766 2022 905 2063 privato-

37 2072 108 2096 rum
133 2058 240 2096 fundis
258 2063 423 2105 ‚contiguis
436 2063 452 2095 ,9
473 2063 506 2095 Si
526 2063 637 2095 Titius
662 2062 780 2095 fundos
801 2063 904 2095 conti-

38 2113 118 2146 guos
141 2103 253 2136 habeat
280 2103 525 2144 Cornelianum,
548 2104 746 2137 Maevianum
773 2104 804 2136 ὃ(
818 2105 903 2137 Sem-

36 2145 245 2188 pronianum,
267 2143 383 2186 Gaius,
408 2154 496 2187 parte
526 2144 710 2179 Corneliani
728 2155 904 2188 occupata,

39 2196 147 2225 tocum
170 2185 395 2218 Cornelianum
421 2187 573 2228 poffidere
590 2187 803 2229 intelligitur,
825 2188 905 2220 Mae-

38 2229 169 2268 yianum
187 2236 265 2259 vero
287 2227 317 2259 ἀ
339 2228 598 2268 Sempronianum
614 2238 678 2261 non
700 2239 808 2270 aeque,
831 2228 904 2261 fun-

37 2269 81 2301 do
103 2269 188 2301 enim
211 2267 346 2310 poffeffo
366 2269 404 2301 ad
428 2270 596 2301 terminum
622 2270 843 2311 quidem,-sed
866 2271 905 2302 ad

37 2311 209 2354 terminum
227 2310 399 2350 duntaxat,
421 2320 522 2352 neque
537 2312 619 2343 ultra
634 2312 820 2353 poffidemus
837 2314 866 2345 d.
882 2313 904 2344 l.

18 2362 70 2395 3.
93 2350 124 2393 §.
151 2361 178 2383 1.
182 2351 240 2424 fff
271 2352 305 2384 de
331 2351 461 2394 Aequir.
479 2353 527 2384 vel
555 2354 653 2385 amitt.
681 2353 790 2395 poffeff.
835 2354 903 2398 Qui

37 2398 159 2436 partem
201 2393 273 2425 undi
296 2393 477 2426 Corneliani
495 2394 649 2433 intravit,
670 2405 735 2427 non
756 2395 820 2426 alio
841 2395 904 2428 ani-

37 2444 92 2477 mo
111 2433 245 2475 intrasse,
261 2435 424 2473 censetur,
448 2444 541 2476 quam
565 2444 603 2467 ut
649 2435 776 2467 offideat
797 2445 904 2468 totum

35 2477 122 2518 eju-s,
147 2476 237 2517 cujus
255 2484 375 2518 partem
398 2476 589 2518 occupavit,
635 2486 652 2508 e
667 2477 834 2510 Maeviano
853 2487 904 2509 au-

39 2517 176 2559 tem-vel
200 2517 430 2559 Semproniano
456 2517 558 2550 fundo
583 2528 624 2551 ne
650 2518 801 2560 cogitaffe
835 2519 903 2560 qui-

37 2559 117 2601 dem·
130 2557 268 2591 videtur.
313 2559 406 2591 Parte
423 2567 579 2599 occupata
596 2561 628 2592 in
650 2567 740 2599 toto,
765 2561 851 2602 quod
867 2560 904 2592 ab

39 2598 110 2632 aliis
134 2596 226 2631 rebus
264 2599 444 2633 distinctum
473 2600 544 2640 est,
576 2600 717 2633 consistit
753 2602 905 2634 terminus

39 2635 210 2684 poffidendi
229 2663 240 2680 ‚
272 2651 373 2683 neque
401 2643 485 2674 ultra
507 2643 744 2684 progredimur,
768 2643 832 2675 five
849 2644 905 2675 do-

39 2692 111 2715 mus
127 2678 184 2721 sit,
206 2680 270 2721 five
295 2681 432 2723 fundus,
457 2683 524 2716 five
546 2684 714 2723 horreum,
740 2684 804 2717 five
821 2684 906 2717 aliud

23 2723 119 2766 ⁴quid
129 2746 150 2762 ‚„
165 2722 249 2769 quod
266 2723 298 2756 in
315 2722 457 2763 Civitate
472 2725 516 2757 rei
533 2725 706 2757 immobilis
721 2726 905 2767 appellatio-

39 2774 80 2807 με
99 2772 198 2806 venit,
244 2763 289 2795 At
303 2787 314 2802 ,
337 2764 360 2796 fi
381 2775 432 2798 me
452 2767 578 2804 audias.
603 2767 663 2799 alia
686 2768 769 2799 ratio
789 2769 833 2800 est
850 2768 906 2799 im-

41 2805 230 2848 mobilium,
254 2814 324 2846 quae
342 2815 539 2848 occupantur
559 2809 630 2849 jure
644 2808 797 2842 vietoriae.
829 2809 905 2841 Ani-

42 2857 113 2888 mus
133 2846 271 2884 ,vietor-is
286 2845 333 2883 est
348 2856 413 2892 non
432 2849 586 2889 duntaxat
604 2860 697 2882 unam
715 2850 906 2892 Regionem‚

42 2885 95 2922 sed
113 2896 220 2931 toturn
245 2887 414 2929 Imperium
437 2888 551 2922 hostile
572 2892 754 2931 invadere,
786 2892 816 2924 ἃ
840 2892 906 2924 suas

41 2923 147 2962 facere
165 2929 292 2962 cunstas
317 2929 384 2970 ejus
410 2928 534 2973 Imperii
557 2932 732 2975 Regiones,
754 2943 813 2966 nec
828 2934 907 2966 alius

43 2970 97 3004 hic
119 2970 165 3002 est
192 2971 366 3008 terminus,
390 2981 484 3012 quam
509 2973 600 3006 in-ea
627 2974 790 3017 Regione,
814 2984 907 3017 quam

45 3012 148 3044 victus
167 3012 269 3056 adhuc
285 3013 412 3054 retinet.
453 3013 490 3055 ⁴Si
507 3014 588 3057 nihil
604 3015 797 3056 intercedat,
822 3016 908 3058 quod

45 3053 197 3096 poffidere
217 3050 281 3102 hpn
305 3052 411 3096 potest
435 3058 634 3098 occupator,
651 3057 675 3091 fi
701 3058 780 3100 velit
797 3081 809 3100 ,
832 3057 906 3099 dic,

95 3174 144 3211 (1)
165 3173 240 3204 Plac.
260 3176 297 3205 11.
320 3184 346 3213 5.
369 3184 393 3214 ς.
415 3185 441 3206 2.
466 3185 492 3206 1.

86 3214 144 3250 (2)
164 3213 264 3245 Ibidem
281 3215 319 3246 11.
342 3224 368 3254 5.
392 3224 422 3253 5.»
439 3224 465 3246 2.
485 3225 516 3252 4.
560 3255 564 3257 Δ

912 110 1262 157 PUBL101,

1317 114 1404 150 Lm.
1433 117 1460 151 Ι.
1496 118 1535 154 C.
1566 119 1629 156 VI.

955 192 1029 235 quid
1046 192 1262 235 poss'cffioncm
1296 193 1429 226 vit'toris
1454 194 1559 235 sistat,
1586 200 1633 236 &‚
1660 201 1834 242 quominus

956 235 1196 277 progrediatur,
1221 235 1406 277 impediat?
1440 237 1527 268 nulla
1556 249 1660 273 autem
1691 242 1836 284 Regione

957 284 1099 315 retenta,
1124 276 1220 307 etiam
1240 286 1299 307 una
1321 286 1337 308 a
1358 277 1481 309 victore
1500 288 1679 321 occupata,
1706 285 1756 315 vel
1777 293 1832 315 oc-

956 326 1071 360 cupata
1097 316 1161 349 sola
1188 317 1384 360 Metropolis
1406 320 1508 352 totius
1530 320 1655 363 Imperii
1676 324 1831 364 poss'essio-

957 368 1027 391 nem
1050 359 1149 391 dabit.
1196 357 1230 390 ]11
1248 359 1327 391 haue
1347 359 1532 393 sententiam
1551 363 1745 396 verissimum
1763 366 1831 405 est,

956 401 1041 442 quod
1068 400 1105 432 ad
1132 399 1288 432 Cosroem
1306 425 1315 438 ‚
1341 400 1500 434 Persarum
1529 403 1648 447 Regem
1665 428 1674 442 ‚
1697 405 1830 448 impera-

957 442 1036 474 toris
1061 440 1222 483 justiniani
1245 443 1382 484 Legatus
1407 443 1490 475 dixit
1509 449 1590 485 apud
1615 446 1831 480 Menandrum

955 483 1172 516 Protectorem
1198 481 1312 524 Hister.
1351 484 1479 526 Byzant.
1516 486 1594 519 Tam.
1628 487 1651 519 I.
1681 494 1713 528 p.
1751 496 1819 529 143.

954 526 985 555 Ὀ
1001 528 1051 566 72:44³
1070 526 1200 558 atenim4
1215 528 1368 560 Ἠγμονικὲ
1381 550 1389 563 ,
1413 540 1467 559 πως
1483 529 1518 558 ἐκ.
1533 530 1583 564 ἐ’χό
1598 532 1623 558 τὶ
1640 524 1825 561 κ’τηέεἷηκὲξὲ

955 566 1019 614 ‚Qgtt'
1041 569 1119 598 enim
1135 569 1267 599 dominus
1290 565 1330 607 est
1351 569 1433 610 ejus,
1458 571 1507 610 qui
1522 571 1671 610 imperat,
1694 573 1827 612 quomodo

951 619 1005 639 nec
1022 609 1153 640 dominus
1178 610 1233 640 erit
1252 609 1332 651 ejus,
1355 613 1426 651 quod
1441 613 1468 641 el
1479 611 1603 652 stthsl?
1627 612 1780 644 Ceterum
1805 613 1828 646 fi

952 650 1068 691 aliquid
1088 650 1190 681 adhuc
1211 653 1347 683 retineat
1373 652 1474 683 victus
1498 662 1600 694 neque
1625 655 1650 681 n*
1671 654 1829 686 -ssmGeszbc

953 691 1130 729 videbitur,
1156 692 1239 732 quod
1256 692 1310 724 ille
1329 692 1464 735 Imperio
1479 695 1737 738 Metropolitano
1752 705 1827 728 exe-

953 734 1031 772 mit,
1059 733 1089 764 Gt
1108 733 1138 764 vi
1159 741 1276 766 armata
1294 733 1449 766 defendit.
1496 737 1620 769 Merito
1636 738 1730 779 igitur
1748 738 1826 771 irrifi

954 774 1023 807 sunt
1044 774 1223 821 Principes,
1245 776 1319 817 qui,
1345 777 1429 817 quod
1451 777 1583 810 Romam
1605 781 1656 811 vel
1673 779 1828 816 Constan-

955 816 1124 857 tinopolim
1142 816 1315 855 haberent,
1340 819 1474 850 universi
1495 820 1591 852 Orbis
1611 821 1745 853 Romani
1764 821 1826 854 lm-

953 859 1072 899 pcrium
1099 856 1154 890 fibi
1181 868 1363 900 {irrogarunt
1381 883 1391 897 ‚
1422 869 1517 892 etiam
1542 870 1616 894 tunc
1633 885 1642 901 ,
1675 872 1746 895 cum
1771 863 1827 894 alii

952 899 1113 941 Principes
1136 909 1261 941 magnas
1286 901 1351 941 ejus
1378 900 1500 944 Imperii
1525 911 1629 944 partes
1653 912 1825 945 occupatas

953 941 1113 973 tenebant.
1157 941 1275 973 Similis
1301 941 1347 974 est
1372 945 1550 984 arrogantia
1577 945 1716 978 belisarii
1746 946 1827 987 apud

952 981 1144 1022 Procopium
1169 984 1202 1013 de
1230 983 1311 1014 Bello
1342 984 1475 1016 Vandal.
1508 985 1549 1017 L.
1570 986 1608 1018 11.
1637 988 1670 1020 C.
1690 997 1720 1026 4.
1753 997 1826 1020 nam

951 1022 976 1054 is
989 1047 997 1061 ‚
1023 1033 1095 1055 cum
1113 1022 1335 1065 Carthaginem
1358 1024 1517 1067 ipsumque
1536 1025 1655 1068 Regem
1681 1028 1824 1060 (36111116-

950 1074 1017 1097 rem
1034 1065 1064 1111 in
1081 1064 1271 1105 potestatem
1297 1065 1463 1108 redegisset
1482 1066 1671 1107 Justinianus
1683 1093 1691 1106 ‚
1718 1071 1822 1111 palam

948 1106 1100 1147 jaflavrt,
1127 1106 1223 1139 etiam
1250 1108 1361 1139 cuneta
1389 1108 1427 1140 ad
1452 1118 1523 1142 eum
1550 1111 1728 1151 pertinere,
1754 1121 1823 1152 quae

949 1147 1092 1180 Gelimer
1108 1148 1139 1180 in
1153 1148 1263 1180 Sicilia
1280 1149 1423 1183 habebat.
1478 1151 1619 1184 Omnino
1648 1161 1824 1193 perperam,

946 1199 1047 1231 neque
1065 1189 1148 1222 enim
1167 1190 1235 1230 jus,
1260 1191 1344 1232 quod
1359 1191 1391 1223 in
1412 1191 1636 1234 Carthaginem
1646 1194 1698 1225 vcl
1720 1193 1823 1235 perso·

951 1241 1023 1263 num
1036 1231 1132 1272 Regis
1148 1231 1283 1263 habebat
1295 1255 1304 1270 ,
1317 1241 1426 1266 eorum
1437 1258 1445 1270 ‚
1459 1243 1527 1275 quae
1544 1235 1577 1266 in
1594 1235 1702 1268 Sicilia
1717 1243 1822 1275 erant,

972 1272 1166 1306 ossesfionem
1193 1273 1363 1306 transferre
1380 1283 1515 1315 poterat.
1560 1277 1669 1309 Sicilia
1693 1278 1822 1318 proprio

975 1315 1059 1347 Iarte
1072 1312 1101 1345 se
1119 1313 1328 1354 defendebat,
1354 1325 1435 1354 nec,
1452 1324 1546 1357 capto
1563 1318 1671 1360 Rege,
1696 1328 1736 1350 eo
1755 1318 1824 1360 ipso

946 1357 1068 1396 capitur
1094 1355 1272 1388 universum
1304 1357 1369 1396 ejus
1401 1356 1581 1399 Imperium.
1642 1360 1824 1401 Occupatio

947 1396 1116 1444 necessaria
1138 1396 1202 1437 est,
1226 1398 1279 1430 vel
1299 1398 1414 1439 ceffi0,
1439 1400 1462 1433 fi
1482 1400 1515 1433 in
1536 1410 1613 1442 pace
1632 1401 1677 1434 ita
1702 1411 1822 1434 conve-

947 1447 1040 1471 nerit.
1546 1450 1548 1453 ’

992 1479 1089 1512 Nune
1111 1480 1292 1521 videamus,
1316 1483 1391 1524 quid
1417 1483 1552 1517 Ordines
1571 1485 1596 1517 F
1599 1485 1734 1518 oederati
1749 1486 1822 1518 Bel-

950 1523 993 1564 gii
1008 1522 1040 1554 in
1054 1522 1134 1554 hanc
1148 1532 1213 1554 rem
1231 1522 1432 1557 decreverint
1449 1525 1480 1557 δε
1497 1526 1668 1560 edixerint.
1714 1526 1826 1572 Quum

950 1565 982 1596 in
999 1563 1028 1605 §.
1050 1574 1082 1606 3.
1128 1563 1319 1596 Indaeiarmn
1335 1565 1418 1598 inter
1436 1566 1648 1601 Archiducem
1661 1569 1765 1601 Austr.
1793 1570 1826 1602 δε

951 1605 1087 1637 Ordines
1111 1603 1233 1644 Gener.
1253 1616 1283 1643 9.
1308 1606 1385 1648 Apr.
1416 1612 1505 1645 1609.
1549 1610 1765 1649 conveniffet,
1788 1618 1828 1643 ut

949 1647 1084 1688 quisque
1098 1646 1296 1679 induciarum
1315 1654 1460 1691 tempore
1480 1650 1669 1691 possideret,
1691 1660 1728 1684 ut
1747 1660 1825 1684 tunc

950 1687 1140 1729 poffidebat,
1166 1688 1197 1721 ἃ
1214 1688 1378 1722 Archidux
1395 1690 1506 1723 Edicta
1526 1691 1578 1725 sua
1594 1693 1625 1725 in
1643 1703 1718 1736 agro
1734 1692 1825 1736 Kuy-

949 1729 1034 1762 kenfi
1059 1729 1206 1762 affixisset
1225 1753 1236 1770 ,
1280 1730 1417 1765 Ordines
1442 1732 1615 1767 Generales
1642 1745 1694 1768 20.
1738 1736 1822 1777 Aug.

954 1774 1045 1809 1609.
1071 1771 1240 1804 edixerunt
1267 1772 1357 1814 (1),
1384 1784 1491 1816 agrum
1515 1775 1717 1819 Kuykensem
1739 1777 1825 1809 adse

949 1814 1131 1857 pertinere,
1146 1814 1219 1855 quia
1235 1814 1430 1855 poffidebant
1446 1816 1566 1850 Urbem
1583 1820 1616 1850 cle
1635 1819 1737 1850 Grave
1747 1819 1825 1858 ,cu-i

950 1863 1022 1895 ager
1041 1855 1097 1887 ille
1111 1863 1178 1887 erat
1193 1854 1354 1895 subditus,
1380 1867 1421 1890 ne
1435 1858 1505 1900 quis
1521 1859 1618 1900 igitur
1632 1859 1711 1892 alius
1731 1860 1764 1892 in
1782 1869 1824 1892 eo

950 1896 1050 1928 ullum
1068 1897 1235 1938 imperium
1254 1906 1405 1931 exercere
1422 1900 1530 1932 vellet.
1613 1911 1751 1943 uumque
1762 1902 1826 1934 Or-

948 1937 1035 1970 dines
1050 1936 1221 1970 Generales
1236 1940 1465 1981 expugnassent
1480 1941 1578 1974 Arces
1590 1946 1625 1974 in
1640 1944 1697 1974 den
1712 1943 1822 1976 Lande

949 1988 1014 2025 vfm.
1037 1979 1225 2019 Overmaze,
1250 1981 1279 2013 dc
1307 1987 1413 2013 tamen
1436 1981 1571 2024 Hispani
1591 1985 1707 2016 incolis
1723 1985 1822 2017 inter-

948 2020 1165 2059 dixiffent,ne
1179 2020 1243 2053 sese
1257 2021 1446 2062 jubjicerent
1460 2024 1669 2064 jurisdictioni
1686 2026 1822 2059 Senatus

949 2061 1149 2102 Brabantini,
1167 2063 1222 2105 qui
1236 2062 1281 2095 est
1295 2063 1397 2105 Hagae
1416 2064 1574 2105 Comitis,
1587 2067 1657 2107 jure
1673 2068 1821 2101 retorsio-

947 2104 996 2135 nis
1013 2103 1088 2135 huie
1105 2104 1320 2136 inter-distioni
1337 2105 1401 2137 sese
1422 2106 1638 2148 opposuerunt
1659 2108 1821 2148 Ordines,

947 2154 984 2177 ut
1007 2143 1052 2176 est
1072 2145 1105 2177 in
1129 2154 1240 2178 eorum
1263 2146 1378 2178 Edicto
1401 2152 1431 2182 8.
1476 2149 1578 2182 Mart.
1627 2153 1666 2182 16
1687 2160 1708 2191 4
1732 2150 1821 2193 (2).

947 2185 1085 2227 Rursus,
1111 2196 1184 2219 cum
1199 2186 1421 2221 Buscoducum
1436 2190 1474 2222 ad
1495 2190 1630 2224 Ordines
1680 2193 1821 2225 enerales

948 2228 1142 2269 pertineret,
1167 2229 1198 2261 &
1211 2228 1345 2271 Hispani
1360 2231 1496 2263 multum
1513 2234 1677 2265 turbarent
1710 2234 1773 2266 uod
1782 2233 1822 2266 ad

948 2279 1056 2311 agrum
1078 2270 1371 2311 Buscoducensem,
1394 2273 1492 2305 variis
1515 2274 1674 2307 Ordinum
1727 2275 1821 2307 dictis

947 2312 986 2344 iis
1010 2310 1138 2344 obviam
1163 2312 1245 2344 itum
1275 2312 1339 2353 est,
1362 2323 1476 2356 nempe
1502 2326 1553 2348 20.
1596 2326 1701 2349 anuar.
1728 2317 1759 2349 δε
1785 2327 1819 2358 3.

947 2353 1029 2395 Aug.
1064 2357 1154 2396 1630.
1183 2363 1233 2395 13.
1256 2354 1338 2396 Maj.
1376 2358 1466 2397 1631.
1492 2367 1542 2389 20.
1568 2316 1636 2398 JJun.
1668 2361 1760 2399 1634.
1788 2367 1819 2390 2.

947 2394 1040 2427 Febr.
1065 2395 1096 2427 ὅτ.
1111 2405 1142 2427 2.
1165 2394 1248 2427 Dec.
1274 2400 1366 2438 163⁶·
1390 2397 1462 2438 (3)
1481 2398 1640 2430 &iterum
1655 2408 1705 2438 24.
1733 2398 1826 2431 Dec.'

950 2439 988 2468 16
1013 2447 1042 2469 2.
1065 2436 1142 2478 (4)
1163 2437 1196 2468 in
1220 2437 1333 2477 quibus
1349 2437 1469 2469 Editus
1487 2443 1516 2472 8.
1541 2439 1640 2471 Mart.
1669 2442 1761 2481 1634.
1785 2440 1818 2472 δε

1759 131 1833 167 203

930 2487 976 2513 ·2.
1028 2479 1094 2509 ebr.
1122 2481 1213 2519 1636.
1235 2486 1429 2510 memoratur
1450 2488 1576 2522 quoque
1592 2479 1738 2512 Edictum
1755 2481 1816 2514 Re-

946 2519 995 2559 gis
1019 2518 1199 2560 Hispaniae,
1221 2517 1340 2551 factum
1372 2529 1419 2552 10.
1450 2520 1510 2561 Jul.
1540 2524 1630 2556 1628.
1680 2531 1722 2553 uo
1748 2523 1757 2554 i
1785 2521 1818 2554 se

947 2560 1003 2591 ille
1027 2561 1098 2592 Rex
1122 2560 1247 2602 prolixe
1270 2559 1414 2601 asseruit,
1438 2571 1546 2603 agrum
1567 2561 1652 2603 subje
1672 2564 1739 2595 tum
1789 2574 1818 2596 r-

947 2600 996 2633 bis
1011 2602 1164 2634 vietorem
1180 2601 1275 2643 sequi.
1300 2602 1407 2647 Atque
1423 2612 1462 2634 eo
1478 2603 1546 2644 iure
1563 2604 1659 2636 etiam
1679 2604 1817 2638 Ordines

948 2642 992 2675 ufi
1015 2642 1087 2675 sunt
1106 2642 1220 2676 inillis
1243 2642 1382 2684 Ediffis,
1406 2645 1535 2677 &recte
1561 2645 1605 2678 ufi
1628 2645 1717 2686 sunt,
1743 2647 1817 2688 quia

948 2693 1056 2725 agrum
1070 2683 1239 2726 occupasse
1253 2684 1442 2725 censentur,
1465 2687 1519 2728 qui
1537 2687 1570 2719 in
1587 2686 1678 2718 illurn
1696 2696 1755 2728 pro
1771 2697 1817 2719 ar-

947 2726 1046 2757 bitrio
1070 2727 1236 2768 imperant.
1280 2727 1312 2759 Si
1331 2737 1393 2769 qua
1409 2727 1476 2760 Arx
1494 2735 1598 2760 tamen
1614 2727 1652 2760 fit
1668 2727 1700 2759 in
1718 2737 1816 2769 agro,

948 2767 1088 2800 nondum
1113 2776 1271 2809 occupata
1287 2790 1297 2808 ,
1321 2778 1484 2811 quousque
1510 2769 1565 2800 illa
1585 2769 1617 2800 in
1635 2777 1742 2809 agrum
1758 2769 1816 2802 im-

947 2817 1036 2851 perat
1045 2833 1056 2850 ,
1066 2809 1195 2842 alterius
1210 2808 1356 2851 poffeffio
1371 2810 1402 2843 dc
1419 2810 1593 2843 dominium
1607 2818 1672 2842 non
1681 2810 1816 2852 porrigi-

950 2859 1010 2883 tur.

990 2892 1050 2932 Si,
1083 2901 1154 2934 quae
1184 2888 1434 2934 disputavimus,
1458 2893 1542 2925 resta
1572 2892 1653 2931 fint,
1678 2900 1715 2924 ut
1736 2893 1816 2926 mihi

949 2934 1076 2975 quidem
1093 2934 1154 2966 effe
1173 2934 1342 2975 videntur,
1366 2936 1449 2967 rene
1471 2935 1565 2965 ctiam
1587 2934 1720 2966 Senatus
1741 2934 1814 2967 Bra-

949 2975 1097 3007 bantinus
1106 2998 1117 3014 ,
1140 2976 1194 3016 qui
1221 2974 1322 3017 Hagae
1350 2975 1488 3008 Comitis
1520 2975 1568 3015 jus
1595 2974 1681 3006 dicie-
1705 2975 1815 3008 ineas

949 3017 1126 3050 Brabantiae
1139 3016 1312 3057 Regiones,
1337 3026 1413 3057 quas
1430 3015 1565 3048 Ordines
1582 3016 1650 3057 jure
1671 3015 1747 3049 belli
1764 3027 1819 3054 oc-

950 3065 1124 3100 cuparunt,
1148 3060 1253 3097 recte,
1277 3056 1422 3098 inquam,
1445 3056 1500 3089 ille
1513 3057 1646 3090 Senatus
1667 3060 1721 3090 26.
1735 3058 1813 3091 Oet,

1722 3103 1811 3138 1629.

993 3157 1054 3216 (35
1073 3178 1150 3208 Plac.
1169 3180 1194 3208 1.
1216 3157 1247 3208 1..
1261 3186 1289 3214 4.
1311 3186 1338 3207 2.
1358 3178 1387 3208 11.
1410 3187 1436 3210 1.
1458 3187 1535 3218 2..g.
1554 3189 1583 3219 4.
1604 3187 1620 3218 5
1641 3180 1667 3212 ἃ
1687 3183 1716 3214 6.

993 3218 1052 3255 (4)
1072 3217 1173 3247 Ibidem
1192 3218 1215 3245 1.
1238 3225 1264 3252 3.
1286 3225 1314 3248 2.
1335 3225 1362 3248 1.
1379 3225 1409 3258 2„-
1438 3229 1439 3232 ¹
1487 3247 1493 3250 ,
1684 3224 1692 3250 ’.

1138 3264 1235 3300 Ccz
