2008 3436
423 112 823 149 CORNELII

177 200 280 230 ceret,
306 199 341 223 ut
358 201 442 224 nunc
457 192 620 225 restitutus
638 192 681 224 est
691 216 702 232 ,
723 203 763 225 ex
781 192 867 226 SCto
882 201 975 234 poena
986 190 1043 222 Lc-

174 233 222 273 gis
236 233 326 272 Juiiae
342 234 432 265 adfici
443 258 452 274 ,
472 234 526 275 qui
542 234 579 265 ad
595 244 718 275 poenam
734 234 828 276 Legis
847 234 935 274 Juiiae
956 232 994 263 de
1011 232 1043 262 vi

172 274 295 315 privata
318 275 431 307 redacti
460 275 531 307 sunt
549 297 559 313 ,
587 275 648 307 hoc
666 276 772 307 addito
786 299 797 314 ,
821 275 856 309 ὃ
870 274 899 314 fi
924 275 986 316 qiu's
1008 281 1045 304 ex

173 314 335 358 naufragio
350 317 410 348 dolo
431 317 506 348 malo
523 318 592 358 quid
608 319 749 357 rapuerit.
781 317 815 349 Id
833 316 1038 359 iignificaret‚

174 355 204 386 ἃ
225 358 365 390 redactos
383 358 420 389 ad
438 358 555 399 Legem
574 358 687 399 Juliam
711 359 777 397 ejus
803 367 894 399 poena
917 365 1038 401 teneri,

174 396 204 427 &
221 406 371 438 praeterea
395 409 466 431 cum
478 423 488 438 ,
514 399 567 440 qui
585 409 624 431 ex
649 399 812 440 naufragio
831 397 948 439 aliquid
967 396 1037 427 diri-

171 440 285 478 puerit.
332 440 419 472 Itane
446 441 647 478 Marcianus,
680 441 769 471 nullo
789 444 1039 471 commemorato

174 481 322 522 exemplo
339 491 448 513 eorum
466 505 476 520 ,
501 482 552 521 qui
572 481 609 512 ad
627 491 751 521 poenam
778 479 870 522 Legis
890 478 979 520 Juliae
1000 477 1039 507 de

173 520 208 551 vi
226 524 348 563 privata
365 524 477 555 rcdatti
501 523 559 555 fint
574 545 583 560 ,
618 531 676 552 nec
695 522 790 553 etiam
817 520 970 561 adscripta
996 518 1038 549 le-

173 571 211 603 ge
223 585 232 600 ,
246 572 315 604 quae
330 563 358 595 id
376 563 543 596 sanciverit
560 563 598 593 de
616 570 741 603 raptore
757 561 939 603 naufragii?
963 559 1038 591 Scio

171 603 252 636 nibil
278 604 339 636 effe
354 630 364 645 ,
398 605 481 646 quod
503 613 643 635 moi-etur
666 602 857 645 Interpretes
877 627 889 643 ,
914 601 966 634 sed
989 610 1039 632 me

180 117 250 159 196
898 123 955 151 vVA
982 122 1006 147 N

758 693 1030 729 CAPU

1083 107 1683 148 B-YNKERSHOEK

1087 198 1256 230 uti-umque
1264 197 1413 221 moratur.
1433 188 1539 221 Facile
1546 198 1650 223 autem
1658 201 1723 225 rem
1733 195 1893 236 expediam
1900 220 1910 237 ,
1919 198 1941 234 si

1087 231 1179 262 unius
1204 231 1339 262 literulae
1361 231 1516 262 mutandae
1541 233 1663 264 veniam
1691 235 1855 277 impetrem
1871 262 1881 278 ,
1913 241 1942 274 &

1087 280 1145 313 pro
1167 278 1196 303 et
1217 271 1399 303 substituam
1422 278 1473 310 uz,
1491 278 1525 303 ut
1535 271 1565 311 fi
1580 275 1642 315 quis
1660 285 1697 306 ex
1710 278 1870 320 naufragio
1883 282 1942 313 doio

1083 313 1157 344 malo
1175 314 1243 355 quid
1258 315 1400 353 rapuerit.
1425 313 1471 343 At
1481 335 1492 351 ,
1514 320 1541 344 ez
1552 336 1564 352 ,
1587 321 1619 345 ut
1639 316 1670 348 in
1688 313 1792 350 Libris
1807 320 1941 362 antiquis

1082 353 1161 397 saepe
1179 355 1386 393 commutari,
1411 355 1449 385 ab
1467 355 1536 386 aliis
1557 354 1623 387 scio
1646 357 1845 391 observatum
1871 362 1942 395 ess'e‹

1080 395 1133 427 Sic
1152 395 1244 427 habes
1259 396 1438 436 exemplum
1458 405 1567 427 eorum
1583 419 1594 435 ,
1618 399 1670 437 qui
1690 400 1727 430 ad
1755 400 1870 443 Legem
1893 403 1943 444 Ju-v

1081 437 1155 468 liam
1173 436 1286 468 redacti
1307 435 1395 475 sunt,
1420 437 1450 468 ἃ
1465 436 1558 469 habes
1575 438 1693 471 SCtum
1706 464 1716 480 ,
1741 451 1805 482 quo
1821 443 1851 474 id
1875 453 1943 476 cau-

1082 484 1149 508 tum
1169 477 1223 509 est.
1268 478 1353 509 Mox
1371 477 1509 518 sequitur
1527 479 1559 511 in
1583 479 1610 521 ᾗ.
1635 491 1664 523 3.
1690 491 1848 523 raptorem
1872 493 1943 516 nau-

1079 516 1173 558 fragii
1191 528 1230 550 ex
1248 518 1540 551 Constitutionibus
1557 520 1740 564 Principum
1751 525 1845 556 etiam
1855 534 1944 559 extra

1081 560 1223 590 ordinem
1241 560 1345 600 puniri
1365 584 1375 599 ,
1409 558 1458 590 sed
1472 560 1504 592 id
1522 561 1559 592 ad
1580 561 1695 604 Legem
1714 564 1828 605 juliam
1842 590 1852 606 ‚
1877 577 1942 608 poe-

1081 609 1215 642 namque
1230 601 1296 641 ejus
1314 600 1486 642 legitimam
1503 611 1565 634 non
1580 606 1728 643 pertinet.

1082 691 1118 727 T
1212 690 1361 727 XVI.

674 782 907 828 Interpretati'o
933 782 973 816 L.
1001 791 1034 824 4.
1059 777 1091 826 §.
1109 788 1143 822 5.
1170 776 1209 814 ff.
1235 777 1279 814 de
1304 769 1463 816 StatuliB.

268 880 319 912 udi
339 879 468 912 Paulum
490 880 520 912 in
545 881 573 912 α’.
592 881 650 920 ἔ.4.
669 880 739 922 §·5-
757 881 905 914 STicHUs
929 889 957 911 si
981 887 1041 911 ΗΕ-

291 930 373 953 Rssni
394 930 467 952 iuno
487 931 585 953 ANNo
603 931 804 962 SERVIERIT,
823 931 925 954 LmeR
944 930 1037 952 ESTO.

177 965 370 1012 Querendum
387 962 426 1003 est·
438 985 448 1001 ,
479 973 573 994 armus
588 965 720 1005 quomodo
741 965 838 1004 accipi
854 964 954 994 debeat
965 984 976 1000 ,
998 971 1038 992 aiz

174 1007 222 1049 qiu⁴
243 1016 280 1037 ex
294 1006 441 1036 continuis
458 1005 557 1035 alebar
573 1007 710 1036 trecentis
725 1006 890 1047 sexaginta
915 1006 1037 1046 quinque

175 1045 303 1088 coustet,
325 1056 364 1076 an
381 1046 551 1087 quibuslibet
562 1046 579 1077 .9
591 1047 645 1086 ‘sed
661 1046 796 1087 superius
817 1047 913 1087 magii
928 1044 1038 1076 intelli-

173 1091 300 1132 gendum
309 1110 320 1126 ,
331 1087 629 1128 P012ip0⁷2iui2ssrfi22r.
658 1089 712 1119 Sea
729 1086 779 1126 etsi
793 1097 835 1128 qu
845 1088 961 1118 busdam
979 1087 1038 1117 cue-

175 1133 226 1162 Ims
242 1135 294 1161 aut
311 1129 464 1166 valetudo,
484 1134 535 1159 aut
553 1129 615 1159 alla
630 1130 712 1171 justa
729 1139 814 1170 tauja
837 1130 1037 1168 impedimento

168 1172 267 1214 fuerit
283 1192 294 1209 ,
326 1171 475 1211 quominus
492 1170 611 1210 *serviat
626 1192 637 1209 ,
661 1170 697 1205 ἐπ’)
717 1171 748 1201 hz'
773 1179 849 1201 anno
874 1169 1038 1209 imputandi

166 1213 258 1255 ficut:
266 1213 382 1253 servire
401 1213 477 1242 enim
495 1213 577 1242 uobis
593 1212 789 1253 i'mellguntiir
805 1212 893 1242 etiam
910 1212 940 1241 hi
952 1233 962 1249 ,
974 1219 1040 1251 quos

175 1263 310 1285 curamus
332 1262 438 1291 aewos,
464 1254 512 1293 qui
532 1253 677 1292 cchiemes
690 1253 805 1293 servire
822 1274 833 1290 ,
848 1257 967 1292 propter
991 1251 1040 1281 ad-

174 1295 290 1336 verstzm
312 1304 352 1325 va
366 1295 510 1325 etudi'nem
536 1295 741 1333 impediuntur.
786 1294 838 1324 Sic
868 1293 982 1333 legitur
1009 1291 1041 1322 in

173 1336 275 1370 Libro
294 1333 423 1373 Tusco,
449 1337 478 1366 <St
496 1334 588 1365 recte.
634 1333 669 1365 In
687 1335 755 1365 aliis
773 1333 926 1375 scriptura
942 1333 1043 1364 variat

174 1377 228 1409 vel
245 1385 374 1418 parum,
399 1376 450 1407 vel
466 1376 646 1417 plurimum.
671 1374 733 1407 Pro
750 1385 826 1406 armo
850 1374 994 1406 servierit
1011 1374 1043 1405 in

175 1419 248 1452 MS.
268 1427 339 1449 meo
364 1417 478 1457 absque
502 1415 617 1448 Glofiis
642 1415 710 1456 est,
734 1426 788 1448 uno
805 1426 900 1455 anno,
922 1414 973 1447 sed
990 1414 1041 1453 id,

176 1461 273 1492 etiam
298 1468 362 1490 non
381 1457 555 1499 express'um
570 1481 580 1497 ,
606 1456 679 1490 satis
707 1458 906 1499 intelligitur.
952 1456 1042 1489 Anno

176 1500 360 1541 fimpliciter
378 1509 453 1530 mox
471 1508 598 1540 quoque
615 1498 660 1530 est
687 1500 718 1531 in
743 1498 770 1541 §.
797 1504 826 1534 8.
873 1497 991 1530 Rursus
1010 1497 1043 1528 in

177 1543 249 1576 MS.
276 1549 370 1579 meo,
394 1550 470 1572 anuo
487 1542 618 1582 quomodo
636 1542 731 1581 accipi
755 1542 856 1572 debeat
876 1563 887 1579 ,
907 1549 965 1581 pro
991 1548 1044 1569 an-

177 1593 253 1621 nus,
275 1584 304 1614 ὃ(
321 1582 435 1613 ibidem
447 1605 457 1621 ,
479 1591 514 1613 ut
535 1583 565 1613 ὅ(
583 1583 613 1614 in
631 1582 776 1623 Vulgatis
791 1582 916 1621 Libris,
935 1591 971 1612 ex
980 1589 1044 1611 con-

178 1625 303 1656 tinuatis
320 1633 378 1665 pro
396 1633 433 1654 ex
450 1624 616 1662 coutinuis,
639 1624 669 1656 (St
687 1633 785 1663 mox,
801 1624 855 1665 fid
874 1621 903 1662 fi
920 1631 979 1664 pro
1010 1621 1044 1652 ed

175 1664 234 1704 etfi.
280 1665 398 1697 Verum
417 1665 447 1696 in
468 1665 534 1704 his,
558 1674 627 1706 quae
644 1665 729 1706 paria
744 1664 835 1704 sunt,
859 1664 962 1696 vincit
1010 1672 1044 1693 0-

175 1708 236 1739 dex
260 1706 426 1738 Mediceus
441 1731 452 1746 ‚
477 1707 507 1738 &
524 1706 621 1747 magis
636 1707 737 1738 vincit
755 1730 765 1746 ‚
790 1706 843 1738 ubi
867 1705 975 1747 potior
999 1702 1045 1735 est

176 1747 275 1780 causa.
310 1747 416 1794 Quare
437 1748 467 1779 δι
483 1748 614 1779 omnino
630 1748 795 1789 legendum
806 1771 816 1787 ,
831 1776 834 1778 .
851 1755 886 1778 ut
904 1746 947 1778 ibi
967 1755 1043 1787 quo-

178 1799 239 1833 que
256 1789 392 1830 legitur,
413 1799 452 1820 au
472 1789 664 1830 quibuslibet,
683 1798 768 1829 non,
792 1796 828 1820 ut
845 1788 876 1820 in
896 1787 1043 1828 Vulgatis

179 1834 208 1863 ὅ(
228 1831 298 1862 MS.
324 1840 416 1869 meo,
440 1840 479 1861 au
499 1829 623 1871 Biffi’xto
642 1853 653 1869 ,
675 1830 728 1862 vel
746 1854 756 1870 ,
780 1838 815 1861 ut
835 1829 1016 1861 Haloander
1032 1850 1043 1867 ,

179 1883 218 1904 an
236 1882 294 1903 uon
315 1871 509 1913 quibuslibet,
534 1880 701 1912 utrumque
716 1872 806 1903 nullo
824 1870 920 1903 sensu.
947 1870 1044 1901 Recte

176 1914 273 1955 igitur
300 1921 399 1943 utram
427 1922 464 1943 ue
489 1912 655 1944 lethonem
679 1913 782 1952 rejicit
804 1912 962 1944 Antonius
980 1911 1044 1943 Au-

178 1953 317 1996 gustinus
342 1954 382 1985 L.
404 1923 430 1985 ῗ.
462 1954 622 1985 Emendat.
650 1955 682 1985 C.
707 1965 736 1986 2.
782 1953 834 1986 De
860 1952 929 1994 ipso
957 1951 1045 1984 sensu

178 1995 350 2027 videamus.
396 1995 450 2026 Ait
467 1997 611 2026 continuis
626 2017 637 2034 ,
660 1995 691 2026 id
709 1994 754 2027 est
769 2019 780 2035 ,
806 1995 857 2036 qui
878 1995 1042 2026 continen-

180 2044 248 2074 ter,
273 2040 385 2074 σωκῶ
410 2035 473 2068 sese
498 2036 734 2077 subsequuntur.
781 2036 872 2068 Unde
896 2043 1047 2077 apparet,

180 2076 351 2120 quiharlibet
367 2099 378 2115 ,
401 2078 485 2117 quod
510 2077 669 2119 sequitur,
693 2077 865 2119 fignificare
876 2078 1047 2118 separatis,

177 2129 234 2150 uon
251 2120 407 2149 cotuz'uuis.
450 2118 492 2150 Et
515 2119 558 2150 ita
574 2119 668 2150 etiam
698 2119 921 2160 interpretatur
941 2118 1046 2158 Augu-

180 2159 279 2192 stinus
302 2160 331 2190 d.
354 2159 407 2191 loc.
430 2160 460 2191 &
476 2159 573 2190 refert
590 2160 627 2190 ad
645 2158 796 2200 speciem,
821 2169 890 2200 quae
909 2169 985 2194 mox
1003 2159 1046 2191 se-

181 2201 322 2242 quitur,·
335 2200 356 2232 si
372 2210 484 2242 nempe
502 2201 652 2232 valetudo
669 2222 679 2238 ,
704 2210 758 2232 aut
779 2201 839 2232 alia
854 2199 932 2240 justa
957 2199 1048 2232 causa

181 2242 408 2282 impedimento
425 2241 541 2281 fuerit,
567 2244 734 2283 quominus
754 2241 877 2273 serviat.
913 2242 973 2274 Sed
988 2251 1048 2283 ego

180 2292 246 2316 non
268 2281 390 2322 refero,
416 2284 487 2321 quia
507 2283 559 2314 hic
577 2290 653 2315 tunc
669 2282 783 2315 Paulus
808 2283 891 2315 idem
908 2284 1025 2314 diceret
1037 2305 1048 2320 ,

182 2324 267 2365 quod
283 2322 390 2365 postea
406 2324 486 2356 dicit
505 2325 536 2356 in
559 2325 634 2366 veis.
680 2324 737 2355 Sed
763 2323 815 2363 effi
830 2347 841 2363 ,
868 2325 899 2356 in
916 2333 978 2365 quo
1004 2332 1047 2355 ta-

183 2374 254 2397 men
265 2364 418 2397 diversam
434 2366 570 2407 proponi
583 2364 787 2407 quaestionem
799 2374 932 2406 arguunt
954 2368 983 2393 πὶ
993 2365 1049 2407 fi’d

179 2405 242 2445 etst.
281 2406 312 2438 Si
331 2406 376 2437 ita
391 2406 550 2447 placeret,
574 2417 609 2438 ea
626 2407 722 2438 verba
738 2407 884 2438 mutanda
899 2406 996 2438 essent
1016 2408 1048 2440 in

181 2446 586 2488 unciefi,queinadmodum
603 2447 691 2479 forte
700 2448 766 2480 fuit
782 2449 813 2487 in
833 2454 875 2484 Τῷ
901 2452 979 2478 κατά
1001 2454 1049 2478 πά·

182 2492 251 2527 δας,
275 2498 345 2519 nam
356 2488 483 2520 Scholia
501 2490 537 2521 ad
546 2489 637 2529 Basti.
658 2489 861 2523 L.XLVHI.
878 2489 913 2521 T.
923 2490 963 2521 V.
976 2490 1048 2529 C.4.

183 2529 213 2572 §.
228 2539 276 2569 15.
301 2529 344 2560 ita
364 2530 533 2562 exhibent:
553 2532 635 2562 “o-‘m
656 2533 698 2561 ἰὰ.
716 2545 784 2562 ωας
808 2531 899 2569 ἡμερας
918 2532 977 2562 &c.
998 2540 1050 2561 uu-

181 2574 215 2602 de
224 2570 254 2610 fi
270 2571 439 2616 quibusdaeu
456 2572 554 2603 diebus
573 2572 634 2607 &a
677 2572 738 2604 Sed
763 2572 835 2612 quia
854 2580 975 2604 tantum
993 2572 1050 2603 mi-

180 2612 213 2644 hi
231 2620 325 2643 animi
344 2620 408 2643 non
426 2611 470 2643 est
486 2636 496 2651 ‚
531 2622 566 2644 ut
589 2614 658 2646 haec
676 2615 719 2646 ita
744 2621 864 2644 mutem
889 2613 920 2644 in
945 2612 1051 2644 Libris

180 2651 323 2691 Latinis,
348 2653 486 2694 priorem
504 2654 707 2695 quaestionem
723 2677 733 2693 ,
762 2664 854 2694 quam
873 2653 985 2685 Paulus
1009 2663 1050 2685 ex

180 2693 368 2725 auctoritate
391 2694 559 2735 Pomponii
586 2695 696 2727 definit
712 2699 729 2733 ,ζ
757 2695 802 2726 ita
830 2695 980 2735 explico,
1015 2703 1050 2726 ut

181 2735 308 2766 Stichus
316 2744 453 2773 ,annum
473 2734 590 2767 servire
606 2735 909 2776 jussus,conditioni
931 2744 1049 2775 pareat,

181 2775 203 2807 si
225 2785 339 2807 annum
358 2777 546 2808 continuum
567 2776 681 2808 serviat
697 2799 709 2816 ,
733 2786 834 2817 neque
858 2781 936 2808 adeo
962 2776 1050 2808 heres

181 2816 273 2856 poffit
292 2816 430 2863 separare
442 2818 527 2857 dies,
548 2818 578 2849 ὃς
595 2827 635 2850 ex
652 2826 780 2859 quoque
795 2817 882 2849 foi-te
898 2816 1001 2848 mense
1019 2826 1049 2848 c-

180 2858 279 2897 ligere
304 2858 409 2898 diem,
442 2859 494 2890 vel
515 2859 636 2899 aliquot
656 2859 740 2897 dies,
771 2859 801 2890 &
824 2859 882 2890 hos
906 2857 1049 2889 servituti

182 2898 356 2939 imputare,
380 2900 542 2942 reliquos,
567 2900 680 2941 quibus
707 2899 829 2932 servum
857 2899 961 2941 operis
986 2908 1050 2930 non

183 2937 352 2982 admovet,
375 2950 440 2973 non
459 2941 622 2982 imputare.
668 2941 704 2974 J.d
732 2941 890 2981 improbat
915 2939 1047 2984 Pompo-

186 2987 274 3023 nius,
299 2981 328 3012 &
343 2983 478 3013 merito:
503 2983 544 3014 fic
564 2982 649 3014 enim
667 2981 789 3014 heredis
805 2982 899 3021 efflet,
925 2981 1050 3012 diii'erie

188 3019 360 3052 ubertatem
374 3046 386 3062 ‚
409 3033 476 3055 rem
495 3023 632 3055 maxime
656 3022 864 3055 favorabilem
881 3048 890 3062 ,
920 3031 1050 3062 eamque

186 3060 366 3097 protrahere
392 3064 429 3095 ad
446 3063 598 3096 Calendas
614 3062 754 3096 Graecas.
799 3064 829 3096 Si
849 3063 952 3096 heredi
971 3063 1050 3094 intc-

187 3107 274 3138 grum
299 3100 374 3134 effer
399 3105 557 3144 quoslibet
578 3105 643 3137 dies
658 3105 774 3145 eligere
794 3105 823 3136 ἃ
842 3115 924 3143 non,
956 3112 1048 3145 quot-

185 3146 264 3178 quot
281 3138 373 3183 euht,
397 3153 560 3184 oporteret
577 3155 756 3184 numerare,
782 3156 821 3177 ex
842 3145 967 3178 finrrulis
982 3143 1047 3176 for-

185 3187 217 3209 se
235 3187 322 3210 annis
339 3191 434 3215 unum
452 3185 534 3218 die-in
554 3185 700 3219 servituti
717 3171 905 3227 destinaret‘,³
913 3184 1047 3220 eiusafic

1083 875 1241 908 testatoris
1256 875 1434 909 voluntate.
1479 876 1515 909 Id
1532 887 1575 910 ne
1590 878 1645 912 fiat
1661 903 1673 920 ,
1697 880 1894 924 Pomponius
1914 886 1945 919 ὅτ,

1081 917 1195 949 Paulus
1215 918 1425 950 intercedunt.

1123 959 1213 990 illam
1233 958 1438 1004 quaestionein
1456 961 1578 1003 excipit
1593 963 1671 1004 alia,
1696 965 1747 997 cui
1767 968 1854 1008 prior
1873 978 1944 1001 cau-

1082 999 1144 1032 sam
1162 1008 1308 1045 praeouit.
1348 1001 1484 1033 Dixerat
1506 1003 1637 1044 ramus,
1662 1008 1871 1042 numerandos
1885 1010 1947 1043 effe

1079 1050 1250 1085 continuos
1262 1041 1327 1073 dies
1351 1042 1542 1075 CCCLXV.
1558 1050 1586 1077 ot
1597 1047 1840 1089 indequaefitum
1850 1075 1860 1090 ,
1873 1051 1947 1093 quid

1080 1083 1179 1127 iuris,
1199 1081 1220 1113 fi
1235 1081 1300 1122 ipse
1316 1082 1478 1115 statuliber
1495 1086 1636 1128 integros
1655 1090 1684 1121 ὃς
1703 1091 1873 1124 continuos
1889 1093 1948 1126 hos

1079 1125 1145 1154 dies
1163 1124 1278 1154 iervire
1294 1133 1357 1155 non
1372 1124 1493 1165 pollet,
1518 1129 1699 1162 valetudine
1716 1130 1949 1175 forteimpedi-

1083 1164 1160 1210 tris?
1184 1163 1373 1204 exsequutus
1393 1166 1454 1205 jam
1472 1176 1538 1198 erat
1565 1169 1678 1202 Paulus
1699 1171 1832 1213 speciem
1841 1197 1858 1213 ,-
1887 1185 1949 1217 qua

1083 1206 1148 1246 iple
1165 1204 1254 1236 heres
1272 1208 1460 1238 continuum
1481 1215 1604 1251 tempus
1629 1211 1757 1245 volebat
1782 1215 1948 1248 interrum-

1084 1255 1157 1287 pere
1166 1269 1184 1291 ,ἢ
1201 1255 1285 1290 nunc
1303 1248 1519 1293 eam-tractat,
1542 1261 1601 1290 qua
1630 1252 1694 1293 ipse
1720 1254 1825 1288 servus
1851 1258 1948 1289 inter-

1084 1294 1222 1328 rumpit,
1247 1287 1298 1318 led
1314 1296 1353 1318 ex
1367 1287 1446 1328 justa
1464 1289 1554 1323 causa
1568 1314 1581 1331 ,
1604 1293 1634 1324 ὅ(
1651 1295 1753 1326 adhuc
1768 1298 1865 1338 magis
1882 1297 1950 1339 est,

1084 1338 1123 1359 ne
1140 1329 1289 1373 morbus,
1313 1329 1414 1375 aliave
1430 1331 1519 1363 causa
1536 1332 1673 1375 sontica,
1691 1344 1751 1377 qua
1768 1335 1875 1370 servus
1894 1340 1950 1371 im-

1084 1369 1209 1415 peditus
1226 1392 1235 1408 ,
1260 1379 1299 1415 ne
1316 1368 1430 1402 serViat
1445 1394 1456 1409 ,
1480 1373 1526 1405 illi
1542 1374 1579 1407 fit
1595 1378 1789 1417 praejudicio.
1836 1379 1953 1413 Curret:

1085 1418 1181 1457 igitur
1195 1419 1382 1458 continuum
1399 1420 1521 1458 tempus
1535 1439 1544 1455 ‚
1569 1417 1688 1451 etiamsi
1704 1418 1820 1452 servire
1837 1430 1953 1463 neque-

1085 1461 1132 1483 at:
1149 1454 1262 1499 Jervzre
1283 1462 1381 1500 quim,
1406 1457 1510 1496 inquit
1521 1457 1635 1491 Paulus
1646 1481 1657 1498 ,
1681 1462 1761 1492 nobis
1778 1462 1955 1506 intelligun-

1086 1499 1133 1524 tur
1151 1500 1240 1524 etiam
1260 1494 1290 1524 hi
1307 1516 1319 1532 ,
1341 1504 1407 1536 quos
1426 1505 1559 1530 curamus
1584 1510 1673 1543 agros
1690 1524 1703 1542 ,
1730 1504 1779 1545 qui
1806 1506 1954 1545 cupientes

1078 1534 1194 1576 servire
1205 1540 1340 1581 ‚proptfr
1355 1538 1507 1579 adversam
1524 1541 1723 1574 valetudinem
1739 1545 1953 1585 impertiuntur.

1091 1576 1245 1622 Voluntas
1261 1577 1378 1622 iumeit
1389 1599 1401 1616 ,
1425 1588 1528 1612 cetera
1544 1582 1627 1614 casui
1645 1584 1848 1626 imputantur.
1881 1586 1958 1619 Fre

1087 1626 1234 1663 quentius
1257 1618 1290 1649 id
1307 1617 1413 1650 locum
1431 1620 1524 1654 habet
1539 1624 1571 1656 in
1594 1623 1722 1659 famulis
1739 1626 1853 1661 nostris
1877 1638 1957 1661 con-

1086 1659 1196 1705 ductis.
1212 1699 1218 1705 .
1242 1659 1302 1691 Sed
1324 1660 1398 1701 quid
1417 1661 1439 1693 fi
1455 1672 1565 1710 magna
1591 1667 1642 1698 vel
1662 1669 1779 1709 majore
1796 1678 1885 1711 parte
1901 1679 1956 1703 an-

1087 1710 1141 1739 m,
1165 1709 1241 1741 quin
1262 1700 1314 1732 vel
1341 1709 1518 1750 toto-anno
1546 1706 1751 1749 impediretur
1773 1709 1880 1744 servus
1901 1711 1957 1745 vel

1086 1744 1223 1788 ramulus
1237 1742 1254 1774 ἰ)
1285 1742 1397 1789 Adhuc
1422 1745 1504 1777 idern
1520 1747 1581 1779 dici
1598 1751 1718 1790 poterit
1735 1762 1743 1782 :
1774 1761 1846 1785 nam
1866 1752 1956 1785 illam

1087 1783 1272 1815 servitutem
1288 1783 1419 1816 domino
1437 1785 1543 1821 servus
1561 1789 1674 1822 debere
1699 1792 1852 1825 duntaxat
1869 1794 1959 1825 vide-

1088 1833 1158 1862 tur,
1183 1833 1275 1871 quam
1295 1825 1440 1872 praestare
1462 1831 1581 1870 poterit
1598 1855 1609 1871 ‚
1641 1841 1776 1874 eumque
1810 1835 1958 1866 dominus

1087 1865 1478 1914 conduxisseiamulatum
1493 1894 1503 1910 ,
1535 1876 1628 1912 quem
1644 1872 1702 1905 scit
1721 1881 1796 1906 tunc
1816 1875 1957 1917 prae:.ari

1086 1907 1174 1953 polle
1190 1930 1202 1947 ,
1235 1917 1351 1950 quique
1374 1909 1520 1953 deinceps
1546 1913 1682 1954 praestari
1704 1916 1833 1956 poterit.
1878 1916 1961 1958 Ejus

1088 1958 1132 1981 rei
1157 1957 1375 1995 argumentum
1403 1953 1524 1996 praebet
1548 1957 1669 1997 emptio
1695 1957 1861 1998 venditio,
1885 1967 1958 1999 quae

1089 1990 1244 2035 locationi
1263 1991 1464 2037 conductioni
1484 1997 1629 2035 proxima
1640 1996 1684 2029 est
1696 2019 1707 2036 ,
1726 1998 1897 2040 iisdemque
1910 1999 1958 2040 iu-

1089 2041 1132 2062 ris
1146 2031 1261 2076 regulis
1281 2032 1421 2078 conlistit
1444 2035 1503 2067 l.2.
1523 2043 1573 2078 pr.
1587 2038 1629 2079 ff.
1654 2039 1761 2071 Locat.
1785 2042 1867 2072 cona.
1887 2040 1956 2073 Pla-

1090 2079 1141 2103 cet
1160 2081 1243 2103 enim
1262 2082 1307 2104 rei
1326 2074 1465 2122 venditae
1477 2100 1488 2116 ,
1507 2088 1577 2119 quae
1596 2079 1657 2111 line
1675 2080 1850 2114 venditoris
1866 2082 1959 2123 culpa

1090 2122 1240 2159 corrupta
1256 2113 1301 2145 est
1317 2122 1370 2146 aut
1387 2125 1501 2157 pei-nt,
1526 2121 1662 2160 pretium
1685 2121 1892 2155 nihilominus
1907 2125 1958 2155 de÷

1090 2155 1155 2186 beri
1172 2176 1185 2193 ,
1208 2156 1294 2195 quod
1315 2165 1409 2188 nemo
1433 2158 1477 2190 est
1497 2183 1508 2199 ,
1533 2162 1587 2202 qui
1604 2161 1712 2194 nescit.
1758 2163 1852 2196 Aliud
1869 2173 1958 2206 argu-

1090 2204 1232 2242 mentum
1247 2197 1386 2237 praebere
1401 2201 1503 2239 potest
1512 2224 1523 2240 ,
1534 2204 1618 2243 quod
1629 2203 1816 2245 Papinianus
1831 2205 1958 2247 respon-

1091 2237 1138 2268 dit
1157 2247 1188 2268 in
1213 2237 1274 2283 l.4.
1291 2238 1333 2280 ff.
1356 2240 1389 2284 cie
1417 2241 1503 2287 Offic.
1528 2243 1660 2285 Affeffor.
1683 2245 1766 2276 diem
1785 2245 1897 2278 fuuCto
1914 2247 1958 2279 le-

1091 2286 1166 2324 gato
1181 2278 1331 2318 Caelaris,
1354 2281 1495 2314 stilai-ium
1518 2286 1689 2318 comitibus
1706 2285 1814 2318 residui
1836 2295 1958 2329 tempo-

1091 2329 1133 2351 ris
1157 2320 1363 2361 praestandum
1378 2346 1387 2361 ,
1419 2325 1492 2364 quia
1517 2335 1629 2367 nempe
1654 2336 1709 2368 per
1735 2328 1869 2360 comites
1890 2338 1957 2361 non

1091 2360 1195 2401 stetit,
1236 2372 1277 2393 uo
1296 2363 1398 2395 minus
1417 2365 1526 2398 residui
1545 2368 1695 2408 temporis
1710 2376 1819 2408 operas
1837 2368 1958 2410 praesta-

1091 2411 1170 2449 rent.
1213 2372 1309 2449 Quod
1329 2407 1527 2447 exemplum,
1553 2415 1588 2439 ut
1608 2410 1638 2439 ὥς
1655 2408 1739 2439 aliud
1757 2408 1877 2448 simile,
1900 2410 1958 2442 Ul-

1091 2453 1199 2485 pianus
1215 2454 1443 2478 commemorat
1459 2448 1489 2479 in
1512 2449 1534 2480 l.
1551 2457 1597 2485 19.
1622 2448 1649 2489 §.
1660 2458 1689 2485 9.
1716 2448 1753 2484 ὅ)
1770 2459 1817 2482 io.
1835 2451 1876 2492 ff.
1897 2451 1959 2484 Lo-

1091 2491 1151 2518 cat.
1174 2488 1257 2517 cond.
1302 2487 1352 2518 Ex
1370 2487 1419 2519 his
1437 2488 1575 2520 efficitur
1592 2513 1602 2528 ,
1627 2490 1712 2530 quod
1729 2489 1800 2522 fato
1824 2492 1961 2532 accidit,

1092 2527 1293 2559 conductoris
1309 2528 1451 2568 periculo
1470 2529 1539 2561 effe.
1952 2564 1954 2566 ,

1135 2568 1232 2615 Quod
1250 2577 1354 2600 autem
1370 2569 1483 2602 Paulus
1499 2571 1530 2602 in
1553 2571 1582 2602 h.
1606 2571 1628 2603 l.
1652 2581 1683 2612 4.
1709 2571 1736 2615 §.
1759 2583 1792 2615 5.
1814 2573 1960 2606 meminit

1093 2610 1305 2649 valetudinis,
1337 2618 1390 2642 aut
1413 2611 1540 2643 alterius
1560 2613 1650 2652 jussae
1670 2613 1789 2654 causae,
1812 2614 1843 2646 id
1860 2613 1961 2655 facit,

1093 2659 1129 2682 ut
1150 2650 1297 2682 excludat
1313 2651 1405 2692 ipsius
1422 2651 1502 2684 servi
1519 2657 1643 2694 culpam
1659 2656 1711 2687 vel
1727 2655 1886 2688 delictum.
1908 2655 1961 2688 Sic

1094 2691 1206 2731 servo,
1229 2692 1281 2733 qui
1295 2691 1402 2734 fugit,
1421 2702 1484 2725 non
1501 2693 1626 2734 prodest
1638 2702 1760 2737 teinpus
1778 2696 1881 2738 fugae,
1903 2696 1961 2730 nifi

1094 2732 1200 2774 postea
1218 2734 1382 2774 expleatur
1403 2734 1424 2765 l.
1450 2743 1497 2774 14.
1520 2734 1548 2775 §.
1574 2745 1599 2767 1.
1628 2737 1671 2777 ff.
1692 2744 1741 2768 noc
1768 2737 1829 2770 Tit.
1853 2747 1911 2769 nec
1930 2737 1960 2770 ei

1094 2773 1219 2820 prodest
1242 2783 1364 2816 tempus
1377 2797 1389 2813 ,
1420 2776 1506 2824 quod
1524 2786 1555 2807 in
1573 2777 1692 2816 judicio
1711 2778 1842 2820 publico
1862 2786 1959 2812 trans·

1094 2823 1159 2856 egit
1191 2816 1211 2846 l.
1232 2826 1282 2856 539.
1306 2817 1334 2855 §.
1357 2826 1386 2857 3.
1411 2816 1485 2847 laud.
1510 2816 1960 2857 Dice1·cs‚Paulumnostrum

1094 2865 1257 2902 uti-amque
1285 2856 1365 2891 hanc
1392 2856 1526 2900 speciem
1553 2860 1745 2901 conjungere
1769 2861 1800 2893 in
1831 2862 1861 2894 h.
1885 2861 1906 2893 i.
1926 2871 1958 2903 4.

1094 2897 1124 2938 ᾖ.
1145 2897 1200 2928 ult.
1232 2906 1305 2927 cuin
1334 2907 1374 2929 ex
1403 2897 1505 2930 Caflio
1530 2908 1641 2939 notat,
1663 2903 1711 2940 ei,
1733 2911 1794 2942 QUI
1813 2910 1958 2934 suquRE

1093 2947 1208 2979 jussus
1224 2946 1285 2969 its'i*
1305 2946 1422 2978 ANNO,
1445 2940 1520 2971 illud
1541 2947 1651 2982 tempus
1661 2964 1672 2981 ‚
1700 2952 1751 2984 quo
1770 2944 1804 2975 in
1815 2943 1899 2986 fuga
1918 2940 1961 2982 fit

1093 2979 1140 3024 vrb
1167 2980 1199 3009 in
1224 2978 1417 3025 controversia
1432 3002 1445 3019 ,
1471 2986 1524 3021 pro
1550 2982 1685 3014 ubertate
1703 2993 1761 3014 riou
1778 2985 1930 3025 procedere
1947 3005 1960 3023 ,

1092 3018 1147 3051 niss
1171 3020 1291 3051 Baiilici
1321 3034 1346 3047 ru
1372 3021 1420 3053 vel
1447 3022 1480 3053 in
1503 3022 1694 3063 controverfia
1717 3024 1760 3055 ibi
1778 3032 1958 3064 verterent,

1093 3065 1107 3092 ὴ·
1122 3065 1254 3095 wizo-im
1271 3061 1302 3090 Aa<
1316 3062 1475 3100 ἐλευοιςςῷν,
1507 3063 1537 3095 id
1555 3063 1619 3103 est,
1651 3065 1699 3097 vel
1715 3066 1748 3096 in
1766 3064 1959 3105 controversia

1085 3100 1126 3142 fit
1158 3102 1251 3132 veluti
1276 3102 1368 3141 liber,
1400 3104 1485 3145 quod
1512 3104 1641 3137 liberale
1664 3106 1835 3147 judicium,
1859 3115 1959 3148 neque

1090 3143 1174 3175 aliud
1201 3142 1396 3184 iignificaret.
1479 3155 1515 3177 ua
1538 3146 1660 3179 ratione
1685 3155 1792 3180 motus
1808 3148 1959 3181 Leuncla-

1090 3184 1162 3217 vius
1178 3183 1323 3217 Λιίηυιαε.
1344 3185 1380 3218 ad
1401 3187 1430 3219 d.
1468 3211 1476 3219 .
1497 3198 1529 3227 4.
1551 3187 1657 3228 §.ulfi
1681 3187 1776 3221 verba
1794 3194 1851 3230 pro¹
1873 3189 1958 3259 ffir-

1947 3250 1959 3266 2
