2008 3436
131 102 201 136 514
750 90 764 123 1
861 89 898 123 N

170 182 207 208 mi
232 179 348 208 heredes
367 179 459 217 scripti
483 180 544 208 sunt
562 201 568 212 ,
588 181 662 217 prius
686 179 853 218 perfeetum,
875 187 932 215 quo
947 187 993 206 ex-

169 220 260 247 tranei
280 219 371 254 scripti
388 226 483 248 erant.
503 220 649 255 rumpitur.
857 219 878 245 1.
900 221 946 252 46.
967 219 991 245 h.

134 257 344 287 Testamentum
370 262 425 284 tam
451 257 578 294 seriptum
599 266 681 294 quam
705 257 924 292 nuncupativum
943 263 991 291 po-

170 295 220 323 test
236 295 294 323 fieri
310 295 436 330 quinque
451 297 552 323 verbis.
882 301 945 329 143.
967 304 992 321 a.

268 333 360 370 potest
379 333 475 361 lieri&
492 335 595 366 tribus,
616 334 683 369 quin
704 332 729 360 ὅ(
753 332 870 360 duobus.
929 332 991 360 ibid.

133 371 306 400 Testamenti
323 372 419 399 Romae
434 373 536 407 major,
558 380 641 408 quam
657 371 790 399 heredum
810 374 844 399 ab
861 370 992 398 intestato

171 411 325 438 habebatur
338 412 421 438 ratio.
883 412 944 444 ¹48·
966 418 990 436 α.

134 448 344 477 Testamentum
363 449 459 477 dicunt
477 446 660 476 inofficiosum
678 455 735 475 non
752 447 840 475 modo
857 447 927 475 filius
946 456 992 483 pa-

173 489 234 520 tris,
249 487 293 515 sed
307 487 332 516 &
350 489 394 516 avi
410 496 498 525 nepos
514 486 539 514 ὅ(
554 483 653 522 proavi
669 494 826 523 pronepos,
842 485 865 514 ἃ
882 485 917 513 fic
933 486 994 513 vice

173 526 260 554 versa.
885 526 947 558 148.
968 524 993 551 b.

136 564 324 592 Testamentis
344 571 399 590 non
416 565 504 592 utitur
519 563 618 591 Dacia.
884 562 946 589 ibid.
967 571 992 588 α.

134 602 345 630 Testamentum
364 601 508 630 sustinetur
531 601 682 630 secundum
705 601 782 638 quod
800 609 863 638 pars
879 599 994 629 dimidia

172 640 297 675 judicum
312 641 519 676 pronunciavit.
929 639 993 667 illici.

136 679 364 706 Teriarnentariae
383 678 571 706 solemnitates
584 686 632 714 per
651 686 684 705 κς
702 677 727 706 &
743 677 850 706 libram.
881 680 944 712 338.
967 687 993 705 a.

137 717 167 744 ln
182 716 369 745 'l‘ellarnentis
385 723 474 744 totum
491 716 557 744 facit
573 717 701 744 voluntas
715 716 845 744 defunc‘ti.
881 723 948 750 450.
968 725 993 743 a.

135 755 380 783 Testamentorum
399 754 461 789 jura
478 763 526 790 per
542 755 568 782 se
584 755 661 782 firma
676 755 730 783 effe
746 754 865 787 debent,
888 762 944 781 non
961 761 994 781 ex

174 794 268 821 alieno
285 792 404 820 arbitrio
423 793 591 829 dependere.
882 791 947 826 4⁴40.
969 802 994 820 a.

267 831 391 859 libertati
423 832 547 860 Romani
572 830 689 859 sollicite
720 829 825 868 semper
851 831 996 867 prospexe-

178 875 250 897 runt.
888 872 953 903 438.
972 868 996 897 b.

136 908 309 936 Testamenti
326 906 473 936 fafflonem
489 917 537 936 cur
555 908 614 936 Lex
628 907 791 945 permiserit.
903 915 948 941 45.
970 917 995 935 a.

271 946 402 975 concedit
425 947 592 982 justinianus
607 947 682 974 omni
706 954 800 979 muto,
821 945 876 973 five
899 953 997 973 natura

175 984 258 1012 suerit
281 991 389 1018 mutus,
412 985 466 1018 sive
486 986 549 1014 casu
569 986 742 1014 obmutuerit
757 983 910 1013 durnmodo
925 984 997 1012 litte-

175 1031 218 1050 ras
238 1023 357 1050 noverit.
890 1031 953 1056 275.
973 1022 996 1049 b.

136 1075 250 1084 -—--·-
271 1068 350 1089 vetus
364 1061 587 1098 Jurisprudentia
603 1062 680 1089 omni
700 1067 778 1089 muto
793 1067 891 1096 negat,
913 1067 997 1096 atque

174 1101 212 1128 ita
225 1099 253 1127 t&-
271 1107 365 1132 muto,
387 1101 433 1134 qui
452 1100 568 1129 scribere
585 1100 691 1137 potest,
713 1101 767 1127 hoc
783 1107 840 1127 uno
854 1106 973 1135 excepto
985 1118 994 1132 ,

176 1137 226 1166 nisi
243 1139 281 1165 ob
296 1140 425 1166 morbum
436 1158 445 1172 ,
466 1141 515 1174 qui
530 1139 703 1176 supervenit,
720 1138 781 1165 usus
798 1137 895 1173 linguae
912 1138 996 1172 impe-

177 1178 279 1204 diatur.
934 1174 995 1202 ibid.

274 1214 356 1242 factio
372 1214 459 1241 aftiva
472 1215 684 1243 Pontificiorum
700 1213 955 1241 Ecclesiasticorurn
972 1213 998 1241 ἂ

176 1253 442 1281 Sanffimunialium.
873 1252 909 1279 ΙΙ.
932 1259 999 1286 377.

272 1292 410 1319 minorum
434 1290 460 1316 in
483 1288 610 1318 savorem
639 1294 764 1318 tutorum
790 1288 815 1318 &
839 1296 999 1318 curatorum

173 1337 308 1357 eorumve
328 1329 488 1356 liberorum.
934 1335 997 1363 379.

142 1366 243 1404 Testari
259 1366 458 1402 fignificatione
473 1364 585 1403 paffiva.
843 1367 864 1394 I.
889 1374 951 1399 143.
974 1368 998 1394 lv.

138 1405 247 1434 Testati
263 1405 343 1433 causa
359 1404 433 1440 apud
449 1405 594 1434 Romanos
613 1404 666 1433 fuit
678 1405 794 1443 potior,
818 1404 939 1433 intestati
953 1413 997 1432 ve-

179 1452 211 1470 ro
228 1443 300 1480 apud
318 1444 439 1471 Graecos.
888 1451 952 1477 203.
973 1452 998 1471 a.

143 1480 256 1518 Testario
273 1482 349 1510 varia
368 1481 512 1516 significat.
908 1489 953 1515 90.
975 1491 999 1509 a.

141 1519 305 1549 Testatores
330 1520 455 1549 solebant
469 1521 542 1549 bona
566 1520 610 1548 sua
634 1520 716 1549 variis
731 1520 892 1549 nominibus
909 1519 1000 1556 appel-

178 1558 244 1587 lare.
707 1557 739 1580 ‘1—
887 1565 951 1591 209.
974 1559 998 1586 b.

140 1597 282 1625 Tellatrix
295 1596 411 1632 gravida
425 1596 569 1626 instituens
589 1596 709 1630 liberos,
731 1604 802 1633 quos
825 1602 951 1633 pareret,
975 1595 1001 1624 δι

174 1636 347 1672 relinqueret
370 1635 541 1671 superstites,
563 1635 588 1663 ὄε
605 1635 623 1662 fi
644 1637 670 1664 hi
687 1641 751 1663 ante
769 1636 794 1663 se
809 1634 997 1668 decederent,

181 1673 327 1702 instituens
346 1675 491 1709 maritum,
512 1681 546 1701 an
560 1673 688 1702 intestata
704 1673 736 1701 fit
751 1672 885 1707 dicenda,
901 1672 918 1700 fi
933 1681 1003 1700 nun-

146 1731 148 1733 »
179 1721 261 1748 quam
278 1713 394 1749 peperit.
835 1712 870 1740 11.
892 1711 1002 1746 372.Ἰι.

144 1750 328 1788 Testimonium
344 1750 369 1779 ἀ
380 1749 557 1787 testamentum
571 1749 774 1779 consuetudine
789 1750 918 1779 sermonis
928 1758 1003 1778 com·

180 1795 295 1817 mutata.
866 1790 889 1817 1.
907 1796 952 1822 90.
975 1789 1001 1816 b.

147 1827 330 1864 Testimonium
346 1825 502 1855 danunciare
513 1848 521 1860 ,
538 1828 681 1859 remittere,
704 1827 781 1863 quid.
912 1834 958 1862 93.
980 1825 1004 1854 b.

277 1872 349 1903 quot
368 1865 482 1895 testibus
506 1866 674 1894 denunciare
691 1864 787 1894 liceret
801 1887 809 1901 ,
831 1865 892 1902 lege
908 1865 1003 1893 defini-

896 1903 959 1932 ibid.
979 1913 1004 1931 a.

939 1941 1004 1971 ibid.

183 1910 252 1932 tum.

277 1944 324 1979 qui
340 1942 508 1971 denunciare
523 1942 641 1980 possent.

143 1980 348 2010 Testimonium
367 1981 508 2011 instruere.
529 1982 596 2010 Vid.
615 1981 786 2010 Advocatio.

143 2019 234 2047 Testis
259 2021 285 2048 in
303 2021 470 2049 testamento
488 2029 537 2057 per
558 2029 593 2048 :es
616 2021 641 2049 &
658 2020 757 2048 libram
774 2020 869 2057 potuit
891 2018 943 2047 effe
958 2018 1004 2047 he-

183 2066 243 2087 res.
265 2067 321 2086 non
338 2068 406 2098 vero
427 2059 537 2087 familiae
553 2065 652 2087 emtor.
894 2065 959 2092 279.
981 2058 1005 2084 b.

282 2105 315 2124 an
330 2098 453 2133 potuerit
468 2098 520 2125 ess‘e
536 2098 563 2125 in
579 2097 763 2131 testamentis,
779 2104 838 2132 quae
850 2096 895 2124 vel
910 2095 1006 2123 calatis

183 2134 305 2162 comitiis
321 2136 364 2162 vel
384 2137 411 2162 in
428 2137 572 2170 procinftu
587 2135 701 2164 fiebant.
941 2134 1005 2161 ibid.

281 2181 339 2200 non
363 2174 456 2210 potuit
479 2174 531 2201 esse
555 2174 584 2201 in
608 2174 778 2202 testamentis
803 2172 941 2201 Praetoriis
963 2170 1007 2199 vel

183 2211 286 2239 mixtis.
344 2232 348 2238 .
897 2214 960 2240 280.
982 2212 1007 2238 b.

142 2249 240 2278 Testes
270 2249 317 2285 qui
340 2249 378 2276 ob
399 2250 516 2284 gratiam
540 2249 584 2278 vel
614 2250 790 2278 inimicitiam
819 2248 1006 2277 testimonium

187 2288 333 2322 dixerunt,
354 2296 410 2323 qua
428 2297 509 2324 poena
522 2293 679 2316 teneantur.
916 2296 961 2322 94.
982 2289 1005 2315 b.

147 2326 324 2358 Thesaurus,
345 2325 364 2353 sl
380 2327 538 2356 inveniatur
549 2347 557 2362 ,
568 2327 635 2363 quid
650 2327 717 2362 juris
733 2325 759 2353 in
778 2335 812 2354 eo
828 2327 1008 2354 habeatmer-

187 2365 324 2392 cenarius.
706 2366 728 2392 1.
753 2372 818 2398 247.
842 2366 876 2393 11.
898 2372 960 2397 2²9-
982 2374 1007 2391 a.

148 2403 285 2432 Thesauri
298 2401 423 2438 poffeffio
437 2402 673 2438 quemadmodum
689 2403 848 2439 acquiratur
858 2424 864 2435 ‚
887 2410 943 2429 non
955 2411 1008 2429 una

187 2447 312 2469 veterum
327 2441 394 2475 juris
411 2441 561 2469 Austorum
579 2441 712 2469 sententia
728 2442 790 2469 tuit.
854 2442 876 2469 1.
899 2448 962 2468 211.
982 2450 1007 2468 α.

417 2481 547 2514 quaeritur
568 2479 622 2507 fine
638 2481 788 2512 omnigena
811 2479 1008 2508 contrectatio-

187 2526 239 2550 ne,
262 2517 349 2546 modo
366 2517 433 2545 adiit
453 2518 608 2555 poffidendi
629 2519 738 2546 animus
754 2539 763 2553 ‚
783 2517 808 2546 &
831 2523 930 2554 praeter
946 2525 1009 2544 eum

186 2555 377 2584 contrectandi
392 2556 523 2592 potestas.
899 2563 963 2583 212.
984 2565 1010 2584 a.

151 2594 311 2623 Thesaurus
332 2595 416 2621 etiarn
445 2594 609 2632 appellatur.
623 2593 650 2622 id
668 2615 675 2624 .
696 2593 774 2630 quod
795 2593 857 2630 quis
873 2593 1009 2630 deponit,

191 2632 216 2661 δι
245 2632 376 2661 custodiae
398 2634 480 2662 causa
497 2654 508 2669 ‚
535 2639 615 2662 terrae
642 2632 792 2660 visceribus
821 2632 1008 2660 commendat.

901 2670 966 2698 ibid.
986 2671 1011 2698 b.

150 2708 290 2735 Θιοισῢται
309 2708 366 2745 qui.
919 2716 964 2743 34·
985 2718 1011 2736 α.

148 2748 283 2776 Tiberius
299 2755 334 2775 an
352 2747 458 2784 primus
475 2746 600 2783 Legibus
619 2744 740 2774 Rhodiis
758 2746 951 2774 auctoritatem
965 2746 1011 2774 de·

189 2786 269 2814 derit.
842 2785 878 2812 11.
902 2792 963 2819 115.
985 2786 1010 2814 b.

152 2824 267 2862 Tignum
276 2824 397 2861 junstum
413 2822 508 2852 differt
522 2824 557 2852 ab
571 2822 704 2858 iniunfto.
855 2823 877 2850 1.
899 2830 963 2857 314.
985 2832 1009 2851 a.

149 2865 274 2898 Tingere
290 2870 428 2890 nummos,
900 2868 963 2895 123.
985 2871 1010 2890 a.

151 2901 240 2930 Tituli
258 2909 315 2929 non
336 2901 442 2937 semper
464 2900 639 2929 addebantur
655 2899 788 2937 JCtorurn
803 2897 898 2932 libris,
921 2907 1010 2935 neque

190 2939 295 2976 semper
313 2939 525 2968 emittebantur.
900 2940 962 2966 162.
984 2947 1009 2966 a.

150 2992 227 2999 ——·
246 2978 301 3006 sive
317 2977 456 3010 adessent,
477 2977 533 3005 five
547 2976 669 3006 abessent
685 2998 692 3009 ,
714 2974 895 3004 distinctionis
917 2981 1009 3004 tamen

188 3016 268 3044 causa
285 3016 490 3044 adhibebantur
506 3016 637 3044 sectiones
656 3017 682 3043 in
697 3013 811 3042 modum
826 3013 866 3050 55.
945 3013 1008 3042 ibid.

153 3052 254 3082 Titulos
284 3055 357 3091 ipsos
391 3055 419 3082 in
451 3054 667 3091 allegationibus
695 3052 808 3081 laudare
834 3051 919 3079 moris
946 3051 1010 3080 fuit.

901 3092 962 3119 186.
984 3091 1007 3118 h.

149 3129 253 3159 'ritulis
286 3130 514 3160 insolentioribus
543 3129 739 3159 Diocletianus
775 3127 814 3157 est
850 3127 1008 3156 delectatus.

899 3174 964 3202 42¹-
984 3176 1009 3195 a.

998 91 1032 125 D
1133 89 1162 124 E
1259 89 1292 123 X

1035 179 1139 207 'situlis
1161 178 1338 207 luxuriantur
1356 178 1482 206 Orientis
1496 179 1598 216 Reges.
1721 180 1759 209 11.
1781 185 1843 216 109.
1862 184 1889 213 b.

1035 217 1196 245 Titulorum
1213 217 1395 253 prodigalitas
1414 218 1501 251 majus
1516 219 1559 251 jus
1575 226 1632 246 non
1649 217 1754 247 tribuit.
1827 220 1888 251 ibid.

1038 254 1105 283 Tolli
1120 255 1145 283 dc
1161 255 1275 290 tollisse,
1294 264 1345 293 pro
1357 252 1449 292 sustuli
1465 255 1640 294 &sustulrffe.
1666 257 1688 285 1.
1705 265 1753 292 42.
1765 259 1789 286 b.
1804 267 1850 294 43.
1866 270 1891 289 a.

1035 295 1193 368 Tgp4a9r'cli7ae
1221 338 1274 358 nec
1300 330 1449 366 judicant,
1472 339 1525 359 nec
1552 331 1600 368 ipsi
1622 332 1749 367 judicare
1771 335 1890 371 possunt,

1722 373 1758 400 11.
1782 377 1846 403 260.
1867 376 1893 405 b.

1037 422 1114 429 —-
1138 407 1207 434 varii
1231 406 1299 435 olim
1321 408 1349 435 in
1370 407 1468 444 BelgIO
1488 413 1672 437 exercuerunt
1686 411 1831 440 criminum
1850 422 1893 443 re·

1075 445 1238 473 miffionem.
1780 453 1844 479 2⁶8.
1864 462 1891 481 a.

1039 483 1087 511 Tot
1109 483 1134 511 dt
1155 490 1223 511 totus
1245 488 1352 520 partem
1375 482 1509 517 denotat,
1530 484 1579 512 ubi
1603 483 1725 520 sequitur
1741 494 1845 522 quotus,
1866 490 1893 519 ἀ

1075 529 1141 550 tunc
1156 523 1242 558 prima
1262 521 1362 558 syllaba
1381 523 1541 559 corripitur.
1740 526 1764 551 1.
1785 533 1848 560 144.
1866 530 1891 558 b.

1039 559 1148 588 Traflus
1164 568 1215 596 pro
1234 569 1289 587 men
1302 559 1324 589 ὲ.
1743 562 1781 591 Π.
1803 567 1847 593 28.
1866 576 1894 596 α.

1037 599 1168 627 'l'raditio
1185 597 1224 626 est
1237 606 1329 627 rerum
1344 607 1397 627 nec
1412 599 1549 634 mancipi,
1572 604 1602 627 ut
1617 599 1788 636 mancipatio
1802 609 1892 633 rerum

1075 637 1205 672 mancipi.
1740 639 1763 667 1.
1784 646 1847 676 334.
1867 643 1892 672 lv,

1037 691 1115 699 --
1137 675 1257 710 duplex,
1275 674 1403 703 solemnis
1420 674 1444 703 δε
1457 674 1636 710 formularia,
1651 674 1676 704 ἃ
1693 677 1783 711 nuda,
1800 679 1894 715 &quis

1075 714 1219 749 utriusque
1235 711 1357 741 effeetus.
1784 724 1847 751 339.
1867 728 1893 749 a.

1137 751 1265 779 solemnis
1282 751 1376 787 postea
1393 750 1507 780 sublata.
1783 755 1847 784 ibid.
1868 758 1894 787 b.

1038 802 1115 811 —-·
1141 789 1301 825 symbolica.
1783 800 1848 828 340.
1867 805 1892 824 α.

1041 827 1218 864 Trajanopolz's
1234 828 1279 856 seu
1294 827 1397 856 Selinus
1413 827 1510 856 eadem
1522 827 1561 856 est
1577 830 1657 865 urbs,
1668 829 1692 858 ἀ
1707 829 1754 867 Jus
1770 831 1895 862 italicum

1076 867 1182 894 habuit.
1742 870 1765 897 l.
1787 878 1797 897 1
1827 878 1849 899 1.
1870 872 1894 901 b.

1040 905 1232 939 Trajeeliones
1246 904 1399 932 litterarum
1410 926 1417 936 ,
1440 904 1602 941 syllabarum
1615 928 1624 939 ,
1642 905 1778 934 &vocum
1792 877 1898 938 iriPan.

1079 943 1162 971 defitis
1177 943 1347 971 Florentinis
1364 943 1534 980 frequentes.
1583 953 1627 978 30.
1649 946 1673 972 b.
1698 953 1742 979 52.
1763 947 1788 974 b.
1810 948 1853 979 58.
1870 949 1894 976 b.

1613 991 1656 1016 71.
1676 993 1701 1010 a.
1725 990 1769 1018 75.
1794 992 1854 1020 103.
1871 985 1896 1016 b.

1042 1034 1119 1041 ——
1140 1019 1295 1048 litterarum
1320 1018 1522 1056 frequentiores
1539 1021 1566 1048 in
1581 1021 1742 1050 nominibus
1759 1023 1892 1059 propriis,

1079 1067 1162 1095 quarn
1181 1061 1384 1087 communibus.

1038 1112 1117 1118 ——
1138 1096 1301 1133 syllabarum
1323 1096 1348 1124 &
1372 1105 1484 1124 vocum.
1530 1100 1592 1132 146.
1614 1097 1637 1125 b.
1662 1100 1722 1132 ¹84·
1744 1109 1768 1127 a.
1792 1108 1854 1133 190.
1873 1100 1898 1135 b,

1445 1143 1505 1168 191.
1526 1135 1549 1162 h.
1577 1143 1636 1169 195.
1656 1135 1678 1164 b.
1701 1144 1764 1171 253.
1787 1142 1850 1166 260.
1871 1137 1896 1167 b.

1039 1172 1244 1202 Tranlisulania
1266 1180 1341 1199 anno
1367 1176 1447 1206 1665.
1473 1175 1506 1200 ab
1526 1173 1665 1209 Episcopo
1686 1175 1900 1205 Monasterienfi

1079 1210 1203 1242 vastata,
1224 1218 1370 1246 perperam
1385 1211 1525 1237 Ordinum
1543 1212 1722 1241 Generalium
1742 1214 1900 1244 Confiliarii

1078 1248 1264 1280 censuerunt,
1294 1250 1433 1276 rationem
1459 1247 1511 1275 ell'e
1543 1250 1701 1278 habendam
1725 1253 1901 1282 exactionum

1080 1287 1117 1314 ob
1136 1286 1258 1313 redemta
1277 1285 1414 1314 incendia.
1737 1290 1772 1317 11.
1794 1298 1858 1325 237.
1877 1291 1902 1320 h.

1042 1324 1186 1354 Transitus
1202 1325 1331 1352 innoxius
1345 1331 1417 1353 terra
1433 1324 1558 1359 marique
1573 1332 1637 1353 num
1651 1328 1795 1363 prohiberi
1808 1328 1901 1364 poffit.

1792 1374 1825 1395 12
1849 1388 1856 1395 .
1875 1367 1900 1396 b.

1044 1400 1207 1438 Transtulit),
1227 1409 1278 1437 pro
1295 1399 1459 1437 translatione
1469 1401 1578 1437 judicii.
1808 1375 1902 1440 1.967.

1042 1451 1075 1468 an
1091 1439 1250 1468 Transsatio
1265 1439 1363 1476 legati,
1386 1448 1420 1467 an
1444 1439 1574 1469 conditio
1590 1462 1598 1475 ,
1620 1449 1654 1470 an
1675 1450 1758 1479 poena
1778 1442 1809 1472 fit
1827 1444 1901 1472 unde

1082 1478 1302 1512 dijudicandum.

1044 1517 1196 1545 Trebatius
1214 1516 1248 1544 de
1263 1516 1444 1550 religionibus
1461 1515 1574 1554 scripfit.
1659 1526 1725 1553 412.
1746 1518 1770 1547 b.
1789 1489 1855 1554 23:¹3.
1874 1491 1901 1548 z:

1044 1555 1237 1583 Tribuni-anus
1253 1553 1389 1582 defensus.
1793 1565 1856 1586 121.
1876 1557 1901 1587 b.

1158 1592 1223 1621 add.
1244 1593 1419 1621 Emblemata
1434 1592 1614 1622 Triboniani.

1178 1639 1235 1658 non
1260 1630 1343 1664 solet,
1366 1639 1428 1659 curn
1444 1631 1507 1668 JCti
1530 1640 1588 1659 uno
1607 1631 1690 1666 loco,
1710 1632 1845 1670 quicquid
1867 1632 1903 1663 ad

1082 1669 1193 1706 plenam
1209 1669 1325 1704 alicuius
1342 1671 1496 1705 argumenti
1512 1669 1652 1698 scientiam
1667 1673 1807 1707 pertinet.
1821 1680 1904 1709 expe-

1081 1708 1219 1740 diverint,
1240 1716 1273 1736 ea
1289 1708 1384 1735 omnia
1400 1707 1504 1736 referre
1520 1716 1577 1737 uno
1592 1709 1674 1745 loco,
1691 1709 1737 1737 sed
1753 1710 1806 1738 alia
1819 1717 1904 1747 atque

1082 1746 1136 1775 alia
1157 1745 1287 1774 distinstis
1307 1745 1383 1774 libris
1398 1747 1423 1774 ἃ
1438 1747 1574 1783 capitibus
1792 1755 1857 1783 224.
1877 1759 1904 1778 a.

1045 1798 1124 1807 —-—-
1146 1785 1214 1821 saepe
1230 1785 1258 1819 in
1275 1785 1379 1821 scriptis
1396 1784 1530 1822 JCtorum
1545 1784 1670 1821 quadam
1679 1788 1907 1817 accommodavit

1085 1823 1119 1852 ad
1137 1825 1274 1851 radonem
1290 1824 1357 1851 novi
1370 1823 1453 1857 juris,
1475 1825 1601 1858 quamvis
1617 1825 1644 1852 in
1663 1823 1771 1859 lingulis
1792 1827 1907 1860 verbis,

1085 1870 1145 1899 quae
1160 1870 1218 1890 non
1234 1861 1294 1890 satis
1309 1861 1448 1898 elegantia
1463 1861 1610 1898 videntur,
1620 1863 1677 1898 ejus
1694 1871 1789 1891 manus
1802 1871 1858 1892 non
1872 1863 1906 1893 fit

1084 1900 1242 1937 quaerenda.
1796 1904 1861 1936 267.
1881 1901 1906 1930 5.

1147 1939 1233 1967 multa
1257 1937 1367 1971 omisit,
1392 1947 1452 1974 quae
1471 1937 1515 1966 vel
1537 1938 1628 1976 palam
1648 1939 1782 1976 abrogata
1804 1945 1904 1973 erant.

1085 1977 1130 2005 vel
1153 1977 1203 2005 usu
1219 1978 1361 2005 contrario
1376 1977 1534 2005 obliterata.
1798 1985 1863 2013 224.
1883 1977 1908 2007 b.

1148 2016 1214 2052 saepe
1236 2014 1354 2044 obtrusit
1375 2016 1458 2043 nobis
1472 2016 1516 2051 jus
1540 2020 1635 2050 vetus,
1658 2021 1740 2052 atque
1760 2015 1907 2057 fissnoyurn

1086 2054 1162 2082 esset.
1794 2062 1859 2088 272.
1880 2054 1906 2084 b.

1050 2107 1127 2115 --
1148 2091 1257 2120 addidit
1272 2091 1387 2121 voculas
1405 2093 1452 2120 hic
1467 2092 1538 2125 illic,
1560 2100 1619 2127 quae
1635 2091 1840 2120 transitionibus
1857 2092 1910 2121 ser-

1090 2131 1188 2164 viunt,
1211 2131 1254 2158 vel
1270 2131 1296 2159 in
1314 2131 1511 2159 Pandetftarum
1527 2131 1595 2158 locis
1618 2130 1727 2163 retulit,
1748 2138 1809 2165 quae
1824 2131 1909 2167 perti·

1088 2170 1190 2197 nebant
1208 2169 1241 2197 ad
1259 2169 1415 2205 superiora,
1438 2178 1495 2205 quo
1513 2169 1641 2196 lefftorem
1659 2169 1774 2196 remitit.
1797 2176 1862 2204 274.
1882 2179 1908 2198 a.

1051 2222 1128 2229 -—-
1151 2208 1218 2244 saepe
1232 2207 1358 2243 quaedam
1371 2207 1477 2240 omisit,
1489 2208 1555 2243 saepe
1571 2208 1654 2235 etiarn
1669 2207 1806 2243 principiis
1822 2208 1909 2245 legum

1051 2245 1175 2282 quaeclam
1194 2245 1318 2280 addidit,
1341 2251 1370 2274 ut
1396 2245 1551 2282 fragmenta
1567 2267 1574 2279 ,
1596 2245 1716 2273 invicem
1734 2244 1843 2281 avulsa,
1863 2253 1909 2274 co-

1087 2285 1229 2313 haererent.
1844 2284 1908 2313 ibid.

1050 2323 1219 2350 Triboniani
1235 2321 1467 2358 interpolationes
1491 2330 1550 2350 11011
1566 2321 1627 2350 sunt
1642 2320 1793 2358 probandae
1808 2330 1843 2352 ex
1857 2322 1911 2351 Bar-¹

1086 2360 1174 2388 si-icis.
1212 2361 1277 2389 Vid.
1298 2361 1482 2388 Emblemata.
1593 2392 1598 2397 ἱ

1051 2399 1241 2427 Tribonianus
1264 2400 1359 2427 omnia
1377 2399 1473 2428 Ediua
1502 2397 1527 2426 &
1551 2398 1696 2435 Rescripta
1715 2419 1723 2432 ‚
1747 2398 1908 2428 Christianis

1089 2437 1203 2466 adversa
1219 2437 1319 2465 omisit.
1799 2440 1864 2472 416.
1876 2446 1909 2466 va.

1053 2490 1129 2497 ·-—
1150 2479 1209 2510 ejus
1226 2475 1393 2503 emblemata
1409 2474 1494 2509 vulgo
1509 2474 1619 2509 jaetata.
1797 2483 1862 2509 452·
1883 2484 1911 2504 a.

1053 2529 1131 2537 --
1152 2514 1212 2551 plus
1224 2513 1303 2542 semel
1314 2513 1458 2550 cespitavit
1475 2515 1501 2542 in
1512 2512 1679 2550 exponenda
1693 2517 1817 2540 veterum
1825 2513 1911 2550 JCto-

1087 2560 1148 2580 rum
1167 2553 1310 2581 sententia.
1712 2550 1774 2578 ibid.
1799 2558 1864 2586 455.
1885 2550 1910 2581 b.

1053 2606 1130 2613 --
1153 2591 1187 2618 ad
1204 2589 1476 2618 commendationem
1492 2589 1625 2626 Principis
1643 2587 1680 2616 sui
1696 2597 1754 2616 non
1772 2588 1911 2618 semelve-

1093 2628 1144 2657 luit
1158 2628 1247 2657 videri
1265 2637 1354 2657 novus
1368 2629 1434 2662 juris
1455 2628 1557 2655 auftor.
1796 2635 1860 2662 453.
1881 2637 1907 2656 a.

1054 2668 1223 2696 Triboniani
1244 2666 1324 2695 causa
1348 2666 1445 2695 misera
1469 2665 1523 2698 cst,
1547 2665 1593 2693 ubi
1617 2664 1719 2693 haerent
1735 2665 1910 2702 interpretes.

1760 2704 1798 2732 11.
1821 2711 1864 2738 17.
1884 2714 1910 2733 a.

1053 2757 1130 2765 —--
1152 2743 1319 2772 emblemata
1336 2741 1499 2777 plerumque
1519 2741 1603 2769 nulla.
1801 2741 1866 2770 ibid.
1884 2741 1909 2770 b.

1053 2782 1171 2810 Tribuni
1190 2782 1318 2810 Celerum
1332 2781 1455 2815 Regibus
1471 2781 1600 2814 adjunt‘ti.
1625 2780 1646 2808 l.
1671 2787 1732 2814 313.
1754 2778 1778 2808 b.
1798 2787 1863 2815 3¹4·
1883 2789 1910 2808 a.

1053 2834 1131 2842 —-
1154 2820 1272 2848 militurn
1283 2818 1428 2847 Consulari
1446 2818 1580 2854 potestate
1593 2824 1663 2855 quot
1677 2817 1788 2846 fuerint.
1809 2820 1908 2853 316.a.

1053 2858 1214 2888 Tributaria
1231 2859 1341 2894 praedia.
1365 2857 1399 2884 V.
1421 2857 1532 2893 praedia.

1053 2897 1172 2926 Tributa
1188 2896 1360 2931 exigentium
1377 2895 1522 2923 acerbitas.
1815 2901 1861 2923 20.
1881 2903 1908 2923 a.

1053 2948 1130 2957 —-
1149 2943 1206 2963 non
1225 2934 1388 2962 soltertiurn
1412 2935 1486 2962 bona
1511 2941 1568 2963 non
1591 2933 1758 2962 addicuntur
1771 2931 1831 2960 aliis
1846 2940 1910 2961 cum

1090 2981 1177 3001 onere
1195 2971 1320 3001 solvendi
1341 2972 1448 3000 tributi.
1817 2978 1861 2999 21.
1883 2979 1909 2999 a.

1053 3012 1235 3040 Tributorurn
1249 3019 1305 3038 non
1329 3011 1483 3039 solutorum
1504 3011 1585 3039 causa
1611 3011 1731 3048 pignora
1750 3009 1907 3046 capiuntur,

1091 3050 1165 3078 unde
1183 3049 1248 3077 fisco
1265 3049 1385 3078 satisfiat.
1804 3046 1866 3075 ibid.
1886 3045 1910 3074 b.

1052 3089 1217 3116 Tributum.
1237 3088 1273 3116 V.
1295 3087 1481 3124 Stipendium.

1052 3126 1171 3154 Tributa
1189 3134 1236 3162 per
1252 3134 1327 3155 mare
1343 3125 1548 3156 transeuntibus
1567 3124 1694 3162 imperari
1710 3122 1909 3161 poffuntama.

1088 3166 1125 3193 ria
1141 3164 1266 3193 domino.
1742 3162 1779 3191 ss.
1802 3168 1872 3229 ¹291*
1883 3160 1908 3204 {⁵-

1874 3206 1908 3226 rr.

1807 1068 1850 1095 77·
1871 1072 1897 1092 a.
1930 1082 1936 1090 .
