<?xml version="1.0" encoding="UTF-8"?>
<!DOCTYPE html PUBLIC "-//W3C//DTD XHTML 1.0 Transitional//EN"
    "http://www.w3.org/TR/xhtml1/DTD/xhtml1-transitional.dtd">
<html xmlns="http://www.w3.org/1999/xhtml" xml:lang="en" lang="en">
 <head>
  <title>
</title>
<meta http-equiv="Content-Type" content="text/html;charset=utf-8" />
  <meta name='ocr-system' content='tesseract 3.04.00' />
  <meta name='ocr-capabilities' content='ocr_page ocr_carea ocr_par ocr_line ocrx_word'/>
</head>
<body>
  <div class='ocr_page' id='page_1' title='image "./corneliivanbynke00bijn_0940.png"; bbox 0 0 2008 3436; ppageno 0'>
   <div class='ocr_carea' id='block_1_1' title="bbox 140 111 806 228">
    <p class='ocr_par' dir='ltr' id='par_1_1' title="bbox 140 111 806 228">
     <span class='ocr_line' id='line_1_1' title="bbox 140 111 210 153; baseline 0.029 -2"><span class='ocrx_word' id='word_1_1' title='bbox 140 111 210 153; x_wconf 79' lang='lat'><em>478</em></span> 
     </span>
     <span class='ocr_line' id='line_1_2' title="bbox 340 194 806 228; baseline 0.004 -2"><span class='ocrx_word' id='word_1_2' title='bbox 340 194 659 228; x_wconf 80' lang='lat' dir='ltr'>CAPUT</span> <span class='ocrx_word' id='word_1_3' title='bbox 728 195 806 228; x_wconf 71' lang='lat' dir='ltr'><em>[x.</em></span> 
     </span>
    </p>
   </div>
   <div class='ocr_carea' id='block_1_2' title="bbox 145 265 1004 350">
    <p class='ocr_par' dir='ltr' id='par_1_2' title="bbox 145 265 1004 350">
     <span class='ocr_line' id='line_1_3' title="bbox 145 265 1004 312; baseline 0 -14"><span class='ocrx_word' id='word_1_4' title='bbox 145 265 360 312; x_wconf 58' lang='lat' dir='ltr'><em>Dffssffeffihffl&#39;</em></span> <span class='ocrx_word' id='word_1_5' title='bbox 373 269 572 307; x_wconf 73' lang='lat' dir='ltr'><em>matrimonii,</em></span> <span class='ocrx_word' id='word_1_6' title='bbox 596 269 668 310; x_wconf 79' lang='lat' dir='ltr'><em>quod</em></span> <span class='ocrx_word' id='word_1_7' title='bbox 685 269 724 299; x_wconf 90' lang='lat' dir='ltr'><em>ad</em></span> <span class='ocrx_word' id='word_1_8' title='bbox 743 268 855 300; x_wconf 84' lang='lat' dir='ltr'><em>thorum</em></span> <span class='ocrx_word' id='word_1_9' title='bbox 875 266 911 302; x_wconf 55' lang='grc' dir='ltr'><em>ἐφ’</em></span> <span class='ocrx_word' id='word_1_10' title='bbox 926 277 1004 298; x_wconf 84' lang='lat' dir='ltr'><em>men·</em></span> 
     </span>
     <span class='ocr_line' id='line_1_4' title="bbox 178 310 1004 350; baseline 0.015 -12"><span class='ocrx_word' id='word_1_11' title='bbox 178 310 246 349; x_wconf 78' lang='lat' dir='ltr'><em>sam</em></span> <span class='ocrx_word' id='word_1_12' title='bbox 254 311 400 349; x_wconf 77' lang='lat' dir='ltr'><em>separati.</em></span> <span class='ocrx_word' id='word_1_13' title='bbox 944 319 1004 350; x_wconf 73' lang='lat'><em>35?</em></span> 
     </span>
    </p>
   </div>
   <div class='ocr_carea' id='block_1_3' title="bbox 362 380 784 415">
    <p class='ocr_par' dir='ltr' id='par_1_3' title="bbox 362 380 784 415">
     <span class='ocr_line' id='line_1_5' title="bbox 362 380 784 415; baseline 0 -2"><span class='ocrx_word' id='word_1_14' title='bbox 362 380 679 415; x_wconf 87' lang='lat' dir='ltr'>CAPUT</span> <span class='ocrx_word' id='word_1_15' title='bbox 741 380 784 413; x_wconf 89' lang='lat' dir='ltr'><em>X.</em></span> 
     </span>
    </p>
   </div>
   <div class='ocr_carea' id='block_1_4' title="bbox 145 452 1006 618">
    <p class='ocr_par' dir='ltr' id='par_1_4' title="bbox 145 452 1006 618">
     <span class='ocr_line' id='line_1_6' title="bbox 145 452 1003 494; baseline -0.002 -9"><span class='ocrx_word' id='word_1_16' title='bbox 145 452 217 485; x_wconf 78' lang='lat' dir='ltr'><em>Non</em></span> <span class='ocrx_word' id='word_1_17' title='bbox 232 453 282 494; x_wconf 72' lang='lat' dir='ltr'><em>effi</em></span> <span class='ocrx_word' id='word_1_18' title='bbox 299 456 470 485; x_wconf 72' lang='lat' dir='ltr'><em>connubium</em></span> <span class='ocrx_word' id='word_1_19' title='bbox 490 455 568 485; x_wconf 76' lang='lat' dir='ltr'><em>inter</em></span> <span class='ocrx_word' id='word_1_20' title='bbox 585 454 748 485; x_wconf 82' lang='lat' dir='ltr'><em>adulterum</em></span> <span class='ocrx_word' id='word_1_21' title='bbox 766 453 802 488; x_wconf 77' lang='lat'><em>&amp;³</em></span> <span class='ocrx_word' id='word_1_22' title='bbox 818 454 981 485; x_wconf 76' lang='lat' dir='ltr'><em>adulteram</em></span> <span class='ocrx_word' id='word_1_23' title='bbox 994 476 1003 491; x_wconf 93' lang='lat'>‚</span> 
     </span>
     <span class='ocr_line' id='line_1_7' title="bbox 185 494 1005 536; baseline 0 -12"><span class='ocrx_word' id='word_1_24' title='bbox 185 494 300 533; x_wconf 66' lang='lat' dir='ltr'><em>etiarnsi</em></span> <span class='ocrx_word' id='word_1_25' title='bbox 315 503 420 536; x_wconf 75' lang='lat' dir='ltr'><em>praeter</em></span> <span class='ocrx_word' id='word_1_26' title='bbox 439 495 614 526; x_wconf 82' lang='lat' dir='ltr'><em>adulterium</em></span> <span class='ocrx_word' id='word_1_27' title='bbox 636 496 712 525; x_wconf 80' lang='lat' dir='ltr'><em>nihii</em></span> <span class='ocrx_word' id='word_1_28' title='bbox 739 497 879 533; x_wconf 78' lang='lat' dir='ltr'><em>accedat,</em></span> <span class='ocrx_word' id='word_1_29' title='bbox 905 494 940 528; x_wconf 75' lang='lat'><em>&amp;³</em></span> <span class='ocrx_word' id='word_1_30' title='bbox 966 504 1005 524; x_wconf 89' lang='lat' dir='ltr'><em>an</em></span> 
     </span>
     <span class='ocr_line' id='line_1_8' title="bbox 185 536 1005 577; baseline -0.001 -11"><span class='ocrx_word' id='word_1_31' title='bbox 185 537 324 567; x_wconf 70' lang='lat' dir='ltr'><em>adulterii</em></span> <span class='ocrx_word' id='word_1_32' title='bbox 339 536 688 577; x_wconf 69' lang='lat' dir='ltr'><em>dainnatus,jblutist1ue</em></span> <span class='ocrx_word' id='word_1_33' title='bbox 706 546 744 567; x_wconf 84' lang='lat' dir='ltr'><em>ex</em></span> <span class='ocrx_word' id='word_1_34' title='bbox 770 546 803 567; x_wconf 86' lang='lat' dir='ltr'><em>ea</em></span> <span class='ocrx_word' id='word_1_35' title='bbox 826 537 912 577; x_wconf 74' lang='lat' dir='ltr'><em>causa</em></span> <span class='ocrx_word' id='word_1_36' title='bbox 933 541 1005 574; x_wconf 79' lang='lat' dir='ltr'><em>nup-</em></span> 
     </span>
     <span class='ocr_line' id='line_1_9' title="bbox 185 577 1006 618; baseline 0.001 -10"><span class='ocrx_word' id='word_1_37' title='bbox 185 579 257 616; x_wconf 74' lang='lat' dir='ltr'><em>tiis,</em></span> <span class='ocrx_word' id='word_1_38' title='bbox 279 579 371 610; x_wconf 76' lang='lat' dir='ltr'><em>aliam</em></span> <span class='ocrx_word' id='word_1_39' title='bbox 392 587 508 608; x_wconf 78' lang='lat' dir='ltr'><em>uxorem</em></span> <span class='ocrx_word' id='word_1_40' title='bbox 522 577 596 608; x_wconf 69' lang='lat' dir='ltr'><em>reete</em></span> <span class='ocrx_word' id='word_1_41' title='bbox 610 578 722 609; x_wconf 78' lang='lat' dir='ltr'><em>ducat?</em></span> <span class='ocrx_word' id='word_1_42' title='bbox 943 586 1006 618; x_wconf 80' lang='lat'><em>359</em></span> 
     </span>
    </p>
   </div>
   <div class='ocr_carea' id='block_1_5' title="bbox 343 648 808 682">
    <p class='ocr_par' dir='ltr' id='par_1_5' title="bbox 343 648 808 682">
     <span class='ocr_line' id='line_1_10' title="bbox 343 648 808 682; baseline -0.002 0"><span class='ocrx_word' id='word_1_43' title='bbox 343 648 661 682; x_wconf 89' lang='lat' dir='ltr'>CAPUT</span> <span class='ocrx_word' id='word_1_44' title='bbox 726 649 808 682; x_wconf 91' lang='lat' dir='ltr'><em>XI.</em></span> 
     </span>
    </p>
   </div>
   <div class='ocr_carea' id='block_1_6' title="bbox 146 720 1006 805">
    <p class='ocr_par' dir='ltr' id='par_1_6' title="bbox 146 720 1006 805">
     <span class='ocr_line' id='line_1_11' title="bbox 146 720 1006 762; baseline -0.002 -10"><span class='ocrx_word' id='word_1_45' title='bbox 146 722 178 752; x_wconf 73' lang='lat' dir='ltr'><em>St</em></span> <span class='ocrx_word' id='word_1_46' title='bbox 195 731 249 762; x_wconf 71' lang='lat' dir='ltr'><em>qua</em></span> <span class='ocrx_word' id='word_1_47' title='bbox 276 724 371 753; x_wconf 78' lang='lat' dir='ltr'><em>cautio</em></span> <span class='ocrx_word' id='word_1_48' title='bbox 384 723 571 761; x_wconf 78' lang='lat' dir='ltr'><em>producentis</em></span> <span class='ocrx_word' id='word_1_49' title='bbox 595 724 708 753; x_wconf 81' lang='lat' dir='ltr'><em>nomine</em></span> <span class='ocrx_word' id='word_1_50' title='bbox 720 720 761 760; x_wconf 83' lang='lat' dir='ltr'><em>sit</em></span> <span class='ocrx_word' id='word_1_51' title='bbox 788 728 944 762; x_wconf 84' lang='lat' dir='ltr'><em>concepta,</em></span> <span class='ocrx_word' id='word_1_52' title='bbox 966 730 1006 751; x_wconf 89' lang='lat' dir='ltr'><em>an</em></span> 
     </span>
     <span class='ocr_line' id='line_1_12' title="bbox 184 763 1001 805; baseline -0.001 -11"><span class='ocrx_word' id='word_1_53' title='bbox 184 773 222 794; x_wconf 79' lang='lat' dir='ltr'><em>ex</em></span> <span class='ocrx_word' id='word_1_54' title='bbox 239 774 272 794; x_wconf 82' lang='lat' dir='ltr'><em>ea</em></span> <span class='ocrx_word' id='word_1_55' title='bbox 290 764 365 795; x_wconf 70' lang='lat' dir='ltr'><em>reae</em></span> <span class='ocrx_word' id='word_1_56' title='bbox 385 771 458 805; x_wconf 84' lang='lat' dir='ltr'><em>agat</em></span> <span class='ocrx_word' id='word_1_57' title='bbox 474 764 593 805; x_wconf 75' lang='lat' dir='ltr'><em>quilibet</em></span> <span class='ocrx_word' id='word_1_58' title='bbox 607 763 760 804; x_wconf 64' lang='lat' dir='ltr'><em>posteſjor‘?</em></span> <span class='ocrx_word' id='word_1_59' title='bbox 942 766 1001 803; x_wconf 80' lang='lat'><em>361</em></span> 
     </span>
    </p>
   </div>
   <div class='ocr_carea' id='block_1_7' title="bbox 325 834 822 869">
    <p class='ocr_par' dir='ltr' id='par_1_7' title="bbox 325 834 822 869">
     <span class='ocr_line' id='line_1_13' title="bbox 325 834 822 869; baseline 0.002 -2"><span class='ocrx_word' id='word_1_60' title='bbox 325 834 643 867; x_wconf 89' lang='lat' dir='ltr'>CAPUT</span> <span class='ocrx_word' id='word_1_61' title='bbox 704 835 822 869; x_wconf 89' lang='lat' dir='ltr'>XII.</span> 
     </span>
    </p>
   </div>
   <div class='ocr_carea' id='block_1_8' title="bbox 141 905 1003 950">
    <p class='ocr_par' dir='ltr' id='par_1_8' title="bbox 141 905 1003 950">
     <span class='ocr_line' id='line_1_14' title="bbox 141 905 1003 950; baseline 0 -11"><span class='ocrx_word' id='word_1_62' title='bbox 141 907 196 939; x_wconf 85' lang='lat' dir='ltr'><em>An</em></span> <span class='ocrx_word' id='word_1_63' title='bbox 213 905 289 949; x_wconf 84' lang='lat' dir='ltr'><em>ceffio</em></span> <span class='ocrx_word' id='word_1_64' title='bbox 309 909 444 940; x_wconf 83' lang='lat' dir='ltr'><em>bonorum</em></span> <span class='ocrx_word' id='word_1_65' title='bbox 453 907 542 948; x_wconf 80' lang='lat' dir='ltr'><em>profit</em></span> <span class='ocrx_word' id='word_1_66' title='bbox 560 908 697 950; x_wconf 73' lang='lat' dir='ltr'><em>adversus</em></span> <span class='ocrx_word' id='word_1_67' title='bbox 711 906 847 940; x_wconf 63' lang='lat' dir='ltr'><em>muletam</em></span> <span class='ocrx_word' id='word_1_68' title='bbox 862 908 1003 949; x_wconf 85' lang='lat' dir='ltr'><em>pecunia-</em></span> 
     </span>
    </p>
   </div>
   <div class='ocr_carea' id='block_1_9' title="bbox 368 1006 926 1139">
    <p class='ocr_par' dir='ltr' id='par_1_9' title="bbox 368 1006 926 1139">
     <span class='ocr_line' id='line_1_15' title="bbox 529 1006 926 1050; baseline -0.01 0"><span class='ocrx_word' id='word_1_69' title='bbox 529 1006 926 1050; x_wconf 82' lang='lat' dir='ltr'><em>LIBRI</em></span> 
     </span>
     <span class='ocr_line' id='line_1_16' title="bbox 368 1105 778 1139; baseline -0.002 -1"><span class='ocrx_word' id='word_1_70' title='bbox 368 1105 778 1139; x_wconf 86' lang='lat' dir='ltr'>CAPUTI.</span> 
     </span>
    </p>
   </div>
   <div class='ocr_carea' id='block_1_10' title="bbox 140 1176 1003 1261">
    <p class='ocr_par' dir='ltr' id='par_1_10' title="bbox 140 1176 1003 1261">
     <span class='ocr_line' id='line_1_17' title="bbox 140 1176 1003 1219; baseline -0.006 -9"><span class='ocrx_word' id='word_1_71' title='bbox 140 1178 194 1210; x_wconf 83' lang='lat' dir='ltr'><em>An</em></span> <span class='ocrx_word' id='word_1_72' title='bbox 211 1176 364 1216; x_wconf 76' lang='lat' dir='ltr'><em>Pontificii</em></span> <span class='ocrx_word' id='word_1_73' title='bbox 386 1177 586 1219; x_wconf 72' lang='lat' dir='ltr'><em>Ecclefiasir&#39;ci</em></span> <span class='ocrx_word' id='word_1_74' title='bbox 603 1179 651 1210; x_wconf 83' lang='lat' dir='ltr'><em>vel</em></span> <span class='ocrx_word' id='word_1_75' title='bbox 669 1178 761 1210; x_wconf 82' lang='lat' dir='ltr'><em>Sacra</em></span> <span class='ocrx_word' id='word_1_76' title='bbox 775 1186 870 1209; x_wconf 83' lang='lat' dir='ltr'><em>eorum</em></span> <span class='ocrx_word' id='word_1_77' title='bbox 886 1176 949 1207; x_wconf 84' lang='lat' dir='ltr'><em>loca</em></span> <span class='ocrx_word' id='word_1_78' title='bbox 966 1184 1003 1205; x_wconf 76' lang='lat' dir='ltr'><em>ex</em></span> 
     </span>
     <span class='ocr_line' id='line_1_18' title="bbox 184 1218 1002 1261; baseline 0 -11"><span class='ocrx_word' id='word_1_79' title='bbox 184 1218 352 1260; x_wconf 75' lang='lat' dir='ltr'><em>testamento</em></span> <span class='ocrx_word' id='word_1_80' title='bbox 369 1226 470 1259; x_wconf 77' lang='lat' dir='ltr'><em>capere</em></span> <span class='ocrx_word' id='word_1_81' title='bbox 483 1218 616 1261; x_wconf 74' lang='lat' dir='ltr'><em>pcffint‘?</em></span> <span class='ocrx_word' id='word_1_82' title='bbox 941 1225 1002 1258; x_wconf 79' lang='grc'><em>374</em></span> 
     </span>
    </p>
   </div>
   <div class='ocr_carea' id='block_1_11' title="bbox 348 1290 792 1323">
    <p class='ocr_par' dir='ltr' id='par_1_11' title="bbox 348 1290 792 1323">
     <span class='ocr_line' id='line_1_19' title="bbox 348 1290 792 1323; baseline 0 -1"><span class='ocrx_word' id='word_1_83' title='bbox 348 1290 792 1323; x_wconf 87' lang='lat' dir='ltr'>CAPUTII.</span> 
     </span>
    </p>
   </div>
   <div class='ocr_carea' id='block_1_12' title="bbox 141 1360 1004 1431">
    <p class='ocr_par' dir='ltr' id='par_1_12' title="bbox 141 1360 1004 1431">
     <span class='ocr_line' id='line_1_20' title="bbox 141 1360 1004 1431; baseline -0.006 -35"><span class='ocrx_word' id='word_1_84' title='bbox 141 1365 195 1396; x_wconf 86' lang='lat' dir='ltr'><em>An</em></span> <span class='ocrx_word' id='word_1_85' title='bbox 211 1365 405 1431; x_wconf 49' lang='lat' dir='ltr'><em>&amp;Qquatenus</em></span> <span class='ocrx_word' id='word_1_86' title='bbox 427 1362 583 1404; x_wconf 84' lang='lat' dir='ltr'><em>Pontificii</em></span> <span class='ocrx_word' id='word_1_87' title='bbox 602 1361 804 1404; x_wconf 75' lang='lat' dir='ltr'><em>Ecclesiastici</em></span> <span class='ocrx_word' id='word_1_88' title='bbox 821 1360 922 1403; x_wconf 84' lang='lat' dir='ltr'><em>testari</em></span> <span class='ocrx_word' id='word_1_89' title='bbox 938 1370 1004 1402; x_wconf 82' lang='lat' dir='ltr'><em>que-</em></span> 
     </span>
    </p>
   </div>
   <div class='ocr_carea' id='block_1_13' title="bbox 184 1405 1005 1479">
    <p class='ocr_par' dir='ltr' id='par_1_13' title="bbox 184 1405 1005 1479">
     <span class='ocr_line' id='line_1_21' title="bbox 184 1405 1005 1444; baseline 0.005 -6"><span class='ocrx_word' id='word_1_90' title='bbox 184 1414 259 1439; x_wconf 88' lang='lat' dir='ltr'><em>ant.</em></span> <span class='ocrx_word' id='word_1_91' title='bbox 942 1405 1005 1444; x_wconf 78' lang='lat'><em>376</em></span> 
     </span>
     <span class='ocr_line' id='line_1_22' title="bbox 333 1445 810 1479; baseline 0 -1"><span class='ocrx_word' id='word_1_92' title='bbox 333 1445 362 1478; x_wconf 90' lang='lat' dir='ltr'>C</span> <span class='ocrx_word' id='word_1_93' title='bbox 405 1446 434 1478; x_wconf 93' lang='lat' dir='ltr'>A</span> <span class='ocrx_word' id='word_1_94' title='bbox 477 1446 501 1479; x_wconf 89' lang='lat' dir='ltr'>P</span> <span class='ocrx_word' id='word_1_95' title='bbox 545 1447 576 1479; x_wconf 93' lang='lat' dir='ltr'>U</span> <span class='ocrx_word' id='word_1_96' title='bbox 616 1447 649 1479; x_wconf 91' lang='lat' dir='ltr'>T</span> <span class='ocrx_word' id='word_1_97' title='bbox 713 1446 810 1479; x_wconf 87' lang='lat' dir='ltr'><strong>III.</strong></span> 
     </span>
    </p>
   </div>
   <div class='ocr_carea' id='block_1_14' title="bbox 141 1518 1006 1603">
    <p class='ocr_par' dir='ltr' id='par_1_14' title="bbox 141 1518 1006 1603">
     <span class='ocr_line' id='line_1_23' title="bbox 141 1518 1005 1569; baseline -0.005 -18"><span class='ocrx_word' id='word_1_98' title='bbox 141 1521 204 1569; x_wconf 74' lang='lat' dir='ltr'><em>Qui</em></span> <span class='ocrx_word' id='word_1_99' title='bbox 220 1519 256 1555; x_wconf 63' lang='grc' dir='ltr'><em>ἐξ)</em></span> <span class='ocrx_word' id='word_1_100' title='bbox 293 1530 332 1551; x_wconf 80' lang='lat' dir='ltr'><em>uae</em></span> <span class='ocrx_word' id='word_1_101' title='bbox 349 1522 423 1551; x_wconf 86' lang='lat' dir='ltr'><em>bona</em></span> <span class='ocrx_word' id='word_1_102' title='bbox 439 1530 457 1551; x_wconf 88' lang='lat' dir='ltr'><em>a</em></span> <span class='ocrx_word' id='word_1_103' title='bbox 472 1521 631 1551; x_wconf 76' lang='lat' dir='ltr'><em>minoribus</em></span> <span class='ocrx_word' id='word_1_104' title='bbox 651 1530 703 1551; x_wconf 90' lang='lat' dir='ltr'><em>nec</em></span> <span class='ocrx_word' id='word_1_105' title='bbox 721 1521 800 1550; x_wconf 88' lang='lat' dir='ltr'><em>inter</em></span> <span class='ocrx_word' id='word_1_106' title='bbox 819 1518 906 1549; x_wconf 85' lang='lat' dir='ltr'><em>vivos</em></span> <span class='ocrx_word' id='word_1_107' title='bbox 919 1539 931 1556; x_wconf 87' lang='lat'>,</span> <span class='ocrx_word' id='word_1_108' title='bbox 952 1527 1005 1548; x_wconf 79' lang='lat' dir='ltr'><em>nec</em></span> 
     </span>
     <span class='ocr_line' id='line_1_24' title="bbox 180 1561 1006 1603; baseline -0.001 -10"><span class='ocrx_word' id='word_1_109' title='bbox 180 1573 217 1594; x_wconf 84' lang='lat' dir='ltr'><em>ex</em></span> <span class='ocrx_word' id='word_1_110' title='bbox 235 1568 261 1592; x_wconf 84' lang='lat' dir='ltr'><em>te</em></span> <span class='ocrx_word' id='word_1_111' title='bbox 289 1567 402 1593; x_wconf 78' lang='lat' dir='ltr'><em>amento</em></span> <span class='ocrx_word' id='word_1_112' title='bbox 418 1568 517 1603; x_wconf 82' lang='lat' dir='ltr'><em>capere</em></span> <span class='ocrx_word' id='word_1_113' title='bbox 535 1563 582 1593; x_wconf 82' lang='lat' dir='ltr'><em>vei</em></span> <span class='ocrx_word' id='word_1_114' title='bbox 602 1563 667 1603; x_wconf 83' lang='lat' dir='ltr'><em>capi</em></span> <span class='ocrx_word' id='word_1_115' title='bbox 680 1561 804 1603; x_wconf 84' lang='lat' dir='ltr'><em>poffunt.</em></span> <span class='ocrx_word' id='word_1_116' title='bbox 943 1568 1006 1601; x_wconf 77' lang='grc'><em>379</em></span> 
     </span>
    </p>
   </div>
   <div class='ocr_carea' id='block_1_15' title="bbox 143 1632 1002 1749">
    <p class='ocr_par' dir='ltr' id='par_1_15' title="bbox 143 1632 1002 1749">
     <span class='ocr_line' id='line_1_25' title="bbox 337 1632 860 1666; baseline -0.002 -1"><span class='ocrx_word' id='word_1_117' title='bbox 337 1633 365 1665; x_wconf 95' lang='lat' dir='ltr'>C</span> <span class='ocrx_word' id='word_1_118' title='bbox 408 1633 436 1665; x_wconf 90' lang='lat' dir='ltr'>A</span> <span class='ocrx_word' id='word_1_119' title='bbox 481 1634 505 1666; x_wconf 91' lang='lat' dir='ltr'>P</span> <span class='ocrx_word' id='word_1_120' title='bbox 549 1634 580 1666; x_wconf 92' lang='lat' dir='ltr'>U</span> <span class='ocrx_word' id='word_1_121' title='bbox 623 1633 657 1666; x_wconf 89' lang='lat' dir='ltr'>T</span> <span class='ocrx_word' id='word_1_122' title='bbox 723 1632 803 1666; x_wconf 91' lang='lat' dir='ltr'><em>IV.</em></span> <span class='ocrx_word' id='word_1_123' title='bbox 858 1662 860 1665; x_wconf 79' lang='grc'>,</span> 
     </span>
     <span class='ocr_line' id='line_1_26' title="bbox 143 1704 1002 1749; baseline -0.008 -7"><span class='ocrx_word' id='word_1_124' title='bbox 143 1709 188 1741; x_wconf 82' lang='lat' dir='ltr'><em>De</em></span> <span class='ocrx_word' id='word_1_125' title='bbox 207 1706 354 1749; x_wconf 74' lang='lat' dir='ltr'><em>clausula,</em></span> <span class='ocrx_word' id='word_1_126' title='bbox 377 1716 463 1748; x_wconf 76' lang='lat' dir='ltr'><em>quain</em></span> <span class='ocrx_word' id='word_1_127' title='bbox 479 1706 728 1739; x_wconf 76' lang='lat' dir='ltr'><em>Reservatoriam</em></span> <span class='ocrx_word' id='word_1_128' title='bbox 744 1704 881 1737; x_wconf 75' lang='lat' dir='ltr'><em>vocant?</em></span> <span class='ocrx_word' id='word_1_129' title='bbox 941 1708 1002 1746; x_wconf 80' lang='lat'><em>381</em></span> 
     </span>
    </p>
   </div>
   <div class='ocr_carea' id='block_1_16' title="bbox 359 1777 786 1812">
    <p class='ocr_par' dir='ltr' id='par_1_16' title="bbox 359 1777 786 1812">
     <span class='ocr_line' id='line_1_27' title="bbox 359 1777 786 1812; baseline 0 -2"><span class='ocrx_word' id='word_1_130' title='bbox 359 1777 679 1812; x_wconf 89' lang='lat' dir='ltr'>CAPUT</span> <span class='ocrx_word' id='word_1_131' title='bbox 745 1778 786 1810; x_wconf 89' lang='lat' dir='ltr'><em>V.</em></span> 
     </span>
    </p>
   </div>
   <div class='ocr_carea' id='block_1_17' title="bbox 140 1846 1006 1895">
    <p class='ocr_par' dir='ltr' id='par_1_17' title="bbox 140 1846 1006 1895">
     <span class='ocr_line' id='line_1_28' title="bbox 140 1846 1006 1895; baseline -0.008 -10"><span class='ocrx_word' id='word_1_132' title='bbox 140 1853 203 1885; x_wconf 75' lang='lat' dir='ltr'><em>Res</em></span> <span class='ocrx_word' id='word_1_133' title='bbox 219 1862 237 1883; x_wconf 93' lang='lat' dir='ltr'><em>a</em></span> <span class='ocrx_word' id='word_1_134' title='bbox 258 1852 392 1893; x_wconf 75' lang='lat' dir='ltr'><em>Supremo</em></span> <span class='ocrx_word' id='word_1_135' title='bbox 411 1852 541 1891; x_wconf 84' lang='lat' dir='ltr'><em>Senatu,</em></span> <span class='ocrx_word' id='word_1_136' title='bbox 566 1863 609 1884; x_wconf 78' lang='lat' dir='ltr'><em>nze</em></span> <span class='ocrx_word' id='word_1_137' title='bbox 630 1853 770 1895; x_wconf 82' lang='lat' dir='ltr'><em>Senatore</em></span> <span class='ocrx_word' id='word_1_138' title='bbox 789 1850 837 1881; x_wconf 82' lang='lat' dir='ltr'><em>vei</em></span> <span class='ocrx_word' id='word_1_139' title='bbox 857 1846 982 1888; x_wconf 78' lang='lat' dir='ltr'><em>Praefide</em></span> <span class='ocrx_word' id='word_1_140' title='bbox 995 1869 1006 1885; x_wconf 89' lang='lat'>‚</span> 
     </span>
    </p>
   </div>
   <div class='ocr_carea' id='block_1_18' title="bbox 113 1893 1005 2082">
    <p class='ocr_par' dir='ltr' id='par_1_18' title="bbox 113 1893 1005 2082">
     <span class='ocr_line' id='line_1_29' title="bbox 181 1893 1005 1937; baseline -0.002 -11"><span class='ocrx_word' id='word_1_141' title='bbox 181 1895 221 1926; x_wconf 86' lang='lat' dir='ltr'><em>de</em></span> <span class='ocrx_word' id='word_1_142' title='bbox 238 1893 383 1927; x_wconf 68' lang='lat' dir='ltr'><em>Clausala</em></span> <span class='ocrx_word' id='word_1_143' title='bbox 401 1893 606 1926; x_wconf 71' lang='lat' dir='ltr'><em>reservacoria</em></span> <span class='ocrx_word' id='word_1_144' title='bbox 617 1895 768 1937; x_wconf 78' lang='lat' dir='ltr'><em>jzidicatae.</em></span> <span class='ocrx_word' id='word_1_145' title='bbox 943 1894 1005 1931; x_wconf 78' lang='lat'><em>383</em></span> 
     </span>
     <span class='ocr_line' id='line_1_30' title="bbox 339 1963 800 1998; baseline -0.002 -1"><span class='ocrx_word' id='word_1_146' title='bbox 339 1965 367 1997; x_wconf 93' lang='lat' dir='ltr'>C</span> <span class='ocrx_word' id='word_1_147' title='bbox 411 1965 439 1997; x_wconf 90' lang='lat' dir='ltr'>A</span> <span class='ocrx_word' id='word_1_148' title='bbox 483 1966 506 1998; x_wconf 91' lang='lat' dir='ltr'>P</span> <span class='ocrx_word' id='word_1_149' title='bbox 551 1966 582 1998; x_wconf 92' lang='lat' dir='ltr'>U</span> <span class='ocrx_word' id='word_1_150' title='bbox 626 1966 660 1998; x_wconf 89' lang='lat' dir='ltr'><em>T</em></span> <span class='ocrx_word' id='word_1_151' title='bbox 724 1964 754 1996; x_wconf 93' lang='lat' dir='ltr'>V</span> <span class='ocrx_word' id='word_1_152' title='bbox 776 1963 800 1996; x_wconf 91' lang='lat' dir='ltr'><em>I.</em></span> 
     </span>
     <span class='ocr_line' id='line_1_31' title="bbox 113 2037 1003 2082; baseline 0.001 -13"><span class='ocrx_word' id='word_1_153' title='bbox 113 2053 116 2056; x_wconf 50' lang='lat'><strong>⁴</strong></span> <span class='ocrx_word' id='word_1_154' title='bbox 140 2037 189 2069; x_wconf 82' lang='lat' dir='ltr'><em>De</em></span> <span class='ocrx_word' id='word_1_155' title='bbox 209 2038 360 2079; x_wconf 80' lang='lat' dir='ltr'><em>Claufida,</em></span> <span class='ocrx_word' id='word_1_156' title='bbox 384 2049 471 2081; x_wconf 85' lang='lat' dir='ltr'><em>quam</em></span> <span class='ocrx_word' id='word_1_157' title='bbox 489 2038 733 2082; x_wconf 80' lang='lat' dir='ltr'><em>Derogatoriarn</em></span> <span class='ocrx_word' id='word_1_158' title='bbox 750 2042 867 2069; x_wconf 83' lang='lat' dir='ltr'><em>vocant.</em></span> <span class='ocrx_word' id='word_1_159' title='bbox 941 2039 1003 2078; x_wconf 79' lang='lat'><em>385</em></span> 
     </span>
    </p>
   </div>
   <div class='ocr_carea' id='block_1_19' title="bbox 324 2109 861 2144">
    <p class='ocr_par' dir='ltr' id='par_1_19' title="bbox 324 2109 861 2144">
     <span class='ocr_line' id='line_1_32' title="bbox 324 2109 861 2144; baseline -0.004 -1"><span class='ocrx_word' id='word_1_160' title='bbox 324 2110 642 2144; x_wconf 90' lang='lat' dir='ltr'>CAPUT</span> <span class='ocrx_word' id='word_1_161' title='bbox 704 2109 861 2142; x_wconf 72' lang='lat' dir='ltr'>VII..</span> 
     </span>
    </p>
   </div>
   <div class='ocr_carea' id='block_1_20' title="bbox 142 2178 1006 2267">
    <p class='ocr_par' dir='ltr' id='par_1_20' title="bbox 142 2178 1006 2267">
     <span class='ocr_line' id='line_1_33' title="bbox 142 2178 1004 2223; baseline -0.003 -9"><span class='ocrx_word' id='word_1_162' title='bbox 142 2183 203 2215; x_wconf 85' lang='lat' dir='ltr'><em>Res</em></span> <span class='ocrx_word' id='word_1_163' title='bbox 219 2194 237 2214; x_wconf 88' lang='lat' dir='ltr'><em>a</em></span> <span class='ocrx_word' id='word_1_164' title='bbox 263 2184 398 2223; x_wconf 84' lang='lat' dir='ltr'><em>Supremo</em></span> <span class='ocrx_word' id='word_1_165' title='bbox 421 2184 553 2221; x_wconf 85' lang='lat' dir='ltr'><em>Senatu,</em></span> <span class='ocrx_word' id='word_1_166' title='bbox 575 2193 619 2214; x_wconf 81' lang='lat' dir='ltr'><em>me</em></span> <span class='ocrx_word' id='word_1_167' title='bbox 641 2183 778 2214; x_wconf 85' lang='lat' dir='ltr'><em>Senatore</em></span> <span class='ocrx_word' id='word_1_168' title='bbox 795 2181 844 2213; x_wconf 84' lang='lat' dir='ltr'><em>vel</em></span> <span class='ocrx_word' id='word_1_169' title='bbox 860 2178 1004 2219; x_wconf 82' lang='lat' dir='ltr'><em>Praefide‚</em></span> 
     </span>
     <span class='ocr_line' id='line_1_34' title="bbox 181 2224 1006 2267; baseline 0 -11"><span class='ocrx_word' id='word_1_170' title='bbox 181 2226 214 2256; x_wconf 84' lang='lat' dir='ltr'><em>de</em></span> <span class='ocrx_word' id='word_1_171' title='bbox 231 2224 376 2257; x_wconf 70' lang='lat' dir='ltr'><em>Clausala</em></span> <span class='ocrx_word' id='word_1_172' title='bbox 393 2225 593 2267; x_wconf 82' lang='lat' dir='ltr'><em>derogatoria</em></span> <span class='ocrx_word' id='word_1_173' title='bbox 606 2225 756 2267; x_wconf 67' lang='lat' dir='ltr'><em>judicata.</em></span> <span class='ocrx_word' id='word_1_174' title='bbox 944 2226 1006 2264; x_wconf 82' lang='lat'><em>388</em></span> 
     </span>
    </p>
   </div>
   <div class='ocr_carea' id='block_1_21' title="bbox 140 2294 855 2476">
    <p class='ocr_par' dir='ltr' id='par_1_21' title="bbox 140 2294 855 2476">
     <span class='ocr_line' id='line_1_35' title="bbox 302 2294 838 2330; baseline -0.004 0"><span class='ocrx_word' id='word_1_175' title='bbox 302 2297 330 2329; x_wconf 92' lang='lat' dir='ltr'>C</span> <span class='ocrx_word' id='word_1_176' title='bbox 373 2297 402 2330; x_wconf 93' lang='lat' dir='ltr'>A</span> <span class='ocrx_word' id='word_1_177' title='bbox 445 2297 469 2330; x_wconf 91' lang='lat' dir='ltr'>P</span> <span class='ocrx_word' id='word_1_178' title='bbox 513 2297 545 2329; x_wconf 93' lang='lat' dir='ltr'>U</span> <span class='ocrx_word' id='word_1_179' title='bbox 588 2295 621 2328; x_wconf 95' lang='lat' dir='ltr'>T</span> <span class='ocrx_word' id='word_1_180' title='bbox 689 2296 719 2329; x_wconf 96' lang='lat' dir='ltr'>V</span> <span class='ocrx_word' id='word_1_181' title='bbox 741 2295 755 2328; x_wconf 93' lang='lat' dir='ltr'>I</span> <span class='ocrx_word' id='word_1_182' title='bbox 778 2295 791 2328; x_wconf 94' lang='lat' dir='ltr'>I</span> <span class='ocrx_word' id='word_1_183' title='bbox 814 2294 838 2328; x_wconf 91' lang='grc' dir='ltr'><em>Ι.</em></span> 
     </span>
     <span class='ocr_line' id='line_1_36' title="bbox 140 2366 855 2412; baseline -0.004 -11"><span class='ocrx_word' id='word_1_184' title='bbox 140 2369 189 2402; x_wconf 85' lang='lat' dir='ltr'><em>De</em></span> <span class='ocrx_word' id='word_1_185' title='bbox 213 2370 260 2401; x_wconf 85' lang='lat' dir='ltr'><em>his</em></span> <span class='ocrx_word' id='word_1_186' title='bbox 274 2393 284 2410; x_wconf 94' lang='lat'>,</span> <span class='ocrx_word' id='word_1_187' title='bbox 309 2371 359 2412; x_wconf 83' lang='lat' dir='ltr'><em>qui</em></span> <span class='ocrx_word' id='word_1_188' title='bbox 369 2369 428 2409; x_wconf 84' lang='lat' dir='ltr'><em>fibi</em></span> <span class='ocrx_word' id='word_1_189' title='bbox 444 2370 612 2412; x_wconf 83' lang='lat' dir='ltr'><em>adscribunt</em></span> <span class='ocrx_word' id='word_1_190' title='bbox 628 2371 661 2401; x_wconf 88' lang='lat' dir='ltr'><em>in</em></span> <span class='ocrx_word' id='word_1_191' title='bbox 678 2366 855 2410; x_wconf 81' lang='lat' dir='ltr'><em>testamento.</em></span> 
     </span>
     <span class='ocr_line' id='line_1_37' title="bbox 340 2440 806 2476; baseline -0.002 -2"><span class='ocrx_word' id='word_1_192' title='bbox 340 2441 369 2474; x_wconf 84' lang='lat' dir='ltr'>C</span> <span class='ocrx_word' id='word_1_193' title='bbox 414 2442 439 2476; x_wconf 88' lang='lat' dir='ltr'><strong>A</strong></span> <span class='ocrx_word' id='word_1_194' title='bbox 483 2442 507 2474; x_wconf 90' lang='lat' dir='ltr'>P</span> <span class='ocrx_word' id='word_1_195' title='bbox 551 2441 582 2473; x_wconf 96' lang='lat' dir='ltr'><strong>U</strong></span> <span class='ocrx_word' id='word_1_196' title='bbox 624 2440 658 2473; x_wconf 94' lang='lat' dir='ltr'>T</span> <span class='ocrx_word' id='word_1_197' title='bbox 725 2441 740 2473; x_wconf 93' lang='lat' dir='ltr'>I</span> <span class='ocrx_word' id='word_1_198' title='bbox 762 2440 806 2473; x_wconf 78' lang='lat' dir='ltr'><em>X.</em></span> 
     </span>
    </p>
   </div>
   <div class='ocr_carea' id='block_1_22' title="bbox 142 2513 1002 2596">
    <p class='ocr_par' dir='ltr' id='par_1_22' title="bbox 142 2513 1002 2596">
     <span class='ocr_line' id='line_1_38' title="bbox 142 2513 1000 2562; baseline -0.003 -16"><span class='ocrx_word' id='word_1_199' title='bbox 142 2514 260 2562; x_wconf 65' lang='lat' dir='ltr'><em>Qubus</em></span> <span class='ocrx_word' id='word_1_200' title='bbox 277 2516 400 2555; x_wconf 85' lang='lat' dir='ltr'><em>cedant,</em></span> <span class='ocrx_word' id='word_1_201' title='bbox 424 2523 483 2556; x_wconf 83' lang='lat' dir='ltr'><em>quae</em></span> <span class='ocrx_word' id='word_1_202' title='bbox 507 2525 565 2547; x_wconf 88' lang='lat' dir='ltr'><em>non</em></span> <span class='ocrx_word' id='word_1_203' title='bbox 587 2515 770 2556; x_wconf 74' lang='lat' dir='ltr'><em>capientibus</em></span> <span class='ocrx_word' id='word_1_204' title='bbox 785 2513 1000 2555; x_wconf 81' lang='lat' dir='ltr'><em>relinquuntur.</em></span> 
     </span>
     <span class='ocr_line' id='line_1_39' title="bbox 940 2564 1002 2596; baseline 0 0"><span class='ocrx_word' id='word_1_205' title='bbox 940 2564 1002 2596; x_wconf 83' lang='lat'><em>392</em></span> 
     </span>
    </p>
   </div>
   <div class='ocr_carea' id='block_1_23' title="bbox 944 2376 1007 2409">
    <p class='ocr_par' dir='ltr' id='par_1_23' title="bbox 944 2376 1007 2409">
     <span class='ocr_line' id='line_1_40' title="bbox 944 2376 1007 2409; baseline 0 0"><span class='ocrx_word' id='word_1_206' title='bbox 944 2376 1007 2409; x_wconf 78' lang='lat'><em>390</em></span> 
     </span>
    </p>
   </div>
   <div class='ocr_carea' id='block_1_24' title="bbox 512 2668 905 2711">
    <p class='ocr_par' dir='ltr' id='par_1_24' title="bbox 512 2668 905 2711">
     <span class='ocr_line' id='line_1_41' title="bbox 512 2668 905 2711; baseline 0.003 -3"><span class='ocrx_word' id='word_1_207' title='bbox 512 2668 905 2711; x_wconf 85' lang='lat' dir='ltr'><em>LIBRI</em></span> 
     </span>
    </p>
   </div>
   <div class='ocr_carea' id='block_1_25' title="bbox 366 2776 777 2810">
    <p class='ocr_par' dir='ltr' id='par_1_25' title="bbox 366 2776 777 2810">
     <span class='ocr_line' id='line_1_42' title="bbox 366 2776 777 2810; baseline 0 -1"><span class='ocrx_word' id='word_1_208' title='bbox 366 2776 685 2810; x_wconf 91' lang='lat' dir='ltr'>CAPUT</span> <span class='ocrx_word' id='word_1_209' title='bbox 752 2776 777 2809; x_wconf 88' lang='grc' dir='ltr'><em>Ι.</em></span> 
     </span>
    </p>
   </div>
   <div class='ocr_carea' id='block_1_26' title="bbox 138 2847 1004 3223">
    <p class='ocr_par' dir='ltr' id='par_1_26' title="bbox 138 2847 1004 3223">
     <span class='ocr_line' id='line_1_43' title="bbox 138 2847 1000 2892; baseline 0 -12"><span class='ocrx_word' id='word_1_210' title='bbox 138 2848 237 2892; x_wconf 83' lang='lat' dir='ltr'><em>Leges</em></span> <span class='ocrx_word' id='word_1_211' title='bbox 246 2850 279 2882; x_wconf 85' lang='lat' dir='ltr'><em>de</em></span> <span class='ocrx_word' id='word_1_212' title='bbox 288 2849 542 2891; x_wconf 62' lang='lat' dir='ltr'><em>affi’curationibus</em></span> <span class='ocrx_word' id='word_1_213' title='bbox 551 2850 635 2888; x_wconf 85' lang='lat' dir='ltr'><em>iatae,</em></span> <span class='ocrx_word' id='word_1_214' title='bbox 648 2849 685 2885; x_wconf 76' lang='lat'><em>&amp;³</em></span> <span class='ocrx_word' id='word_1_215' title='bbox 693 2851 725 2881; x_wconf 89' lang='lat' dir='ltr'><em>in</em></span> <span class='ocrx_word' id='word_1_216' title='bbox 737 2849 841 2891; x_wconf 79' lang='lat' dir='ltr'><em>quibus</em></span> <span class='ocrx_word' id='word_1_217' title='bbox 851 2847 945 2886; x_wconf 75' lang='lat' dir='ltr'><em>causis</em></span> <span class='ocrx_word' id='word_1_218' title='bbox 955 2849 1000 2880; x_wconf 84' lang='lat' dir='ltr'><em>ob-</em></span> 
     </span>
     <span class='ocr_line' id='line_1_44' title="bbox 178 2889 1004 2933; baseline -0.001 -11"><span class='ocrx_word' id='word_1_219' title='bbox 178 2895 305 2923; x_wconf 83' lang='lat' dir='ltr'><em>tineant.</em></span> <span class='ocrx_word' id='word_1_220' title='bbox 332 2891 534 2932; x_wconf 69' lang='lat' dir='ltr'><em>Expreffitioco</em></span> <span class='ocrx_word' id='word_1_221' title='bbox 545 2914 553 2927; x_wconf 83' lang='lat'>,</span> <span class='ocrx_word' id='word_1_222' title='bbox 570 2893 620 2922; x_wconf 87' lang='lat' dir='ltr'><em>ubi</em></span> <span class='ocrx_word' id='word_1_223' title='bbox 634 2892 746 2933; x_wconf 80' lang='lat' dir='ltr'><em>jaceret</em></span> <span class='ocrx_word' id='word_1_224' title='bbox 763 2892 853 2922; x_wconf 85' lang='lat' dir='ltr'><em>navis</em></span> <span class='ocrx_word' id='word_1_225' title='bbox 865 2914 872 2926; x_wconf 86' lang='lat'>,</span> <span class='ocrx_word' id='word_1_226' title='bbox 885 2889 1004 2924; x_wconf 77' lang='lat' dir='ltr'><em>&amp;unde</em></span> 
     </span>
     <span class='ocr_line' id='line_1_45' title="bbox 173 2931 1004 2974; baseline -0.001 -10"><span class='ocrx_word' id='word_1_227' title='bbox 173 2933 338 2973; x_wconf 74' lang='lat' dir='ltr'><em>periculam</em></span> <span class='ocrx_word' id='word_1_228' title='bbox 350 2934 492 2973; x_wconf 77' lang='lat' dir='ltr'><em>inciperet</em></span> <span class='ocrx_word' id='word_1_229' title='bbox 504 2956 512 2969; x_wconf 80' lang='grc'>,</span> <span class='ocrx_word' id='word_1_230' title='bbox 521 2931 646 2970; x_wconf 78' lang='lat' dir='ltr'><em>sinavit</em></span> <span class='ocrx_word' id='word_1_231' title='bbox 659 2934 701 2964; x_wconf 83' lang='lat' dir='ltr'><em>ibi</em></span> <span class='ocrx_word' id='word_1_232' title='bbox 720 2942 777 2963; x_wconf 90' lang='lat' dir='ltr'><em>non</em></span> <span class='ocrx_word' id='word_1_233' title='bbox 789 2931 1004 2974; x_wconf 71' lang='lat' dir='ltr'><em>jacaiſjet,s&#39;ed</em></span> 
     </span>
     <span class='ocr_line' id='line_1_46' title="bbox 178 2971 1003 3016; baseline -0.001 -12"><span class='ocrx_word' id='word_1_234' title='bbox 178 2984 241 3005; x_wconf 78' lang='lat' dir='ltr'><em>euni</em></span> <span class='ocrx_word' id='word_1_235' title='bbox 251 2975 341 3005; x_wconf 82' lang='lat' dir='ltr'><em>locum</em></span> <span class='ocrx_word' id='word_1_236' title='bbox 348 2974 779 3016; x_wconf 70' lang='lat' dir='ltr'><em>praeternavigasset‚damnum</em></span> <span class='ocrx_word' id='word_1_237' title='bbox 787 2979 896 3008; x_wconf 83' lang='lat' dir='ltr'><em>tamen,</em></span> <span class='ocrx_word' id='word_1_238' title='bbox 903 2971 1003 3013; x_wconf 78' lang='lat' dir='ltr'><em>postea</em></span> 
     </span>
     <span class='ocr_line' id='line_1_47' title="bbox 169 3015 999 3058; baseline -0.002 -12"><span class='ocrx_word' id='word_1_239' title='bbox 169 3015 309 3055; x_wconf 55' lang='lat' dir='ltr'><em>saetam,</em></span> <span class='ocrx_word' id='word_1_240' title='bbox 321 3017 358 3046; x_wconf 89' lang='lat' dir='ltr'><em>ad</em></span> <span class='ocrx_word' id='word_1_241' title='bbox 376 3015 607 3056; x_wconf 87' lang='lat' dir='ltr'><em>Affecuratorem</em></span> <span class='ocrx_word' id='word_1_242' title='bbox 621 3016 778 3056; x_wconf 85' lang='lat' dir='ltr'><em>pertinere.</em></span> <span class='ocrx_word' id='word_1_243' title='bbox 798 3015 831 3045; x_wconf 86' lang='lat' dir='ltr'><em>Si</em></span> <span class='ocrx_word' id='word_1_244' title='bbox 850 3015 896 3044; x_wconf 87' lang='lat' dir='ltr'><em>cui</em></span> <span class='ocrx_word' id='word_1_245' title='bbox 913 3015 999 3058; x_wconf 77' lang='lat' dir='ltr'><em>pius,</em></span> 
     </span>
     <span class='ocr_line' id='line_1_48' title="bbox 179 3054 1000 3098; baseline -0.002 -11"><span class='ocrx_word' id='word_1_246' title='bbox 179 3065 263 3096; x_wconf 78' lang='lat' dir='ltr'><em>quarn</em></span> <span class='ocrx_word' id='word_1_247' title='bbox 268 3062 322 3096; x_wconf 90' lang='lat' dir='ltr'><em>per</em></span> <span class='ocrx_word' id='word_1_248' title='bbox 330 3057 423 3098; x_wconf 82' lang='lat' dir='ltr'><em>legem</em></span> <span class='ocrx_word' id='word_1_249' title='bbox 440 3057 509 3087; x_wconf 85' lang='lat' dir='ltr'><em>iicet</em></span> <span class='ocrx_word' id='word_1_250' title='bbox 519 3080 528 3095; x_wconf 91' lang='lat'><strong>,</strong></span> <span class='ocrx_word' id='word_1_251' title='bbox 540 3054 771 3096; x_wconf 83' lang='lat' dir='ltr'><em>affecuratumsit</em></span> <span class='ocrx_word' id='word_1_252' title='bbox 780 3079 788 3094; x_wconf 93' lang='lat'><em>‚</em></span> <span class='ocrx_word' id='word_1_253' title='bbox 801 3056 832 3086; x_wconf 90' lang='lat' dir='ltr'><em>id</em></span> <span class='ocrx_word' id='word_1_254' title='bbox 841 3055 1000 3096; x_wconf 81' lang='lat' dir='ltr'><em>quodsupe-</em></span> 
     </span>
     <span class='ocr_line' id='line_1_49' title="bbox 177 3094 1001 3137; baseline -0.001 -10"><span class='ocrx_word' id='word_1_255' title='bbox 177 3094 235 3136; x_wconf 79' lang='lat' dir='ltr'><em>rest</em></span> <span class='ocrx_word' id='word_1_256' title='bbox 245 3120 254 3134; x_wconf 82' lang='grc'><em>,</em></span> <span class='ocrx_word' id='word_1_257' title='bbox 267 3097 354 3128; x_wconf 86' lang='lat' dir='ltr'><em>alteri</em></span> <span class='ocrx_word' id='word_1_258' title='bbox 364 3107 420 3128; x_wconf 92' lang='lat' dir='ltr'><em>non</em></span> <span class='ocrx_word' id='word_1_259' title='bbox 429 3096 503 3129; x_wconf 67' lang='lat' dir='ltr'><em>refte</em></span> <span class='ocrx_word' id='word_1_260' title='bbox 511 3099 583 3129; x_wconf 85' lang='lat' dir='ltr'><em>cedi.</em></span> <span class='ocrx_word' id='word_1_261' title='bbox 602 3097 706 3128; x_wconf 88' lang='lat' dir='ltr'><em>Etiam</em></span> <span class='ocrx_word' id='word_1_262' title='bbox 712 3096 776 3135; x_wconf 89' lang='lat' dir='ltr'><em>fine</em></span> <span class='ocrx_word' id='word_1_263' title='bbox 780 3096 907 3137; x_wconf 86' lang='lat' dir='ltr'><em>speciali</em></span> <span class='ocrx_word' id='word_1_264' title='bbox 918 3105 1001 3127; x_wconf 86' lang='lat' dir='ltr'><em>man-</em></span> 
     </span>
     <span class='ocr_line' id='line_1_50' title="bbox 176 3137 999 3178; baseline 0.001 -11"><span class='ocrx_word' id='word_1_265' title='bbox 176 3138 242 3168; x_wconf 82' lang='lat' dir='ltr'><em>dato</em></span> <span class='ocrx_word' id='word_1_266' title='bbox 253 3138 486 3177; x_wconf 76' lang='lat' dir='ltr'><em>affecurationem</em></span> <span class='ocrx_word' id='word_1_267' title='bbox 504 3139 611 3170; x_wconf 69' lang='lat' dir='ltr'><em>valere„</em></span> <span class='ocrx_word' id='word_1_268' title='bbox 630 3139 682 3170; x_wconf 92' lang='lat' dir='ltr'><em>An</em></span> <span class='ocrx_word' id='word_1_269' title='bbox 691 3144 792 3169; x_wconf 84' lang='lat' dir='ltr'><em>contra</em></span> <span class='ocrx_word' id='word_1_270' title='bbox 799 3139 920 3178; x_wconf 83' lang='lat' dir='ltr'><em>piratas</em></span> <span class='ocrx_word' id='word_1_271' title='bbox 932 3137 999 3178; x_wconf 88' lang='lat' dir='ltr'><em>affe-</em></span> 
     </span>
     <span class='ocr_line' id='line_1_51' title="bbox 176 3177 1001 3223; baseline 0.002 -14"><span class='ocrx_word' id='word_1_272' title='bbox 176 3179 397 3211; x_wconf 80' lang='lat' dir='ltr'><em>carareiiceat?</em></span> <span class='ocrx_word' id='word_1_273' title='bbox 420 3180 474 3213; x_wconf 85' lang='lat' dir='ltr'><em>An</em></span> <span class='ocrx_word' id='word_1_274' title='bbox 491 3181 612 3213; x_wconf 83' lang='lat' dir='ltr'><em>libertas</em></span> <span class='ocrx_word' id='word_1_275' title='bbox 624 3177 865 3223; x_wconf 63' lang='lat' dir='ltr'><em>affiicuraripoffit</em></span> <span class='ocrx_word' id='word_1_276' title='bbox 875 3178 892 3211; x_wconf 71' lang='lat'><em>‘3</em></span> <span class='ocrx_word' id='word_1_277' title='bbox 937 3181 1001 3220; x_wconf 84' lang='lat'><em>426</em></span> 
     </span>
    </p>
   </div>
   <div class='ocr_carea' id='block_1_27' title="bbox 346 108 1089 145">
    <p class='ocr_par' dir='ltr' id='par_1_27' title="bbox 346 108 1089 145">
     <span class='ocr_line' id='line_1_52' title="bbox 346 108 1089 145; baseline 0.003 -2"><span class='ocrx_word' id='word_1_278' title='bbox 346 108 1089 145; x_wconf 86' lang='lat' dir='ltr'>CONSPECTUS</span> 
     </span>
    </p>
   </div>
   <div class='ocr_carea' id='block_1_28' title="bbox 1091 110 1746 308">
    <p class='ocr_par' dir='ltr' id='par_1_28' title="bbox 1091 110 1746 308">
     <span class='ocr_line' id='line_1_53' title="bbox 1167 110 1703 151; baseline 0.009 -5"><span class='ocrx_word' id='word_1_279' title='bbox 1167 110 1195 146; x_wconf 95' lang='lat' dir='ltr'>C</span> <span class='ocrx_word' id='word_1_280' title='bbox 1246 111 1278 147; x_wconf 83' lang='lat' dir='ltr'>A</span> <span class='ocrx_word' id='word_1_281' title='bbox 1331 111 1358 147; x_wconf 94' lang='grc' dir='ltr'>Ρ</span> <span class='ocrx_word' id='word_1_282' title='bbox 1409 112 1426 147; x_wconf 93' lang='grc' dir='ltr'>Ι</span> <span class='ocrx_word' id='word_1_283' title='bbox 1478 112 1513 147; x_wconf 88' lang='grc' dir='ltr'>Τ</span> <span class='ocrx_word' id='word_1_284' title='bbox 1561 114 1597 150; x_wconf 90' lang='lat' dir='ltr'>U</span> <span class='ocrx_word' id='word_1_285' title='bbox 1646 115 1703 151; x_wconf 90' lang='lat' dir='ltr'><em>M.</em></span> 
     </span>
     <span class='ocr_line' id='line_1_54' title="bbox 1091 198 1536 238; baseline 0.004 -9"><span class='ocrx_word' id='word_1_286' title='bbox 1091 199 1186 238; x_wconf 85' lang='lat' dir='ltr'><em>riam,</em></span> <span class='ocrx_word' id='word_1_287' title='bbox 1211 208 1248 230; x_wconf 67' lang='lat' dir='ltr'><em>ea:</em></span> <span class='ocrx_word' id='word_1_288' title='bbox 1265 198 1367 230; x_wconf 58' lang='lat' dir='ltr'><em>deiicJo</em></span> <span class='ocrx_word' id='word_1_289' title='bbox 1382 199 1536 231; x_wconf 79' lang='lat' dir='ltr'><em>debitam?</em></span> 
     </span>
     <span class='ocr_line' id='line_1_55' title="bbox 1099 245 1746 308; baseline 0.009 -6"><span class='ocrx_word' id='word_1_290' title='bbox 1099 245 1110 252; x_wconf 48' lang='grc'><em>“</em></span> <span class='ocrx_word' id='word_1_291' title='bbox 1210 253 1237 302; x_wconf 74' lang='lat' dir='ltr'><em>&#39;C</em></span> <span class='ocrx_word' id='word_1_292' title='bbox 1282 272 1309 304; x_wconf 89' lang='lat' dir='ltr'><strong>A</strong></span> <span class='ocrx_word' id='word_1_293' title='bbox 1352 272 1376 303; x_wconf 83' lang='grc' dir='ltr'>Ρ</span> <span class='ocrx_word' id='word_1_294' title='bbox 1420 271 1451 303; x_wconf 86' lang='lat' dir='ltr'>U</span> <span class='ocrx_word' id='word_1_295' title='bbox 1495 271 1528 303; x_wconf 87' lang='lat' dir='ltr'>T</span> <span class='ocrx_word' id='word_1_296' title='bbox 1592 272 1746 308; x_wconf 78' lang='lat' dir='ltr'>x111.</span> 
     </span>
    </p>
   </div>
   <div class='ocr_carea' id='block_1_29' title="bbox 1051 343 1908 452">
    <p class='ocr_par' dir='ltr' id='par_1_29' title="bbox 1051 343 1908 452">
     <span class='ocr_line' id='line_1_56' title="bbox 1051 343 1908 390; baseline 0.008 -16"><span class='ocrx_word' id='word_1_297' title='bbox 1051 343 1135 390; x_wconf 68' lang='lat' dir='ltr'><em>Quid</em></span> <span class='ocrx_word' id='word_1_298' title='bbox 1148 343 1306 375; x_wconf 81' lang='lat' dir='ltr'><em>habendum</em></span> <span class='ocrx_word' id='word_1_299' title='bbox 1315 343 1357 382; x_wconf 82' lang='lat' dir='ltr'><em>fit</em></span> <span class='ocrx_word' id='word_1_300' title='bbox 1370 346 1403 376; x_wconf 85' lang='lat' dir='ltr'><em>de</em></span> <span class='ocrx_word' id='word_1_301' title='bbox 1416 344 1504 386; x_wconf 63' lang='lat' dir='ltr'><em>pafio</em></span> <span class='ocrx_word' id='word_1_302' title='bbox 1514 351 1628 386; x_wconf 87' lang='lat' dir='ltr'><em>paratae</em></span> <span class='ocrx_word' id='word_1_303' title='bbox 1643 349 1832 380; x_wconf 70' lang='lat' dir='ltr'><em>executionis.</em></span> <span class='ocrx_word' id='word_1_304' title='bbox 1845 351 1908 390; x_wconf 77' lang='lat'><em>366</em></span> 
     </span>
     <span class='ocr_line' id='line_1_57' title="bbox 1222 415 1733 452; baseline 0.008 -4"><span class='ocrx_word' id='word_1_305' title='bbox 1222 415 1250 448; x_wconf 91' lang='lat' dir='ltr'>C</span> <span class='ocrx_word' id='word_1_306' title='bbox 1293 416 1321 448; x_wconf 92' lang='lat' dir='ltr'>A</span> <span class='ocrx_word' id='word_1_307' title='bbox 1364 417 1388 449; x_wconf 91' lang='lat' dir='ltr'>P</span> <span class='ocrx_word' id='word_1_308' title='bbox 1431 417 1464 449; x_wconf 95' lang='lat' dir='ltr'>U</span> <span class='ocrx_word' id='word_1_309' title='bbox 1506 417 1539 449; x_wconf 92' lang='lat' dir='ltr'>T</span> <span class='ocrx_word' id='word_1_310' title='bbox 1603 417 1637 450; x_wconf 85' lang='lat' dir='ltr'>X</span> <span class='ocrx_word' id='word_1_311' title='bbox 1658 419 1671 451; x_wconf 87' lang='grc' dir='ltr'>Ι</span> <span class='ocrx_word' id='word_1_312' title='bbox 1692 420 1733 452; x_wconf 88' lang='lat' dir='ltr'><em>V.</em></span> 
     </span>
    </p>
   </div>
   <div class='ocr_carea' id='block_1_30' title="bbox 1848 207 1910 247">
    <p class='ocr_par' dir='ltr' id='par_1_30' title="bbox 1848 207 1910 247">
     <span class='ocr_line' id='line_1_58' title="bbox 1848 207 1910 247; baseline 0.016 -1"><span class='ocrx_word' id='word_1_313' title='bbox 1848 207 1910 247; x_wconf 74' lang='lat'><em>364</em></span> 
     </span>
    </p>
   </div>
   <div class='ocr_carea' id='block_1_31' title="bbox 1050 489 1932 535">
    <p class='ocr_par' dir='ltr' id='par_1_31' title="bbox 1050 489 1932 535">
     <span class='ocr_line' id='line_1_59' title="bbox 1050 489 1932 535; baseline 0.006 -14"><span class='ocrx_word' id='word_1_314' title='bbox 1050 489 1259 531; x_wconf 79' lang='lat' dir='ltr'><em>Stipulationes</em></span> <span class='ocrx_word' id='word_1_315' title='bbox 1268 489 1401 529; x_wconf 82' lang='lat' dir='ltr'><em>poenales</em></span> <span class='ocrx_word' id='word_1_316' title='bbox 1415 500 1473 529; x_wconf 89' lang='lat' dir='ltr'><em>an,</em></span> <span class='ocrx_word' id='word_1_317' title='bbox 1498 490 1534 526; x_wconf 68' lang='grc' dir='ltr'><em>ὅ)</em></span> <span class='ocrx_word' id='word_1_318' title='bbox 1551 497 1691 533; x_wconf 81' lang='lat' dir='ltr'><em>qnatenus</em></span> <span class='ocrx_word' id='word_1_319' title='bbox 1707 491 1821 524; x_wconf 72' lang='lat' dir='ltr'><em>licita?</em></span> <span class='ocrx_word' id='word_1_320' title='bbox 1844 495 1905 535; x_wconf 85' lang='lat'><em>368</em></span> <span class='ocrx_word' id='word_1_321' title='bbox 1928 523 1932 526; x_wconf 90' lang='lat'>.</span> 
     </span>
    </p>
   </div>
   <div class='ocr_carea' id='block_1_32' title="bbox 1241 561 1721 596">
    <p class='ocr_par' dir='ltr' id='par_1_32' title="bbox 1241 561 1721 596">
     <span class='ocr_line' id='line_1_60' title="bbox 1241 561 1721 596; baseline 0.006 -3"><span class='ocrx_word' id='word_1_322' title='bbox 1241 561 1559 595; x_wconf 88' lang='lat' dir='ltr'>CAPUT</span> <span class='ocrx_word' id='word_1_323' title='bbox 1625 564 1721 596; x_wconf 88' lang='lat' dir='ltr'><em>XV.</em></span> 
     </span>
    </p>
   </div>
   <div class='ocr_carea' id='block_1_33' title="bbox 1050 633 1915 758">
    <p class='ocr_par' dir='ltr' id='par_1_33' title="bbox 1050 633 1915 758">
     <span class='ocr_line' id='line_1_61' title="bbox 1050 633 1909 677; baseline 0.001 -10"><span class='ocrx_word' id='word_1_324' title='bbox 1050 634 1174 667; x_wconf 82' lang='lat' dir='ltr'><em>Annuis</em></span> <span class='ocrx_word' id='word_1_325' title='bbox 1187 633 1368 675; x_wconf 82' lang='lat' dir='ltr'><em>penfionibzcs</em></span> <span class='ocrx_word' id='word_1_326' title='bbox 1381 643 1438 665; x_wconf 86' lang='lat' dir='ltr'><em>non</em></span> <span class='ocrx_word' id='word_1_327' title='bbox 1448 633 1537 672; x_wconf 80' lang='lat' dir='ltr'><em>fimul</em></span> <span class='ocrx_word' id='word_1_328' title='bbox 1553 635 1686 676; x_wconf 71' lang='lat' dir='ltr'><em>&amp;senei</em></span> <span class='ocrx_word' id='word_1_329' title='bbox 1700 636 1864 677; x_wconf 81' lang='lat' dir='ltr'><em>praescribi‚</em></span> <span class='ocrx_word' id='word_1_330' title='bbox 1880 636 1909 677; x_wconf 78' lang='lat' dir='ltr'><strong><em>fi</em></strong></span> 
     </span>
     <span class='ocr_line' id='line_1_62' title="bbox 1090 675 1915 720; baseline 0.004 -13"><span class='ocrx_word' id='word_1_331' title='bbox 1090 677 1170 707; x_wconf 82' lang='lat' dir='ltr'><em>ultra</em></span> <span class='ocrx_word' id='word_1_332' title='bbox 1186 675 1300 708; x_wconf 76' lang='lat' dir='ltr'>XXX.</span> <span class='ocrx_word' id='word_1_333' title='bbox 1323 686 1415 706; x_wconf 79' lang='lat' dir='ltr'><em>annos</em></span> <span class='ocrx_word' id='word_1_334' title='bbox 1434 676 1615 716; x_wconf 57' lang='lat' dir='ltr'><em>{usitatione</em></span> <span class='ocrx_word' id='word_1_335' title='bbox 1633 677 1838 718; x_wconf 72' lang='lat' dir='ltr'><em>ceffaizanfit,</em></span> <span class='ocrx_word' id='word_1_336' title='bbox 1853 679 1915 720; x_wconf 76' lang='lat' dir='ltr'><em>sed.</em></span> 
     </span>
     <span class='ocr_line' id='line_1_63' title="bbox 1090 716 1910 758; baseline 0.004 -10"><span class='ocrx_word' id='word_1_337' title='bbox 1090 719 1128 748; x_wconf 82' lang='lat' dir='ltr'><em>iis</em></span> <span class='ocrx_word' id='word_1_338' title='bbox 1142 719 1308 755; x_wconf 82' lang='lat' dir='ltr'><em>duntaxat,</em></span> <span class='ocrx_word' id='word_1_339' title='bbox 1330 727 1390 758; x_wconf 81' lang='lat' dir='ltr'><em>quae</em></span> <span class='ocrx_word' id='word_1_340' title='bbox 1405 723 1473 748; x_wconf 85' lang='lat' dir='ltr'><em>ante</em></span> <span class='ocrx_word' id='word_1_341' title='bbox 1492 716 1606 749; x_wconf 75' lang='lat' dir='ltr'>XXX.</span> <span class='ocrx_word' id='word_1_342' title='bbox 1630 728 1720 749; x_wconf 85' lang='lat' dir='ltr'><em>annos</em></span> <span class='ocrx_word' id='word_1_343' title='bbox 1736 719 1841 751; x_wconf 75' lang='lat' dir='ltr'><em>exaaae</em></span> <span class='ocrx_word' id='word_1_344' title='bbox 1852 729 1910 752; x_wconf 75' lang='lat' dir='ltr'><em>non</em></span> 
     </span>
    </p>
   </div>
   <div class='ocr_carea' id='block_1_34' title="bbox 1080 758 1907 833">
    <p class='ocr_par' dir='ltr' id='par_1_34' title="bbox 1080 758 1907 833">
     <span class='ocr_line' id='line_1_64' title="bbox 1080 758 1907 803; baseline 0.005 -13"><span class='ocrx_word' id='word_1_345' title='bbox 1080 758 1163 800; x_wconf 68' lang='lat' dir='ltr'><em>fiant.</em></span> <span class='ocrx_word' id='word_1_346' title='bbox 1253 766 1269 774; x_wconf 87' lang='grc'><em>“</em></span> <span class='ocrx_word' id='word_1_347' title='bbox 1848 769 1907 803; x_wconf 75' lang='lat'><em>371</em></span> 
     </span>
     <span class='ocr_line' id='line_1_65' title="bbox 1222 798 1736 833; baseline 0.004 -2"><span class='ocrx_word' id='word_1_348' title='bbox 1222 799 1250 831; x_wconf 93' lang='lat' dir='ltr'>C</span> <span class='ocrx_word' id='word_1_349' title='bbox 1294 799 1321 831; x_wconf 94' lang='lat' dir='ltr'><strong>A</strong></span> <span class='ocrx_word' id='word_1_350' title='bbox 1366 799 1389 832; x_wconf 93' lang='lat' dir='ltr'>P</span> <span class='ocrx_word' id='word_1_351' title='bbox 1433 799 1464 831; x_wconf 94' lang='lat' dir='ltr'>U</span> <span class='ocrx_word' id='word_1_352' title='bbox 1508 798 1541 831; x_wconf 95' lang='lat' dir='ltr'>T</span> <span class='ocrx_word' id='word_1_353' title='bbox 1604 800 1736 833; x_wconf 83' lang='lat' dir='ltr'>XVI.</span> 
     </span>
    </p>
   </div>
   <div class='ocr_carea' id='block_1_35' title="bbox 1049 872 1909 920">
    <p class='ocr_par' dir='ltr' id='par_1_35' title="bbox 1049 872 1909 920">
     <span class='ocr_line' id='line_1_66' title="bbox 1049 872 1909 920; baseline 0.002 -14"><span class='ocrx_word' id='word_1_354' title='bbox 1049 873 1088 906; x_wconf 94' lang='lat' dir='ltr'><em>V</em></span> <span class='ocrx_word' id='word_1_355' title='bbox 1083 874 1152 905; x_wconf 83' lang='lat' dir='ltr'><em>ariae</em></span> <span class='ocrx_word' id='word_1_356' title='bbox 1168 872 1402 920; x_wconf 66' lang='lat' dir='ltr'><em>Qiaesiiunculae.</em></span> <span class='ocrx_word' id='word_1_357' title='bbox 1848 885 1909 918; x_wconf 75' lang='lat'><em>372</em></span> 
     </span>
    </p>
   </div>
   <div class='ocr_carea' id='block_1_36' title="bbox 1033 1003 1514 1046">
    <p class='ocr_par' dir='ltr' id='par_1_36' title="bbox 1033 1003 1514 1046">
     <span class='ocr_line' id='line_1_67' title="bbox 1033 1003 1514 1046; baseline 0.002 -1"><span class='ocrx_word' id='word_1_358' title='bbox 1033 1003 1514 1046; x_wconf 82' lang='lat' dir='ltr'>TERTII.</span> 
     </span>
    </p>
   </div>
   <div class='ocr_carea' id='block_1_37' title="bbox 1265 1100 1691 1134">
    <p class='ocr_par' dir='ltr' id='par_1_37' title="bbox 1265 1100 1691 1134">
     <span class='ocr_line' id='line_1_68' title="bbox 1265 1100 1691 1134; baseline 0.002 -1"><span class='ocrx_word' id='word_1_359' title='bbox 1265 1101 1583 1134; x_wconf 91' lang='lat' dir='ltr'>CAPUT</span> <span class='ocrx_word' id='word_1_360' title='bbox 1647 1100 1691 1134; x_wconf 83' lang='lat' dir='ltr'><em>X.</em></span> 
     </span>
    </p>
   </div>
   <div class='ocr_carea' id='block_1_38' title="bbox 1048 1172 1911 1504">
    <p class='ocr_par' dir='ltr' id='par_1_38' title="bbox 1048 1172 1911 1504">
     <span class='ocr_line' id='line_1_69' title="bbox 1048 1172 1910 1215; baseline 0 -10"><span class='ocrx_word' id='word_1_361' title='bbox 1048 1174 1081 1205; x_wconf 84' lang='lat' dir='ltr'><em>Si</em></span> <span class='ocrx_word' id='word_1_362' title='bbox 1110 1174 1253 1215; x_wconf 81' lang='lat' dir='ltr'><em>Conjuges</em></span> <span class='ocrx_word' id='word_1_363' title='bbox 1276 1179 1370 1204; x_wconf 82' lang='lat' dir='ltr'><em>mutuo</em></span> <span class='ocrx_word' id='word_1_364' title='bbox 1396 1172 1563 1214; x_wconf 76' lang='lat' dir='ltr'><em>testamento</em></span> <span class='ocrx_word' id='word_1_365' title='bbox 1583 1173 1616 1214; x_wconf 90' lang='lat' dir='ltr'><em>se</em></span> <span class='ocrx_word' id='word_1_366' title='bbox 1639 1174 1767 1205; x_wconf 73' lang='lat' dir='ltr'><em>invicem</em></span> <span class='ocrx_word' id='word_1_367' title='bbox 1793 1173 1910 1205; x_wconf 72' lang='lat' dir='ltr'><em>heredes</em></span> 
     </span>
     <span class='ocr_line' id='line_1_70' title="bbox 1079 1214 1910 1256; baseline 0.002 -12"><span class='ocrx_word' id='word_1_368' title='bbox 1079 1214 1215 1256; x_wconf 83' lang='lat' dir='ltr'><em>scribant</em></span> <span class='ocrx_word' id='word_1_369' title='bbox 1234 1224 1297 1244; x_wconf 78' lang='lat' dir='ltr'><em>clun</em></span> <span class='ocrx_word' id='word_1_370' title='bbox 1315 1216 1403 1254; x_wconf 82' lang='lat' dir='ltr'><em>piena</em></span> <span class='ocrx_word' id='word_1_371' title='bbox 1425 1214 1565 1254; x_wconf 75' lang='lat' dir='ltr'><em>potestate</em></span> <span class='ocrx_word' id='word_1_372' title='bbox 1593 1216 1772 1252; x_wconf 81' lang='lat' dir='ltr'><em>alienandi,</em></span> <span class='ocrx_word' id='word_1_373' title='bbox 1793 1215 1848 1255; x_wconf 87' lang='lat' dir='ltr'><em>sed</em></span> <span class='ocrx_word' id='word_1_374' title='bbox 1874 1226 1910 1246; x_wconf 83' lang='lat' dir='ltr'><em>ea</em></span> 
     </span>
     <span class='ocr_line' id='line_1_71' title="bbox 1089 1254 1908 1297; baseline 0.001 -12"><span class='ocrx_word' id='word_1_375' title='bbox 1089 1256 1152 1297; x_wconf 83' lang='lat' dir='ltr'><em>lege</em></span> <span class='ocrx_word' id='word_1_376' title='bbox 1169 1279 1178 1293; x_wconf 87' lang='lat'>‚</span> <span class='ocrx_word' id='word_1_377' title='bbox 1203 1260 1236 1285; x_wconf 80' lang='lat' dir='ltr'><em>ut</em></span> <span class='ocrx_word' id='word_1_378' title='bbox 1259 1256 1331 1285; x_wconf 81' lang='lat' dir='ltr'><em>bona</em></span> <span class='ocrx_word' id='word_1_379' title='bbox 1348 1277 1358 1291; x_wconf 93' lang='lat'>‚</span> <span class='ocrx_word' id='word_1_380' title='bbox 1382 1265 1441 1296; x_wconf 83' lang='lat' dir='ltr'><em>quae</em></span> <span class='ocrx_word' id='word_1_381' title='bbox 1457 1254 1603 1295; x_wconf 75' lang='lat' dir='ltr'><em>superstes</em></span> <span class='ocrx_word' id='word_1_382' title='bbox 1630 1255 1824 1296; x_wconf 77' lang='lat' dir='ltr'><em>relinqueret,</em></span> <span class='ocrx_word' id='word_1_383' title='bbox 1845 1254 1908 1296; x_wconf 76' lang='lat' dir='ltr'><em>post</em></span> 
     </span>
     <span class='ocr_line' id='line_1_72' title="bbox 1088 1295 1908 1337; baseline 0.001 -11"><span class='ocrx_word' id='word_1_384' title='bbox 1088 1297 1149 1337; x_wconf 78' lang='lat' dir='ltr'><em>ejus</em></span> <span class='ocrx_word' id='word_1_385' title='bbox 1160 1301 1277 1326; x_wconf 74' lang='lat' dir='ltr'><em>mortem</em></span> <span class='ocrx_word' id='word_1_386' title='bbox 1292 1297 1370 1326; x_wconf 83' lang='lat' dir='ltr'><em>inter</em></span> <span class='ocrx_word' id='word_1_387' title='bbox 1387 1295 1532 1336; x_wconf 63' lang='lat' dir='ltr'><em>utrizfiltce</em></span> <span class='ocrx_word' id='word_1_388' title='bbox 1546 1297 1663 1326; x_wconf 76' lang='lat' dir='ltr'><em>heredes</em></span> <span class='ocrx_word' id='word_1_389' title='bbox 1675 1298 1760 1336; x_wconf 79' lang='lat' dir='ltr'><em>aeqziis</em></span> <span class='ocrx_word' id='word_1_390' title='bbox 1773 1299 1908 1336; x_wconf 67' lang='lat' dir='ltr'><em>partibus</em></span> 
     </span>
     <span class='ocr_line' id='line_1_73' title="bbox 1088 1336 1908 1378; baseline 0.001 -11"><span class='ocrx_word' id='word_1_391' title='bbox 1088 1338 1263 1368; x_wconf 81' lang='lat' dir='ltr'><em>dividantur</em></span> <span class='ocrx_word' id='word_1_392' title='bbox 1284 1360 1294 1375; x_wconf 91' lang='lat'>,</span> <span class='ocrx_word' id='word_1_393' title='bbox 1317 1346 1355 1367; x_wconf 87' lang='lat' dir='ltr'><em>an</em></span> <span class='ocrx_word' id='word_1_394' title='bbox 1378 1337 1555 1367; x_wconf 55' lang='lat' dir='ltr'><em>hereditates</em></span> <span class='ocrx_word' id='word_1_395' title='bbox 1585 1336 1619 1371; x_wconf 63' lang='lat'><em>{5⁹</em></span> <span class='ocrx_word' id='word_1_396' title='bbox 1642 1337 1741 1378; x_wconf 70' lang='lat' dir='ltr'><em>legata</em></span> <span class='ocrx_word' id='word_1_397' title='bbox 1758 1359 1767 1373; x_wconf 88' lang='lat'>‚</span> <span class='ocrx_word' id='word_1_398' title='bbox 1792 1337 1908 1378; x_wconf 80' lang='lat' dir='ltr'><em>aliaque</em></span> 
     </span>
     <span class='ocr_line' id='line_1_74' title="bbox 1090 1376 1910 1419; baseline -0.002 -9"><span class='ocrx_word' id='word_1_399' title='bbox 1090 1379 1172 1410; x_wconf 80' lang='lat' dir='ltr'><em>lucra</em></span> <span class='ocrx_word' id='word_1_400' title='bbox 1186 1400 1195 1416; x_wconf 89' lang='lat'><strong>,</strong></span> <span class='ocrx_word' id='word_1_401' title='bbox 1218 1388 1277 1419; x_wconf 83' lang='lat' dir='ltr'><em>quae</em></span> <span class='ocrx_word' id='word_1_402' title='bbox 1292 1376 1440 1418; x_wconf 62' lang='lat' dir='ltr'><em>fiiperfiss</em></span> <span class='ocrx_word' id='word_1_403' title='bbox 1454 1401 1465 1416; x_wconf 87' lang='lat'>‚</span> <span class='ocrx_word' id='word_1_404' title='bbox 1478 1377 1537 1418; x_wconf 80' lang='lat' dir='ltr'><em>flia</em></span> <span class='ocrx_word' id='word_1_405' title='bbox 1562 1376 1648 1418; x_wconf 66' lang='lat' dir='ltr'><em>ipsius</em></span> <span class='ocrx_word' id='word_1_406' title='bbox 1675 1376 1840 1418; x_wconf 67' lang='lat' dir='ltr'><em>industria,</em></span> <span class='ocrx_word' id='word_1_407' title='bbox 1861 1387 1910 1408; x_wconf 84' lang='lat' dir='ltr'><em>ac-</em></span> 
     </span>
     <span class='ocr_line' id='line_1_75' title="bbox 1089 1419 1911 1461; baseline 0 -12"><span class='ocrx_word' id='word_1_408' title='bbox 1089 1419 1226 1461; x_wconf 73' lang='lat' dir='ltr'><em>quisivit,</em></span> <span class='ocrx_word' id='word_1_409' title='bbox 1247 1425 1299 1460; x_wconf 80' lang='lat' dir='ltr'><em>pro</em></span> <span class='ocrx_word' id='word_1_410' title='bbox 1310 1419 1422 1460; x_wconf 64' lang='lat' dir='ltr'><em>semsffe</em></span> <span class='ocrx_word' id='word_1_411' title='bbox 1439 1421 1528 1450; x_wconf 76' lang='lat' dir='ltr'><em>etiam</em></span> <span class='ocrx_word' id='word_1_412' title='bbox 1547 1420 1652 1450; x_wconf 83' lang='lat' dir='ltr'><em>cedant</em></span> <span class='ocrx_word' id='word_1_413' title='bbox 1668 1419 1819 1451; x_wconf 79' lang='lat' dir='ltr'><em>heredibus</em></span> <span class='ocrx_word' id='word_1_414' title='bbox 1840 1419 1911 1450; x_wconf 67' lang='lat' dir='ltr'><em>Com-</em></span> 
     </span>
     <span class='ocr_line' id='line_1_76' title="bbox 1085 1460 1910 1504; baseline 0.002 -13"><span class='ocrx_word' id='word_1_415' title='bbox 1085 1462 1172 1504; x_wconf 81' lang='lat' dir='ltr'><em>jugis</em></span> <span class='ocrx_word' id='word_1_416' title='bbox 1183 1461 1313 1501; x_wconf 80' lang='lat' dir='ltr'><em>primum</em></span> <span class='ocrx_word' id='word_1_417' title='bbox 1328 1460 1485 1501; x_wconf 59' lang='lat' dir='ltr'><em>defuntffti‘?</em></span> <span class='ocrx_word' id='word_1_418' title='bbox 1846 1469 1910 1500; x_wconf 81' lang='lat'><em>4¹0</em></span> 
     </span>
    </p>
   </div>
   <div class='ocr_carea' id='block_1_39' title="bbox 1250 1541 1714 1575">
    <p class='ocr_par' dir='ltr' id='par_1_39' title="bbox 1250 1541 1714 1575">
     <span class='ocr_line' id='line_1_77' title="bbox 1250 1541 1714 1575; baseline -0.002 0"><span class='ocrx_word' id='word_1_419' title='bbox 1250 1542 1570 1575; x_wconf 91' lang='lat' dir='ltr'>CAPUT</span> <span class='ocrx_word' id='word_1_420' title='bbox 1634 1541 1714 1575; x_wconf 88' lang='lat' dir='ltr'><em>XI.</em></span> 
     </span>
    </p>
   </div>
   <div class='ocr_carea' id='block_1_40' title="bbox 1039 1611 1912 1700">
    <p class='ocr_par' dir='ltr' id='par_1_40' title="bbox 1039 1611 1912 1700">
     <span class='ocr_line' id='line_1_78' title="bbox 1049 1611 1912 1657; baseline -0.002 -10"><span class='ocrx_word' id='word_1_421' title='bbox 1049 1616 1120 1654; x_wconf 81' lang='lat' dir='ltr'><em>Aa,</em></span> <span class='ocrx_word' id='word_1_422' title='bbox 1144 1621 1176 1647; x_wconf 87' lang='lat' dir='ltr'><em>ut</em></span> <span class='ocrx_word' id='word_1_423' title='bbox 1197 1616 1297 1656; x_wconf 81' lang='lat' dir='ltr'><em>Spurii</em></span> <span class='ocrx_word' id='word_1_424' title='bbox 1312 1617 1348 1646; x_wconf 88' lang='lat' dir='ltr'><em>ab</em></span> <span class='ocrx_word' id='word_1_425' title='bbox 1367 1613 1503 1655; x_wconf 77' lang='lat' dir='ltr'><em>intestato</em></span> <span class='ocrx_word' id='word_1_426' title='bbox 1521 1617 1611 1646; x_wconf 88' lang='lat' dir='ltr'><em>matri</em></span> <span class='ocrx_word' id='word_1_427' title='bbox 1620 1614 1800 1657; x_wconf 82' lang='lat' dir='ltr'><em>succedunt,</em></span> <span class='ocrx_word' id='word_1_428' title='bbox 1816 1611 1860 1653; x_wconf 85' lang='lat' dir='ltr'><em>fic</em></span> <span class='ocrx_word' id='word_1_429' title='bbox 1875 1612 1912 1649; x_wconf 53' lang='grc' dir='ltr'><em>ξεῖ</em></span> 
     </span>
     <span class='ocr_line' id='line_1_79' title="bbox 1039 1657 1911 1700; baseline -0.003 -11"><span class='ocrx_word' id='word_1_430' title='bbox 1039 1657 1202 1699; x_wconf 85' lang='lat' dir='ltr'><em>succedant</em></span> <span class='ocrx_word' id='word_1_431' title='bbox 1219 1658 1360 1700; x_wconf 80' lang='lat' dir='ltr'><em>Cognatis</em></span> <span class='ocrx_word' id='word_1_432' title='bbox 1378 1659 1519 1689; x_wconf 78' lang='lat' dir='ltr'><em>maternis</em></span> <span class='ocrx_word' id='word_1_433' title='bbox 1530 1657 1547 1689; x_wconf 69' lang='grc' dir='ltr'><em>ἶ)</em></span> <span class='ocrx_word' id='word_1_434' title='bbox 1847 1664 1911 1696; x_wconf 80' lang='lat'><em>4¹3</em></span> 
     </span>
    </p>
   </div>
   <div class='ocr_carea' id='block_1_41' title="bbox 1230 1737 1727 1772">
    <p class='ocr_par' dir='ltr' id='par_1_41' title="bbox 1230 1737 1727 1772">
     <span class='ocr_line' id='line_1_80' title="bbox 1230 1737 1727 1772; baseline -0.002 0"><span class='ocrx_word' id='word_1_435' title='bbox 1230 1737 1548 1772; x_wconf 89' lang='lat' dir='ltr'>CAPUT</span> <span class='ocrx_word' id='word_1_436' title='bbox 1611 1738 1727 1771; x_wconf 92' lang='lat' dir='ltr'>XII.</span> 
     </span>
    </p>
   </div>
   <div class='ocr_carea' id='block_1_42' title="bbox 1049 1808 1911 1895">
    <p class='ocr_par' dir='ltr' id='par_1_42' title="bbox 1049 1808 1911 1895">
     <span class='ocr_line' id='line_1_81' title="bbox 1049 1808 1911 1852; baseline -0.005 -9"><span class='ocrx_word' id='word_1_437' title='bbox 1049 1812 1153 1851; x_wconf 83' lang='lat' dir='ltr'><em>Ecqua</em></span> <span class='ocrx_word' id='word_1_438' title='bbox 1166 1813 1286 1851; x_wconf 71' lang='lat' dir='ltr'><em>ratione</em></span> <span class='ocrx_word' id='word_1_439' title='bbox 1288 1810 1416 1852; x_wconf 76' lang='lat' dir='ltr'><em>succefflo</em></span> <span class='ocrx_word' id='word_1_440' title='bbox 1434 1812 1511 1842; x_wconf 89' lang='lat' dir='ltr'><em>inter</em></span> <span class='ocrx_word' id='word_1_441' title='bbox 1521 1811 1629 1842; x_wconf 87' lang='lat' dir='ltr'><em>Virum</em></span> <span class='ocrx_word' id='word_1_442' title='bbox 1641 1811 1676 1846; x_wconf 53' lang='grc' dir='ltr'><em>ἐξ</em></span> <span class='ocrx_word' id='word_1_443' title='bbox 1695 1811 1822 1843; x_wconf 88' lang='lat' dir='ltr'><em>Uxorem</em></span> <span class='ocrx_word' id='word_1_444' title='bbox 1831 1808 1911 1851; x_wconf 78' lang='lat' dir='ltr'><em>Jure</em></span> 
     </span>
     <span class='ocr_line' id='line_1_82' title="bbox 1090 1850 1909 1895; baseline -0.001 -11"><span class='ocrx_word' id='word_1_445' title='bbox 1090 1853 1225 1885; x_wconf 81' lang='lat' dir='ltr'><em>Romano</em></span> <span class='ocrx_word' id='word_1_446' title='bbox 1244 1854 1415 1894; x_wconf 73' lang='lat' dir='ltr'><em>placuerit,</em></span> <span class='ocrx_word' id='word_1_447' title='bbox 1438 1852 1515 1893; x_wconf 80' lang='lat' dir='ltr'><em>Jure</em></span> <span class='ocrx_word' id='word_1_448' title='bbox 1534 1850 1626 1894; x_wconf 77' lang='lat' dir='ltr'><em>nostro</em></span> <span class='ocrx_word' id='word_1_449' title='bbox 1645 1853 1803 1895; x_wconf 78' lang='lat' dir='ltr'><em>displicuit.</em></span> <span class='ocrx_word' id='word_1_450' title='bbox 1846 1857 1909 1891; x_wconf 62' lang='lat'><em>425</em></span> 
     </span>
    </p>
   </div>
   <div class='ocr_carea' id='block_1_43' title="bbox 1049 1930 1749 2053">
    <p class='ocr_par' dir='ltr' id='par_1_43' title="bbox 1049 1930 1749 2053">
     <span class='ocr_line' id='line_1_83' title="bbox 1210 1930 1749 1965; baseline -0.002 -1"><span class='ocrx_word' id='word_1_451' title='bbox 1210 1931 1237 1964; x_wconf 94' lang='lat' dir='ltr'>C</span> <span class='ocrx_word' id='word_1_452' title='bbox 1281 1933 1310 1965; x_wconf 84' lang='lat' dir='ltr'>A</span> <span class='ocrx_word' id='word_1_453' title='bbox 1353 1931 1377 1964; x_wconf 92' lang='lat' dir='ltr'>P</span> <span class='ocrx_word' id='word_1_454' title='bbox 1423 1930 1454 1962; x_wconf 93' lang='lat' dir='ltr'>U</span> <span class='ocrx_word' id='word_1_455' title='bbox 1498 1931 1531 1963; x_wconf 89' lang='lat' dir='ltr'>T</span> <span class='ocrx_word' id='word_1_456' title='bbox 1595 1931 1627 1965; x_wconf 88' lang='lat' dir='ltr'>X</span> <span class='ocrx_word' id='word_1_457' title='bbox 1653 1930 1702 1964; x_wconf 83' lang='grc' dir='ltr'><em>ΙΙ</em></span> <span class='ocrx_word' id='word_1_458' title='bbox 1725 1931 1749 1963; x_wconf 95' lang='grc' dir='ltr'><em>Ι.</em></span> 
     </span>
     <span class='ocr_line' id='line_1_84' title="bbox 1049 2002 1629 2053; baseline -0.002 -16"><span class='ocrx_word' id='word_1_459' title='bbox 1049 2004 1097 2037; x_wconf 84' lang='lat' dir='ltr'><em>De</em></span> <span class='ocrx_word' id='word_1_460' title='bbox 1115 2004 1261 2037; x_wconf 71' lang='lat' dir='ltr'><em>Retraau</em></span> <span class='ocrx_word' id='word_1_461' title='bbox 1276 2004 1420 2037; x_wconf 82' lang='lat' dir='ltr'><em>nonnullae</em></span> <span class='ocrx_word' id='word_1_462' title='bbox 1438 2002 1629 2053; x_wconf 66' lang='lat' dir='ltr'><em>Qgiaesttones.</em></span> 
     </span>
    </p>
   </div>
   <div class='ocr_carea' id='block_1_44' title="bbox 1049 2084 1736 2205">
    <p class='ocr_par' dir='ltr' id='par_1_44' title="bbox 1049 2084 1736 2205">
     <span class='ocr_line' id='line_1_85' title="bbox 1225 2084 1736 2119; baseline 0.004 -2"><span class='ocrx_word' id='word_1_463' title='bbox 1225 2084 1253 2117; x_wconf 93' lang='lat' dir='ltr'>C</span> <span class='ocrx_word' id='word_1_464' title='bbox 1296 2084 1325 2117; x_wconf 93' lang='lat' dir='ltr'><strong>A</strong></span> <span class='ocrx_word' id='word_1_465' title='bbox 1368 2084 1391 2117; x_wconf 91' lang='lat' dir='ltr'>P</span> <span class='ocrx_word' id='word_1_466' title='bbox 1436 2084 1468 2116; x_wconf 94' lang='lat' dir='ltr'>U</span> <span class='ocrx_word' id='word_1_467' title='bbox 1510 2084 1544 2117; x_wconf 91' lang='lat' dir='ltr'>T</span> <span class='ocrx_word' id='word_1_468' title='bbox 1608 2085 1642 2119; x_wconf 87' lang='lat' dir='ltr'>X</span> <span class='ocrx_word' id='word_1_469' title='bbox 1663 2085 1736 2119; x_wconf 90' lang='lat' dir='ltr'><em>IV.</em></span> 
     </span>
     <span class='ocr_line' id='line_1_86' title="bbox 1049 2155 1656 2205; baseline -0.002 -14"><span class='ocrx_word' id='word_1_470' title='bbox 1049 2158 1098 2192; x_wconf 88' lang='lat' dir='ltr'><em>De</em></span> <span class='ocrx_word' id='word_1_471' title='bbox 1113 2157 1339 2190; x_wconf 9' lang='lat' dir='ltr'><em>Retraautauae</em></span> <span class='ocrx_word' id='word_1_472' title='bbox 1354 2157 1446 2188; x_wconf 85' lang='lat' dir='ltr'><em>adhuc</em></span> <span class='ocrx_word' id='word_1_473' title='bbox 1465 2155 1656 2205; x_wconf 65' lang='lat' dir='ltr'><em>Qtaestiones.</em></span> 
     </span>
    </p>
   </div>
   <div class='ocr_carea' id='block_1_45' title="bbox 1240 2236 1723 2270">
    <p class='ocr_par' dir='ltr' id='par_1_45' title="bbox 1240 2236 1723 2270">
     <span class='ocr_line' id='line_1_87' title="bbox 1240 2236 1723 2270; baseline -0.002 0"><span class='ocrx_word' id='word_1_474' title='bbox 1240 2236 1558 2270; x_wconf 88' lang='lat' dir='ltr'>CAPUT</span> <span class='ocrx_word' id='word_1_475' title='bbox 1625 2236 1723 2269; x_wconf 92' lang='lat' dir='ltr'><em>XV.</em></span> 
     </span>
    </p>
   </div>
   <div class='ocr_carea' id='block_1_46' title="bbox 1849 2011 1912 2044">
    <p class='ocr_par' dir='ltr' id='par_1_46' title="bbox 1849 2011 1912 2044">
     <span class='ocr_line' id='line_1_88' title="bbox 1849 2011 1912 2044; baseline 0 0"><span class='ocrx_word' id='word_1_476' title='bbox 1849 2011 1912 2044; x_wconf 77' lang='lat'><em>4¹7</em></span> 
     </span>
    </p>
   </div>
   <div class='ocr_carea' id='block_1_47' title="bbox 1970 1247 2008 1877">
    <p class='ocr_par' dir='ltr' id='par_1_47' title="bbox 1970 1184 2008 1877">
     <span class='ocr_line' id='line_1_89' title="bbox 1970 1247 2008 1877; textangle 90"><span class='ocrx_word' id='word_1_477' title='bbox 1970 1426 2008 1877; x_wconf 23' lang='lat' dir='ltr'><em>‘stagzwtarJ-wssffrjA-m&#39;*</em></span> <span class='ocrx_word' id='word_1_478' title='bbox 1977 1301 2001 1427; x_wconf 55' lang='grc' dir='ltr'><em>ἱ·-</em></span> <span class='ocrx_word' id='word_1_479' title='bbox 1987 1247 1990 1250; x_wconf 54' lang='lat'><em>*</em></span> 
     </span>
    </p>
   </div>
   <div class='ocr_carea' id='block_1_48' title="bbox 1849 2165 1990 2218">
    <p class='ocr_par' dir='ltr' id='par_1_48' title="bbox 1849 2165 1990 2218">
     <span class='ocr_line' id='line_1_90' title="bbox 1849 2165 1990 2218; baseline 0 -20"><span class='ocrx_word' id='word_1_480' title='bbox 1849 2165 1914 2198; x_wconf 84' lang='lat'><em>419</em></span> <span class='ocrx_word' id='word_1_481' title='bbox 1980 2203 1990 2218; x_wconf 29' lang='lat' dir='ltr'><em>J</em></span> 
     </span>
    </p>
   </div>
   <div class='ocr_carea' id='block_1_49' title="bbox 1050 2314 1980 2358">
    <p class='ocr_par' dir='ltr' id='par_1_49' title="bbox 1050 2314 1980 2358">
     <span class='ocr_line' id='line_1_91' title="bbox 1050 2314 1980 2358; baseline -0.005 -8"><span class='ocrx_word' id='word_1_482' title='bbox 1050 2317 1097 2350; x_wconf 76' lang='lat' dir='ltr'><em>Re</em></span> <span class='ocrx_word' id='word_1_483' title='bbox 1113 2318 1234 2348; x_wconf 83' lang='lat' dir='ltr'><em>vendita</em></span> <span class='ocrx_word' id='word_1_484' title='bbox 1251 2316 1287 2351; x_wconf 62' lang='grc' dir='ltr'><em>ὅ)</em></span> <span class='ocrx_word' id='word_1_485' title='bbox 1302 2316 1433 2354; x_wconf 85' lang='lat' dir='ltr'><em>tradita,</em></span> <span class='ocrx_word' id='word_1_486' title='bbox 1451 2314 1480 2354; x_wconf 86' lang='lat' dir='ltr'><em>fi</em></span> <span class='ocrx_word' id='word_1_487' title='bbox 1494 2315 1601 2356; x_wconf 68' lang='lat' dir='ltr'><em>fintitio</em></span> <span class='ocrx_word' id='word_1_488' title='bbox 1617 2326 1675 2348; x_wconf 87' lang='lat' dir='ltr'><em>non</em></span> <span class='ocrx_word' id='word_1_489' title='bbox 1686 2316 1848 2358; x_wconf 81' lang='lat' dir='ltr'><em>sequatur,</em></span> <span class='ocrx_word' id='word_1_490' title='bbox 1869 2322 1911 2345; x_wconf 81' lang='lat' dir='ltr'><em>an</em></span> <span class='ocrx_word' id='word_1_491' title='bbox 1977 2347 1980 2351; x_wconf 67' lang='grc'><em>,</em></span> 
     </span>
    </p>
   </div>
   <div class='ocr_carea' id='block_1_50' title="bbox 1090 2358 1602 2399">
    <p class='ocr_par' dir='ltr' id='par_1_50' title="bbox 1090 2358 1602 2399">
     <span class='ocr_line' id='line_1_92' title="bbox 1090 2358 1602 2399; baseline -0.002 -10"><span class='ocrx_word' id='word_1_492' title='bbox 1090 2360 1237 2390; x_wconf 85' lang='lat' dir='ltr'><em>venditori</em></span> <span class='ocrx_word' id='word_1_493' title='bbox 1256 2363 1397 2399; x_wconf 84' lang='lat' dir='ltr'><em>competat</em></span> <span class='ocrx_word' id='word_1_494' title='bbox 1413 2358 1602 2388; x_wconf 78' lang='lat' dir='ltr'><em>vindicatio?</em></span> 
     </span>
    </p>
   </div>
   <div class='ocr_carea' id='block_1_51' title="bbox 1046 2435 1739 2551">
    <p class='ocr_par' dir='ltr' id='par_1_51' title="bbox 1046 2435 1739 2551">
     <span class='ocr_line' id='line_1_93' title="bbox 1222 2435 1739 2470; baseline -0.002 0"><span class='ocrx_word' id='word_1_495' title='bbox 1222 2437 1250 2470; x_wconf 95' lang='lat' dir='ltr'>C</span> <span class='ocrx_word' id='word_1_496' title='bbox 1294 2436 1322 2469; x_wconf 95' lang='lat' dir='ltr'>A</span> <span class='ocrx_word' id='word_1_497' title='bbox 1365 2435 1388 2468; x_wconf 92' lang='lat' dir='ltr'>P</span> <span class='ocrx_word' id='word_1_498' title='bbox 1432 2436 1463 2469; x_wconf 91' lang='lat' dir='ltr'>U</span> <span class='ocrx_word' id='word_1_499' title='bbox 1506 2436 1539 2469; x_wconf 89' lang='lat' dir='ltr'>T</span> <span class='ocrx_word' id='word_1_500' title='bbox 1605 2435 1638 2469; x_wconf 87' lang='lat' dir='ltr'>X</span> <span class='ocrx_word' id='word_1_501' title='bbox 1663 2435 1693 2468; x_wconf 95' lang='lat' dir='ltr'>V</span> <span class='ocrx_word' id='word_1_502' title='bbox 1716 2435 1739 2469; x_wconf 86' lang='lat'><em>1.</em></span> 
     </span>
     <span class='ocr_line' id='line_1_94' title="bbox 1046 2508 1691 2551; baseline -0.009 -6"><span class='ocrx_word' id='word_1_503' title='bbox 1046 2511 1095 2545; x_wconf 86' lang='lat' dir='ltr'><em>De</em></span> <span class='ocrx_word' id='word_1_504' title='bbox 1116 2510 1292 2549; x_wconf 72' lang='lat' dir='ltr'><em>Contraau,</em></span> <span class='ocrx_word' id='word_1_505' title='bbox 1314 2510 1364 2551; x_wconf 81' lang='lat' dir='ltr'><em>qui</em></span> <span class='ocrx_word' id='word_1_506' title='bbox 1379 2510 1489 2543; x_wconf 81' lang='lat' dir='ltr'><em>dicitur</em></span> <span class='ocrx_word' id='word_1_507' title='bbox 1506 2508 1691 2548; x_wconf 87' lang='lat' dir='ltr'><em>Bodemery.</em></span> 
     </span>
    </p>
   </div>
   <div class='ocr_carea' id='block_1_52' title="bbox 1848 2362 1909 2397">
    <p class='ocr_par' dir='ltr' id='par_1_52' title="bbox 1848 2362 1909 2397">
     <span class='ocr_line' id='line_1_95' title="bbox 1848 2362 1909 2397; baseline -0.033 -10"><span class='ocrx_word' id='word_1_508' title='bbox 1848 2362 1909 2397; x_wconf 85' lang='lat'><em>421</em></span> 
     </span>
    </p>
   </div>
   <div class='ocr_carea' id='block_1_53' title="bbox 1847 2512 1909 2545">
    <p class='ocr_par' dir='ltr' id='par_1_53' title="bbox 1847 2512 1909 2545">
     <span class='ocr_line' id='line_1_96' title="bbox 1847 2512 1909 2545; baseline 0.016 -1"><span class='ocrx_word' id='word_1_509' title='bbox 1847 2512 1909 2545; x_wconf 78' lang='lat'><em>423</em></span> 
     </span>
    </p>
   </div>
   <div class='ocr_carea' id='block_1_54' title="bbox 1013 2664 1529 2725">
    <p class='ocr_par' dir='ltr' id='par_1_54' title="bbox 1013 2664 1529 2725">
     <span class='ocr_line' id='line_1_97' title="bbox 1013 2664 1529 2725; baseline -0.008 -17"><span class='ocrx_word' id='word_1_510' title='bbox 1013 2664 1529 2725; x_wconf 19' lang='lat' dir='ltr'><em>QUAfaTJ.</em></span> 
     </span>
    </p>
   </div>
   <div class='ocr_carea' id='block_1_55' title="bbox 1257 2768 1700 2808">
    <p class='ocr_par' dir='ltr' id='par_1_55' title="bbox 1257 2768 1700 2808">
     <span class='ocr_line' id='line_1_98' title="bbox 1257 2768 1700 2808; baseline -0.016 0"><span class='ocrx_word' id='word_1_511' title='bbox 1257 2768 1700 2808; x_wconf 91' lang='lat' dir='ltr'>CAPUTII.</span> 
     </span>
    </p>
   </div>
   <div class='ocr_carea' id='block_1_56' title="bbox 1049 2838 1912 3177">
    <p class='ocr_par' dir='ltr' id='par_1_56' title="bbox 1049 2838 1912 3177">
     <span class='ocr_line' id='line_1_99' title="bbox 1049 2838 1910 2890; baseline -0.013 -9"><span class='ocrx_word' id='word_1_512' title='bbox 1049 2848 1210 2890; x_wconf 80' lang='lat' dir='ltr'><em>Ecquando</em></span> <span class='ocrx_word' id='word_1_513' title='bbox 1236 2855 1330 2878; x_wconf 83' lang='lat' dir='ltr'><em>naves</em></span> <span class='ocrx_word' id='word_1_514' title='bbox 1352 2844 1510 2885; x_wconf 75' lang='lat' dir='ltr'><em>mercesque</em></span> <span class='ocrx_word' id='word_1_515' title='bbox 1533 2842 1765 2883; x_wconf 70' lang='lat' dir='ltr'><em>Affecmatorum</em></span> <span class='ocrx_word' id='word_1_516' title='bbox 1781 2838 1910 2881; x_wconf 68' lang='lat' dir='ltr'><em>periculo</em></span> 
     </span>
     <span class='ocr_line' id='line_1_100' title="bbox 1091 2879 1909 2931; baseline -0.013 -11"><span class='ocrx_word' id='word_1_517' title='bbox 1091 2890 1141 2931; x_wconf 85' lang='lat' dir='ltr'><em>effe</em></span> <span class='ocrx_word' id='word_1_518' title='bbox 1155 2889 1303 2929; x_wconf 85' lang='lat' dir='ltr'><em>incipiant</em></span> <span class='ocrx_word' id='word_1_519' title='bbox 1320 2887 1356 2922; x_wconf 63' lang='grc' dir='ltr'><em>ὅ)</em></span> <span class='ocrx_word' id='word_1_520' title='bbox 1375 2885 1504 2924; x_wconf 80' lang='lat' dir='ltr'><em>destnant</em></span> <span class='ocrx_word' id='word_1_521' title='bbox 1521 2885 1537 2916; x_wconf 69' lang='grc' dir='ltr'><em>ἲ)</em></span> <span class='ocrx_word' id='word_1_522' title='bbox 1563 2887 1596 2917; x_wconf 76' lang='lat' dir='ltr'><em>Si</em></span> <span class='ocrx_word' id='word_1_523' title='bbox 1606 2885 1708 2924; x_wconf 74' lang='lat' dir='ltr'><em>piures</em></span> <span class='ocrx_word' id='word_1_524' title='bbox 1725 2881 1785 2921; x_wconf 80' lang='lat' dir='ltr'><em>fint</em></span> <span class='ocrx_word' id='word_1_525' title='bbox 1803 2879 1909 2927; x_wconf 57' lang='lat' dir='ltr'><em>affecit-</em></span> 
     </span>
     <span class='ocr_line' id='line_1_101' title="bbox 1088 2923 1911 2969; baseline -0.013 -7"><span class='ocrx_word' id='word_1_526' title='bbox 1088 2937 1220 2966; x_wconf 80' lang='lat' dir='ltr'><em>ratores,</em></span> <span class='ocrx_word' id='word_1_527' title='bbox 1246 2939 1284 2960; x_wconf 86' lang='lat' dir='ltr'><em>an</em></span> <span class='ocrx_word' id='word_1_528' title='bbox 1307 2927 1483 2969; x_wconf 69' lang='lat' dir='ltr'><em>affirm-acus</em></span> <span class='ocrx_word' id='word_1_529' title='bbox 1504 2925 1606 2967; x_wconf 75' lang='lat' dir='ltr'><em>possit,</em></span> <span class='ocrx_word' id='word_1_530' title='bbox 1632 2934 1712 2966; x_wconf 83' lang='lat' dir='ltr'><em>quem</em></span> <span class='ocrx_word' id='word_1_531' title='bbox 1736 2923 1827 2957; x_wconf 72' lang='lat' dir='ltr'><em>velst,</em></span> <span class='ocrx_word' id='word_1_532' title='bbox 1847 2930 1911 2952; x_wconf 77' lang='lat' dir='ltr'><em>ext-</em></span> 
     </span>
     <span class='ocr_line' id='line_1_102' title="bbox 1087 2961 1908 3014; baseline -0.015 -11"><span class='ocrx_word' id='word_1_533' title='bbox 1087 2982 1175 3014; x_wconf 83' lang='lat' dir='ltr'><em>gere,</em></span> <span class='ocrx_word' id='word_1_534' title='bbox 1199 2969 1252 3008; x_wconf 78' lang='lat'><em>&amp;,</em></span> <span class='ocrx_word' id='word_1_535' title='bbox 1275 2979 1356 3011; x_wconf 85' lang='lat' dir='ltr'><em>quenz</em></span> <span class='ocrx_word' id='word_1_536' title='bbox 1371 2969 1464 3005; x_wconf 68' lang='lat' dir='ltr'><em>velit,</em></span> <span class='ocrx_word' id='word_1_537' title='bbox 1482 2970 1628 2999; x_wconf 81' lang='lat' dir='ltr'><em>dimittere</em></span> <span class='ocrx_word' id='word_1_538' title='bbox 1640 2966 1655 2997; x_wconf 69' lang='grc' dir='ltr'><em>ἵ)</em></span> <span class='ocrx_word' id='word_1_539' title='bbox 1672 2965 1823 2997; x_wconf 75' lang='lat' dir='ltr'><em>Ananias</em></span> <span class='ocrx_word' id='word_1_540' title='bbox 1837 2961 1908 3002; x_wconf 77' lang='lat' dir='ltr'><em>affe-</em></span> 
     </span>
     <span class='ocr_line' id='line_1_103' title="bbox 1087 3003 1912 3051; baseline -0.015 -7"><span class='ocrx_word' id='word_1_541' title='bbox 1087 3013 1229 3044; x_wconf 72' lang='lat' dir='ltr'><em>curatoris·</em></span> <span class='ocrx_word' id='word_1_542' title='bbox 1245 3011 1468 3051; x_wconf 54' lang='lat' dir='ltr'><em>&amp;nmini-eliqnis</em></span> <span class='ocrx_word' id='word_1_543' title='bbox 1479 3015 1598 3045; x_wconf 83' lang='lat' dir='ltr'><em>noceat,</em></span> <span class='ocrx_word' id='word_1_544' title='bbox 1613 3007 1660 3038; x_wconf 85' lang='lat' dir='ltr'><em>vei</em></span> <span class='ocrx_word' id='word_1_545' title='bbox 1676 3003 1788 3046; x_wconf 73' lang='lat' dir='ltr'><em>profit?</em></span> <span class='ocrx_word' id='word_1_546' title='bbox 1802 3004 1912 3048; x_wconf 63' lang='lat' dir='ltr'><em>Quem-</em></span> 
     </span>
     <span class='ocr_line' id='line_1_104' title="bbox 1085 3047 1910 3094; baseline -0.013 -9"><span class='ocrx_word' id='word_1_547' title='bbox 1085 3054 1236 3085; x_wconf 85' lang='lat' dir='ltr'><em>admodum</em></span> <span class='ocrx_word' id='word_1_548' title='bbox 1251 3051 1425 3092; x_wconf 75' lang='lat' dir='ltr'><em>affecuratm·</em></span> <span class='ocrx_word' id='word_1_549' title='bbox 1435 3076 1443 3091; x_wconf 84' lang='lat'>‚</span> <span class='ocrx_word' id='word_1_550' title='bbox 1459 3051 1600 3092; x_wconf 79' lang='lat' dir='ltr'><em>pendente</em></span> <span class='ocrx_word' id='word_1_551' title='bbox 1610 3047 1736 3094; x_wconf 77' lang='lat' dir='ltr'><em>periculo</em></span> <span class='ocrx_word' id='word_1_552' title='bbox 1746 3070 1756 3085; x_wconf 88' lang='lat'><strong>,</strong></span> <span class='ocrx_word' id='word_1_553' title='bbox 1770 3052 1849 3089; x_wconf 59' lang='lat' dir='ltr'><em>pogsat</em></span> <span class='ocrx_word' id='word_1_554' title='bbox 1859 3053 1910 3075; x_wconf 76' lang='lat' dir='ltr'><em>ca-</em></span> 
     </span>
     <span class='ocr_line' id='line_1_105' title="bbox 1085 3090 1906 3132; baseline -0.012 -6"><span class='ocrx_word' id='word_1_555' title='bbox 1085 3105 1152 3126; x_wconf 83' lang='lat' dir='ltr'><em>vere</em></span> <span class='ocrx_word' id='word_1_556' title='bbox 1164 3118 1172 3131; x_wconf 92' lang='lat'>‚</span> <span class='ocrx_word' id='word_1_557' title='bbox 1184 3104 1219 3125; x_wconf 87' lang='lat' dir='ltr'><em>ne</em></span> <span class='ocrx_word' id='word_1_558' title='bbox 1230 3092 1287 3132; x_wconf 85' lang='lat' dir='ltr'><em>fibi</em></span> <span class='ocrx_word' id='word_1_559' title='bbox 1304 3099 1404 3124; x_wconf 82' lang='lat' dir='ltr'><em>noceat</em></span> <span class='ocrx_word' id='word_1_560' title='bbox 1430 3099 1523 3126; x_wconf 57' lang='lat' dir='ltr'><em>amm</em></span> <span class='ocrx_word' id='word_1_561' title='bbox 1542 3090 1747 3131; x_wconf 66' lang='lat' dir='ltr'><em>qfficaratorts.</em></span> <span class='ocrx_word' id='word_1_562' title='bbox 1784 3091 1906 3121; x_wconf 78' lang='lat' dir='ltr'><em>Contra-</em></span> 
     </span>
     <span class='ocr_line' id='line_1_106' title="bbox 1083 3129 1906 3177; baseline -0.015 -9"><span class='ocrx_word' id='word_1_563' title='bbox 1083 3137 1130 3168; x_wconf 86' lang='lat' dir='ltr'><em>ria</em></span> <span class='ocrx_word' id='word_1_564' title='bbox 1137 3135 1353 3177; x_wconf 84' lang='lat' dir='ltr'><em>affocurationis</em></span> <span class='ocrx_word' id='word_1_565' title='bbox 1365 3133 1438 3166; x_wconf 66' lang='lat' dir='ltr'><em>aaa</em></span> <span class='ocrx_word' id='word_1_566' title='bbox 1448 3131 1488 3174; x_wconf 64' lang='lat' dir='ltr'><em>es}</em></span> <span class='ocrx_word' id='word_1_567' title='bbox 1498 3134 1534 3163; x_wconf 88' lang='lat' dir='ltr'><em>ad</em></span> <span class='ocrx_word' id='word_1_568' title='bbox 1545 3131 1692 3173; x_wconf 65' lang='lat' dir='ltr'><em>praemium</em></span> <span class='ocrx_word' id='word_1_569' title='bbox 1702 3153 1710 3167; x_wconf 83' lang='lat'>,</span> <span class='ocrx_word' id='word_1_570' title='bbox 1722 3129 1757 3164; x_wconf 63' lang='grc' dir='ltr'><em>ὅ)</em></span> <span class='ocrx_word' id='word_1_571' title='bbox 1771 3141 1821 3172; x_wconf 69' lang='lat' dir='ltr'><em>quo</em></span> <span class='ocrx_word' id='word_1_572' title='bbox 1838 3136 1906 3161; x_wconf 75' lang='lat' dir='ltr'><em>tem-</em></span> 
     </span>
    </p>
   </div>
   <div class='ocr_carea' id='block_1_57' title="bbox 1079 3168 1906 3243">
    <p class='ocr_par' dir='ltr' id='par_1_57' title="bbox 1079 3168 1906 3243">
     <span class='ocr_line' id='line_1_107' title="bbox 1079 3168 1906 3243; baseline -0.012 -33"><span class='ocrx_word' id='word_1_573' title='bbox 1079 3183 1148 3219; x_wconf 85' lang='lat' dir='ltr'><em>pore</em></span> <span class='ocrx_word' id='word_1_574' title='bbox 1172 3178 1203 3209; x_wconf 80' lang='lat' dir='ltr'><em>id</em></span> <span class='ocrx_word' id='word_1_575' title='bbox 1222 3175 1263 3216; x_wconf 86' lang='lat' dir='ltr'><em>fit</em></span> <span class='ocrx_word' id='word_1_576' title='bbox 1272 3176 1464 3218; x_wconf 78' lang='lat' dir='ltr'><em>solvendum,</em></span> <span class='ocrx_word' id='word_1_577' title='bbox 1490 3173 1526 3209; x_wconf 52' lang='grc' dir='ltr'><em>δέ</em></span> <span class='ocrx_word' id='word_1_578' title='bbox 1541 3183 1600 3214; x_wconf 89' lang='lat' dir='ltr'><em>an,</em></span> <span class='ocrx_word' id='word_1_579' title='bbox 1616 3169 1645 3211; x_wconf 84' lang='lat' dir='ltr'><em>fi</em></span> <span class='ocrx_word' id='word_1_580' title='bbox 1656 3168 1761 3212; x_wconf 81' lang='lat' dir='ltr'><em>statim</em></span> <span class='ocrx_word' id='word_1_581' title='bbox 1784 3168 1906 3243; x_wconf 50' lang='lat' dir='ltr'><em>nonspvg:</em></span> 
     </span>
    </p>
   </div>
   <div class='ocr_carea' id='block_1_58' title="bbox 1978 3419 2001 3436">
    <p class='ocr_par' dir='ltr' id='par_1_58' title="bbox 1978 3419 2001 3436">
     <span class='ocr_line' id='line_1_108' title="bbox 1978 3419 2001 3436; baseline 0 0"><span class='ocrx_word' id='word_1_582' title='bbox 1978 3419 2001 3436; x_wconf 72' lang='grc' dir='ltr'>Η</span> 
     </span>
    </p>
   </div>
  </div>
 </body>
</html>
