2008 3436
323 119 397 157 DE
432 113 706 155 DOM1N10
743 111 931 150 MARIS
957 111 1367 156 DISSERTATIO,
1412 114 1449 150 C.
1477 115 1525 152 V.

43 200 144 236 ‘insum
168 199 306 238 Franci,
335 199 464 240 Belgae,
495 196 608 242 Suedih,
632 194 736 241 Dani,
761 193 833 239 alii:
858 202 904 239 er-

44 237 86 287 g⁴0
104 245 133 276 ἅ
152 243 181 275 hi
203 243 272 275 sunt
294 241 414 272 domini
437 238 529 271 maris
549 235 749 270 Brrcanmcr?
773 235 904 275 quidm,

43 295 116 317 eum
134 293 242 316 corum
265 282 372 314 eadem
395 281 432 314 fit
449 279 638 320 occupatio,
663 277 770 309 eadem
787 275 902 316 poll'es-

43 327 89 360 fio
112 327 129 359 ἱ)
169 325 221 358 sed
256 324 348 365 Angli
382 320 577 363 magistratus
617 319 792 363 maritimos
822 326 904 363 crea-

41 377 136 407 runt,
162 365 322 399 Comitem
346 364 464 396 littoris
487 361 636 399 saxonici
654 370 709 402 per
734 360 904 405 Brittanni-

43 419 110 447 am,
133 408 245 439 deinde
264 405 449 439 Praefeuum
470 405 562 436 maris
584 402 649 434 rive
667 402 824 439 classium,
850 410 900 431 im-

42 458 191 494 perarunt
219 447 382 488 vectigalia
398 469 409 485 ,
439 443 645 487 permiserunt
670 444 723 475 vel
751 449 905 483 negarunt

43 491 204 525 transitum
229 488 496 531 piscationemve,
520 485 596 517 mari
617 485 769 517 terminos
795 483 906 525 posuc-

43 543 137 572 rum,
161 534 191 566 δε
215 540 283 571 quae
308 529 369 561 alia
395 529 466 560 sunt
489 527 622 558 dominii
648 527 796 559 maritimi
816 534 904 567 argu-

43 584 160 609 menta.
203 571 349 611 Denique
371 570 437 602 aCta
458 568 587 611 publica
604 568 738 607 Gentis,
762 568 906 608 Scripto-

42 626 113 650 rum
137 615 212 648 fides
233 635 244 651 ,
275 611 471 652 Populorum
498 609 677 643 testimonia
701 609 780 642 illud
813 609 906 640 maris

43 657 209 699 imperium
234 653 417 695 agnoscunt.
464 652 556 685 Nihil
575 660 678 685 tamen
699 652 767 683 haec
780 675 789 690 ,
815 650 836 682 si
855 649 907 681 vel

43 696 238 740 liquidiffima
257 694 336 734 tint,
357 695 525 736 quicquam
546 693 717 733 proficiunt
733 693 796 726 fine
813 700 908 723 occu-

42 741 171 784 patione
193 745 362 779 perpetua:
385 736 481 768 facile
506 736 548 767 e‘l
579 735 716 767 classium
739 733 910 779 Praefestos

43 790 148 815 creare
164 779 251 811 domi
264 801 274 817 ,
297 778 461 819 vectigalia
475 779 646 819 imperare,
670 777 720 808 led
737 775 797 808 suis
811 798 821 812 ,
846 783 911 805 imo

45 824 98 856 vel
119 822 188 854 aliis
211 830 252 852 ex
277 818 416 853 formula
442 819 566 859 Edisti3
589 819 684 852 facile
710 818 786 850 item
814 816 912 863 Inter-

45 865 138 898 dictis
166 861 327 895 tralatitiis
349 861 517 902 prohibere
539 870 668 894 exteros
696 859 790 898 mari,
814 856 911 899 pisca-

48 906 129 939 tioni
147 927 158 944 ‚
189 904 220 935 δ(
245 912 286 935 ex
309 903 425 935 tabella
450 912 557 944 regere
586 902 704 936 Oceani
733 901 809 934 fines
827 922 838 938 ,
861 898 913 930 sed

47 947 190 989 nunquid
211 946 279 977 haec
301 946 371 985 jure
396 944 495 983 fiant,
517 955 576 977 una
596 944 689 976 nobis
708 944 745 974 lis
769 940 834 987 est.⁴
870 940 914 972 Et

48 998 216 1031 negamus,
240 986 262 1019 fi
284 996 346 1018 non
365 986 441 1018 adlit
467 986 601 1027 praesens
623 984 737 1017 subacti
759 992 851 1014 maris
869 992 914 1012 ar-

48 1038 231 1075 gumentum
248 1050 260 1067 ,
291 1029 384 1060 animi
410 1026 614 1068 corporisque
647 1024 815 1067 possessio:
849 1033 914 1055 non

48 1072 135 1115 quod
162 1070 297 1111 opinor,
329 1069 381 1110 qui
404 1068 573 1100 Britanniae
596 1069 789 1108 imperarunt
806 1088 817 1104 ,
848 1075 914 1097 non

50 1113 217 1155 aliquando
239 1109 404 1150 occupasse
427 1110 457 1141 δι
484 1110 591 1141 animo
622 1109 678 1142 fibi
711 1107 843 1139 habendi
869 1115 913 1138 te-

50 1153 149 1188 nuiffe
177 1161 261 1184 mare
284 1151 519 1189 Britannicum,
542 1160 574 1183 at
597 1150 682 1193 quod
706 1148 829 1182 remissa
844 1158 915 1189 pos-

50 1195 178 1230 seffione
205 1203 282 1225 mox
308 1192 462 1224 remiserit
493 1193 670 1234 imperium.
724 1191 885 1223 Romanos
905 1213 916 1229 ,

50 1246 124 1271 cum
135 1234 247 1268 -Iusulae
261 1234 440 1276 potirentur
450 1256 460 1272 ,
477 1234 588 1266 lubens
600 1234 758 1266 adsentior
769 1233 919 1273 aliquam-

51 1281 106 1312 diu
133 1276 208 1309 sreti
238 1276 410 1309 Britannici
434 1275 527 1307 fuiss‘e
552 1276 698 1308 dominos
716 1299 725 1315 ‚
749 1274 918 1306 incubante

53 1321 83 1354 ei
109 1318 204 1352 classe
225 1317 425 1356 Britannica,
450 1316 501 1348 sed
521 1318 601 1349 cedo
619 1317 696 1350 mibi
723 1317 798 1348 alias
822 1317 919 1348 Saxo-

53 1371 152 1400 num,
184 1360 359 1401 Anglorum
378 1381 390 1396 ,
419 1357 676 1391 Normannorum
697 1383 706 1398 ‚
737 1358 921 1399 Regumque

55 1402 230 1437 Britannia:
254 1399 486 1441 insequentium
513 1400 642 1439 claues,
669 1410 738 1442 quse
758 1409 798 1431 eo
815 1400 920 1431 animo

55 1444 240 1485 navigarunt
259 1443 290 1474 &
311 1440 527 1483 posseffionem
544 1441 648 1481 ejusce
663 1442 755 1474 maris
772 1441 842 1473 sunt
863 1440 922 1472 tui-

56 1497 109 1519 tae.
151 1484 302 1517 Seldenus
323 1484 467 1525 equidem
479 1483 642 1515 ambitiosa
659 1483 836 1516 eruditione
854 1482 922 1514 haec

56 1537 166 1559 eorum
188 1526 316 1568 imperia
339 1525 494 1557 maritima
512 1526 645 1557 extollit
658 1549 668 1564 ,
693 1524 744 1557 sed
762 1523 922 1567 persuasus

57 1569 144 1608 sum,
167 1578 228 1600 non
246 1567 329 1599 aliud
345 1565 413 1598 fere
438 1568 618 1609 exemplum
637 1567 784 1608 occupati
806 1568 835 1599 ὃ(
853 1576 922 1608 pos-

57 1610 124 1644 scffi
144 1610 235 1642 maris
259 1609 297 1641 ab
324 1618 363 1640 eo
387 1607 596 1650 suppeditari,
619 1619 710 1651 quam
731 1609 844 1650 Edgari
861 1608 920 1640 Re-

56 1654 104 1695 gis
120 1674 132 1688 ,
163 1651 216 1693 qui
241 1651 319 1682 omni
350 1648 445 1690 aeftszte
463 1673 474 1689 ,
507 1651 619 1692 emacula
641 1650 747 1692 statim
785 1650 922 1691 Paschali

50 1693 242 1737 festivitate,
266 1702 356 1724 naves
369 1699 424 1732 per
441 1695 538 1724 omnia
557 1693 658 1724 littora
677 1694 835 1725 coadunari
847 1698 920 1733 prae-

53 1736 184 1777 cipiebat
195 1758 204 1774 ,
230 1734 261 1766 ὅ(
277 1732 408 1766 insulam
428 1734 661 1766 circumeatis
678 1744 763 1766 mare
780 1735 922 1775 explora-

55 1777 130 1815 bat,
151 1786 187 1807 ue
204 1776 272 1817 quid
291 1776 398 1816 piratae
413 1778 588 1815 turbarent,
611 1777 742 1808 viriliter
761 1777 811 1807 hoc
832 1786 923 1818 agens

55 1820 95 1852 ad
118 1816 311 1858 defensionem
340 1823 442 1848 contra
466 1825 577 1849 exteros
598 1820 683 1861 regui
698 1818 750 1860 fici
763 1841 773 1856 ,
797 1827 832 1849 ut
856 1821 923 1849 baec

56 1870 99 1894 ex
113 1859 272 1892 monacho
287 1858 571 1892 Malmesburiense
585 1861 716 1901 aliisque
730 1867 835 1891 narrat
852 1859 921 1891 Lib.

57 1901 100 1936 ΙΙ.
126 1902 157 1933 C.
192 1910 241 1933 10.
294 1899 457 1946 Quicquid
486 1902 524 1933 ad
551 1902 645 1933 instar
674 1902 740 1942 ejus
766 1901 925 1942 protulit,

58 1945 97 1976 ad
117 1943 300 1976 continuam
325 1941 571 1984 praescntemque
592 1944 686 1975 uraris
710 1942 925 1984 poss'effionem

57 1995 122 2019 non
139 1985 297 2026 pertinet,
323 1992 359 2014 ut
385 1993 444 2015 nee
470 1983 558 2016 forte
583 1985 662 2017 illud
684 1984 798 2026 Edgari
820 1993 925 2015 exem-

57 2027 164 2075 plum,
179 2024 417 2064 annua,bima‚
444 2025 556 2065 trima,
582 2035 618 2057 ut
638 2027 681 2057 ita
696 2026 818 2065 dicam,
843 2034 926 2057 mare

59 2067 220 2101 mfidentis
237 2066 349 2105 classe,
372 2068 575 2108 quantumvis
593 2067 767 2100 numerosa.
813 2066 926 2108 Perpe-

1 2114 10 2122 '
60 2118 120 2142 tuo
140 2118 160 2141 0
183 2116 268 2140 ortet
294 2107 468 2150 posfidere,
491 2119 564 2141 cum
592 2108 764 2141 intermiss'a
784 2108 928 2149 alloquin

58 2149 145 2193 posse
169 2159 240 2182 ione
254 2150 614 2192 intermittaturquoque
630 2150 814 2182 dominium.
826 2150 927 2197 Quin-

60 2195 127 2226 imo
153 2191 176 2223 si
203 2190 256 2223 vel
275 2191 354 2222 olim
379 2191 473 2232 Angli
497 2192 688 2233 possederint
704 2216 713 2230 ,
746 2191 825 2223 cedo
849 2192 927 2223 mibi

59 2233 174 2271 hodie,
197 2241 236 2263 ne
261 2231 356 2263 verba
364 2233 522 2304 pperdam,
547 2234 599 2265 vel
625 2233 773 2272 classem,
797 2233 851 2265 vel
875 2243 926 2265 na-

58 2275 126 2306 vim
143 2283 255 2311 unam,
277 2282 347 2314 quae
388 2274 476 2314 opuli
502 2274 667 2316 Anglicani
685 2275 815 2307 nomine
842 2284 927 2307 mare

58 2315 278 2350 Britannicum
293 2313 439 2355 navigat,
465 2315 495 2346 ὅ(
520 2324 622 2349 tamen
640 2316 701 2348 hoc
725 2316 866 2357 agimus,
890 2325 926 2348 ut

59 2367 145 2391 mare
164 2356 257 2387 hodie
273 2356 518 2396 pronunciemus
538 2357 671 2389 liberum
688 2357 717 2389 &
745 2367 923 2390 commune.

59 2400 93 2432 si
112 2398 191 2431 nihil
207 2396 359 2438 ejusmodi
376 2406 496 2438 quaeras
520 2398 572 2430 vel
596 2399 756 2438 invenias,
783 2399 813 2431 &
829 2398 926 2431 solius

60 2439 155 2473 anImi
171 2438 314 2480 poffeffio
337 2438 409 2470 heic
431 2439 468 2471 fit
493 2440 601 2478 nulla,
624 2439 787 2472 sententiae
811 2439 925 2472 nostrae

58 2481 113 2515 sua
128 2481 240 2521 utique
257 2478 379 2511 constat
399 2481 492 2512 ratio.

101 2523 199 2570 Quod
219 2531 293 2553 cum
315 2520 373 2559 fit,
396 2522 604 2565 intelligimus
621 2523 741 2565 Anglos
759 2523 790 2556 in
807 2533 846 2555 eo
864 2533 926 2555 ma-

58 2565 87 2598 ri
107 2574 172 2597 non
199 2563 313 2595 habere
335 2563 463 2604 aliquod
482 2565 531 2604 jus
550 2566 763 2606 praecipuum,
785 2565 842 2597 nifi
868 2575 928 2606 qua

61 2616 80 2638 e
104 2613 189 2637 terra
210 2604 383 2646 poffident3
407 2615 508 2647 neque
527 2615 648 2638 tantum
673 2615 737 2638 non
763 2606 876 2638 babere
895 2607 928 2638 in

61 2648 193 2680 Oceano
219 2646 402 2678 Britannico
421 2669 432 2685 ,
460 2648 585 2688 qualem
610 2648 702 2680 nobis
725 2648 869 2679 latisfime
895 2657 928 2679 o-

61 2689 178 2721 ssentat
199 2686 369 2726 seldenus,
393 2687 445 2719 sed
478 2698 538 2720 nec
567 2689 598 2721 in
627 2688 712 2721 freto
739 2690 818 2727 illo,
843 2689 928 2730 quod

61 2729 225 2762 Franciam
249 2727 392 2769 Angliam
416 2739 454 2760 ue
479 2730 632 2763 interluit.
677 2731 847 2772 Utrimque
869 2740 928 2762 nec

61 2770 237 2813 poffident,
261 2778 320 2801 nec
346 2779 388 2810 po
415 2770 547 2804 ederunt
573 2782 711 2813 unquam
729 2795 739 2811 ,
771 2772 826 2804 nisi
852 2781 926 2804 cum

46 2813 141 2844 ·olim
155 2811 243 2843 bello
257 2809 395 2842 Franciae
423 2820 544 2853 partem
561 2821 775 2855 occuparant3
798 2814 836 2845 ab
862 2823 927 2845 uno

21 2855 23 2858 ⁴
64 2854 162 2886 latere
171 2852 317 2893 Angliam
338 2850 470 2892 habent,
487 2854 525 2886 ab
539 2855 641 2886 altero
652 2855 764 2887 Franci
782 2855 927 2896 &Belgae

63 2902 220 2942 perpetuo
236 2892 390 2924 dominati
407 2892 498 2933 sunt,
519 2905 584 2928 non
603 2896 705 2928 minus
727 2906 819 2937 quarn
834 2896 928 2938 Angli

65 2945 99 2968 ln
126 2934 297 2969 Britannia.
342 2933 404 2980 Sed
432 2935 487 2967 etsi
514 2937 673 2978 utrimque
703 2937 927 2979 possedissent,

65 2986 106 3009 ne
128 2977 160 3008 in
183 2975 270 3007 freto
296 2975 423 3016 quidem
447 2975 515 3016 ipso
534 2977 565 3009 id
583 2978 632 3018 jus
657 2979 828 3018 haberent,
853 2979 927 3018 nisi,

65 3025 104 3049 ut
122 3017 200 3049 olim
216 3016 372 3055 Romani,
395 3016 488 3048 claffe
511 3017 542 3049 id
565 3028 733 3061 perpetua,
758 3021 861 3052 aliave
876 3030 927 3052 na-

66 3058 156 3090 vium
177 3056 318 3089 custodia
344 3057 533 3097 tenuissent,
556 3069 626 3091 narn
653 3069 785 3102 propter
817 3062 928 3093 introi-

67 3107 121 3131 tus
144 3099 175 3130 &
207 3099 312 3131 exitus
342 3099 541 3131 latitudinem
564 3101 632 3141 jure
660 3103 930 3144 teri-&utrimque

68 3139 210 3181 peffeffae
236 3149 319 3172 mare
341 3140 394 3172 hic
415 3140 477 3171 dici
507 3141 617 3182 nequit
641 3143 796 3183 poffideri.
841 3144 931 3176 Atta-

69 3190 141 3212 men
162 3180 192 3213 &
213 3190 250 3212 ea
268 3181 390 3213 ratione
418 3181 504 3213 illius
525 3180 600 3214 freti
622 3183 796 3216 dominium
821 3185 933 3227 Anglis

70 3220 132 3254 suis
150 3230 274 3265 arrogat
294 3222 433 3264 Temple
456 3222 615 3256 Ina-oduu.
642 3222 772 3265 Hester.-
781 3225 880 3268 Augl.
900 3233 931 3267 p.

1741 123 1807 164 13t

946 205 984 225 m.
1018 204 1088 226 220.
1115 203 1131 224 a
1155 193 1351 234 temporibus
1382 193 1504 227 scilicet
1535 196 1698 229 (miliclmi
1720 220 1730 236 ,
1762 197 1817 238 qui

951 235 1122 276 Conquestor
1139 235 1276 274 dicitur,
1303 237 1332 267 ἃ
1364 235 1568 277 Normanniae
1588 240 1649 270 du>x
1668 248 1753 277 crae,
1778 249 1817 270 ri-

947 277 1073 316 dicule,
1097 286 1193 317 quum
1219 276 1260 307 {ic
1285 277 1337 320 vel
1373 278 1556 309 tantundem
1587 279 1816 319 Normannffl,

949 328 986 350 ac
1010 319 1053 350 ita
1080 319 1173 350 bodie
1190 317 1393 350 -Francorum
1424 319 1501 360 Regi
1530 321 1703 352 accederet.
1756 321 1818 353 Sed

950 359 1085 401 potestas
1101 360 1297 391 continentis
1314 370 1377 392 non
1396 361 1477 392 ultra
1495 362 1698 398 extenditur,
1724 372 1817 402 quam

949 411 1034 434 marc
1050 402 1154 433 haberi
1173 401 1276 442 potest
1293 400 1470 439 subditum3
1495 404 1608 444 absque
1629 412 1668 433 co
1683 403 1703 434 fi
1720 404 1796 434 cll'et
1808 425 1818 443 ,

950 452 1079 485 repente
1101 444 1169 485 quis
1198 441 1419 484 Hispaniarum
1446 443 1547 485 Reges
1573 444 1656 475 dicat
1683 444 1743 475 elle
1764 445 1818 475 do-

949 487 1059 517 minos*
1075 484 1217 522 Oceani,
1240 486 1293 525 qui
1321 485 1503 526 Hispaniam
1523 486 1650 517 interest
1669 486 1698 517 ὅ(
1729 486 1818 517 Ame-

950 528 1068 565 ricam,
1094 528 1251 567 utrimque
1278 528 1393 568 quippe
1420 527 1635 568 pellicientem
1672 529 1700 559 ὅ(
1720 527 1819 567 vulgo

951 569 1046 600 etiam
1072 569 1178 608 ajunt,
1206 568 1262 599 bos
1283 569 1335 601 libi
1363 569 1481 601 Oceani
1511 569 1677 610 imperium
1705 567 1819 600 adscri-

951 610 1046 648 bere,
1069 619 1178 641 verum
1198 610 1312 642 rectius
1331 611 1358 642 id
1380 612 1563 652 negabimus
1585 612 1654 651 Cap.
1681 610 1753 642 Vll.

995 651 1046 683 De
1064 661 1096 682 re
1116 650 1179 692 ipsa
1195 662 1265 683 cum
1286 652 1327 684 fic
1346 652 1416 684 {atis
1429 676 1437 691 ‚
1465 661 1499 684 ut
1516 653 1632 694 opinor
1645 675 1654 691 ,
1683 652 1820 690 clai-cat,

952 703 1015 726 non
1035 692 1098 732 est,
1122 702 1178 724 cur
1192 694 1328 725 Scldeno
1347 695 1542 727 invideamus
1562 692 1717 735 splendida
1739 692 1822 724 testi-

954 735 1075 773 monia,
1101 736 1215 775 quibus
1236 736 1290 767 ille
1310 736 1347 767 ad
1377 737 1521 768 tuendam
1545 735 1658 767 Gentis
1677 735 1736 767 suae
1755 735 1823 777 glo-

955 777 1031 808 riam
1058 777 1151 817 longe
1174 777 1298 818 lateque
1324 777 1461 819 superbit
1481 789 1490 818 3
1515 786 1695 820 apparatum
1721 777 1823 808 erudi-

957 819 1054 850 tionis
1082 818 1220 850 avsnosco
1255 819 1412 859 ingentem
1432 842 1442 857 ,
1474 820 1538 851 vim
1573 819 1723 860 probandi
1759 826 1838 850 uon‘

959 869 1057 901 aeque.
1099 842 1180 892 {Ion
1207 859 1390 892 refut-atero
1413 860 1591 893 testimonia
1610 861 1660 892 vel
1672 860 1825 894 ‚domesti-

958 912 1012 940 ca,
1038 901 1085 932 uti
1106 901 1176 934 sunt
1195 902 1361 942 pleraque,
1388 904 1438 933 vel
1457 905 1550 934 etiam
1567 910 1734 941 extranca,
1753 911 1825 933 nam

958 952 994 974 ut
1027 951 1061 974 ut
1088 943 1142 974 illa
1168 943 1227 976 fint
1244 965 1253 981 ,
1279 945 1376 975 nolim
1400 945 1574 976 dominium
1602 946 1693 976 maris
1718 943 1826 975 arccffi

959 985 996 1017 ab
1021 985 1191 1016 errantium
1221 984 1420 1018 testimoniis.
1466 987 1643 1027 Scriptores
1661 1011 1670 1024 ,
1704 984 1828 1016 barbari

958 1024 1130 1067 praesertim
1152 1027 1256 1059 saeculi
1270 1050 1279 1064 ,
1306 1027 1419 1066 quibus
1437 1028 1490 1059 ille
1509 1038 1572 1060 non
1592 1028 1683 1058 {eniel
1705 1028 1828 1064 utitur,

959 1070 990 1100 in
1010 1066 1220 1108 descriptione
1238 1069 1386 1106 urbium,
1410 1070 1540 1100 marium
1554 1093 1564 1108 ‚
1589 1070 1733 1100 locorum
1750 1069 1830 1100 mire

958 1109 1132 1141 caecutiisse
1150 1111 1265 1141 videas.
1293 1108 1521 1152 Geograpbus,
1545 1110 1652 1142 nescio
1670 1111 1760 1149 quis,
1789 1111 1842 1141 A·v

959 1155 1030 1184 rabs
1051 1151 1132 1193 apud
1159 1152 1327 1184 Seldenum
1354 1153 1424 1184 Lsh.
1460 1153 1498 1185 ΙΙ.
1538 1154 1570 1185 C.
1606 1161 1631 1183 1.
1667 1152 1768 1183 Illam
1791 1151 1829 1182 cl.

962 1202 1193 1225 commemorat·
1222 1203 1300 1224 mare
1327 1195 1493 1237 Arxglorucn
1512 1217 1523 1233 ,
1555 1195 1638 1231 e'log
1665 1193 1715 1224 scd
1747 1193 1830 1224 idem

964 1236 1023 1267 eod.
1049 1235 1091 1266 loc
1111 1236 1154 1267 ita
1177 1235 1262 1267 infit:
1287 1246 1306 1266 a
1328 1236 1422 1267 Toltco
1449 1238 1486 1269 ad
1509 1238 1539 1269 S.
1568 1236 1734 1277 Jacohum,
1758 1235 1831 1276 quod

955 1276 1046 1317 ficum
1076 1275 1116 1318 est
1134 1276 1225 1319 ficper
1249 1287 1327 1309 mare
1353 1278 1544 1321 Auglorum,
1567 1288 1669 1309 uoveu
1688 1276 1834 1317 stationes

964 1320 1023 1350 dte.
1054 1328 1130 1350 mox
1157 1319 1285 1359 locum,
1311 1319 1363 1351 ubi
1394 1321 1449 1352 {ita
1478 1320 1524 1352 est
1547 1321 1575 1353 S.
1612 1320 1718 1360 jacobi
1739 1321 1835 1356 urbs,

964 1360 1102 1401 appellat
1121 1363 1348 1401 promontorz'wu
1372 1364 1462 1393 maris
1495 1362 1664 1405 Auglorum
1683 1384 1693 1400 ,
1729 1360 1834 1391 locata

964 1403 1005 1434 lic
1023 1401 1117 1441 urbe,
1141 1412 1234 1443 quam
1250 1401 1414 1443 Hispaniae
1429 1404 1490 1435 ess'e
1507 1402 1651 1441 constat,
1674 1402 1712 1434 ad
1729 1411 1834 1439 mare,

965 1452 1001 1475 ut
1026 1442 1090 1484 ipse
1116 1452 1235 1483 vocat,
1261 1443 1446 1485 Anglorum.
1494 1446 1530 1478 ln
1553 1444 1621 1486 ipso
1646 1443 1775 1477 Zofimo
1800 1443 1836 1475 li-

965 1493 1018 1517 cet
1051 1485 1229 1526 hujusmodi
1262 1485 1352 1527 plura
1379 1487 1622 1529 deprehendere.
1657 1486 1749 1517 Libro
1776 1484 1832 1517 ΙΙΙ.

966 1525 1094 1566 Parifios
1117 1527 1196 1558 dicit
1224 1527 1390 1559 Germanice
1421 1530 1588 1570 oppidulum
1613 1529 1643 1560 &
1672 1528 1835 1559 Bononiam

965 1569 1118 1610 inferioris
1137 1570 1305 1601 Germanice
1323 1571 1488 1603 civitatem.
1511 1572 1582 1603 Lib.
1599 1571 1666 1602 eod.
1691 1570 1735 1600 ait
1751 1568 1832 1600 Rhe-

965 1621 1035 1643 num
1053 1613 1085 1642 in
1107 1611 1261 1643 Oceanum
1285 1611 1475 1644 Atlanticum
1500 1611 1620 1654 effluere.
1667 1610 1744 1644 Non
1768 1611 1834 1652 pla-

965 1660 1017 1684 cet
1046 1653 1153 1685 tricari
1186 1654 1225 1684 de
1259 1654 1473 1694 appellatione
1503 1654 1622 1687 Oceani
1656 1653 1836 1691 Atlantici,

965 1704 1037 1726 cum
1057 1694 1171 1734 sciam,
1198 1695 1331 1726 Veteres
1358 1696 1441 1728 hunc
1466 1696 1519 1728 vel
1538 1706 1577 1728 eo
1603 1704 1702 1736 usque
1723 1704 1838 1735 expor-

965 1736 1100 1775 rexiss‘e;
1124 1736 1175 1768 sed
1200 1736 1337 1769 Rhenum
1355 1737 1452 1777 dicit,
1480 1739 1508 1770 ὃ(
1528 1738 1580 1770 vel
1599 1737 1729 1768 Scaldim
1744 1735 1838 1768 iutel-

965 1779 1056 1819 ligit,
1081 1779 1134 1810 vel
1152 1779 1285 1820 Mosam,
1309 1780 1573 1819 quemadmodum
1590 1779 1737 1811 observat
1753 1777 1839 1820 Eyn-

965 1822 1035 1852 dius
1059 1820 1164 1852 noller
1193 1821 1223 1852 in
1254 1821 1358 1852 chron.
1384 1821 1508 1853 Zelaud.
1534 1822 1605 1853 Lz'h.
1632 1821 1643 1853 I
1674 1821 1705 1852 C.
1729 1829 1762 1861 5.
1786 1820 1839 1851 ad-

967 1862 1068 1894 ductis
1085 1862 1256 1896 'aufilorum
1276 1863 1376 1901 locis,
1400 1873 1480 1904 quos
1500 1863 1603 1895 Rheni
1625 1861 1839 1904 appellatione

967 1903 1110 1937 {imiliter
1126 1902 1237 1935 abusos
1253 1904 1384 1945 probat3
1410 1905 1478 1936 haec
1495 1905 1525 1937 δε
1546 1905 1577 1936 id
1594 1914 1691 1946 genus
1709 1903 1769 1935 alia
1786 1912 1839 1944 pe-

968 1944 1051 1987 perit
1079 1943 1289 1987 Geographiae
1327 1946 1503 1987 ignorantia
1539 1947 1570 1979 ἃ
1597 1948 1742 1978 locorum
1760 1967 1771 1984 ,
1805 1946 1839 1977 in

969 1987 1084 2027 quibus
1113 1987 1303 2024 vivebatur,
1326 1988 1442 2028 grande
1466 1988 1547 2029 saepe
1572 1987 1773 2020 intervallum
1800 1987 1840 2018 ab

968 2028 1035 2067 his,
1060 2028 1098 2059 de
1121 2028 1235 2069 quibus
1264 2028 1422 2061 habendus
1452 2038 1518 2061 erat
1546 2029 1657 2061 sermo,
1712 2027 1840 2060 Deinde

969 2070 1022 2101 vel
1048 2079 1122 2101 vera
1144 2070 1289 2109 nomina,
1314 2071 1450 2103 maribus
1474 2071 1638 2112 imposita,
1662 2070 1841 2102 dominium

969 2120 1034 2143 non
1062 2111 1200 2142 tribuere
1225 2112 1390 2152 plusquam
1415 2112 1614 2145 manifestum
1633 2112 1696 2145 est:
1722 2111 1842 2143 etenim

969 2162 1034 2184 non
1062 2153 1188 2184 aliunde
1211 2152 1279 2184 fere
1308 2153 1374 2185 haec
1398 2151 1594 2193 sortiuntur,
1616 2164 1706 2196 quam
1727 2162 1745 2184 a
1760 2153 1840 2184 vici-

969 2195 1040 2233 nis,
1064 2204 1140 2235 quas
1156 2194 1300 2234 alluunt,
1325 2193 1482 2227 Gentibus
1495 2221 1504 2236 ,
1516 2197 1546 2228 &
1566 2196 1640 2228 hinc
1655 2196 1727 2228 bina
1743 2204 1839 2237 quan-

969 2236 1074 2277 doque
1091 2245 1108 2267 a
1131 2236 1214 2268 binis
1240 2237 1389 2278 populis,
1416 2238 1576 2279 utrimque
1601 2237 1740 2276 accolis,
1771 2246 1836 2269 non

969 2277 1114 2309 dominis.
1162 2276 1266 2318 Ipsum
1285 2278 1448 2310 Oceanum
1465 2280 1682 2312 Britannicum
1702 2280 1840 2319 aliquan-

968 2319 1010 2350 do
1036 2319 1207 2359 Gallicum,
1233 2320 1263 2352 &
1283 2320 1400 2360 fretum
1431 2321 1581 2352 Gallicum
1607 2322 1668 2353 dici
1688 2321 1753 2353 scio
1769 2320 1839 2351 aliis

969 2360 1193 2399 observatum,
1217 2361 1296 2393 nihil
1325 2370 1428 2394 tamen
1450 2363 1522 2394 inde
1538 2363 1616 2403 juris
1640 2362 1701 2394 effe
1718 2361 1837 2392 Gallia-

969 2411 1038 2434 rum
1056 2402 1135 2443 Regi
1152 2402 1233 2433 haud
1253 2403 1427 2435 difficulter
1443 2404 1538 2445 Angli
1558 2403 1751 2435 fatebuntur.

1012 2443 1088 2474 Plus
1105 2443 1259 2474 momenti
1277 2443 1399 2476 adferre
1422 2445 1567 2477 videntur
1583 2444 1735 2476 Gentium
1757 2442 1840 2475 testi-

969 2485 1095 2522 monia,
1119 2494 1188 2525 quae
1213 2485 1293 2516 illud
1314 2485 1488 2526 Anglorum
1514 2487 1679 2528 imperium
1702 2495 1841 2527 agnove-

969 2535 1014 2558 re.
1061 2524 1112 2556 De
1131 2524 1380 2558 confeffionibus
1406 2528 1542 2568 loquor,
1564 2537 1627 2559 non
1654 2528 1767 2567 injuria
1783 2536 1838 2558 ex-

970 2568 1085 2605 tortis,
1109 2565 1162 2598 sed
1189 2567 1296 2599 liberis
1321 2568 1351 2599 &
1377 2567 1490 2609 sponte
1510 2569 1620 2609 factis,
1646 2569 1707 2600 effe
1733 2578 1838 2600 autem

971 2608 1152 2649 hujusmodi
1186 2609 1382 2649 quorundam
1417 2609 1628 2643 confeffiones
1654 2611 1839 2651 neutiquam

970 2650 1076 2690 negari
1099 2651 1230 2690 poterit.
1275 2650 1320 2682 At
1345 2651 1386 2689 si,
1410 2660 1484 2683 cum
1507 2652 1696 2693 poffiderent
1720 2652 1849 2692 Angli,-

971 2691 1136 2732 imperium
1159 2691 1198 2722 fit
1222 2692 1381 2733 agnitum,
1405 2693 1506 2733 nihil,
1533 2704 1606 2726 cum
1624 2703 1687 2725 non
1711 2693 1839 2734 posside-

971 2741 1024 2764 ant
1043 2755 1054 2771 ,
1085 2732 1225 2774 agnitum
1253 2733 1442 2772 videbitur,
1472 2735 1620 2776 siquidem
1647 2735 1678 2766 id
1707 2735 1839 2775 quisque

971 2774 1169 2816 praesumitur
1188 2774 1362 2815 cogitasse,
1387 2776 1471 2816 quod
1493 2777 1570 2816 juris
1595 2776 1662 2814 est,
1686 2783 1780 2816 atque
1808 2785 1826 2806 a

969 2816 1029 2847 deo
1057 2815 1089 2847 id
1109 2837 1120 2853 ,
1150 2816 1235 2856 quod
1260 2817 1356 2848 modo
1379 2818 1601 2849 enarravimus.
1646 2818 1740 2848 Aliud
1772 2815 1843 2855 est,

970 2857 992 2890 fi
1009 2857 1056 2889 his
1073 2866 1137 2888 non
1161 2857 1387 2898 possidentibus
1410 2859 1550 2898 agnitum
1571 2858 1622 2890 vel
1647 2858 1744 2898 pactis
1760 2867 1836 2889 con-

971 2899 1077 2931 ventis
1104 2898 1134 2929 id
1157 2900 1260 2940 palam
1282 2898 1381 2930 fuerit
1405 2900 1529 2937 astum,
1554 2908 1629 2931 tunc
1647 2900 1750 2937 enim,
1773 2909 1839 2932 non

972 2939 1059 2971 secus
1074 2949 1110 2970 ac
1136 2939 1228 2980 ipsius
1245 2940 1369 2981 Angliae
1393 2940 1525 2979 subditi,
1551 2941 1771 2981 intelliguntur
1793 2951 1840 2972 re-

971 2980 1131 3013 nunciasse
1158 2981 1242 3020 juri,
1265 2982 1351 3021 quod
1375 2983 1558 3013 naturaliter
1583 2982 1761 3020 habebant,
1786 2982 1836 3013 ad-

971 3022 1083 3059 misso,
1109 3023 1194 3062 quod
1220 3023 1251 3053 in
1278 3022 1420 3054 Cin-itate
1447 3021 1492 3054 est
1514 3045 1525 3061 ,
1556 3022 1699 3054 dominio
1729 3022 1837 3055 secun-

971 3064 1045 3095 dum
1064 3072 1121 3100 ea,
1144 3072 1214 3103 quae
1243 3065 1314 3103 Cup.
1341 3063 1364 3094 Ι.
1387 3063 1452 3094 ac'ra
1470 3065 1600 3103 probata
1626 3064 1714 3102 sunt,
1738 3064 1788 3096 sed
1808 3065 1841 3097 id·

973 3104 1213 3145 agnoscentibus
1233 3104 1436 3144 praejudicat,
1460 3105 1490 3135 ἃ
1506 3105 1748 3146 agnoscentibus
1762 3106 1840 3137 dur>

975 3154 1062 3177 taxat
1078 3154 1118 3175 ex
1140 3145 1222 3185 Juris
1237 3145 1363 3185 regula,
1378 3155 1447 3186 quae
1462 3155 1526 3177 rem
1545 3148 1626 3178 inter
1643 3147 1722 3178 alios
1741 3147 1840 3179 aelam

975 3187 1045 3218 aliis
1066 3195 1124 3217 nec
1150 3186 1291 3227 prodess’e
1309 3209 1318 3225 ‚
1351 3195 1410 3217 nec
1436 3196 1550 3218 nocere
1579 3187 1658 3229 saepe
1683 3188 1861 3220 definivit.-

977 3227 1119 3268 Oportet
1142 3235 1266 3266 autem,
1291 3235 1327 3259 ut
1352 3227 1405 3259 illa
1422 3228 1543 3283 agnitio
1565 3230 1699 3262 dominii
1723 3230 1842 3261 mariti-

1440 3271 1467 3301 ιζ
1492 3279 1508 3301 2
1800 3275 1843 3307 nri
