2008 3436
285 92 448 128 LIBRI
498 91 862 128 SINGULARIS
920 90 997 126 AD
1047 91 1088 125 L.
1143 89 1356 136 LECTA,
1407 93 1504 130 CAP.
1538 94 1602 130 111.

48 171 183 205 ‘mnanda
196 171 332 212 eJ'usdem
349 172 388 204 dc
407 181 512 203 carum
540 170 767 212 significatione
787 170 917 202 tacitur-

51 215 148 246 nitas:
173 223 274 254 neque
291 213 375 245 aliud
396 213 522 245 videtur
539 213 601 245 cil'e
615 212 685 253 Joh.
701 212 852 253 Scaligeri
869 211 916 251 ju-

50 256 168 288 dicium
179 278 189 294 ,
213 256 287 286 dum
298 255 365 296 plus
383 255 509 295 laboris,
533 265 620 296 quam
637 250 786 293 industria
800 252 915 285 811110-

48 297 93 332 nii
121 295 318 328 Forniulario
345 294 502 328 adscribit.
545 297 577 328 Si
599 295 716 327 etenim
738 303 802 326 non
821 294 918 326 verba

48 339 202 372 duntaxat
227 336 394 377 solemnia,
429 336 480 370 sed
502 337 532 370 &
557 346 668 369 corum
688 335 753 367 vim
769 344 806 366 ac
825 344 915 376 pote-

48 379 160 415 statem
178 378 377 421 explicasset,
402 387 563 421 appareret
580 377 670 417 satis,
694 376 763 417 jure
778 386 843 409 non
862 386 916 423 op3

50 424 132 457 timo
160 421 347 454 Ciceronem
374 421 475 453 ridere
501 420 654 460 Juridicas
688 419 806 464 veteris
831 417 914 450 Latii

49 463 220 502 formulas,
244 463 333 495 velut
350 463 470 503 ineptiis
483 461 629 502 fucatus,
651 459 776 500 fraudis
792 458 827 495 (5⁹
840 457 915 500 stiel-

49 507 124 540 tiiiae
135 503 330 547 plemffimas,
350 502 613 545 quemadmodum
630 501 662 533 in
684 500 774 533 Orat.
780 507 832 542 pro
840 501 913 533 Μα-

48 557 148 586 raena,
174 547 203 578 &
219 545 312 584 alibi3
337 544 388 576 sed
411 552 521 576 contra
543 543 632 575 usum
650 542 781 574 illorum
800 543 914 575 Carmi-

48 599 120 623 num
142 587 196 629 (ut
211 587 266 618 ille
286 585 400 618 ibidem
419 584 580 627 loquitur)
603 584 700 626 magis
717 584 817 616 videri
828 594 915 616 com-

48 629 179 664 modum
213 628 242 659 δ(
268 627 298 659 111
327 627 419 659 rebus
435 627 581 669 agendis,
607 627 637 659 δ(
653 635 685 658 in
703 625 814 658 litibus
830 625 914 658 ordi-

47 670 179 708 nandis,
201 677 293 710 quam
312 667 356 701 est
376 668 470 700 hodie
480 668 679 700 fraudulenta
696 667 727 700 {n
746 667 915 700 contracti-

47 713 106 747 bus
126 714 313 750 nzmaovioe,
342 710 373 743 ὅ(
396 711 429 742 111
446 710 577 752 judiciis
601 708 792 751 praescriptis
810 708 917 740 verbis

87 752 200 787 rtiendi
218 752 356 784 licentia.
403 751 531 799 Quanta
545 751 629 784 enim
644 751 733 792 orgia
748 750 807 783 fint
825 750 915 796 invo-

62 804 115 828 uta
141 794 248 836 paucis
275 793 448 826 Cascorum
476 794 602 833 verbis,
657 802 726 824 uam
750 798 841 823 acuta
857 800 915 823 cir-

47 835 261 877 cumspectio,
283 835 381 868 faciet
400 835 502 878 palam
517 834 623 868 nostra
642 833 770 879 Cautio.

90 878 146 911 Est
160 885 264 910 autem
290 878 358 910 haec
383 877 588 910 trimembris:
620 883 765 908 continet
784 883 918 916 namque

46 921 112 954 duo
142 919 378 960 stipulationum
401 919 579 957 solemnia,
615 918 716 957 iisque
749 915 917 962 subjectam

47 961 298 995 conventionem
314 961 437 994 nudam.
483 960 587 992 Prima
609 957 769 1003 stipulatio
797 958 860 989 fuit
878 957 918 988 de

48 1013 162 1037 mutuo
179 1003 365 1041 contracto,
388 1003 418 1034 ὅ(
435 1001 584 1034 Kalendis
612 1000 767 1041 proximis
788 998 918 1030 redden-

48 1047 113 1083 do;
137 1045 237 1077 altero
262 1044 301 1075 de
331 1043 430 1075 usuris
455 1042 640 1075 Centesimis
668 1049 709 1072 ex
734 1049 823 1072 mora
837 1049 915 1080 pra:-

48 1087 182 1126 standis3
206 1085 340 1125 subjecta
356 1084 529 1116 conventio
546 1084 585 1114 de
602 1081 686 1114 sorte
701 1091 765 1113 non
780 1080 869 1113 fimul
887 1081 917 1113 ὃ(

48 1129 163 1168 semel,
188 1127 239 1159 sed
257 1125 362 1158 divifis
378 1124 577 1166 penfionibus
595 1123 755 1157 solvenda.
795 1121 848 1154 De
860 1122 916 1155 siti-

49 1171 132 1214 gulis
147 1168 270 1201 ordine.
834 1206 840 1212 ·

92 1212 205 1244 Lucius
234 1209 330 1241 Titius
354 1209 385 1241 &
408 1209 532 1241 Publius
555 1208 704 1246 Maevz'us,
734 1216 815 1249 quos
831 1215 916 1239 inter

48 1263 98 1287 res
115 1252 182 1285 asta
195 1252 312 1284 dicitur
331 1274 341 1291 ,
372 1248 527 1292 supposita
553 1250 615 1283 ess'e
632 1249 780 1288 nomina,
801 1248 916 1290 quibus

48 1293 187 1336 exempli
212 1291 303 1325 causa
326 1300 457 1325 utuntur
486 1292 577 1333 JCti‚
610 1291 706 1323 etiam
727 1290 920 1322 Plutarchus

48 1337 94 1370 ait
109 1339 136 1366 α’·
153 1340 203 1368 τοῖς
220 1339 357 1370 daucum
369 1357 381 1374 ,
414 1333 456 1380 Q
486 1333 600 1367 XXX.
646 1331 754 1370 Adde,
778 1341 847 1373 quae
865 1331 915 1363 ha-

45 1379 105 1417 bet
132 1377 274 1410 Alciatus
296 1375 335 1409 L.
358 1376 382 1409 Ι.
418 1380 542 1419 Parerg.
571 1375 603 1407 C.
624 1378 676 1407 26.
701 1373 850 1414 CuJ'acius
872 1372 914 1406 L.

49 1421 90 1454 ΙΙ.
111 1420 233 1463 observ.
260 1419 292 1451 C.
317 1430 365 1453 11.
390 1421 420 1453 ὅ(
438 1419 569 1453 Curtius
587 1419 700 1448 Εειιαςῶι
722 1415 763 1448 L.
773 1415 797 1447 I.
819 1416 850 1447 C.
864 1424 913 1453 29.

49 1464 162 1497 Suavis
180 1463 286 1504 itaque
302 1462 348 1495 est
371 1462 473 1504 Papir.
499 1459 648 1506 Mallon,
673 1457 727 1500 qui
747 1456 840 1490 Lucii
858 1457 916 1489 Ti-

48 1508 85 1539 tii
102 1505 202 1537 vitam
223 1514 318 1546 opere
332 1513 486 1545 perpetuo
511 1500 704 1541 conscripsit.
738 1498 842 1546 *Quot
860 1508 916 1530 mi-

29 1566 32 1568 v
47 1548 97 1582 sei·
116 1547 171 1579 ille
189 1555 308 1578 mortes
324 1546 431 1578 obiit?
448 1544 572 1586 quoties
589 1543 778 1575 resurrexit!
795 1546 917 1587 inquot

49 1590 126 1629 ille,
157 1597 234 1619 vere
259 1587 417 1627 Proteus,
451 1587 570 1619 formas
596 1583 704 1617 abiit?
737 1582 780 1615 At
797 1592 914 1622 miror,

48 1631 125 1663 dum
145 1628 267 1662 strenue
282 1629 391 1671 nugari
408 1629 480 1662 vult
496 1626 643 1666 Maffon,
668 1635 740 1658 eum
755 1634 821 1672 non
830 1633 916 1656 com-

49 1671 234 1706 memorass‘e
258 1670 425 1702 victoriam
452 1669 524 1702 Titi
551 1675 662 1700 contra
692 1667 852 1699 Maevium
875 1675 915 1698 ex

45 1716 77 1748 b.
111 1714 132 1746 l.
154 1723 207 1754 40.
252 1710 410 1744 Consulto
437 1710 608 1743 fortassean
624 1732 636 1749 ,
657 1718 698 1741 ne
718 1709 794 1754 ille,
826 1708 916 1754 cuj-us

44 1755 244 1798 opulentiam
260 1754 332 1786 alibi
351 1753 564 1795 depraedicat,
581 1751 721 1792 acceptis
737 1749 917 1791 quindecim

47 1797 186 1836 mutuis,
209 1795 353 1828 videatur
371 1795 410 1828 ad
426 1795 538 1827 incitas
554 1793 704 1825 redactus.

44 1835 49 1872 ᾖ
89 1838 134 1871 At
158 1847 196 1869 ue
223 1837 278 1870 ille
306 1836 426 1870 Lucius
449 1836 560 1868 Titius
575 1832 862 1875 diciturfiripsiffi,
887 1833 918 1865 ὅ(

47 1891 118 1923 quae
147 1887 313 1921 equuntur.
361 1879 512 1918 Scribere,
543 1886 640 1919 quum
666 1877 831 1916 accipiendi
848 1884 916 1907 vei·-

47 1923 92 1961 bo
109 1921 254 1963 jungatur
271 1944 281 1960 ,
313 1928 349 1952 ut
376 1920 466 1959 heic,
499 1918 590 1952 sensu
603 1918 775 1959 accipimus
792 1917 916 1958 vulgari

47 1973 108 2007 pro
131 1962 327 2005 Chirograpbo
346 1961 488 2002 confiteri.
534 1960 686 2001 Alioquin
705 1960 735 1991 &
754 1959 847 1991 οἱπλός
863 1968 916 1990 oc-

49 2005 150 2042 currit
174 2014 232 2046 pro
247 2004 310 2045 stgl'e
337 2014 374 2035 ex
398 2003 485 2044 causa
504 2004 610 2034 crediti
628 2002 768 2044 obligare.
812 2000 915 2033 Hora—

48 2048 114 2079 tius
137 2046 178 2078 L.
202 2045 241 2078 11.
257 2046 369 2087 Smyr.
387 2056 417 2087 3.
440 2044 484 2085 vs.
504 2048 556 2081 69.

181 2087 280 2119 Scribe
299 2088 394 2118 decem
409 2097 428 2118 a
445 2086 540 2118 Nerio
562 2110 706 2118 .....

49 2129 96 2162 Et
114 2138 192 2161 mox
206 2127 294 2161 sensu
312 2128 494 2166 contrario,
517 2127 559 2169 vs.
579 2131 630 2169 7⁶·

181 2194 190 2201 .
216 2194 224 2202 .
248 2194 256 2202 .
281 2168 366 2213 Quod
384 2175 418 2201 tu
432 2179 582 2211 nunquam
598 2168 749 2211 rescribere
763 2168 857 2211 poffis.

94 2211 143 2244 Ad
160 2220 229 2252 quae
250 2210 460 2250 881101131183,
485 2211 540 2252 qui
556 2210 758 2253 Porphyrion
775 2211 892 2243 dicitur
907 2221 916 2242 t

52 2253 144 2296 Juris
163 2253 247 2283 verbo
266 2252 394 2293 scribere
418 2251 460 2293 eft
484 2257 615 2283 mutuum
626 2252 741 2293 sumere
748 2263 760 2291 3
781 2253 916 2294 rescribe-

51 2305 105 2333 re,
127 2291 286 2335 restituere.
330 2292 428 2332 Sunt,
451 2293 506 2333 qui
521 2292 579 2324 hac
601 2293 634 2325 in
649 2303 684 2325 re
701 2294 916 2336 Porphyrioni

51 2336 148 2370 fidem
166 2344 280 2376 negant
293 2359 303 2373 ‚
328 2334 421 2375 eique
436 2334 516 2366 alios
540 2334 703 2367 credentes
719 2335 821 2368 rident
831 2358 843 2374 ,
866 2334 918 2367 sed

51 2377 144 2415 nullo
161 2377 239 2418 jure.
286 2376 461 2417 Utramque
483 2383 592 2407 notam
616 2375 683 2417 ipse
700 2376 853 2409 Horatius
871 2376 919 2408 su-

51 2418 166 2458 stinet,
197 2417 334 2459 priorem
360 2417 456 2448 etiam
481 2417 589 2448 crebra
603 2417 793 2457 auctoritas,
815 2418 918 2460 poste-

53 2461 170 2498 riorem
193 2468 234 2490 ex
260 2458 450 2500 praecedenti
478 2459 578 2498 petita
604 2460 746 2492 imno-yla,
781 2460 811 2492 &
828 2460 919 2492 locus

53 2500 224 2544 Eugraphii
238 2501 275 2532 ad
289 2499 423 2532 Terent.
447 2499 566 2532 Phorm.
597 2499 668 2532 Aci.
684 2501 723 2532 V.
752 2501 799 2532 Sc.
821 2510 850 2542 7.
874 2501 916 2542 vst

54 2552 106 2580 ‚29.
132 2542 186 2574 ubi
204 2542 340 2583 rescribi,
364 2541 487 2582 inquit,
508 2539 550 2582 est
571 2544 763 2575 remunerari.
808 2542 919 2574 Latius

52 2593 92 2630 ea
110 2582 250 2656 plerse1qtui
264 2593 328 2615 non
347 2583 470 2625 placet,
493 2584 565 2624 quia
572 2583 703 2625 scribere
719 2584 772 2616 hic
786 2583 850 2616 fine
867 2593 919 2626 pe-

55 2634 123 2656 ricu
137 2633 158 2655 0
174 2633 191 2655 e
221 2649 228 2655 .

100 2664 276 2710 Quindecim
293 2672 413 2698 mutua:
435 2665 605 2712 Quantitas
624 2675 738 2699 mutuo
746 2667 818 2699 data
828 2666 919 2707 (nam

55 2706 96 2743 de
118 2712 226 2738 natura
247 2707 350 2738 mutui
373 2707 425 2739 hic
451 2716 515 2740 non
531 2708 672 2749 agimus)
692 2709 810 2740 dicitur
825 2709 919 2741 fuisse

55 2748 232 2789 quindecim.
277 2747 332 2779 Est
346 2771 357 2787 ‚
388 2748 441 2789 qui
463 2748 496 2780 in
523 2751 680 2782 Comment.
705 2752 744 2782 ad
760 2751 789 2782 b.
810 2750 830 2782 l.
853 2760 919 2783 non

55 2789 242 2830 quindecim,
260 2787 311 2819 sed
326 2790 471 2821 duodecim
488 2791 655 2832 legendum
671 2791 849 2830 existimat,
873 2793 917 2824 id-

56 2839 118 2871 que
140 2839 206 2862 non
232 2829 292 2860 alia
313 2830 453 2868 ratione,
484 2841 578 2873 quam
595 2833 680 2874 quod
698 2833 768 2865 duae
785 2834 919 2875 virgulae

55 2871 150 2902 restae
173 2871 205 2917 in
233 2869 310 2916 XII..
338 2870 524 2917 (pernotas
543 2874 628 2906 enim
650 2873 800 2916 scriptum
827 2875 920 2908 fuiffe

57 2910 226 2953 supponit)
248 2911 400 2943 facillime
420 2922 452 2944 111
467 2913 611 2955 obliquas
632 2915 816 2955 flectantur,
833 2918 921 2949 utita

56 2953 116 2999 fiat·
129 2952 204 2985 XV.
228 2952 289 2999 Sed
305 2951 427 2999 8111108
443 2954 613 2988 ridiculum
629 2957 739 2996 valde,
756 2958 830 3000 quia
843 2968 920 2991 cori-

55 2992 134 3026 fistit
155 3003 188 3025 in
208 2993 299 3026 nudis
323 2994 456 3034 alicujus
479 2994 590 3028 somnii
622 2998 748 3032 finibus.
790 3000 824 3032 Si
846 3000 919 3032 libri

57 3035 207 3073 meliores
223 3042 346 3067 motum
363 3035 454 3066 illum
471 3034 651 3078 suaderent,
670 3040 772 3081 poss'et
787 3041 856 3082 quis
873 3040 920 3073 su-

59 3075 170 3121 spicari
181 3099 192 3115 ,
214 3075 313 3122 finiile
330 3075 477 3115 mendum
491 3077 573 3116 effe,
595 3089 632 3112 ac
653 3082 735 3122 apud
750 3082 921 3124 Tranqujl-

60 3114 177 3162 lum-in
202 3117 269 3158 Caes.
290 3117 326 3149 C.
342 3116 428 3149 LVI.
451 3126 492 3148 ex
501 3119 662 3153 Strabonis
679 3123 710 3154 ὅ(
724 3122 860 3165 Appiani
872 3133 923 3155 au-

59 3156 208 3195 storltate
222 3158 347 3196 notavit
361 3157 580 3201 Casama&
600 3171 712 3196 verum
727 3165 808 3197 nulli
817 3188 828 3205 ‚
837 3165 923 3207 quod

1789 106 1828 141 ¹3

960 168 1054 216 sciam
1067 192 1076 208 ,
1102 169 1269 202 lectionem
1290 170 1377 203 illam
1405 172 1562 214 probant,
1596 175 1707 217 utique
1724 174 1802 208 nulli
1821 194 1833 214 ,

962 210 1067 252 quiad
1086 220 1144 242 nos
1182 220 1382 244 erveneiunt.

1002 251 1038 284 In
1058 261 1098 283 80
1115 252 1146 284 (11
1171 252 1286 285 'cultas
1303 254 1441 286 vertitur
1458 257 1581 296 omnis,
1613 258 1688 299 quid
1702 258 1756 291 fibi
1776 266 1831 290 ve-

959 293 998 326 lit
1017 295 1044 322 π’
1065 294 1239 335 quindecim.
1285 293 1413 328 Etenim
1438 295 1681 331 subaudiendum
1697 300 1759 331 ess'e
1773 299 1829 331 ali·

958 335 1034 376 quid
1054 335 1136 367 intei-
1153 344 1263 367 onmes
1281 336 1422 376 constat,
1459 338 1533 379 quid
1550 348 1628 370 vero
1648 349 1712 373 non
1729 350 1827 382 aeque.

958 377 1137 418 Opinioncs
1157 386 1193 408 ea
1208 377 1248 408 de
1263 387 1296 409 ie
1313 376 1384 410 su'nt
1402 380 1595 420 potiilimum
1614 389 1676 412 tres
1694 392 1701 412 :
1726 382 1829 421 Prima

958 417 1082 459 supplet
1101 418 1201 450 Pondo
1216 420 1303 456 auri,
1326 420 1468 452 Secunda
1492 421 1590 452 millia
1611 421 1830 460 Derim-iorum,

959 459 1073 492 Tertia
1091 468 1197 491 autem
1217 458 1367 500 Sestertia.
1413 461 1602 503 Conjectuia
1624 463 1663 494 de
1670 466 1763 504 poncio
1781 474 1831 495 azi-

958 503 1004 540 ri,
1026 510 1119 542 quani
1133 501 1336 543 Antiquiorcs
1353 501 1547 545 sequuntur,
1570 514 1609 536 ne
1625 506 1749 547 quidem
1760 515 1830 546 pro-

958 543 1072 575 babilis
1092 543 1239 582 videtur,
1265 553 1361 585 quum
1376 545 1515 578 rationes
1535 555 1552 577 a
1569 546 1677 587 pondo
1692 547 1757 579 auri
1776 547 1829 578 du-

959 585 1016 617 ctae
1033 584 1096 616 illis
1114 585 1309 626 temporibus
1328 586 1380 618 vel
1396 596 1485 625 raro,
1501 587 1553 619 vel
1574 597 1744 629 numquam
1761 587 1831 620 fue-

958 626 1022 658 rint
1039 625 1258 667 frequentatae.
1305 626 1415 667 Addo,
1433 629 1519 670 quod
1531 630 1624 670 pondo
1641 629 1761 671 semper
1778 636 1828 670 ap-

954 669 1046 709 pendi
1064 690 1074 707 ,
1106 677 1170 699 non
1201 671 1350 700 nimierari
1378 670 1523 702 dicantur
1539 693 1551 709 ,
1580 680 1681 712 neque
1708 679 1831 703 tantum

960 717 1104 750 tempore
1129 709 1240 741 Romae
1271 711 1371 742 adnue
1397 711 1481 743 circa
1505 720 1638 744 matrem
1657 713 1803 745 luctantis
1821 735 1831 751 ‚

960 750 1011 783 sed
1041 750 1074 782 in
1098 749 1241 782 universa
1264 761 1391 793 quoquc
1418 752 1546 795 Imperii
1566 756 1714 794 οἰκονομως
1739 755 1830 786 &1:1⁵

959 801 1031 824 nien
1053 791 1168 823 Paulus
1186 791 1279 824 facta:
1296 795 1521 827 numerationis
1538 796 1693 828 meminit.
1739 795 1830 828 Divi-

959 833 1048 865 natio
1066 832 1199 865 secunda
1214 834 1514 868 verisimilitudinem
1530 836 1623 869 habet
1640 838 1719 870 hanc
1730 838 1832 879 ,quod

960 876 991 906 in
1009 873 1172 907 subsecuta
1186 877 1403 908 conventione
1419 878 1640 918 denariorum,
1661 879 1775 920 quibus
1792 879 1831 910 (18

960 916 1062 948 astum
1089 916 1256 962 videbatui·
1276 940 1286 955 ‚
1317 927 1464 950 occurrat
1490 921 1621 952 mentio.
1667 921 1773 962 Atque
1796 927 1831 952 ea

960 958 1043 989 ratio
1059 956 1132 988 satis
1162 959 1192 989 18
1217 959 1436 998 commendat,
1460 960 1634 993 dummodo
1651 962 1748 994 verba
1770 962 1828 995 Lc-

960 999 1006 1041 gis
1026 999 1087 1030 tale
1101 998 1176 1039 quid
1191 998 1331 1032 ferrent:
1350 1007 1381 1032 at
1398 1001 1452 1033 illa
1465 1004 1649 1043 quindecim,
1669 1013 1732 1036 non
1744 1006 1829 1046 quin-

960 1042 1053 1072 decim
1081 1040 1178 1072 millia
1202 1041 1234 1073 in
1259 1042 1414 1074 creditum
1440 1042 1532 1075 iviss'e
1553 1052 1748 1084 memorant,
1772 1046 1829 1078 nisi

961 1092 1114 1134 scriptum
1138 1091 1223 1124 dicas
1251 1091 1327 1124 XV.
1361 1093 1446 1134 quod
1472 1093 1517 1127 est
1540 1097 1704 1137 quindecim
1721 1099 1828 1131 millia.

959 1135 1003 1167 At
1029 1141 1096 1165 tum
1121 1133 1328 1174 descriptores
1347 1143 1478 1176 oportet
1498 1134 1613 1168 statuas
1629 1138 1720 1178 hujus
1738 1139 1829 1172 lineae

959 1173 1173 1208 transversalis
1189 1173 1282 1207 fuisse
1298 1176 1445 1217 ignaros,
1468 1187 1540 1210 cuin
1556 1180 1738 1220 quindecim,
1764 1190 1830 1214 non

959 1218 1124 1260 quindecim
1149 1217 1246 1248 millza
1275 1218 1488 1252 exhibuerint.
1528 1221 1614 1261 quod
1635 1220 1702 1262 ipse
1723 1222 1830 1254 dicere

959 1269 1025 1292 non
1041 1258 1147 1291 ausim.
1192 1258 1348 1305 Quamvis
1365 1259 1461 1307 igitur
1477 1260 1533 1293 sub
1551 1271 1705 1302 numero,
1728 1264 1759 1296 ὣς
1773 1269 1828 1295 κεῖ·

960 1314 1025 1341 τις,
1062 1299 1195 1341 simplici
1217 1300 1361 1332 denarios
1385 1302 1543 1344 intelligas
1557 1326 1569 1343 ,
1591 1313 1656 1336 non
1673 1305 1830 1338 continuo

958 1342 1071 1376 licebit
1090 1342 1225 1374 totidem
1242 1342 1342 1374 millia
1357 1342 1555 1387 intelligere,
1576 1353 1687 1387 putem
1703 1346 1766 1379 hoc
1782 1357 1830 1380 es-

960 1384 993 1417 se
1013 1384 1077 1417 fine
1101 1384 1261 1425 exemplo.
1313 1384 1374 1417 Sed
1394 1394 1452 1417 cur
1472 1395 1538 1420 non
1560 1387 1676 1428 liceat,
1700 1387 1722 1421 fi
1740 1387 1830 1421 sanus

959 1426 996 1460 fit
1012 1426 1068 1459 ille
1083 1449 1094 1466 ,
1129 1426 1183 1468 qui
1206 1425 1245 1457 de
1264 1426 1363 1458 Contr.
1391 1426 1427 1462 ἐξ
1443 1428 1543 1461 c‘omm.
1556 1427 1660 1470 stipul.
1687 1430 1720 1463 C.
1739 1429 1829 1464 VIII.

958 1479 990 1501 n.
1008 1478 1060 1509 59.
1095 1468 1124 1497 vn*
1149 1468 1314 1509 quindecim
1336 1467 1375 1501 ad
1392 1475 1515 1501 centena
1530 1471 1714 1503 denariorum
1731 1472 1832 1504 millia

959 1509 1116 1543 extollit?
1148 1509 1295 1551 indigent
1321 1518 1426 1542 autem
1451 1521 1583 1553 omnes,
1633 1512 1665 1544 ui
1685 1513 1830 1546 denarios

958 1551 1148 1585 subaudiunt
1166 1575 1177 1592 ,
1201 1552 1323 1592 aliquot
1345 1552 1503 1593 millibus,
1527 1563 1586 1595 ne,
1610 1522 1632 1587 si
1650 1554 1831 1596 quindecim

958 1594 1113 1626 duntaxat
1139 1594 1223 1634 aJ'ant
1247 1592 1341 1626 fuiss'e
1357 1593 1467 1635 datos,
1492 1596 1638 1628 retundat
1655 1606 1710 1628 eos
1724 1596 1829 1629 statim

958 1635 1042 1668 infra
1065 1634 1180 1677 scripta
1209 1635 1316 1677 penfio
1341 1634 1380 1668 C.
1400 1635 1439 1669 C.
1457 1636 1497 1670 C.
1521 1637 1638 1670 Denar.
1663 1638 1829 1679 Superest,

960 1685 997 1709 ut
1016 1677 1219 1709 exaudiamus
1245 1675 1385 1720 Sestertia
1397 1700 1409 1717 ,
1439 1688 1499 1720 pro
1516 1687 1644 1721 recepta
1661 1679 1829 1712 consuetu-

959 1719 1050 1759 dine,
1074 1728 1136 1760 qua
1153 1719 1186 1750 in
1205 1719 1397 1759 quotidianis
1415 1719 1499 1759 11113,
1517 1721 1617 1753 veluti
1636 1720 1830 1754 Cautionum

958 1759 1107 1793 formulis
1123 1784 1133 1800 ,
1164 1759 1244 1791 illud
1270 1759 1333 1800 jam
1358 1760 1421 1792 alta
1444 1769 1551 1794 mente
1576 1760 1734 1804 repostum
1752 1763 1831 1795 cala—

959 1811 1030 1834 mus
1055 1801 1173 1834 dudum
1201 1801 1415 1834 lucrifecerat.
1458 1802 1495 1835 In
1526 1804 1702 1837 rationibus
1736 1805 1829 1836 Vete-

958 1853 1048 1884 rum,
1072 1843 1126 1875 ubi
1145 1842 1328 1884 simpliciter
1346 1844 1487 1877 occurrit
1503 1855 1650 1878 numerus
1665 1869 1676 1885 ,
1699 1855 1763 1878 non
1779 1847 1832 1878 de-

958 1886 1043 1918 naria
1061 1907 1073 1924 ‚
1105 1884 1156 1917 sed
1185 1884 1323 1917 sestertia
1346 1885 1408 1917 css‘e
1429 1887 1635 1929 intelligenda
1661 1888 1722 1928 jam
1750 1887 1829 1920 oliin

958 1927 1146 1968 probatum,
1173 1926 1222 1966 &,
1246 1927 1278 1958 ni
1294 1926 1408 1966 fallor,
1434 1935 1597 1969 receptum
1619 1928 1674 1961 est.
1720 1929 1768 1961 Ita
1792 1938 1829 1960 ue

959 1970 1023 2000 hoc
1038 1967 1222 2010 sequamur,
1246 1967 1325 1999 nihil
1343 1969 1426 2000 enim
1446 1978 1545 2002 vetat.
1591 1970 1704 2002 Paulus
1721 1971 1760 2002 de
1800 1980 1830 2002 a-

958 2009 1024 2042 stro
1050 2009 1175 2052 supplet
1206 2009 1283 2042 XV.
1306 2010 1405 2041 millia
1421 2020 1623 2043 nummorum
1641 2012 1704 2044 sive
1722 2011 1830 2044 sester-

959 2052 1096 2091 tiorum,
1121 2050 1204 2092 quod
1224 2060 1240 2082 a
1258 2051 1367 2082 nostro
1386 2052 1512 2092 calculo
1529 2052 1637 2085 differt
1650 2076 1662 2093 ,
1685 2053 1830 2095 quemad-

958 2093 1089 2125 modum
1112 2092 1287 2124 sestertium
1315 2101 1332 2123 a
1357 2093 1446 2125 mille
1463 2092 1633 2135 sestertiis,
1666 2094 1697 2126 in
1716 2104 1831 2137 genere

957 2135 1044 2167 virili
1062 2158 1072 2174 ,
1103 2134 1173 2166 haec
1193 2134 1310 2175 quippe
1333 2134 1419 2174 paria
1435 2134 1497 2167 effe
1513 2135 1659 2168 constans
1671 2135 1705 2168 N
1709 2145 1830 2168 unimu-

958 2177 1110 2209 lariorum
1127 2175 1257 2207 traditio
1295 2175 1467 2209 robaveiit.
1512 2175 1585 2209 Nec
1606 2178 1699 2210 aliter
1713 2178 1831 2210 intelli-

958 2219 990 2260 gi
1007 2218 1135 2250 videtur
1154 2216 1243 2258 poss‘e
1266 2185 1357 2251 sauli
1387 2217 1486 2250 nostri
1516 2217 1670 2261 scriptura
1685 2220 1717 2252 in
1740 2220 1760 2251 l.
1778 2221 1831 2267 13.

954 2260 996 2303 ff.
1025 2261 1059 2291 de
1083 2264 1180 2302 negot.
1207 2255 1279 2301 gest.
1313 2258 1366 2291 ubi
1395 2261 1547 2292 summam
1573 2261 1611 2292 ab
1639 2260 1834 2293 haereditatis

960 2302 1118 2334 Curatore
1141 2299 1298 2340 repostam
1315 2322 1326 2339 ,
1358 2310 1456 2342 quum
1487 2303 1688 2345 quadraginta
1724 2302 1834 2333 dicere

959 2341 1134 2382 debuisset,
1163 2343 1364 2384 quadraginta
1389 2343 1486 2374 millia
1510 2344 1610 2376 dixit:
1633 2353 1698 2375 nori
1716 2342 1831 2375 discre—

959 2393 1036 2428 pant
1055 2383 1179 2416 scilicet
1200 2384 1404 2425 quadraginta
1432 2383 1571 2417 sestertia
1596 2395 1614 2416 a
1630 2384 1834 2427 quadraginta

961 2425 1176 2459 sestertiorum
1191 2424 1340 2457 millibus.
1386 2425 1429 2458 Et
1449 2426 1518 2458 haec
1534 2426 1660 2468 quidem
1678 2426 1742 2466 ita,
1766 2435 1832 2458 non

961 2468 1046 2500 enim
1069 2467 1186 2498 utimur
1214 2475 1324 2498 eorum
1348 2467 1512 2506 acumine,
1544 2468 1618 2509 qui,
1642 2477 1681 2499 ne
1701 2468 1755 2500 lex
1776 2466 1831 2499 fibi

961 2507 1162 2547 adversetur,
1183 2516 1367 2549 expunxere
1384 2508 1463 2541 illud
1482 2510 1609 2541 millium
1626 2509 1658 2541 in
1682 2510 1711 2541 d.
1735 2509 1757 2541 l.
1784 2518 1833 2551 13.

961 2559 1074 2583 contra
1090 2549 1291 2591 antiquiffimi
1309 2548 1441 2582 Codicis
1459 2549 1693 2583 Hetruscorum
1719 2550 1811 2583 fidem
1822 2574 1833 2590 ,

984 2591 1105 2624 uamvis
1122 2592 1152 2623 ὅ(
1168 2592 1213 2623 ita
1229 2590 1420 2623 Haloander.
1466 2592 1573 2634 Atque
1587 2592 1671 2624 idem
1690 2591 1832 2624 valorse-

961 2602 1064 2666 flertii
1090 2633 1180 2675 (gen.
1209 2632 1336 2673 neutr.)
1366 2632 1396 2664 ὃ(
1420 2633 1470 2666 Μ.
1503 2633 1718 2666 sestertiorum
1742 2633 1759 2674 (
1771 2642 1833 2665 lten.

961 2674 1137 2716 masculo)
1174 2672 1308 2706 movisse
1342 2673 1469 2706 videtur
1499 2673 1633 2708 Graecos
1695 2683 1731 2706 ut
1758 2644 1832 2706 fib.

960 2715 1114 2749 XLVIII.
1148 2725 1265 2747 Bm...
1300 2714 1362 2748 Tit.
1387 2716 1426 2748 v.
1462 2716 1493 2748 8.
1518 2717 1605 2749 XLI.
1631 2699 1674 2748 zi.
1691 2726 1721 2758 3.
1747 2716 1833 2756 quod

961 2757 1106 2790 Scaevola
1122 2757 1154 2789 in
1177 2757 1197 2788 l.
1214 2767 1267 2798 40.
1290 2756 1363 2799 §.3.
1387 2756 1428 2799 ff.
1447 2758 1481 2789 de
1492 2757 1598 2800 statui.
1619 2761 1712 2788 ἁπλῶς
1728 2758 1831 2788 vivin-

961 2800 986 2831 τί
1001 2799 1144 2837 dixerat,
1167 2799 1392 2831 transtulerunt
1411 2800 1487 2828 εἴκοσι
1505 2800 1645 2838 χιλιάδας.
1677 2797 1770 2839 Josep
1797 2807 1833 2830 us

962 2840 1101 2882 Scaliger
1116 2841 1150 2872 de
1170 2840 1217 2872 Re
1246 2841 1413 2872 nummaria
1437 2847 1471 2881 p.
1487 2844 1539 2878 69.
1559 2850 1609 2881 70.
1633 2849 1684 2880 71.
1704 2839 1740 2875 ὅ)
1745 2839 1829 2882 seqq.

962 2883 1055 2914 docte
1077 2882 1226 2924 probavit
1232 2879 1401 2923 sestertium
1422 2882 1577 2922 adiec'tive
1592 2878 1655 2912 dici
1666 2904 1677 2920 ,
1703 2883 1732 2913 ὁ(
1750 2881 1832 2912 mille

963 2923 1179 2965 subintelligi,
1202 2932 1296 2964 atque
1314 2923 1358 2953 ita
1375 2922 1503 2963 perinde
1518 2922 1600 2961 esse,
1624 2929 1731 2953 utrum
1748 2922 1831 2954 dica—

962 2975 1034 2998 mus
1049 2967 1109 2997 tria
1126 2964 1224 2996 millia
1231 2961 1369 3006 Jkstertia
1380 2986 1391 3001 ,
1414 2974 1453 2995 an
1479 2966 1538 2995 tria
1547 2961 1706 3005 sestertia,
1730 2963 1832 3006 expli-

963 3007 1039 3039 citis
1064 3006 1148 3038 circa
1173 3006 1243 3036 haee
1266 3005 1362 3036 variis
1385 3003 1648 3045 inscriptionibus
1669 3005 1699 3037 ὅ(
1713 3003 1832 3036 Aucto-

963 3058 1034 3081 rum
1056 3047 1154 3085 locis,
1179 3047 1274 3078 etiarn
1290 3043 1470 3077 nostrorum
1486 3047 1518 3077 in
1550 3046 1570 3077 l.
1590 3046 1704 3078 Lucius
1721 3050 1771 3081 88.
1790 3045 1832 3087 ff.

964 3091 997 3121 de
1015 3090 1073 3131 leg.
1095 3098 1123 3120 2.
1151 3088 1180 3120 ὅ(
1203 3087 1225 3119 l.
1248 3097 1297 3119 20.
1322 3085 1351 3128 §.
1373 3095 1400 3118 1.
1417 3086 1460 3129 ff.
1478 3089 1512 3118 de
1530 3087 1615 3119 Aim.
1635 3088 1727 3129 legat.

1008 3129 1177 3163 Sufficiunt
1199 3129 1268 3160 haec
1296 3127 1335 3159 de
1362 3128 1563 3169 conjectura,
1599 3130 1629 3161 in
1646 3128 1810 3171 proposito
1826 3152 1837 3168 ,

967 3170 1180 3209 Sestertiaria,
1190 3170 1335 3244 Iprobata
1354 3166 1502 3208 Alciaito,
1532 3170 1731 3212 Augustius),
1751 3168 1839 3212 Dua*

1240 3221 1259 3254 3
1795 3220 1841 3243 ra-
