2008 3436
441 107 834 145 CORNELII

187 194 294 234 utique
316 193 445 234 perinde
467 194 530 234 est,
549 205 644 237 quum
670 196 706 227 ad
723 205 790 227 eam
809 205 910 236 neque
931 194 1049 235 proprii

188 235 330 266 codicilli
351 234 504 267 sufficiant
521 261 531 276 ,
566 246 660 277 atque
684 237 761 267 adeo
791 236 895 267 haberi
919 237 1051 267 debcant

190 285 249 315 pro
276 274 427 316 scriptura
449 277 487 308 ad
515 277 693 319 capiendam
719 277 923 308 hereditatem
949 277 1051 308 minus

192 316 311 348 idonea.
335 318 395 349 Sed
410 319 483 359 quid
499 318 519 350 si
536 318 719 350 testamento
735 316 881 349 insertum
893 318 947 356 sit,
969 326 1050 358 quem

188 358 333 388 codicillis
357 359 485 390 heredem
500 360 619 399 fecero,
644 359 722 389 heres
744 357 817 398 esto,
845 360 874 390 &
893 357 1049 391 codicillis

192 398 337 430 heredem
360 399 517 440 scripserit
537 399 688 430 Titium?
711 400 790 430 Sane
808 400 830 431 si
849 400 988 431 Maevius
1008 407 1051 429 te-

191 439 345 471 stamento
361 441 448 472 heres
461 440 539 471 esset
554 439 701 481 scriptus,
713 441 741 470 ei
758 450 811 481 per
823 441 987 472 codicillos
1001 438 1052 469 he-

190 480 307 514 reditas
325 482 417 512 adimi
438 482 467 512 dt
482 481 519 511 ad
534 480 658 512 Titium
679 481 837 513 transferri
850 491 913 513 non
932 479 1053 522 posset,

193 521 235 554 fic
249 523 331 553 enim
349 522 587 560 testamentum,
612 521 673 552 rite
693 522 876 560 conditum,
898 530 1053 562 rumpere-

193 571 244 594 tur
268 573 322 604 per
339 563 519 603 scripturam
536 586 548 601 ,
577 571 644 602 quae
669 564 720 594 vel
744 564 843 595 nullas
869 564 961 595 habet
979 562 1056 595 sole-

192 605 340 636 mnitates
353 604 423 642 ,vel
442 613 505 634 non
523 613 592 640 eas,
606 612 674 643 quae
691 604 727 635 ad
746 614 860 636 novam
873 605 994 636 heredis
1010 605 1054 635 in-

193 645 390 677 stitutionem
415 644 638 681 desiderantur,
663 645 746 684 quod
764 646 846 686 leges
861 645 1057 677 subverteret

195 694 307 718 contra
329 687 349 717 l.
367 694 420 724 55.
435 685 476 726 ff.
494 686 526 716 de
544 686 653 727 Legat.
667 686 689 717 Ι.
714 686 774 717 Sed
790 696 952 727 propone,
967 686 1054 718 testa-

196 735 297 758 torem
320 734 423 757 totuin
444 725 535 758 assem
558 727 590 758 in
607 726 791 758 testamento
808 737 871 759 non
891 726 1055 761 distribuis-

198 767 246 806 se,
265 777 336 799 nam
357 767 396 797 de
414 776 450 798 ca
466 767 566 807 specie
583 767 647 807 agit
667 768 871 808 Papinianus,
885 770 913 800 &
931 768 1056 808 respon-

195 810 271 847 det,
295 808 379 839 Titii
407 809 533 848 quidem
557 809 808 847 institutionem,
833 810 990 841 codicillis
1013 808 1058 840 fa-

194 851 293 889 eam,
317 849 421 880 valere
434 872 443 886 ‚
467 849 519 881 sed
536 849 681 881 duntaxat
698 850 892 890 prowelidua
908 859 994 891 parte
1013 860 1056 881 as-

194 892 253 929 sis,
276 900 343 931 quae
366 889 527 922 distributa
554 900 616 922 non
641 900 729 929 crat,
751 901 790 922 eo
815 892 897 923 enini
922 891 1058 923 referen-

195 933 266 964 dam
283 932 382 962 videri
407 931 609 972 potestatem,
635 942 724 972 quam
746 932 872 965 testator
890 933 943 965 sibi
966 932 1059 964 reser-

197 980 345 1011 vaverat,
371 973 399 1003 δι
422 973 526 1004 valere
548 983 584 1004 ex
606 971 773 1013 testamento
792 974 854 1005 hoc
877 973 922 1005 est
937 997 946 1011 ,
971 974 1058 1005 codi-

196 1015 289 1046 cillos
306 1023 360 1055 per
382 1013 461 1045 hanc
477 1013 718 1046 reservationem
740 1014 800 1046 effe
821 1014 919 1046 fastos
938 1023 1057 1055 partem

196 1055 289 1096 ipsius
313 1046 509 1127 ffifflnentig
532 1055 617 1096 quod
636 1055 657 1087 fi
679 1055 730 1094 fit,
753 1055 914 1087 censentur
937 1055 1059 1087 conditi

198 1097 311 1129 iisdem
375 1096 585 1127 lemnitatibus
601 1119 610 1135 ‚
636 1097 745 1136 quibus
774 1095 956 1128 testamenta
981 1106 1056 1127 con-

197 1137 289 1170 stant.
336 1137 385 1168 Ex
409 1137 458 1168 his
481 1137 602 1174 efficiO,
627 1138 719 1168 etiam
740 1145 860 1178 partem
877 1138 1058 1168 hereditatis

195 1178 282 1221 posse
300 1178 364 1209 dari
388 1178 513 1218 privato
538 1178 765 1218 chirographo,
788 1177 809 1209 fi
834 1178 912 1209 hanc
930 1178 984 1209 sibi
1004 1187 1059 1218 po-

198 1218 340 1251 testatem
368 1218 549 1250 testamento
584 1218 789 1249 reservaverit
820 1217 977 1257 testator-3
1008 1218 1059 1249 sed

199 1271 268 1292 earn
291 1267 430 1302 partem,
451 1268 518 1298 qure
535 1260 664 1290 vacabat
679 1268 717 1291 ex
733 1257 928 1291 testamento.
973 1259 1060 1302 Quid

198 1302 296 1343 igitur
309 1301 330 1333 si
350 1308 450 1331 totum
466 1299 556 1330 assem
576 1299 764 1332 testamento
779 1301 955 1340 expleverit
973 1299 1061 1331 testa-

202 1343 282 1374 tor?
306 1341 450 1380 Cujacius
473 1340 510 1371 ad
533 1340 690 1380 Papiniani
708 1341 747 1372 L.
767 1341 874 1374 XVII.
898 1340 1006 1388 Qioesl.
1028 1342 1061 1372 iiz

201 1385 230 1415 h.
250 1384 271 1414 l.
288 1392 338 1423 77.
363 1381 400 1412 ad
424 1381 618 1422 dupondium
639 1383 791 1418 recurrit,
815 1384 900 1424 quod
918 1393 978 1422 ego
1000 1392 1061 1414 non

200 1423 394 1460 admiserim,
415 1432 454 1454 ne
473 1430 630 1454 evertatur
646 1432 716 1463 pars
738 1423 914 1456 testamenti
932 1423 1061 1465 scriptu-

200 1475 234 1497 ra
252 1465 352 1496 minus
369 1463 511 1496 solemni.
554 1463 585 1495 Si
601 1473 670 1504 quae
688 1474 756 1504 pars
773 1465 954 1497 hereditatis
970 1475 1063 1497 vaca-

200 1506 304 1542 verit,
328 1515 369 1537 ex
393 1504 549 1546 potestate
572 1505 711 1537 clausulae
733 1505 946 1538 reservatoriae
967 1507 1005 1538 de
1028 1516 1064 1537 ea

202 1547 295 1580 statui
313 1546 534 1586 concesserim,
548 1546 578 1578 ἃ
594 1547 742 1578 concedit
752 1547 955 1588 Papinianus,
968 1549 1064 1580 etiam

186 112 257 153 382
910 119 968 144 νΑ
994 119 1017 144 N

202 1599 287 1621 nova
307 1588 523 1626 institutione,
545 1595 579 1619 ut
596 1587 667 1626 hie,
691 1598 773 1630 quem
796 1589 926 1620 heredem
948 1590 1069 1620 codicis--

203 1632 241 1662 -lis
251 1630 374 1670 fecero,
397 1629 448 1660 sed
470 1638 533 1660 non
556 1629 678 1670 patior,
708 1629 911 1662 hereditatem
925 1652 934 1668 ,
957 1631 1065 1671 ejusve

202 1679 345 1714 partem,
368 1669 553 1701 testamento
578 1671 637 1709 iarn
660 1670 783 1710 datam,
811 1672 956 1702 revocari
983 1673 1067 1704 nudo

203 1712 411 1753 chirographo
437 1712 488 1743 vel
515 1711 671 1752 epistolio.
724 1711 820 1757 Quod
838 1712 877 1743 de
895 1713 1067 1744 hereditate

204 1754 297 1792 dixi,
323 1754 362 1784 de
383 1752 624 1784 fideicommiffo
646 1752 810 1785 universali
836 1754 933 1786 velim
955 1755 1065 1795 repeti.

204 1796 267 1828 Sed
290 1795 359 1826 haec
384 1793 462 1825 nihil
477 1794 643 1835 quicquam
660 1794 856 1834 impediunt,
880 1805 943 1836 quo
965 1796 1066 1827 minus

204 1837 306 1877 legata
322 1835 374 1866 vel
393 1834 627 1867 fideicommissa
644 1836 840 1876 particularia
861 1837 987 1868 valeant
1002 1837 1066 1868 vir-

207 1887 277 1909 tute
296 1877 362 1917 ejus
386 1875 540 1908 clausulae.
586 1876 679 1915 Scio,
704 1876 725 1908 fi
749 1877 882 1918 argutari
900 1878 997 1917 velis,
1021 1886 1067 1909 et-

208 1920 268 1950 iam
293 1928 329 1949 ea
355 1917 422 1949 fieri
449 1925 562 1949 contra
587 1916 827 1957 testamentum,
858 1919 929 1959 quia
961 1920 1067 1950 omnia

208 1960 347 2000 alioquin
365 1968 404 1990 ex
420 1968 459 1989 eo
475 1959 512 1990 ad
528 1968 599 1990 eum
616 1959 829 2000 pertinerent,
852 1960 904 2001 qui
923 1960 964 1992 ibi
980 1959 1066 1992 insti-

209 2008 295 2031 tutus
318 2000 381 2038 est,
406 1999 457 2031 sed
472 2000 523 2041 qui
544 1999 713 2031 clausulam
733 1999 968 2033 reservatoriam
984 2001 1068 2032 adhi-

208 2042 280 2079 bet,
304 2040 374 2072 satis
399 2040 571 2081 fignificat,
593 2041 624 2073 se
648 2041 748 2072 adhuc
770 2041 941 2073 deliberare
957 2042 996 2073 de
1014 2042 1066 2073 he-

207 2083 341 2113 reditate
360 2081 471 2122 legatis
486 2082 650 2113 minuenda
663 2105 672 2120 ‚
697 2083 726 2113 &
741 2081 761 2113 fi
784 2082 853 2113 haee
872 2083 945 2113 dare
962 2083 1067 2114 deere-

210 2123 311 2161 verit,
337 2122 404 2154 haec
420 2122 546 2153 decreta
558 2122 620 2153 effe
641 2121 801 2162 habenda,
826 2131 921 2164 atque
938 2124 960 2156 fi
980 2123 1068 2156 testa-

209 2171 317 2196 mento
333 2162 445 2195 inserta
465 2163 572 2195 essent.

258 2203 326 2236 lm‘o
346 2227 356 2242 ,
381 2205 503 2244 inquies
519 2229 528 2243 ‚
560 2205 599 2236 de
625 2213 694 2237 tota
717 2204 889 2236 hereditate
914 2206 1070 2238 codicillis

209 2246 300 2279 statui
317 2244 419 2286 potest
432 2267 440 2281 ‚
464 2245 485 2277 si
503 2246 670 2285 Ulpianum
689 2246 793 2278 audias
812 2247 843 2277 in
860 2248 880 2277 l.
907 2257 952 2279 10.
970 2254 1016 2288 pr.
1028 2247 1067 2288 ff.

209 2289 243 2318 de
260 2287 374 2318 Condit.
390 2285 482 2325 mstis
528 2287 587 2318 Sed
602 2287 719 2319 falleris
730 2310 739 2325 ,
763 2288 872 2327 probat
887 2288 939 2320 ille
950 2287 1069 2320 institu-

210 2329 348 2367 tionem,
374 2328 555 2360 testamento
577 2328 690 2360 fastam
716 2329 748 2360 in
765 2329 832 2359 haec
849 2329 963 2367 verba,
979 2328 1008 2368 fi
1026 2340 1069 2360 co-

213 2370 323 2400 dic-iilis
348 2369 446 2410 Sejum
468 2369 598 2400 heredem
607 2369 768 2410 scripsero,
790 2370 868 2400 heres
883 2369 959 2411 esto,
982 2371 1012 2402 δι
1027 2371 1073 2402 ait

211 2411 292 2442 hanc
321 2409 550 2442 institutionem
576 2409 681 2442 facere
703 2410 943 2449 conditionem,
967 2412 996 2444 ἂ
1018 2412 1072 2443 irn-

211 2452 296 2492 pleta
313 2452 515 2488 conditione,
539 2452 601 2483 hoc
617 2451 679 2491 est,
703 2452 776 2492 Sejo
795 2452 827 2483 in
844 2453 1000 2485 codicillis
1021 2452 1073 2484 he-

214 2493 288 2524 rede
306 2492 441 2533 scripto,
462 2493 567 2524 valere
585 2492 835 2531 institutionem,
859 2493 909 2525 sed
918 2494 1022 2525 valere
1036 2503 1074 2526 ex

215 2532 411 2565 testamento.
457 2533 607 2565 Codicilli
630 2534 709 2565 nihil
735 2534 786 2566 liic
809 2534 958 2575 probant,
983 2544 1074 2576 quarn

215 2574 377 2614 impletam
403 2573 463 2605 esse
490 2574 708 2606 conditionem
724 2598 734 2613 ,
765 2585 857 2616 quam
890 2576 1074 2608 testamento

210 2613 575 2655 adscripserattestator.
607 2614 739 2646 Perinde
756 2616 861 2654 valet,
887 2617 908 2648 fi
925 2616 1073 2655 testator,

216 2656 256 2687 de
274 2655 386 2687 herede
409 2655 507 2687 adhuc
525 2655 637 2687 dubius
653 2678 664 2694 ,
693 2665 763 2687 eum
785 2655 971 2688 testamento
989 2658 1073 2688 here-

213 2697 285 2728 dem
303 2695 436 2734 scribat,
457 2696 544 2736 cujus
560 2707 662 2727 nomen
681 2696 838 2728 codicillis
863 2697 940 2728 esset
955 2708 1074 2738 expres-

214 2737 319 2777 surus,
342 2748 412 2769 nam
429 2738 460 2770 ὃς
481 2738 522 2769 fic
543 2738 695 2770 hereditas
714 2747 754 2769 ex
772 2737 959 2769 testamento
984 2740 1074 2771 datur

216 2780 245 2810 cl.
269 2779 288 2809 l.
310 2788 356 2810 10.
376 2785 426 2819 pr.
448 2779 551 2810 multo
576 2778 672 2820 magis
692 2779 829 2818 valebit,
852 2779 874 2811 si
897 2788 1010 2812 nomen
1031 2781 1073 2811 le-

219 2820 331 2860 gatarii
355 2819 460 2859 postea
485 2821 677 2861 exprimatur
705 2821 726 2852 l.
748 2829 797 2852 21.
831 2819 857 2861 §.
882 2829 908 2851 1.
936 2820 974 2861 ff.
1012 2820 1074 2867 Qui

217 2858 406 2901 zeJlam.faC.
420 2860 487 2902 poff.
513 2862 563 2893 vel
583 2861 604 2893 si
621 2860 807 2893 testamento
824 2861 942 2902 legetur
959 2861 1073 2899 Titui,

217 2909 367 2941 quantum
383 2902 539 2934 codicillis
556 2902 606 2933 vel
631 2911 685 2942 per
697 2901 860 2943 epistolam
880 2901 1075 2943 adscripserit

219 2941 372 2982 testator,
394 2944 494 2984 qualia
517 2944 617 2985 legata
634 2944 664 2975 &
683 2944 763 2986 apud
784 2943 913 2976 Veteres
931 2943 1074 2985 frequen-

257 3074 316 3110 (1)
336 3074 428 3113 consti.
448 3075 489 3104 H.
510 3075 560 3104 111.
579 3067 824 3114 Amsterdtonfii.
840 3081 886 3108 2⁶.
904 3086 931 3106 n.
949 3086 975 3107 1.

1092 106 1693 143 BYNKERSHOEK

1095 194 1236 226 tabantur
1259 194 1281 226 l.
1299 199 1350 236 38.
1369 193 1408 234 ff.
1429 194 1462 225 de
1481 194 1569 224 Comi.
1588 192 1624 227 ὅ)
1640 191 1789 233 demonstr.
1813 203 1873 226 nec
1889 191 1946 227 mi-

1093 245 1181 273 rum,
1203 245 1274 267 cum
1292 235 1474 276 simpliciter
1498 233 1651 265 reservata
1676 233 1829 274 potestate
1851 236 1949 276 legan-

1091 276 1144 313 di,
1172 285 1226 317 per
1253 275 1416 316 epistolam
1441 275 1523 306 redte
1540 275 1623 314 legat
1641 298 1650 313 ,
1674 275 1725 306 cui
1748 276 1776 308 ὅς
1800 285 1950 316 quantum

1092 316 1189 356 velit,
1224 317 1309 357 quod
1332 316 1420 358 supra
1443 315 1534 347 effeci
1556 324 1596 346 ex
1620 315 1639 346 l.
1657 323 1707 355 77.
1725 315 1763 356 ff.
1787 318 1819 348 de
1838 317 1949 350 Hered.

1095 357 1163 398 inst.
1188 357 1240 388 ubi
1256 357 1316 388 affe
1333 367 1404 388 toto
1419 367 1484 388 non
1503 355 1670 387 distributo
1681 379 1690 394 ,
1713 358 1752 387 de
1763 357 1874 389 residua
1886 367 1951 398 par-

1096 407 1127 430 te
1146 399 1325 430 hereditatis
1341 399 1425 430 valet
1441 397 1598 429 institutio
1615 406 1654 427 ex
1674 396 1807 429 clausula
1821 397 1952 431 reserva-

1097 440 1198 477 toria,
1219 439 1361 480 quamvis
1381 439 1412 470 in
1433 439 1701 470 testamento-nec
1722 447 1833 471 nomen
1850 464 1860 479 ‚
1891 437 1952 472 nec‘

1096 489 1217 521 partem
1235 480 1568 520 vacantem-adjecerit
1585 479 1721 510 testator.
1767 479 1854 520 Quin
1871 481 1900 513 ἀ
1912 489 1954 514 ex

1097 520 1284 552 testamento
1309 521 1444 560 valebit,
1469 521 1554 562 quod
1574 521 1615 551 ibi
1639 520 1748 550 valere
1769 520 1887 560 jusl'ei‘it
1910 520 1954 558 te,-

1098 562 1213 600 stator,
1236 562 1313 594 lieet
1328 571 1392 593 non
1411 561 1562 593 referatur
1579 562 1614 592 ad
1630 560 1809 602 scripturam
1820 584 1830 600 ,
1853 561 1902 594 sed
1917 562 1954 595 ad

1098 604 1129 634 id
1147 603 1230 644 quod
1251 603 1355 634 heredi
1379 603 1453 634 viva
1480 612 1563 633 voce
1579 602 1776 635 mandaturus
1798 602 1842 635 est
1863 604 1883 635 l.
1899 611 1952 646 35:

1095 644 1133 685 ff.
1150 646 1182 675 de
1200 644 1274 675 Reh.
1293 645 1360 674 duh.
1404 644 1448 675 At
1464 653 1541 674 vero
1560 644 1592 674 in
1608 643 1654 674 his
1677 643 1818 676 omnibus
1841 652 1950 678 tenen·

1098 686 1172 717 dum
1189 708 1198 723 ,
1227 685 1266 716 de
1290 684 1468 724 codicillis,
1504 685 1542 716 de
1561 683 1721 725 epistolis,
1743 684 1780 715 de
1803 685 1954 718 mandatis

1098 727 1189 769 plena
1209 726 1270 757 fide
1292 733 1439 766 oportere
1465 724 1608 757 constare
1625 748 1633 760 ,
1657 725 1828 766 priusquam
1851 736 1889 759 ex
1904 727 1953 759 his

1099 768 1165 799 ulla
1182 766 1218 799 fit
1235 767 1383 804 afftio,de
1398 776 1491 798 manu
1513 766 1779 806 &subscriptione
1797 766 1954 799 testatoris

1100 809 1122 841 fi
1144 818 1207 840 non
1231 807 1353 839 constet
1367 831 1377 847 ,
1405 808 1485 839 nihil
1506 808 1607 839 aslum
1624 806 1685 838 effe
1703 817 1750 840 res
1766 807 1828 849 ipsa
1843 808 1953 849 docet,

1101 850 1131 881 ὅ(
1149 849 1261 890 probat
1276 850 1444 881 Stokmans
1462 848 1562 890 Dacis:
1581 849 1722 880 arabant.
1743 847 1820 880 XII.

1113 888 1120 892 ⁴
1143 891 1191 923 Ex
1206 891 1272 929 his,
1295 900 1364 928 quae
1382 890 1444 921 dixi
1460 913 1470 929 ,
1495 891 1604 922 melius
1617 889 1795 922 definiveris
1814 889 1958 930 quaestio-

1101 941 1154 963 nes
1167 933 1206 963 de
1225 932 1362 963 clausula
1377 930 1581 962 reservatoria
1593 955 1602 970 ,
1627 940 1718 972 quam
1738 941 1778 962 ex
1801 932 1894 962 variis
1908 940 1958 962 tu-

1101 973 1319 1004 multuantium
1365 972 1571 1012 Interpretum
1605 971 1778 1004 sententiis.
1833 972 1960 1006 Veteres

1100 1015 1217 1051 mitto,
1240 1023 1278 1044 ne
1298 1014 1412 1045 librum
1438 1013 1589 1051 scribam,
1612 1013 1664 1044 sed
1683 1023 1779 1047 novas
1794 1013 1960 1045 austoritae

1103 1064 1149 1086 tes
1170 1056 1200 1086 δε
1224 1064 1272 1086 res
1296 1055 1446 1094 judicatas
1463 1055 1591 1086 mittere
1613 1064 1674 1086 non
1691 1054 1828 1096 possum,
1853 1063 1892 1086 ex
1912 1054 1960 1087 his

1101 1096 1183 1127 enim
1210 1095 1365 1127 constabit
1385 1118 1395 1133 ,
1424 1095 1497 1136 quid
1523 1095 1577 1127 usu
1610 1096 1752 1126 videatur
1785 1103 1958 1136 receptum.

1101 1137 1266 1169 Stokmans
1281 1138 1309 1168 d.
1328 1136 1425 1177 Decis.
1444 1135 1521 1167 XII.
1547 1137 1699 1168 relatione
1717 1135 1797 1168 fafta
1819 1137 1856 1168 ad
1875 1136 1959 1169 sche⁴

1101 1178 1205 1208 dulam
1230 1177 1381 1217 privatam
1396 1200 1406 1215 ,
1437 1187 1476 1208 ex
1495 1186 1530 1207 ea
1549 1187 1611 1208 non
1639 1177 1731 1208 audet
1748 1178 1829 1209 tueri
1845 1186 1961 1209 novam

1102 1217 1223 1249 heredis
1243 1216 1473 1249 institutionem
1491 1217 1552 1248 asl'e
1565 1218 1625 1256 jam
1642 1217 1827 1256 distributo,
1850 1228 1908 1259 pro
1917 1216 1962 1252 se·

1103 1257 1190 1290 misse
1213 1257 1351 1297 fastam,
1382 1267 1441 1289 nec
1467 1257 1736 1290 fideicommissum
1767 1259 1962 1300 universale,

1105 1300 1135 1331 δε
1153 1298 1222 1331 sane
1238 1299 1314 1330 tueri
1335 1308 1397 1330 non
1413 1298 1531 1340 posset,
1553 1298 1575 1330 si
1592 1299 1675 1329 reete
1694 1299 1892 1332 intellexisset
1902 1302 1963 1335 dd,

1104 1350 1155 1381 77.
1175 1340 1214 1381 ff.
1239 1342 1272 1371 de
1291 1340 1401 1372 Her-ed.
1427 1337 1496 1380 inst.
1521 1339 1572 1370 sed
1594 1340 1699 1371 nullus
1723 1340 1862 1380 dubitat,
1888 1343 1962 1383 qui'n

1105 1391 1146 1413 ex
1164 1391 1200 1413 ea
1223 1380 1383 1414 subsistant
1400 1382 1501 1422 legata
1513 1404 1521 1419 ‚
1546 1381 1699 1412 advocata
1717 1383 1812 1413 etiam
1833 1382 1864 1414 in
1884 1383 1962 1417 hanc

1105 1433 1171 1455 rem
1189 1423 1318 1455 Senatus
1333 1422 1510 1454 Brabantini
1533 1421 1683 1453 sententia
1697 1431 1750 1463 31.
1768 1423 1849 1464 Aug.
1871 1422 1960 1467 1617.x

1105 1464 1165 1496 Sed
1183 1464 1256 1505 quid
1273 1463 1426 1496 Hollandi
1441 1462 1589 1494 senserint
1607 1463 1638 1494 δε
1654 1463 1881 1505 iudicaverint,
1918 1466 1964 1500 lu's

1105 1505 1184 1537 scire
1204 1505 1327 1536 attinet.
1381 1505 1460 1537 Sane
1480 1504 1512 1536 in
1539 1502 1721 1539 Hollandia-
1735 1505 1799 1545 ejus
1822 1507 1890 1540 clau
1905 1504 1962 1540 ulai

1106 1545 1193 1578 usum
1213 1545 1274 1577 esse
1293 1546 1364 1578 satis
1385 1546 1558 1587 significant
1577 1545 1642 1585 ejus
1668 1545 1801 1580 Ordines
1824 1547 1854 1580 in
1873 1547 1964 1582 variis

1106 1587 1225 1620 Editus
1240 1588 1279 1619 de
1295 1587 1401 1618 charta
1417 1586 1565 1628 sigillata,
1587 1587 1625 1617 iis
1643 1586 1726 1618 enim
1742 1586 1966 1629 praescribunt,

1107 1628 1195 1668 cuius
1220 1629 1311 1669 pretii
1345 1628 1442 1669 sigilla
1471 1629 1529 1660 sint
1563 1627 1731 1659 adhibenda
1754 1627 1966 1663 instrumentis

1107 1670 1258 1711 privatis,
1282 1679 1350 1711 quae
1387 1668 1520 1701 otestate
1533 1669 1599 1709 ejus
1618 1668 1761 1702 clausulae
1776 1669 1965 1713 componun}

1108 1719 1173 1743 tur:
1198 1711 1282 1752 quod
1306 1680 1418 1745 fruiira
1441 1710 1537 1748 esset,
1561 1710 1582 1742 si
1603 1710 1682 1741 nihil
1701 1710 1865 1752 quicquam
1879 1712 1964 1744 vale·

1108 1759 1186 1784 rent.
1230 1752 1289 1784 Sed
1304 1753 1343 1783 de
1358 1752 1424 1793 ipso
1439 1752 1494 1784 usu
1509 1751 1705 1783 consulamus
1719 1750 1824 1792 thos.
1871 1752 1965 1786 Clau-

1108 1793 1173 1826 sula
1190 1793 1408 1826 reservationis
1429 1793 1616 1825 testamento
1637 1792 1755 1831 addita,
1779 1803 1894 1826 novam
1916 1794 1963 1826 in-

1110 1834 1324 1874 stitutionem,
1349 1835 1473 1876 privato
1497 1833 1705 1874 chirographo
1726 1832 1838 1867 fastam
1852 1857 1864 1875 ,
1886 1835 1966 1868 nihil

1109 1875 1215 1907 valere
1238 1875 1419 1917 responsum
1444 1874 1489 1907 est
1511 1874 1593 1916 (1).
1638 1874 1703 1906 Alii
1726 1873 1798 1916 (2)
1812 1899 1821 1915 ‚
1852 1886 1966 1910 nornen

1110 1916 1231 1948 heredis
1248 1917 1336 1959 posse
1358 1917 1492 1958 exprimi
1511 1918 1542 1948 in
1568 1915 1729 1954 schedula,
1752 1915 1804 1948 sed
1820 1926 1859 1949 eo
1875 1917 1967 1952 semel

1110 1957 1274 1999 expresso,
1306 1958 1398 1990 aliam
1420 1957 1649 1990 institutionem
1666 1979 1677 1994 ,
1707 1958 1736 1988 in
1763 1957 1905 1990 schedula
1919 1958 1966 1992 fa'-

1111 1999 1191 2031 ctam
1214 2009 1277 2031 non
1305 2000 1411 2031 valere
1426 2022 1435 2038 ,
1466 1999 1517 2031 sed
1541 1998 1671 2030 solemni
1692 1997 1874 2031 testamento
1889 2009 1967 2042 opus

1110 2039 1171 2071 esse
1188 2063 1198 2078 ,
1229 2047 1264 2071 ut
1289 2039 1480 2072 rescindatur
1505 2040 1597 2080 prius.
1642 2038 1694 2071 De
1716 2039 1839 2081 Legatis
1862 2044 1966 2074 tamen

1110 2081 1156 2114 illi
1182 2080 1390 2113 Consultores
1411 2091 1475 2113 non
1492 2081 1637 2112 dubitant
1652 2103 1661 2118 ,
1687 2080 1741 2113 nisi
1763 2080 1913 2114 reservata
1928 2082 1966 2115 fit

1111 2121 1176 2154 sola
1195 2121 1330 2163 potestas
1355 2122 1476 2154 heredis
1502 2122 1700 2160 nominandi,
1719 2132 1780 2154 non
1803 2131 1904 2156 autern
1923 2123 1967 2155 le·

1110 2163 1214 2203 gandi.
1257 2163 1322 2195 Alii
1345 2163 1436 2205 (3),
1461 2163 1544 2204 quod
1565 2164 1602 2194 ad
1622 2163 1721 2204 legata
1742 2163 1894 2196 duntaxat
1914 2173 1966 2196 va·

1113 2205 1178 2236 lere
1195 2204 1382 2243 clausulam,
1405 2214 1468 2236 non
1492 2205 1586 2236 etiam
1606 2204 1644 2235 ad
1659 2205 1778 2236 heredis
1799 2205 1967 2238 institutio·

1113 2254 1184 2277 nern
1206 2245 1406 2283 mutandam,
1426 2246 1456 2278 ἀ
1475 2246 1520 2277 ita
1544 2245 1668 2277 Curiam
1690 2244 1867 2278 Hollandiae
1887 2246 1967 2287 judi-

1114 2285 1204 2318 casse.
1248 2286 1337 2318 Alibi·
1358 2286 1376 2327 ζ
1384 2286 1431 2328 4)
1455 2288 1586 2318 relatum
1606 2285 1651 2318 est
1664 2308 1675 2324 ,
1704 2287 1755 2317 dat
1777 2289 1812 2328 by
1819 2287 1966 2328 sententie

1113 2337 1174 2358 van
1196 2329 1229 2358 de
1250 2327 1405 2369 respeftive
1429 2327 1537 2359 Hoven
1554 2337 1615 2358 van
1635 2325 1758 2368 Justitie
1783 2329 1876 2360 alhier
1897 2338 1965 2361 voor

1113 2368 1196 2410 desen
1211 2371 1237 2400 is
1251 2367 1409 2410 verstczan,
1434 2370 1485 2400 dat
1499 2370 1598 2411 eenige
1617 2368 1814 2411 geschrzften,
1836 2369 1965 2403 cedullen

1115 2420 1151 2441 en
1166 2411 1351 2442 memorialem
1365 2420 1426 2442 van
1444 2408 1615 2451 testateuren
1633 2432 1644 2448 ,
1662 2409 1769 2450 meler
1790 2411 1890 2453 eem'ge
1910 2421 1965 2442 an-

1115 2453 1180 2483 dere
1188 2452 1422 2492 splemiziteizen,
1446 2453 1551 2482 anders
1568 2452 1625 2482 dan
1644 2452 1695 2481 dat
1714 2447 1892 2490 consteerde,
1913 2453 1966 2484 dut

1116 2493 1199 2525 zulks
1215 2493 1284 2524 hare
1300 2491 1423 2534 uyterfle
1438 2493 1521 2524 wille
1536 2501 1601 2523 was
1615 2487 1741 2533 geweest
1754 2501 1790 2521 en
1803 2492 1943 2533 gebleven
1953 2515 1965 2533 ‚

1116 2535 1222 2566 hebben
1245 2540 1354 2565 wzoeten
1375 2532 1460 2574 effe&
1471 2532 1602 2572 firteren
1621 2532 1668 2562 vok
1695 2532 1800 2572 liz-‘ylen
1825 2543 1860 2564 en
1879 2539 1966 2577 legen

1115 2577 1166 2607 der
1188 2575 1284 2607 ael-ver
1294 2575 1449 2616 Jblemnele
1470 2571 1676 2614 testamenten‚
1701 2581 1748 2603 κου
1768 2583 1910 2607 wanneer
1930 2585 1947 2608 z

1115 2618 1189 2648 haar
1202 2617 1305 2648 zelven
1321 2616 1401 2647 zulks
1416 2617 1452 2655 by
1465 2615 1499 2644 cle
1517 2613 1597 2644 zelve
1613 2614 1680 2644 hare
1693 2612 1879 2654 testamenten
1895 2617 1913 2648 b
1953 2632 1965 2639 -

1115 2659 1171 2690 den
1190 2658 1391 2700 gereserveert.
1435 2655 1494 2686 Scd
1517 2663 1572 2695 per
1598 2664 1632 2685 ca
1649 2677 1659 2692 ,
1682 2663 1748 2695 quae
1771 2656 1851 2688 dicta
1875 2657 1967 2698 sunt,

1115 2698 1180 2730 noli
1199 2699 1230 2729 id
1247 2698 1403 2738 porrigere
1420 2696 1456 2727 ad
1470 2704 1568 2726 novas
1590 2694 1803 2729 institutiones
1821 2698 1872 2729 vel
1884 2697 1967 2732 fidei-

1116 2739 1274 2772 commissa
1295 2736 1475 2770 universalia
1487 2759 1498 2775 ,
1521 2736 1631 2777 quibus
1652 2743 1718 2768 tota
1733 2738 1784 2770 vel
1800 2747 1868 2779 pars
1883 2739 1967 2773 here-

1116 2780 1222 2812 ditatis
1245 2779 1384 2811 aufertur
1409 2778 1461 2816 ei,
1492 2778 1542 2818 qui
1572 2778 1667 2818 priori
1694 2777 1879 2811 testamento
1897 2780 1964 2815 sim·

1116 2821 1237 2863 pliciter
1261 2820 1348 2852 heres
1363 2819 1493 2859 scriptus
1512 2817 1574 2857 cst,
1600 2818 1649 2850 sed
1666 2819 1775 2860 accipe
1790 2820 1828 2851 de
1845 2822 1964 2861 portio·

1117 2871 1157 2894 ne
1182 2861 1360 2892 hereditatis
1370 2868 1386 2899 ,·
1403 2860 1441 2890 de
1468 2870 1526 2900 qua
1548 2861 1684 2892 nondum
1709 2861 1853 2892 statuerat
1877 2857 1967 2895 testa'-

1118 2911 1187 2941 tor,
1211 2902 1258 2933 vel
1275 2902 1313 2932 de
1337 2902 1445 2941 legatis
1466 2902 1494 2932 ὅ(
1517 2900 1754 2933 fideicommiffis
1774 2903 1964 2942 particulari-

1117 2943 1192 2982 bus,
1217 2943 1267 2974 vel
1284 2942 1322 2973 de
1341 2944 1407 2974 aliis
1425 2943 1589 2984 praeceptis
1605 2943 1689 2974 circa
1703 2942 1888 2983 sepulturam
1901 2945 1965 2977 for-

1913 2991 1967 3026 te,

1169 3074 1206 3112 4)
1228 3075 1261 3104 In
1274 3074 1380 3112 Confilio
1396 3084 1432 3111 24
1447 3075 1508 3104 Off.
1526 3079 1607 3110 1625.
1628 3074 1704 3111 quod
1721 3073 1806 3102 exstat
1821 3064 1960 3108 Confil.,ff.

257 3110 318 3147 (2)
338 3112 429 3150 Confil.
438 3114 479 3142 H.
489 3115 510 3142 I.
521 3113 684 3152 Confimzs.
695 3126 718 3153 q.
731 3114 1072 3155 1.&2.&Confil.B.1V,
1111 3113 1163 3143 111.
1178 3112 1309 3150 Amsterd.
1327 3113 1418 3151 Confil.
1436 3117 1481 3143 26.
1503 3113 1528 3142 &
1543 3114 1642 3142 iterum
1657 3113 1746 3149 Catilii.
1758 3113 1796 3141 H.
1807 3115 1855 3142 111.
1872 3112 1958 3151 ΟΜΝ.

217 3148 310 3184 Confil.
328 3153 388 3183 158.
408 3161 435 3179 n.
450 3160 474 3179 1.
496 3161 523 3188 p.
539 3159 603 3187 434.
624 3154 653 3181 in
666 3153 719 3191 fin.

250 3186 310 3224 (3)
327 3187 422 3226 Confil.
438 3188 474 3220 B.
489 3191 539 3222 111.
561 3190 653 3229 Confil.
669 3201 735 3229 259.
754 3191 781 3224 ἃ,
796 3196 862 3226 260.
884 3193 887 3198 “

1113 3159 1162 3191 23.
1175 3151 1303 3184 &rursus
1319 3152 1410 3194 Consti.
1427 3152 1465 3184 H.
1482 3151 1562 3183 Parte
1577 3153 1612 3183 Π.
1627 3150 1717 3188 Consti.
1736 3159 1797 3186 195·
1817 3161 1846 3188 p.
1865 3159 1925 3188 7³2⁶
