2008 3436
201 119 271 151 226
454 117 481 152 C
508 117 541 152 O
568 116 602 152 R
626 116 664 152 N
688 115 717 151 E
743 117 772 150 L
796 115 812 149 Ι
838 114 854 148 1

200 196 284 227 verit
298 195 631 234 hostilem‚contra6ta
647 193 951 226 videbiturfortuita
968 192 1064 224 socie-

203 246 266 275 tas,
291 238 320 268 <Et
339 238 405 278 ejus
422 238 503 269 ratio
522 237 664 278 flagitat,
688 245 722 267 ut
739 245 796 276 pro
813 235 936 266 ratione
950 234 1066 264 virium

199 288 368 310 commune
384 278 441 317 fit,
464 279 549 319 quod
567 277 785 309 communibus
805 276 923 308 viribus
943 282 1066 315 captum

200 318 255 350 est.
303 319 416 361 Neque
441 321 536 351 etiam
560 320 590 350 in
608 319 665 349 hac
691 316 792 358 specie
824 315 1062 358 distinguimus,

202 368 354 401 quantum
372 361 502 401 quisque
521 359 767 400 oppugnaverit,
792 358 854 390 hoc
873 359 959 389 enim
976 356 1063 387 usum

201 402 331 433 haberet
354 402 596 439 difficillimum,
623 399 673 431 sed
697 409 735 431 an
760 398 1008 440 oppugnaverit,
1033 397 1063 429 &

200 452 234 474 rc
249 442 312 483 ipsa
328 443 469 474 victoriae
485 450 610 482 quoque
626 440 748 472 causam
765 440 943 481 praebuerit.
988 437 1063 470 Non

202 484 349 517 absimilis
370 483 415 515 est
439 484 505 514 haec
524 481 614 514 causa
627 482 677 520 ei,
702 482 787 522 quod
804 482 843 513 de
858 481 933 512 feris
949 479 1065 511 dicitur

202 526 234 557 in
254 524 280 566 §.
310 535 356 567 13.
392 522 466 564 lust.
495 525 529 555 cle
556 523 629 554 Rer.
661 523 747 562 clivis.
781 532 831 555 eas
853 522 976 554 scilicet
1001 529 1066 552 non

202 566 478 607 pei-requentibus,
505 564 556 596 sed
572 564 799 604 occupantibus
814 564 934 596 cedere.

244 608 294 646 Si,
306 616 341 638 ut
359 608 439 638 inter
459 613 670 637 mercatorum
687 614 783 636 naves
802 604 883 645 saepe
900 603 1066 642 solet,ini-

207 657 239 679 ta
261 647 381 679 fuerint
408 647 493 687 pacta
520 654 638 678 mutuae
666 644 1066 686 defenfionis(Admiraal-

195 690 344 731 schtippen
363 689 424 719 (lici
440 687 608 728 obtinuit)
625 697 751 729 quaero,
774 686 795 719 fi
812 697 872 718 una
889 697 929 718 ex
948 686 995 718 his
1014 695 1065 717 na-

204 730 295 762 vibus
311 728 455 761 hostilem
480 730 618 770 ceperit,
642 739 680 760 an
695 728 798 769 praeda
812 728 849 760 lit
872 727 1067 764 communis,

204 782 242 802 an
267 771 392 812 propria
420 770 598 811 capientis?
622 770 685 809 Et,
709 779 781 801 cum
797 779 835 803 ex
852 768 938 801 fauo
955 778 1002 799 res
1020 768 1065 799 in-

208 812 351 851 cidilset,
376 810 453 850 soli,
478 821 548 852 quae
581 811 686 851 cepit,
719 811 853 852 praedam
881 810 992 842 cedere
1019 818 1065 840 re-

203 853 347 894 sponsum
365 852 409 884 est
429 852 532 891 Consil.
557 853 641 895 Belg.
671 852 706 884 T.
727 852 766 884 II.
794 850 895 891 Confil.
922 861 992 883 200.
1016 859 1068 882 ne-

204 904 266 935 que
283 894 388 926 obell'e
406 894 510 926 damn}
527 894 804 931 communionem,
829 894 901 934 quia
917 893 984 923 haec
1003 901 1068 923 non

204 935 349 967 censetur
376 945 415 967 ex
431 935 500 975 jure
525 935 659 975 quodam
680 934 839 967 societatis
859 931 1044 966 universalis
1057 954 1070 970 ‚

205 976 257 1008 sed
274 978 317 1008 als
340 979 443 1008 avaria
460 976 558 1019 grosse.
595 976 679 1008 Puto
697 976 779 1008 recte
797 974 1000 1016 responsum,
1022 982 1067 1004 at-

204 1028 265 1059 que
282 1018 353 1049 inde
370 1018 449 1056 esse,
472 1018 558 1058 quod
572 1018 603 1049 in
620 1016 648 1058 ὃ.
670 1026 722 1058 54.
768 1017 974 1053 Edicrorum,
999 1024 1068 1055 quae

205 1060 339 1092 Ordines
364 1058 535 1092 Generales
557 1060 652 1090 variis
677 1058 868 1098 temporibus
893 1056 1067 1097 promulga-

204 1109 277 1132 runt
294 1111 355 1131 ‘mn
374 1099 672 1141 Admirualschappen
698 1099 790 1141 (5),
817 1099 949 1140 praedam
966 1097 1066 1138 publi-

204 1142 333 1173 candam
358 1141 548 1173 sanciverint
574 1147 622 1172 ten
645 1141 764 1182 profyte
789 1151 850 1172 van
876 1141 923 1171 die
947 1138 1015 1178 hulp
1032 1147 1068 1168 en

203 1181 362 1224 affi'stentz'e
377 1184 493 1225 gedam
509 1184 634 1220 hebben,
660 1184 689 1215 ἀ
709 1183 752 1213 ita
770 1190 897 1223 quoque
914 1180 1068 1212 sancitum

204 1224 294 1256 estin
312 1224 339 1266 §.
364 1234 393 1261 9.
427 1224 529 1255 Edisti
549 1224 703 1255 Ordinum
722 1222 924 1254 Generalium
940 1231 972 1261 4.
995 1220 1065 1260 Jun.

208 1270 301 1297 1622.
326 1265 407 1306 (6).
455 1264 511 1296 Est
528 1263 598 1295 sane
616 1264 824 1302 veriffimum,
849 1261 1003 1302 ejusmodi
1018 1270 1068 1301 pa-

204 1307 252 1338 &a
269 1307 386 1338 nullius
405 1306 483 1336 lucri
499 1305 657 1343 faciendi,
669 1303 721 1335 sed
737 1303 833 1336 solius
849 1303 951 1335 damni
968 1302 1067 1333 vitan-

204 1348 234 1378 di
253 1348 351 1389 gratia
371 1347 449 1377 iniri.
497 1346 572 1378 Inde
592 1346 737 1377 damnum
758 1345 882 1386 quidem
900 1351 1069 1375 commune

205 1388 271 1425 est,
295 1396 330 1418 ut
348 1387 377 1419 dt
403 1386 538 1420 Grotius
564 1387 635 1419 haec
663 1386 803 1427 explicat
820 1386 860 1418 L.
886 1384 942 1416 ΙΙΙ.
970 1384 1067 1417 Imro-

205 1430 346 1461 daemonis
365 1430 403 1460 ad
423 1428 555 1470 Jurispr.
581 1428 667 1460 Holl.
689 1429 720 1459 C.
750 1438 799 1459 22.
824 1426 875 1458 sed
892 1426 922 1457 id
944 1425 1006 1457 ess'e
1026 1434 1067 1456 ex

204 1479 316 1502 natura
341 1470 432 1510 ipsius
458 1471 539 1511 pasti
573 1470 656 1501 recte
681 1468 863 1501 observavit
886 1465 1067 1499 Lot-cenius

205 1512 245 1545 L.
272 1511 311 1543 ll.
336 1513 369 1542 de
399 1511 477 1552 Jare
505 1513 604 1543 marit.
633 1511 664 1542 C.
691 1521 720 1542 2.
751 1521 782 1542 n.
814 1510 869 1541 ult.
894 1509 946 1541 De
974 1509 1066 1541 lucro

202 1553 284 1586 nihil
304 1552 407 1584 actum
425 1552 470 1584 est
490 1553 542 1585 vel
562 1551 723 1593 expresse,
747 1551 801 1583 vel
821 1551 942 1590 tacite,
966 1558 1068 1591 neque

204 1595 287 1626 enim
309 1594 406 1625 tacita
424 1594 509 1634 pasta
529 1594 630 1626 intelli
657 1602 771 1631 untur,
794 1592 815 1624 fi
832 1592 925 1634 ipsius
944 1591 1067 1633 negotii

206 1636 327 1668 indoles
358 1635 583 1676 impedimento
609 1603 664 1667 eff.
709 1634 860 1666 Attamen
880 1633 982 1674 poss'es
1001 1641 1067 1664 cre-

204 1677 298 1719 dere,
325 1685 359 1708 ut
377 1677 542 1716 damnum,
565 1678 609 1709 ita
627 1677 656 1709 &
678 1676 801 1708 lucrum
826 1673 1067 1712 communicari,

205 1719 276 1759 quia
292 1742 300 1756 ‚
332 1727 403 1749 cum
428 1718 458 1749 in
482 1717 508 1759 ἓ.
534 1723 585 1759 48.
611 1719 638 1750 d.
684 1717 763 1749 Edd.
788 1715 942 1749 sancitum
969 1715 1068 1753 esset,

207 1761 373 1797 damnum,
407 1759 444 1790 ab
470 1758 560 1791 hoste
585 1759 731 1797 illatum,
754 1758 985 1797 communiter,
1009 1765 1070 1798 pro

206 1802 309 1842 pretio
332 1799 519 1841 lingularum
547 1800 674 1832 navium
697 1799 759 1831 esse
782 1798 968 1838 ferendum,
993 1807 1070 1829 mox

207 1842 329 1874 additur
352 1842 383 1873 in
403 1841 432 1883 ὃ.
456 1851 509 1882 49.
534 1851 628 1873 naves
644 1840 706 1872 esse
725 1840 917 1872 aestimandas
929 1862 940 1878 ,
963 1850 1006 1871 om
1022 1849 1070 1871 που

206 1885 266 1915 wel
281 1885 313 1914 in
323 1882 431 1924 schade
443 1905 453 1921 ,
477 1884 522 1914 als
541 1881 828 1920 VOORDEEL,
845 1883 919 1912 daur
933 1891 973 1912 na
987 1891 1070 1923 gere-

208 1926 275 1957 kent
294 1931 321 1956 te
344 1925 473 1956 worden.
519 1924 608 1970 Quid
631 1923 686 1956 fibi
714 1923 785 1954 vult
809 1922 888 1954 illud
908 1922 1069 1961 Voordeel,

207 1967 262 1998 nili
279 1965 416 2006 praedam
433 1975 556 2006 quoque
575 1965 636 1997 effe
655 1964 884 1997 communem?
908 1964 969 1996 Sed
978 1971 1070 2004 potes

209 2008 240 2039 ἂ
265 2007 360 2038 debes
386 2006 417 2037 id
444 2007 622 2047 intelligere
646 2006 685 2037 de
711 2006 749 2037 iis
773 2004 925 2043 navibus,
948 2015 1017 2046 quae
1037 2005 1069 2037 in

209 2046 394 2088 occupando
409 2048 563 2079 auxilium
587 2047 746 2084 tulerunt,
768 2054 805 2077 ut
826 2045 868 2077 fic
886 2045 1070 2077 societatem

207 2099 246 2121 ex
271 2087 391 2120 auxilio
409 2089 566 2127 metiaris,
592 2096 628 2119 ut
655 2087 790 2119 totidem
814 2086 920 2118 verbis
933 2087 1020 2127 ajunt
1041 2088 1068 2119 d.

208 2129 259 2172 ἓξ.
283 2139 334 2169 54.
360 2130 390 2161 &
420 2139 451 2166 9.
474 2129 708 2170 proportione,
731 2135 767 2159 ut
785 2127 884 2159 modo
907 2127 1071 2166 dicebam,

211 2170 423 2212 geometrica,
447 2180 510 2202 non
525 2170 734 2201 arithmetica.

249 2211 413 2253 Superest,
450 2219 486 2243 ut
521 2211 560 2242 de
581 2211 619 2243 iis
642 2211 799 2250 dicamus,
827 2211 879 2252 qui
904 2210 943 2243 de
967 2211 1070 2253 praeda

209 2252 349 2285 terrestri
367 2253 419 2285 vel
435 2252 592 2284 maritima
609 2252 747 2293 judIcare
762 2251 884 2295 possint.
927 2252 977 2285 Ex
996 2252 1070 2284 Edi-

208 2295 261 2326 6ὶο
276 2293 413 2326 Comitis
432 2292 632 2336 Leycestrani
651 2304 682 2334 4.
702 2293 777 2335 Apr.
797 2298 886 2333 1586.
911 2293 970 2335 (7)
992 2294 1026 2335 of
1037 2294 1069 2324 de

208 2345 380 2378 gevaizgens
406 2345 468 2366 van
490 2336 599 2377 goeden
620 2334 718 2375 prinse
741 2345 818 2376 zyn,
849 2335 883 2374 ⁰f
906 2336 989 2373 niet,
1018 2344 1071 2366 co-

208 2375 333 2418 gnoscit
348 2377 485 2417 proximi
509 2376 571 2408 loci
587 2375 789 2418 Magistratus
803 2398 812 2412 ,
836 2376 870 2416 of
889 2377 922 2408 de
939 2378 1012 2408 daar
1029 2383 1071 2407 ῑοε

211 2419 470 2460 gecommz'tzeerde.
516 2418 569 2450 Sic
590 2416 633 2449 ibi
651 2417 837 2460 generaliter
857 2417 896 2449 de
914 2417 1069 2459 captivis,

925 122 1033 149 VAN

779 2524 1138 2560 CAPUT

2001 0 2008 17 ἱ

1994 22 2008 56 xl

1106 108 1706 147 BYNKERSHOEK

1107 190 1191 231 quod
1212 189 1456 222 existimaverim
1486 189 1516 221 &
1542 189 1574 221 in
1598 189 1727 230 reliquis
1752 189 1843 222 rebus
1865 193 1961 234 captis

1989 79 2006 110 (Ἴ

1107 231 1288 263 obtinuiffe.
1333 230 1412 262 Sane
1430 229 1647 276 Leycestranis
1663 232 1854 272 temporibus
1867 231 1962 274 singu·
1992 242 2008 247 ‘¹

1108 273 1147 304 1ae
1170 272 1350 304 Provinciae
1374 270 1609 312 diligentiores,
1633 281 1724 311 quam
1751 272 1873 313 postea,
1897 274 1963 306 fue-

1107 321 1200 353 runt,
1225 323 1264 346 ne
1282 313 1409 345 nimiam
1423 311 1609 352 potestatem
1628 312 1762 346 Ordines
1775 312 1963 357 Generales,

1107 364 1277 396 eorumque
1293 353 1456 399 Collegia,
1480 353 1533 385 fibi
1554 354 1746 395 adrogarent.
1773 355 1868 403 Quod
1884 357 1964 401 Lcy-
2000 380 2001 383 =

1107 395 1261 429 cestranus
1284 393 1472 433 constituit,
1502 395 1603 426 adhuc
1626 396 1848 437 defendamus,
1871 408 1966 440 quan-

1108 444 1176 469 tum
1202 438 1268 477 ejus
1293 436 1361 469 fieri
1390 436 1529 476 poterit,
1565 435 1633 476 sed,
1660 439 1740 479 quod
1767 439 1803 470 ad
1831 441 1968 481 praedam

1108 479 1316 517 maritimam,
1340 477 1506 509 intercedit
1522 477 1549 519 ἕ.
1568 488 1598 520 3.
1625 478 1747 511 Forma
1767 480 1964 516 Admiralita-

1109 528 1177 551 tum
1202 529 1251 562 13.
1268 519 1347 560 Aug.
1376 528 1468 559 1597.
1491 521 1577 559 cujus

1600 519 1628 561 §.
1654 521 1768 558 verba,
1792 522 1852 554 alia
1874 532 1965 556 occa·
2002 525 2004 529 ’

1110 560 1217 599 fione,
1240 560 1328 602 supra
1345 559 1531 592 exhibebam
1553 561 1584 592 C.
1603 561 1693 593 XVI.
1720 563 1757 594 iis
1773 572 1878 595 autem
1895 573 1964 605 pro-
2002 564 2003 568 ’

1109 601 1149 633 be
1165 601 1317 634 consultis
1340 600 1412 632 satis
1427 607 1553 642 apparet
1568 624 1577 639 ‚
1601 611 1636 633 ut
1651 603 1694 634 ibi
1712 613 1834 645 quoque
1851 605 1966 640 indica·
1979 602 1994 613 ⁶

1109 643 1197 682 bam,
1222 653 1287 675 non
1311 643 1403 674 aliam
1428 643 1698 675 Admiralitatibus
1720 646 1968 685 jurisdictionem

1108 684 1172 716 dari
1186 707 1196 720 ,
1221 694 1313 725 quam
1328 684 1366 715 de
1384 683 1496 725 praedis
1506 706 1518 722 ,
1538 694 1604 725 quae
1622 686 1696 716 mari
1718 695 1816 727 captae
1834 688 1930 722 essent
1951 701 1972 723 a

1108 725 1238 758 navibus
1254 725 1377 757 bellicis
1390 748 1399 762 ‚
1424 732 1477 755 aut
1493 735 1509 756 a
1524 726 1717 765 praedatoriis
1732 729 1877 768 privatis,
1895 741 1973 773 qua»,

1109 776 1182 799 cum
1202 766 1360 798 codicillis
1378 765 1540 798 Admiralii
1557 767 1731 807 enavigant.
1756 767 1837 800 Haec
1860 772 1968 804 Admi-

1109 808 1267 841 ralitatum
1293 808 1467 848 jurisdictio
1491 817 1554 839 non
1586 806 1630 839 est
1654 809 1709 841 nifi
1732 809 1873 851 delegata
1889 835 1900 851 ,
1937 813 1972 846 &t

1110 852 1141 883 in
1164 849 1250 882 omni
1272 849 1487 890 jurisdiftione
1511 849 1653 890 delegata
1674 851 1778 891 regula
1796 858 1858 891 cit,
1882 855 1969 888 omni

1109 892 1303 932 exceptione
1327 890 1449 931 major,
1479 891 1625 931 Quicquid
1647 890 1821 931 specialiter
1847 894 1970 937 delega.

1113 942 1180 966 tum
1199 942 1264 964 non
1281 931 1345 970 est,
1376 931 1413 963 ad
1430 932 1617 963 ordinariam
1638 931 1886 972 Jurisdiffioncm
1904 945 1975 977 per,

1112 976 1223 1006 tinere.
1277 973 1480 1018 Quaecunque
1500 973 1596 1014 igitur
1617 983 1712 1005 naves
1737 973 1800 1006 fine
1826 979 1972 1010 mandato

1111 1015 1275 1048 Admiralii
1306 1015 1473 1055 enavigant
1490 1037 1499 1049 ,
1532 1022 1567 1046 ut
1594 1013 1664 1046 sunt
1690 1017 1860 1055 onerariae,
1898 1017 1991 1052 solis‘

1110 1056 1266 1088 mercibus
1292 1055 1527 1086 transvehendis
1554 1054 1734 1094 destinatae,
1757 1056 1779 1089 fi
1800 1067 1896 1091 naves
1915 1060 1974 1092 ho-

1111 1097 1194 1130 stiles
1209 1121 1218 1137 ,
1243 1097 1296 1128 fibi
1312 1096 1438 1128 obviam
1457 1095 1553 1128 factas
1564 1118 1575 1134 ,
1599 1099 1845 1138 occupaverint,
1867 1100 1906 1132 de
1924 1101 1976 1134 his

1110 1139 1221 1181 praedis
1236 1137 1388 1178 judicabit
1406 1136 1627 1178 Magistratus,
1644 1139 1695 1170 cui
1713 1139 1866 1172 ordinaria
1882 1142 1975 1182 J'uris-

1110 1179 1208 1212 dictio
1235 1179 1382 1209 mandata
1401 1177 1455 1209 est.
1501 1178 1533 1209 Si
1557 1179 1674 1210 milites
1696 1179 1783 1211 forte
1800 1181 1974 1223 deprehen-

1111 1221 1186 1253 dant
1204 1228 1298 1251 naves
1318 1217 1468 1256 hostiles,
1489 1218 1634 1258 Judicum
1652 1221 1834 1254 militarium
1852 1226 1913 1255 erit
1926 1225 1977 1265 J'u-

1111 1260 1261 1294 risdiffio.
1309 1259 1352 1291 Et
1379 1267 1503 1297 tamen,
1537 1269 1609 1290 cum
1635 1260 1751 1293 Comes
1774 1262 1806 1294 in
1834 1264 1972 1306 Styrum,

1112 1311 1188 1335 tunc
1210 1299 1380 1333 Praefectus
1402 1299 1606 1341 Muydenfis,
1635 1311 1730 1334 naves
1754 1304 1900 1342 quasdam
1923 1315 1974 1338 ce-

1111 1343 1204 1386 piffet
1225 1343 1258 1374 in
1277 1340 1386 1373 Geli-ia
1408 1350 1507 1382 prope
1524 1341 1729 1379 Nieuwkerk‚
1755 1344 1785 1375 &
1804 1344 1843 1376 de
1862 1345 1911 1378 his
1926 1347 1973 1388 ju.

1111 1384 1280 1417 dicandum
1301 1382 1452 1415 statuiss'et
1472 1382 1554 1423 apud
1576 1383 1744 1415 militarem
1770 1384 1917 1419 Senatum
1940 1389 1973 1422 in

1112 1426 1269 1467 Muyden,
1299 1423 1483 1456 Hollandiae
1513 1423 1648 1455 Ordines
1673 1423 1812 1458 Decreto
1839 1426 1894 1459 suo
1921 1438 1972 1470 14.

1110 1468 1185 1508 Apr.
1214 1470 1304 1508 1673.
1328 1465 1390 1538 (8)
1412 1464 1573 1506 complexi
1598 1464 1688 1505 sunt,
1711 1466 1775 1507 ejus
1797 1468 1842 1500 rei
1865 1471 1972 1511 cogni-

1111 1509 1230 1540 tionem
1247 1509 1285 1539 ad
1299 1506 1326 1539 A
1350 1507 1551 1538 miralitatem
1562 1505 1890 1542 Amsterdammensem
1904 1520 1972 1552 per-

1110 1551 1229 1589 tinere,
1259 1548 1336 1589 iuris
1363 1549 1447 1581 enim
1474 1546 1535 1578 esse
1561 1547 1719 1580 certiffimi
1743 1549 1972 1594 notiffimique,

1110 1589 1384 1624 Admiralitatibus
1406 1588 1655 1630 iurisdictionem
1674 1598 1853 1632 competere
1867 1592 1906 1624 de
1925 1602 1972 1626 re·

1110 1633 1188 1671 bus,
1211 1638 1245 1673 op
1266 1637 1401 1663 wateren
1426 1630 1460 1671 of
1476 1627 1618 1671 stroomen
1642 1641 1782 1674 genomen
1807 1633 1842 1673 of
1860 1643 1971 1677 aange-

1110 1674 1203 1706 haalt.
1258 1672 1318 1706 Sed
1344 1682 1404 1714 ego
1430 1681 1493 1703 non
1517 1672 1752 1713 animadverto,
1775 1675 1975 1715 quemadmo-

1110 1716 1185 1747 dum
1210 1715 1276 1755 eJus
1295 1714 1339 1745 rei
1358 1713 1502 1755 cognitio
1520 1713 1556 1744 ad
1573 1713 1822 1747 Admiralitatem
1836 1717 1973 1757 pertine-

1111 1766 1144 1789 re
1161 1755 1320 1803 potuerit,
1342 1764 1414 1788 cum
1433 1764 1492 1786 nec
1507 1763 1601 1786 naves
1624 1754 1746 1787 bellicae
1768 1756 1902 1798 praedam
1922 1767 1973 1790 ce-

1111 1804 1235 1841 perint,
1265 1806 1323 1828 nec
1346 1797 1440 1828 etiam
1466 1796 1536 1828 aliae
1560 1805 1600 1828 ex
1624 1796 1771 1828 mandato
1797 1797 1971 1832 Admiralii.

1113 1837 1349 1872 Constituamus
1372 1838 1434 1869 ita:
1458 1837 1496 1869 de
1519 1837 1639 1878 praeda,
1664 1847 1757 1878 quam
1777 1838 1974 1872 Admiralita-

1115 1889 1181 1913 tum
1206 1879 1389 1912 mandatarii
1409 1879 1558 1920 capiunt,
1581 1878 1813 1912 Admiralitates
1835 1879 1976 1921 judicant

1113 1924 1140 1954 d.
1167 1920 1195 1963 §.
1219 1931 1249 1963 3.
1273 1920 1313 1952 de
1339 1929 1396 1958 ea,
1418 1929 1508 1961 quam
1536 1920 1674 1959 milites,
1697 1919 1760 1952 five
1786 1928 1885 1961 terra,
1908 1921 1974 1954 five

1111 1963 1206 2001 mari,
1238 1961 1364 2002 Judices
1383 1962 1554 1998 militares,
1575 1969 1708 2001 quorum
1724 1960 1762 1992 de
1778 1959 1870 1994 fastis
1890 1963 1974 1995 mili-

1114 2012 1180 2036 tum
1192 2003 1318 2044 propria
1332 2001 1506 2042 Jurisdifflo
1522 2000 1586 2040 est,
1610 2001 1649 2033 de
1664 2010 1721 2040 ea,
1742 2010 1833 2042 quam
1848 2004 1973 2045 pagani,

1113 2045 1236 2085 Judices
1253 2043 1373 2084 pagani.
1426 2042 1484 2074 Per
1494 2047 1627 2084 paganos
1649 2041 1813 2084 intelligo,
1839 2045 1893 2085 qui
1913 2054 1974 2078 nec

1114 2086 1233 2118 milites
1256 2083 1346 2122 sunt,
1361 2092 1420 2115 nee
1436 2082 1691 2115 Admiralitatum
1707 2084 1974 2128 mandatarii,pet

1109 2128 1223 2170 judices
1241 2131 1394 2167 paganos,
1420 2124 1471 2166 qui
1497 2130 1629 2156 utuntur
1650 2123 1866 2164 Jurisdiffione
1890 2127 1973 2159 ordi-

1113 2168 1206 2200 naria.
1252 2165 1303 2198 De
1322 2166 1428 2207 praeda
1441 2189 1451 2204 ,
1476 2174 1567 2206 quam
1587 2165 1706 2198 milites
1725 2165 1757 2197 in
1771 2173 1854 2199 terra
1877 2167 1974 2210 cepis.

1113 2209 1203 2247 sent,
1225 2208 1302 2239 olim
1322 2207 1500 2248 judicabant
1515 2206 1668 2238 Ordinum
1686 2205 1870 2241 Hollandiae
1889 2209 1974 2242 Con.-

1113 2250 1215 2283 filiarii
1230 2258 1271 2280 ex
1287 2248 1315 2289 §.
1340 2258 1386 2281 10.
1411 2248 1547 2289 antiquae
1564 2256 1673 2279 eorum
1692 2247 1717 2279 F
1719 2257 1815 2281 ormae
1840 2260 1890 2282 22.
1906 2250 1974 2291 Jan.

1117 2300 1207 2332 1590-
1231 2290 1302 2332 (9).
1343 2288 1403 2322 Sed
1419 2289 1452 2320 id
1467 2298 1531 2321 non
1547 2289 1647 2329 reperi
1661 2288 1694 2322 in
1710 2298 1791 2322 nova
1804 2291 1974 2324 eorundem

1112 2331 1216 2406 {orma
1237 2342 1268 2372 4.
1291 2331 1362 2364 oct.
1394 2333 1484 2372 1670.
1506 2329 1588 2371 (10)
1620 2330 1651 2363 Gt
1683 2329 1739 2363 usu
1761 2340 1888 2374 quoque
1907 2341 1975 2364 non

1129 2381 1265 2406 ervatur.

1235 2522 1376 2558 XIX.

401 2618 572 2667 ‚Quousque
597 2617 791 2652 exercitores
815 2619 911 2653 navis
933 2619 1134 2663 praedacoriae
1158 2625 1326 2654 teneantur
1351 2615 1388 2650 de
1412 2614 1524 2649 damno
1550 2614 1673 2659 injuria
1697 2614 1798 2650 dato?

285 2723 306 2745 x
331 2713 360 2755 §.
384 2721 415 2754 5.
442 2713 478 2749 &³
499 2717 550 2751 69.
589 2711 713 2745 Formae
745 2712 1000 2745 Admiralitatum
1027 2724 1074 2757 13.

300 2754 379 2796 Aug.
408 2755 523 2796 1597.(
529 2754 565 2796 1)
588 2763 683 2786 naves
701 2753 917 2795 praedatoriae‚
942 2763 959 2784 a
973 2755 1074 2795 priva-

214 2799 254 2829 tis
269 2797 438 2836 exercitae,
461 2806 526 2828 non
551 2795 739 2836 enavigant,
764 2794 819 2827 nifi
847 2793 985 2836 praestita
1003 2805 1072 2829 cau-

213 2839 301 2870 tione
318 2837 428 2869 idonea
445 2847 513 2869 voor
529 2837 617 2868 baare
637 2836 815 2878 handelinge
828 2858 838 2873 ‚
862 2835 923 2867 hoc
938 2835 1073 2874 est‚n0n

213 2877 353 2910 hostibus
368 2878 514 2910 damnum
529 2878 637 2910 datum
654 2887 716 2910 non
731 2878 790 2914 iri,
812 2876 1073 2919 quemadmodum

214 2920 245 2951 id
264 2919 404 2961 explicat
425 2919 454 2961 §.
471 2929 502 2960 5.
526 2918 669 2959 Formae,
696 2927 758 2960 qua
782 2917 918 2952 Ordines
935 2916 1072 2952 Genera-

331 3078 449 3108 Exstant
468 3078 542 3108 Plac.
564 3079 587 3108 1.
609 3087 636 3108 2.
660 3086 685 3116 7.
707 3087 732 3116 3.
755 3086 781 3110 Ι.

330 3116 427 3144 Ibidem
448 3119 469 3145 Ι.
493 3126 519 3146 2.
540 3124 567 3152 9.
592 3125 615 3145 1.
638 3126 663 3147 1.
784 3114 787 3118 Α

331 3153 431 3181 Ibidem
453 3156 488 3183 11.
510 3164 536 3190 4.
558 3159 584 3185 6.
607 3163 631 3184 1.
654 3164 679 3184 1.

251 3077 310 3113 (5)

249 3116 308 3149 (6)

251 3153 311 3189 (7)

248 3190 310 3228 (8)
329 3190 432 3221 Ibidem
450 3193 501 3223 u1.
522 3201 566 3224 ιο.
587 3200 614 3228 3.
635 3200 682 3229 55.

1118 2716 1162 2748 les
1181 2721 1228 2753 15.
1252 2711 1313 2752 Jul.
1340 2714 1429 2752 1633.
1454 2708 1513 2751 (2)
1535 2710 1753 2756 praedatoriam
1776 2710 1809 2743 in
1833 2710 1976 2745 America

1119 2762 1229 2788 contra
1258 2752 1327 2784 His
1343 2761 1417 2783 anos
1445 2749 1621 2791 permisere.
1665 2751 1858 2794 Simpliciter
1872 2760 1977 2785 autem

1118 2797 1202 2837 ajunt
1225 2793 1272 2826 illi
1298 2792 1316 2834 §
1341 2817 1348 2825 .
1369 2802 1400 2833 5.
1428 2792 1529 2830 &69⁸
1553 2792 1733 2826 cautionem
1754 2791 1816 2824 effe
1832 2791 1977 2834 praestan‘-

1116 2838 1205 2875 dam,
1228 2844 1329 2875 neque
1348 2834 1550 2875 exprimunt,
1572 2844 1588 2865 a
1603 2834 1735 2875 quibus,
1753 2833 1818 2866 five
1834 2843 1851 2865 a
1873 2833 1978 2866 navar-

1117 2878 1180 2910 cho
1193 2899 1203 2916 ,
1226 2875 1290 2908 five
1305 2876 1343 2907 ab
1357 2875 1603 2913 exercitoribus‚
1626 2874 1691 2907 five
1710 2874 1748 2906 ab
1769 2874 1918 2916 utrisque.
1941 2873 1979 2911 Id'

1115 2917 1217 2960 ipsum
1232 2926 1358 2958 quoque
1372 2925 1434 2949 non
1451 2915 1636 2957 exprimitur
1651 2916 1685 2949 in
1699 2914 1813 2948 Edicto
1824 2915 1976 2989 Ordiigxgu

1155 3077 1217 3113 (9)
1236 3077 1268 3105 ln
1282 3076 1400 3106 Vander
1415 3077 1517 3107 Hoeve
1535 3075 1792 3117 Handvest-Cbron.
1811 3075 1848 3108 L.
1855 3075 1879 3108 1.
1892 3073 1922 3106 C.
1929 3075 1974 3106 16.

1154 3116 1233 3151 (10)
1256 3115 1330 3143 Plac.
1353 3117 1400 3144 111.
1425 3125 1447 3145 1.
1471 3125 1497 3152 3.
1518 3124 1544 3152 3.

1155 3154 1215 3190 (1)
1237 3154 1336 3182 Ibidem
1355 3155 1391 3183 Π.
1413 3163 1437 3190 5.
1460 3158 1485 3186 8.
1510 3163 1533 3183 ι.
1555 3163 1582 3184 1.

1155 3192 1220 3230 (2)
1239 3192 1342 3225 Ibidem
1359 3193 1383 3224 1,
1404 3201 1432 3223 2.
1453 3201 1482 3230 3.
1502 3200 1530 3229 3.
1549 3201 1577 3223 1.
