2008 3436
433 103 833 153 ceizNVELii

180 134 196 155 si
207 133 249 155 04
994 109 1017 135 N

910 111 930 136 V
948 111 966 136 Λ

177 185 203 217 (ζ,
224 183 297 222 „fimi
326 191 491 216 steterat-um
508 187 654 223 onmium,
683 194 803 226 queram
820 192 933 214 annuus
952 180 992 222 eft
1016 191 1046 211 u-

169 244 184 265 „ae
215 225 246 254 θ’.)
271 224 464 266 1·cspon.ier;
496 227 596 257 valeat
623 229 740 267 oeqiiiius
757 248 766 263 ‚
797 235 856 266 tsine
874 224 997 264 parribus
1015 224 1046 252 in

177 263 369 306 c-:usi‘sparia
393 269 463 310 jurii
484 266 634 306 destituit.
681 267 726 298 Ut
744 268 906 310 cipiantur
926 262 1048 310 scilicet

176 307 323 346 biennio,
351 317 385 339 ut
404 319 452 341 res
474 309 670 347 immobiles,
696 318 750 349 per
769 307 1047 349 inaeiiilieation-ein

177 347 357 381 immobiles
375 373 386 388 ,
423 351 451 381 dt
470 360 539 391 pars
557 350 644 382 fundi
667 349 768 381 factas.
813 346 911 392 Quod
946 346 1047 386 iplum

177 388 292 421 iterum
323 392 469 433 expressit
502 391 617 423 Cicero
660 391 747 422 Orat.
786 396 839 430 pro
876 388 978 418 Caecin.
1015 386 1045 416 C.

795 475 1149 514 CAPUT

1095 95 1706 136 BYNKERSHOEK

1089 189 1140 220 54.
1184 178 1252 210 Lex
1283 178 1362 220 ustcm
1394 177 1429 213 ὅ)
1452 178 1654 210 (tristor-itatem
1673 179 1767 219 fundi
1793 179 1876 220 jubet
1906 181 1956 222 effe

1091 221 1260 258 biennium,
1281 226 1312 251 at
1331 221 1442 250 urimur
1455 221 1550 250 eodem
1561 222 1629 262 jure
1654 221 1685 252 in
1704 221 1807 250 aedz'bus
1818 242 1830 258 ,
1852 230 1910 261 quse
1923 225 1955 254 in

1094 262 1175 303 Lege
1192 272 1248 291 nm.-
1266 261 1459 301 appellantur.
1507 261 1670 293 Pertinent
1690 260 1758 292 haec
1773 270 1833 299 eo,
1859 269 1894 292 ut
1915 263 1956 295 in-

1093 304 1291 343 telligamus,
1309 302 1424 343 praedia
1442 302 1558 333 urbana
1574 302 1710 343 mancipi
1733 301 1793 333 esse
1810 302 1878 334 solo
1891 302 1956 342 jure

1091 342 1203 381 fundi,
1235 345 1264 376 ἃ
1290 351 1404 384 praeter
1433 342 1544 374 Italica
1571 344 1601 374 δε
1625 342 1798 375 Italicenfia
1816 353 1882 376 non
1897 343 1956 376 ess'e
1998 354 2001 364 ι

1093 394 1141 416 res
1161 384 1236 425 soli,
1262 385 1337 426 quin
1349 384 1408 417 sint
1424 394 1482 416 nec
1502 385 1648 426 mancipi.

1246 475 1338 511 IV.

873 565 924 600 De
951 563 1060 599 Rebus
1088 564 1265 599 mobilibus.

237 668 241 698 i
263 678 310 699 res
321 691 332 706 ,
356 677 430 708 quas
449 668 575 709 proprie
599 674 749 697 vocamus
768 663 918 709 mobile—s,
939 660 1047 694 distina

178 669 231 750 S
255 719 384 749 gudinus
402 710 440 739 ab
458 709 523 748 liis,
549 718 618 749 quze
633 707 662 738 se
681 714 813 738 movent
826 730 835 744 ‚
861 706 1045 748 dicei‘cs,o-

179 752 263 781 mnia
286 749 502 781 mobilia-nec
526 748 661 789 mancipi
689 748 750 780 effe
765 772 774 787 ,
809 748 947 791 lignum,
972 744 1048 789 lapi-

176 794 266 829 dein,
291 790 409 821 serrum
431 815 440 828 ,
473 791 503 822 ὁὶ
531 800 600 831 quae
621 799 718 830 porro
735 789 828 830 longa
846 788 923 820 serie
946 787 1046 816 mobi-

177 833 253 864 lium
280 832 491 871 appellatione
515 832 743 863 continentur:
775 839 845 862 nam
873 836 948 859 ecce
964 825 1048 868 post-

1091 661 1222 700 habeat,
1246 659 1308 694 sine
1324 661 1389 693 ulla
1408 662 1503 694 ullius
1518 662 1704 694 auetoritate
1717 687 1726 702 ‚
1747 661 1813 704 ipse
1832 672 1896 694 non
1913 660 1956 695 se-
1987 700 1989 705 ¹

1091 711 1191 742 quor,
1229 703 1258 734 δε
1278 703 1415 734 rationes
1441 704 1472 734 in
1498 704 1576 735 hanc
1601 713 1665 735 rem
1685 704 1833 746 expedivi
1861 705 1893 736 C.
1916 703 1956 736 11.

1090 743 1183 776 Nihil
1209 742 1280 775 sane
1303 743 1347 774 est
1371 744 1402 774 in
1432 745 1451 775 l.
1476 754 1525 785 37.
1562 744 1592 785 §.
1620 754 1646 776 1.
1671 745 1713 786 ff.
1741 747 1774 777 de
1805 744 1959 777 Eviciion.
1983 757 1986 774 ς

1092 785 1177 826 quod
1195 784 1257 816 huc
1273 785 1428 825 pertineat
1448 796 1458 825 3
1489 788 1518 818 ὅ(
1534 785 1556 818 fi
1572 785 1648 826 quid
1665 786 1771 818 valere
1786 786 1889 828 posset
1905 796 1958 818 au·
1980 814 2000 828 ,,

1091 826 1220 858 ctoritas
1245 826 1311 867 ejus

1399 826 1431 857 ui
1455 826 1608 867 Papianus
1639 826 1758 859 dicitur
1777 851 1787 868 ,
1820 829 1874 861 ille
1896 828 1958 860 Re·
1980 834 1997 871 ς,

150 876 153 879 ’
177 883 268 913 quam
288 872 441 913 Ulpianus
460 874 488 905 ὃς
510 873 642 913 pratum,
665 872 704 903 de
723 872 835 912 quibus
853 869 940 907 dixi,
967 868 1050 907 &ju-
1082 867 1181 913 spons}
1217 866 1249 898 T.
1279 835 1406 900 Xi'ssfi.
1438 868 1470 899 in
1498 867 1637 899 vestibus
1654 868 1829 910 &gemmis
1844 879 1908 902 non
1930 879 1959 901 a·
1981 874 1994 922 ἒ

176 924 209 945 ra
230 914 418 954 praediorum
439 913 646 951 rusticorum,
668 914 697 945 ὅ(
715 912 840 950 servos,
864 912 893 943 &
915 909 1049 941 nonnul-

177 955 222 987 las
241 955 453 996 quadrupedes
478 956 604 999 di'xiffet
634 955 695 986 csse
720 954 873 994 mancipi,
901 960 978 983 mox
1000 950 1049 981 ad-

178 996 246 1035 dit,
272 1002 389 1029 craterus
410 1007 456 1027 res
477 1007 529 1028 nec
558 998 686 1037 mancipi
711 995 781 1036 effi’,
811 994 873 1026 hoc
894 992 958 1039 est,
987 1001 1050 1023 tam

178 1037 375 1075 immobilia,
401 1047 494 1078 quam
516 1038 650 1070 mobilia
672 1038 702 1069 ὃς
723 1035 953 1076 incorporalia,
978 1075 983 1079 .
1002 1042 1049 1064 uae

179 1088 244 1110 non
266 1088 523 1118 enumeraverat,
546 1080 664 1111 nullam
685 1087 788 1109 autem
808 1086 874 1108 rein
897 1076 984 1107 mobi
1001 1083 1051 1105 em

180 1120 397 1158 enumeravit,
417 1119 469 1151 sed
496 1121 617 1162 aliquot
643 1119 761 1161 species
778 1118 931 1150 duntaxat
948 1124 1051 1162 rerum

179 1160 212 1193 se
230 1161 441 1192 moventium.
486 1162 535 1193 An
561 1162 569 1193 i
596 1162 658 1193 itur
677 1160 795 1192 nullam
819 1169 884 1191 rem
900 1157 1052 1190 mobilem

178 1203 383 1234 inanimatam
406 1202 547 1234 dicemus
592 1202 666 1235 uisse
691 1200 854 1273 Πιὲιιιείξζίἱ)
877 1199 950 1240 quid
974 1206 1050 1238 ergo

180 1243 329 1285 praecipit
350 1243 504 1285 Ulpianus
527 1243 554 1285 §.
580 1248 610 1275 6.
634 1245 662 1275 d.
689 1243 721 1274 T.
743 1242 792 1274 XI
833 1266 839 1271 .
871 1249 932 1271 nes
949 1248 1051 1270 Moni-

181 1293 242 1316 LEs
258 1294 316 1316 non
333 1283 389 1323 nisi
402 1285 554 1326 praefhntes
569 1285 732 1325 mancipari
752 1281 845 1323 pqffe,
867 1280 904 1316 ὅ)
918 1279 1052 1319 nonplzi-

181 1336 247 1364 res,
270 1335 356 1367 quam
373 1336 432 1367 quae
448 1337 536 1358 mcznzi
556 1328 623 1366 capi
640 1324 781 1367 pofficni?
803 1322 864 1368 Sed
882 1328 920 1367 ut
936 1330 1051 1351 moven-

182 1368 258 1398 tium
278 1367 307 1399 &
327 1368 473 1398 mobilium
492 1366 669 1407 promiscua
695 1364 740 1396 est
759 1363 945 1406 significatio
967 1362 1052 1403 l.93.

178 1407 218 1450 ff.
244 1409 277 1439 de
299 1408 341 1440 V.
368 1409 398 1439 S.
423 1408 502 1439 nihil
520 1408 668 1448 impedit,
693 1406 862 1447 quominus
873 1413 928 1445 per
942 1413 986 1434 res
996 1412 1052 1433 mn-

181 1451 254 1481 biles
276 1450 308 1480 in
329 1450 356 1480 cl.
380 1448 407 1490 §.
429 1452 458 1479 6.
494 1448 709 1490 intelligamus
737 1445 884 1484 servum,
910 1453 1053 1491 equum,

183 1492 321 1528 bovem,
346 1490 484 1531 aliasque
501 1499 550 1521 res
567 1489 597 1521 se
613 1496 780 1521 moventes
791 1511 801 1527 ,
829 1487 867 1518 de
881 1488 994 1532 quibus
1011 1485 1055 1516 di—

183 1540 274 1564 xerat
292 1531 324 1562 iii
354 1530 381 1572 §.
410 1541 437 1563 1.
469 1540 655 1573 quamquam
682 1539 742 1572 ego
764 1538 829 1562 non
847 1536 1027 1570 negaverim
1043 1549 1054 1565 ,

184 1572 331 1614 quasdam
350 1581 399 1604 res
409 1595 418 1612 ,
443 1573 571 1614 proprie
586 1572 739 1611 mobiles,
749 1579 858 1602 revera
868 1568 962 1601 fuiffe
972 1577 1056 1600 man-

182 1614 267 1655 cipi3
292 1613 330 1645 de
357 1614 533 1655 margaritis
558 1621 666 1652 certe,
684 1612 848 1656 postquam
861 1620 967 1657 earum
983 1608 1056 1656 usus

182 1656 294 1688 Romae
315 1654 450 1687 invaluit
468 1678 480 1694 ,
515 1655 573 1688 vix
593 1655 726 1693 dubito,
749 1663 809 1686 nec
827 1653 919 1685 aliter
939 1651 1056 1698 intelli-

182 1706 225 1739 go
245 1696 384 1728 Plinium
398 1720 407 1736 ,
431 1697 483 1728 ubi
502 1696 541 1728 de
558 1697 727 1738 margarita
747 1695 811 1736 agit
819 1693 892 1740 ‚'L.
911 1691 1055 1740 lie-Hi-

177 1737 252 1781 ster.
274 1737 386 1769 Natur.
422 1739 453 1770 C.
479 1748 530 1779 35.
557 1738 731 1775 Heredem,
760 1737 882 1776 inquit,
899 1734 1054 1776 ſseqmtzir,

182 1782 216 1812 in
240 1780 440 1820 mancipatum
468 1781 552 1811 venit
573 1803 585 1818 ,
618 1786 651 1811 ut
679 1779 819 1820 predium
840 1777 964 1822 aliquod.
1011 1774 1055 1807 Et

182 1820 279 1864 paulo
312 1827 385 1852 ante
406 1821 445 1852 de
471 1819 636 1863 smaragdis
667 1821 697 1852 ὁ(
724 1818 899 1859 margaritis
915 1823 1020 1858 egerat
1042 1839 1054 1855 ‚

184 1871 315 1904 quarum
333 1861 441 1903 ingens
460 1862 596 1901 pretium
612 1861 738 1903 probari
754 1866 880 1902 p0te1·at
892 1863 1052 1905 ‘mancupa-

184 1906 295 1935 tionum
318 1903 448 1942 rabulis,
472 1909 506 1934 ut
529 1903 612 1935 reete
629 1903 712 1934 hune
738 1903 847 1933 locum
866 1900 992 1931 videtur
1009 1908 1053 1929 re-

185 1945 316 1977 stituere
343 1943 428 1977 Clar.
451 1944 667 1986 Schultingius
700 1943 737 1975 ad
769 1942 796 1984 §.
829 1953 858 1984 3.
898 1940 932 1972 T.
958 1939 1052 1973 XIX.

185 1986 305 2027 Fragm.
340 1985 476 2026 Ulpiani.
509 1985 561 2017 sed
589 1986 661 2027 quia
683 1985 785 2017 dubiae
809 1983 953 2029 lefitionis
979 1980 1024 2013 est
1043 2003 1054 2020 ,

184 2027 270 2059 hunc
285 2036 347 2058 non
367 2036 462 2068 urgeo
475 2050 484 2066 ‚
510 2027 589 2063 alter
606 2026 774 2059 suffecerit.
823 2025 976 2066 Ulpianus
988 2033 1054 2064 qui-

185 2068 255 2099 dem
280 2069 456 2108 margaritae
487 2077 551 2099 non
577 2069 721 2100 meminit
740 2092 749 2106 ,
781 2066 869 2098 foi-te
891 2066 976 2107 quod
995 2073 1055 2096 nec

194 2108 277 2139 *risei
298 2108 378 2147 Juris
398 2108 551 2144 Auerni-es
568 2110 634 2149 ejus
650 2110 874 2146 meminerant,
900 2116 972 2138 cum
990 2105 1053 2137 bel-

200 2160 219 2180 ο
245 2150 371 2180 demum
397 2149 585 2190 jugurthino
612 2152 765 2182 unionum
796 2158 909 2180 nomen
932 2156 1055 2188 percre-

186 2190 285 2222 buisse
306 2190 426 2222 i’linius
445 2200 599 2222 memoret
623 2187 726 2223 afloc.
753 2190 915 2232 postquam
933 2198 1054 2230 percre-

186 2232 256 2263 buit
279 2255 287 2270 ‚
322 2232 496 2272 inargaritae
515 2255 525 2270 ,
555 2232 596 2263 ob
621 2233 737 2274 insigne
760 2233 896 2273 pretium
913 2253 923 2269 ,
964 2230 1056 2261 rebus

185 2273 323 2313 mancipi
349 2272 497 2304 videntur
523 2273 637 2304 addita:
657 2298 665 2312 ‚
690 2274 871 2315 principiani
889 2272 1000 2303 cutmen
1022 2281 1055 2317 zie

187 2315 313 2345 oziiiiiufii
336 2323 431 2347 rerum
452 2316 563 2354 pretii,
592 2317 761 2356 margaritae
791 2319 909 2352 tenent,
931 2313 977 2344 ait
1020 2313 1055 2344 li-

185 2356 257 2387 nius
276 2356 373 2395 pri'nc.
408 2356 435 2386 d.
468 2356 500 2386 C.
524 2365 577 2397 35.
610 2355 758 2396 Cujkicius
776 2364 921 2397 quoque,
943 2354 984 2385 ob
1002 2363 1054 2384 au-

187 2396 368 2427 &toi-itatem
391 2396 504 2435 Plinii,
538 2399 718 2438 margaritas
740 2399 832 2430 rebus
850 2396 986 2436 mancipi
1003 2395 1054 2426 ad-

186 2444 330 2469 numerat
361 2436 465 2468 Parae.
499 2438 530 2468 C.
557 2439 590 2470 de
629 2439 754 2480 Usticap.
785 2438 952 2477 transform.
997 2436 1057 2468 Sed

187 2477 272 2516 quod
293 2486 403 2508 omnes
423 2487 471 2508 res
488 2479 659 2519 pretiosas,
676 2486 858 2519 ornamenta
877 2479 981 2516 foi-te,
1002 2486 1056 2508 ve-

187 2518 264 2551 stem
289 2517 435 2558 sericam,
468 2519 497 2551 δε
518 2520 540 2552 si
558 2521 632 2563 quid
653 2522 737 2554 aliud
762 2521 830 2560 est,
854 2520 965 2552 eodeni
981 2522 1056 2552 ioco

822 2613 1186 2649 CAPUT

1094 911 1165 941 liam
1194 907 1425 940 solemnitatem
1441 909 1609 948 desiderat,
1643 918 1735 956 quam
1753 908 1851 942 solam
1867 911 1959 942 tradi·
1984 930 1988 934 Α

1094 951 1237 987 tionem,
1270 950 1319 981 his
1343 950 1388 982 ita
1410 960 1427 982 a
1452 953 1545 983 rebus
1570 951 1706 992 mancipi
1728 951 1885 990 exclufis3
1910 950 1961 984 sed
1987 950 1998 978 '-

1093 991 1150 1023 vix
1177 991 1256 1022 tanti
1272 991 1317 1022 est
1340 992 1396 1023 ille
1413 992 1510 1024 homo
1523 1016 1532 1032 ‚
1566 1000 1601 1023 ut
1620 993 1686 1033 ejus
1704 991 1907 1032 testimonio,
1928 993 1962 1026 in

1092 1033 1155 1064 hoc
1173 1039 1379 1073 argumento,
1400 1032 1506 1065 stetur.

1136 1073 1219 1106 Clar.
1237 1073 1454 1120 Schultingius
1479 1075 1516 1106 ad
1543 1077 1570 1107 d.
1597 1075 1624 1117 §.
1642 1086 1671 1117 3.
1694 1075 1833 1118 sequitur
1853 1074 1960 1108 defini-

1095 1116 1217 1147 tionem
1231 1114 1360 1155 Ulpiani
1387 1125 1417 1146 in
1451 1118 1477 1148 d.
1504 1117 1533 1157 §.
1557 1126 1584 1149 i.
1604 1127 1661 1148 nec
1680 1117 1879 1158 margaritas,
1902 1125 1962 1148 nec

1094 1157 1169 1188 alias
1183 1165 1321 1196 quascun
1347 1164 1387 1198 ue·
1401 1166 1450 1189 res
1468 1159 1602 1199 mancipi
1620 1158 1778 1198 admittit,
1805 1167 1879 1200 quas
1897 1167 1964 1190 non

1094 1198 1219 1229 invenit
1248 1196 1280 1227 in
1339 1197 1434 1236 lpiani
1461 1199 1616 1240 catalogo.

1095 1238 1165 1269 nius
1178 1238 1377 1277 mancipatum
1397 1240 1572 1279 margaritis
1594 1240 1725 1279 tribuit,
1747 1241 1819 1273 inde
1836 1240 1898 1273 effe
1930 1249 1965 1271 u-

1097 1286 1162 1317 tat,
1185 1277 1270 1318 quod
1286 1276 1452 1318 posteriori
1475 1288 1617 1321 tempore
1635 1281 1729 1314 etiam
1751 1281 1876 1313 admissa
1911 1290 1964 1312 ue-

1095 1320 1139 1352 rit
1156 1319 1350 1365 mancipatio
1374 1328 1495 1360 rerum,
1527 1331 1595 1362 quae
1611 1320 1656 1354 sui
1675 1331 1784 1355 natura
1798 1331 1862 1355 non
1876 1329 1966 1354 erant

1095 1369 1253 1401 mancipi,
1275 1360 1402 1392 laudans
1420 1361 1452 1394 in
1469 1371 1536 1395 eain
1550 1362 1735 1395 sententiam
1752 1363 1832 1395 duos
1846 1363 1963 1396 Austo-

1096 1412 1166 1442 res,
1187 1402 1296 1442 janum
1316 1411 1333 1432 a
1351 1400 1445 1434 Costa
1464 1404 1500 1435 ad
1524 1403 1552 1446 §.
1575 1414 1626 1445 40.
1650 1403 1723 1446 Inst.
1742 1406 1775 1436 de
1790 1404 1864 1438 Rer.
1875 1403 1966 1447 divis.

1098 1443 1134 1479 ὅ)
1149 1443 1173 1475 F
1176 1442 1344 1474 ridericum
1358 1443 1578 1477 Bruininerum
1594 1446 1633 1477 ad
1654 1446 1695 1478 L.
1709 1447 1851 1478 Cinciam.
1867 1447 1899 1478 C.
1914 1455 1964 1492 i3.

1664 1198 1760 1245 Quod
1776 1209 1882 1231 autem
1899 1198 1963 1231 Pli-
1991 1215 1997 1228 ε

1991 1283 2000 1305 ..ι

1098 1486 1129 1517 ὅ(
1148 1492 1279 1525 uterque
1299 1484 1330 1516 id
1343 1493 1452 1517 revera
1470 1487 1573 1526 dixit,
1598 1487 1650 1520 sed
1665 1495 1777 1520 neuter
1793 1487 1967 1529 probawt,
2000 1479 2008 1510 Ϊ

1097 1535 1157 1558 nec
1175 1526 1337 1572 quisquam
1352 1525 1518 1561 hominum
1533 1528 1724 1570 probaturus
1742 1528 1809 1568 est,
1833 1538 1898 1561 rem
1909 1537 1968 1562 nee

1098 1568 1235 1608 mancipi
1256 1576 1390 1608 unquam
1411 1567 1504 1601 fuiffe
1531 1570 1691 1643 mancipio
1715 1569 1819 1603 datam
1850 1570 1903 1602 vel
1919 1578 1968 1605 ac·
2006 1579 2008 1581 '

1098 1616 1232 1651 ceptam.
1263 1607 1402 1650 Liquido
1417 1611 1609 1643 contradicit
1660 1611 1782 1653 lpianus
1799 1612 1832 1645 in
1847 1613 1876 1644 d.
1894 1610 1924 1653 §.
1933 1615 1968 1659 3⁴.

1098 1650 1321 1683 contradicunt
1346 1657 1396 1682 tot
1421 1651 1476 1683 alii
1500 1652 1674 1693 Auctores,
1696 1653 1771 1695 qui,
1793 1653 1832 1686 de
1849 1662 1967 1686 manci·
2004 1676 2008 1678 -

1095 1692 1226 1734 patione
1243 1692 1429 1739 loquentes,
1452 1691 1572 1736 semper
1589 1704 1605 1726 a
1629 1702 1686 1728 unt
1711 1694 1750 1726 de
1765 1694 1899 1737 hisipfis
1916 1703 1964 1726 re·
2002 1699 2008 1714 ⁷

1095 1735 1154 1765 bus
1161 1755 1172 1772 ,

1096 1775 1158 1808 iiis.

1101 1817 1131 1849 Τ
1154 1815 1168 1848 I
1221 1784 1296 1807 anus
1311 1784 1329 1806 a
1345 1774 1440 1807 Costa
1477 1784 1612 1809 rovocat
1636 1777 1674 1809 ad
1698 1777 1826 1818 Ulpiani
1843 1774 1968 1824 Fragqn'.

1225 1841 1231 1847 .
1255 1819 1302 1847 16.
1334 1816 1387 1857 qui
1415 1817 1447 1848 ni
1474 1817 1495 1849 il
1520 1818 1583 1857 ait,
1606 1827 1698 1860 quam
1715 1827 1782 1850 rem
1801 1827 1938 1860 manmpi
1955 1841 1968 1858 ,

1097 1858 1192 1890 etiam
1213 1866 1263 1890 ine
1277 1857 1529 1899 mancipatione,
1553 1860 1631 1892 tradi
1643 1859 1740 1900 posse.
1763 1860 1848 1900 quod
1872 1868 1968 1892 nemo

1097 1899 1269 1941 negaverit.
1292 1897 1418 1930 Deinde
1438 1899 1475 1931 ad
1486 1899 1575 1932 Pauli
1598 1901 1731 1932 Sentent.
1750 1900 1792 1932 L.
1810 1900 1836 1933 i.
1863 1900 1896 1932 T.
1918 1910 1968 1944 13.

1099 1941 1128 1983 §.
1150 1951 1180 1981 4.
1205 1940 1259 1981 qui
1277 1939 1358 1971 nihil
1376 1940 1441 1980 ait,
1464 1950 1555 1983 quain
1576 1941 1795 1982 venditorem,
1817 1941 1859 1982 fi,
1881 1942 1968 1983 quod

1099 1989 1241 2024 emptum
1258 1980 1321 2019 est,
1343 1990 1445 2022 neque
1463 1983 1619 2023 tradatur,
1642 1992 1743 2024 neque
1758 1983 1969 2024 mancipetur,

1098 2023 1171 2064 cogi
1194 2021 1282 2064 poffe
1298 2045 1308 2062 ,
1338 2027 1372 2054 ut
1399 2025 1498 2055 tradat
1525 2030 1577 2056 aut
1593 2026 1761 2065 mancipet,
1780 2033 1840 2066 pro
1855 2032 1968 2056 natura

1098 2064 1221 2098 scilicet
1239 2064 1303 2103 rei,
1327 2073 1399 2096 nam
1412 2065 1540 2097 traditio
1555 2075 1659 2097 rerum
1677 2075 1737 2098 nec
1753 2065 1890 2107 mancipi
1908 2064 1966 2105 est,

1098 2114 1134 2137 ut
1167 2105 1360 2146 mancipatio
1383 2114 1487 2137 rerum
1501 2107 1661 2147 mancipi,
1692 2106 1744 2138 sed
1760 2115 1889 2148 quaero,
1913 2106 1968 2139 ubi

1098 2147 1275 2189 Ulpianus,
1296 2145 1351 2178 fibi
1367 2148 1543 2179 contrarius
1562 2172 1572 2187 ,
1602 2148 1656 2179 ubi
1678 2147 1792 2180 Paulus
1811 2147 1938 2180 dixiffet
1954 2170 1968 2187 ,

1098 2187 1268 2229 mancipari
1297 2187 1392 2218 etiarn
1422 2197 1471 2219 res
1493 2198 1554 2220 nec
1577 2189 1723 2230 mancipi.
1767 2189 1967 2222 Brummerus

1097 2230 1177 2262 nihil
1196 2228 1290 2260 habet
1304 2229 1468 2270 praecipui.
1513 2229 1653 2269 Nescio,
1672 2240 1710 2262 an
1730 2229 1794 2272 ipse
1808 2230 1967 2263 Schultin-

1098 2271 1167 2313 gius
1188 2279 1264 2302 mox
1283 2270 1421 2311 priorem
1437 2268 1621 2303 sententiam
1636 2271 1800 2311 retrastet,
1815 2280 1886 2304 nam
1903 2271 1965 2304 Pli-

1098 2313 1205 2352 nium,
1240 2321 1280 2343 ne
1301 2310 1405 2344 obstet
1420 2334 1432 2351 ,
1461 2313 1553 2344 aliter
1569 2322 1645 2344 mox
1665 2322 1735 2346 eum
1753 2313 1912 2354 explicare
1934 2311 1967 2343 δε

1098 2354 1264 2385 emendare
1287 2352 1405 2385 dixeris
1420 2377 1430 2392 ,
1458 2352 1510 2386 sed
1532 2354 1604 2394 quia
1625 2361 1730 2386 manet
1753 2354 1936 2394 mancipatus
1953 2375 1966 2392 ,

1099 2403 1244 2434 manent,
1278 2393 1347 2435 ipso
1374 2396 1521 2434 auctore,
1553 2396 1805 2435 manciipationum
1831 2395 1935 2426 tabulae
1951 2416 1965 2433 ‚

1100 2447 1165 2468 non
1183 2435 1255 2468 satis
1273 2434 1441 2476 adsequor,
1464 2435 1725 2477 quemadmodum
1734 2435 1909 2478 margaritoe
1919 2445 1966 2468 es-

1101 2477 1131 2512 se
1149 2477 1313 2519 potuerint
1325 2486 1374 2509 res
1387 2486 1446 2510 nec
1466 2477 1611 2518 mancipi.

1284 2611 1332 2648 V.

690 2698 741 2733 De
757 2698 797 2746 se
824 2703 1045 2745 moventibus,
1073 2699 1114 2742 &⁹
1139 2702 1276 2748 primum
1300 2698 1336 2734 de
1353 2697 1475 2746 servis.

299 2793 436 2826 obilibus
451 2794 695 2836 adscribo,quae
714 2795 744 2828 se
762 2796 824 2837 ipsa
841 2805 981 2829 movent.
1009 2797 1056 2829 In-

322 2844 369 2867 tei·
387 2836 454 2868 haec
470 2835 623 2868 familiam
639 2837 759 2868 ducunt
779 2837 856 2869 sci-vi
868 2860 878 2875 ,
900 2837 964 2870 five
973 2848 1055 2871 man-

186 2877 289 2917 cipia,
312 2887 446 2918 quorum
468 2887 599 2910 numero
620 2878 649 2910 &
667 2877 842 2918 praestantia
860 2886 1003 2911 veterum
1023 2890 1055 2911 o-

188 2926 243 2956 pes
263 2918 512 2958 definiebantur;
540 2919 621 2952 unde
648 2919 798 2961 Ulpianus
821 2924 923 2951 rei-um
940 2922 1055 2952 inanei-

186 2958 217 2997 pi
229 2981 237 2993 ,
263 2968 331 2999 quie
347 2959 491 2992 aniinatae
510 2959 600 2999 sunt,
623 2961 812 3002 proecipuam
831 2960 964 3002 speciem
983 2971 1053 3003 pro-

186 2998 343 3043 positurus
355 3023 364 3038 ,
389 3001 524 3041 primum
533 3001 635 3042 sttrvos
650 3010 754 3034 vocat.
801 3001 872 3034 Hos
890 3001 951 3034 csse
970 3013 1052 3035 man-

187 3046 251 3083 cipi
270 3038 340 3071 satis
358 3043 453 3073 etiarn
473 3042 573 3074 Varro
593 3042 745 3083 fignificat
767 3043 806 3074 I..
829 3043 866 3074 li.
892 3045 924 3074 cle
948 3044 993 3076 Re
1008 3054 1054 3075 ric-

183 3075 253 3117 jhc,
285 3081 316 3111 C.
353 3091 400 3114 10.
431 3092 527 3123 nam,
559 3082 597 3116 de
626 3082 723 3116 sei-vis
745 3083 919 3126 pastoribus
939 3095 1056 3126 agens,

189 3116 244 3148 sex
261 3121 372 3152 modos
396 3124 576 3165 acquirendi
603 3124 734 3157 dominii
759 3134 940 3164 enumerat,
962 3129 1054 3158 inter-

189 3167 250 3198 que
277 3159 354 3198 hos,
374 3162 421 3199 fi,
448 3170 480 3194 ut
505 3166 624 3205 debuit,
655 3168 798 3207 mancipio
817 3168 853 3198 ab
870 3176 899 3198 eo
914 3169 1026 3198 accesn't
1043 3190 1055 3206 ,

1094 2797 1124 2837 fi
1137 2797 1281 2837 mancipio
1294 2797 1494 2836 mudantur,
1515 2798 1632 2839 duplam
1655 2796 1807 2839 promitti,
1828 2796 1917 2838 quia,
1936 2793 1966 2829 ss

1100 2839 1246 2870 darentur
1266 2836 1424 2878 mancipio
1444 2861 1454 2878 ,
1485 2838 1589 2880 dupiae
1624 2839 1785 2880 praestatio
1807 2837 1964 2878 mancipio

1100 2881 1218 2919 inei-at,
1249 2887 1306 2910 nec
1331 2878 1363 2910 in
1390 2888 1456 2910 earn
1484 2889 1548 2911 rem
1565 2890 1644 2921 opus
1668 2888 1735 2913 erat
1753 2879 1963 2929 stipulatione.

1100 2920 1197 2952 Vides
1227 2919 1326 2960 igitur
1346 2943 1356 2959 ,
1387 2918 1493 2952 servos
1515 2922 1672 2963 mancipio
1691 2921 1755 2954 dari
1783 2922 1812 2953 ot.
1842 2919 1962 2966 accipi,

1086 2961 1183 3007 -qiiod
1195 2984 1204 2999 ‚
1230 2969 1265 2991 ut
1289 2959 1377 3006 supra
1395 2961 1583 3001 probabam,
1618 2962 1674 2995 nisi
1689 2962 1720 2994 in
1739 2961 1831 2994 rebus
1848 2968 1965 2994 manci-

1099 3012 1149 3043 pi,
1175 3011 1236 3034 non
1258 3001 1433 3034 obtinebat.
1479 3003 1522 3035 Et
1541 3013 1612 3036 cum
1624 3002 1811 3044 justinianus
1827 3003 1858 3036 in
1881 3002 1902 3034 l.
1912 3010 1963 3034 un.

1101 3044 1134 3074 C.
1147 3044 1180 3074 cle
1193 3042 1282 3074 Nudo
1294 3044 1360 3086 jure
1381 3041 1494 3090 Quirit.
1508 3045 1568 3076 toll.
1591 3044 1755 3086 abrogaret
1767 3041 1870 3076 rerut‘n
1881 3052 1964 3089 man-

1097 3084 1160 3125 cipi
1179 3084 1209 3115 &
1227 3093 1286 3115 nee
1305 3085 1439 3126 mancipi
1452 3107 1462 3124 ,
1497 3087 1527 3118 &
1554 3086 1631 3118 inde·
1641 3085 1814 3117 derivatam
1831 3083 1963 3118 dominii

1134 3124 1265 3156 uiritarii
1283 3125 1311 3157 δ(
1330 3125 1479 3158 [innitar-ii
1497 3125 1724 3165 differentiam,
1747 3134 1902 3168 quemque
1919 3126 1962 3156 ‘u-

1097 3167 1152 3198 bet
1169 3165 1231 3197 effe
1250 3166 1455 3207 pleniliimum
1476 3167 1506 3199 δε
1531 3167 1706 3210 legitimum
1723 3167 1884 3199 dominum
1915 3174 1962 3198 ave

186 3208 206 3230 a
222 3207 274 3240 quo
291 3200 367 3241 Jicre
387 3203 477 3235 Civili·
490 3207 597 3246 potuit,
641 3206 766 3244 Deinde
782 3208 820 3241 de
838 3208 885 3241 liis
900 3200 1029 3249 ipiis⁴aic
1040 3232 1050 3249 ,
1086 3208 1171 3249 fervi
1183 3230 1192 3248 ,
1211 3205 1275 3246 five
1291 3208 1417 3243 aliarum
1439 3215 1533 3241 rerum
1550 3208 1629 3250 adse
1645 3209 1876 3249 pertinentium,
1901 3205 1962 3239 ser-

1865 3255 1940 3281 vum
1947 3269 1959 3287 ‚

1195 1743 1271 1816 quas
1293 1741 1429 1775 mancipi
1451 1734 1513 1766 efl'e
1537 1745 1599 1768 con
1628 1743 1661 1767 at
1675 1759 1686 1776 ,
1709 1745 1869 1778 nunquam
1885 1735 1924 1768 de
1938 1745 1969 1768 a-
2002 1743 2008 1768 ’.
