2008 3436
296 94 368 137 DE
407 94 677 137 DOMtNIO
716 90 902 136 MARIS

38 181 201 223 ‘perperam
227 181 256 213 id
281 182 323 213 ita
347 177 470 221 accipi,
492 189 528 211 ac
546 179 565 212 fi
581 188 664 210 mare
685 178 816 211 omnino
833 182 898 212 non

40 223 142 264 poll'ct
168 223 232 255 fieri
256 223 433 264 proprium:
459 222 550 262 plane
573 221 655 252 cnim
674 229 729 251 eos
746 221 838 252 aliter
856 220 896 252 sa-

39 264 138 305 puiss‘e
154 264 241 295 vario
256 271 439 305 argumento
450 261 575 294 defendi
591 260 703 303 potest.
728 260 780 306 De
797 262 897 294 domi-

40 306 96 336 nio
120 305 333 337 Romanorum
357 304 515 336 maritimo
533 326 545 342 ,
573 312 634 343 qua
661 302 813 344 pubhco,
837 313 898 344 qua

39 346 166 387 privato
178 369 189 384 ,
212 347 305 378 etiam
320 355 359 377 ex
379 345 482 378 Libris
499 344 630 382 nostris,
653 344 751 375 multa
769 345 898 393 conqui-

37 387 109 420 iivit
135 388 284 419 Scldenus
311 387 382 418 Lib.
407 386 431 418 Ι.
455 386 539 418 Mar.
573 385 610 416 cl.
639 386 671 417 C.
704 395 754 425 24.
784 386 819 421 ξς)
844 395 893 426 25.

36 436 106 469 quae
126 437 189 460 non
205 436 330 469 repeto;
354 437 412 459 nec
425 437 504 468 opus
520 425 565 458 est
579 426 618 457 de
637 435 675 457 co
693 427 826 468 amplius
844 437 894 458 ca-

33 468 158 508 villari,
184 479 255 501 cum
278 470 355 501 adeo
381 468 550 500 rotundum
581 466 618 499 fit
634 491 644 506 ‚
676 469 760 509 quod
787 467 896 501 scribit:

35 509 150 543 Paulus
180 511 210 542 in
237 512 257 547 l,
286 520 332 550 14.
345 509 390 553 ff.
416 511 449 540 de
467 508 564 551 Injur.
604 509 698 548 Sane,
725 509 844 551 inquit,
867 519 895 542 st

35 560 142 584 amnis
161 560 338 583 PROPRIUM
357 560 415 591 Jus
434 559 480 582 AD
493 559 655 591 ALIQUEM
672 560 895 590 PERTINEAT,

36 595 81 623 uti
93 591 238 633 possidetis
254 591 438 622 interdicitim
455 594 482 623 ei
496 593 630 633 corripetit
641 616 650 630 ‚
669 591 698 630 fi
708 594 895 633 prohibeatur

30 634 81 676 jus
87 633 174 674 suum
192 643 340 664 exercere:
363 635 499 674 quoniam
517 635 554 664 ad
574 635 727 673 privatam
742 636 807 678 jam
825 645 892 665 cau-

26 675 94 717 sam
113 675 261 715 pertinet,
284 684 342 705 uon
366 676 404 706 acl
429 675 578 715 publicam
607 676 664 706 haec
691 686 743 707 res.
790 676 896 708 Etiam

34 714 152 748 Grotio
176 716 202 748 is
227 716 318 747 locus
343 716 490 757 expressit
517 715 738 749 confcssioncm
767 718 805 749 de
823 727 895 758 pro-

33 757 166 800 prietate
190 758 301 795 maris,
328 767 388 798 qua
410 758 560 799 occupari
582 757 684 799 potcst
711 759 741 791 δε
762 768 895 800 occupa-

32 806 100 830 tum
120 797 175 830 est.
219 798 395 830 Rectiffimc
411 823 420 838 ,
453 798 474 831 fi
500 808 565 831 non
591 800 754 841 exciperet
782 801 820 832 dc
841 809 894 831 ne-

32 838 99 872 scio
123 840 235 881 quibus
259 841 351 872 maris
372 841 557 882 particulis,
581 849 655 881 quas
673 841 894 883 occupationis

30 880 185 913 duntaxat
198 880 260 912 effe
276 891 405 923 capaces
423 882 485 914 fine
499 883 606 923 populi
626 882 773 924 suffragio
791 883 895 914 decer-

32 923 101 961 nit,
125 923 155 955 &
174 922 195 954 fi
213 932 276 954 non
294 923 470 964 promiscue
487 924 633 962 adderet,
657 925 687 956 in
707 925 783 956 mari
798 934 893 956 occu-

32 973 108 1005 pato
133 963 222 996 usum
247 973 348 996 tamen
374 966 534 1006 publicum
572 965 804 1007 impediendum
830 975 894 997 non

33 1004 114 1042 ess'e;
137 1014 305 1046 utrumque
318 1028 327 1043 ,
351 1006 494 1047 quamvis
508 1007 585 1037 miris
603 1010 674 1045 ἔφα,
692 1006 766 1038 mihi
785 1007 895 1046 nequit

32 1047 176 1088 probari,
201 1055 258 1078 cur
282 1056 345 1078 non
368 1047 468 1085 illud,
492 1046 580 1087 supra
604 1047 756 1088 exposui,
782 1048 811 1079 &
833 1048 895 1078 hoc

32 1097 186 1129 quatenus
213 1097 322 1119 verum
350 1087 386 1119 sit
411 1089 464 1120 vel
486 1088 548 1120 ess'c
570 1088 733 1128 videatur,
758 1088 894 1120 inconti-

32 1130 121 1161 nenti
149 1137 315 1169 exponam.
361 1128 482 1161 Interea
507 1130 632 1171 liquet,
655 1131 703 1171 J'us
731 1131 894 1172 proprium

31 1170 125 1203 maris
151 1170 248 1211 quaeri
276 1169 385 1211 posse,
410 1180 510 1212 neque
537 1171 614 1203 adeo
639 1181 722 1204 mare
739 1172 802 1203 dici
821 1182 894 1203 com-

31 1221 134 1251 mune,
158 1220 250 1253 quam
267 1212 356 1252 cujus
377 1212 552 1245 dominium
576 1212 737 1255 quaesitum
756 1223 820 1245 non
838 1214 894 1246 esi.

32 1251 196 1300 Quaeritur
215 1261 319 1284 autem
334 1254 510 1286 dominium
523 1255 580 1293 iis,
596 1265 675 1295 quos
690 1254 892 1294 ostendimus,

31 1295 155 1333 modis,
177 1294 270 1334 idque
285 1295 337 1326 vel
357 1305 373 1326 a
393 1296 514 1336 populo
541 1297 592 1328 vel
613 1306 629 1327 a
648 1297 797 1337 privato,
821 1305 856 1328 ut
873 1297 894 1328 si

31 1346 50 1368 a
65 1335 186 1377 populo
202 1345 286 1366 mare
303 1345 495 1377 occupetur,
520 1337 556 1368 ad
572 1337 810 1378 Rempublicam
829 1347 895 1379 per-

33 1378 153 1416 tineat,
177 1375 198 1408 fi
214 1386 231 1407 a
244 1377 391 1424 privato,
413 1378 449 1409 ad
471 1379 640 1419 privatum.
684 1379 776 1410 Unde
795 1379 816 1411 fi
833 1380 894 1420 pri-

31 1426 144 1457 vatus,
168 1418 255 1450 verbi
283 1417 391 1458 causa,
415 1428 534 1460 partem
558 1421 650 1452 maris
677 1420 812 1452 aedificio
838 1420 894 1453 suo

33 1468 190 1500 occupet,
214 1460 279 1499 ejus
297 1461 357 1492 crit
373 1461 518 1492 dominus
540 1462 559 1493 l.
572 1467 641 1502 pen.
652 1462 694 1503 ff.
710 1463 743 1493 de
761 1462 834 1495 Rer.
851 1464 894 1494 di-

31 1502 90 1532 vis.
113 1510 177 1532 non
196 1502 282 1533 secus
298 1511 334 1533 ac
352 1501 504 1534 Lucullus
520 1503 587 1542 ejus
610 1504 701 1535 maris
727 1505 832 1535 nactus
849 1503 894 1536 est

31 1542 225 1580 dominium,
242 1543 325 1584 quod
343 1544 422 1584 apud
442 1542 611 1585 Neapolim
628 1545 665 1576 ad
680 1545 789 1576 villam
809 1544 893 1577 suam

32 1583 183 1616 admilisse
198 1584 296 1625 vulgo
316 1583 361 1616 est
376 1595 499 1617 notum.
544 1586 576 1618 Si
593 1587 729 1628 populus
742 1595 892 1628 occupet,

31 1634 117 1657 mare
136 1625 197 1656 erit
216 1626 376 1666 publicum
395 1628 424 1658 d.
446 1628 466 1658 l.
486 1633 555 1667 pen.
578 1628 618 1659 de
643 1636 776 1668 utraque
798 1637 893 1660 occu-

32 1667 161 1708 patione
179 1675 246 1698 rem
265 1666 462 1700 confecimus
479 1670 550 1710 Cap.
573 1668 614 1701 Π.
638 1669 674 1705 &⁹
690 1669 743 1702 111.

30 1728 35 1732 -
74 1707 180 1748 Atque
196 1708 240 1739 ita
267 1708 346 1740 hanc
373 1709 545 1743 doctrinam
565 1710 627 1742 effe
645 1711 894 1744 constituendam

30 1748 162 1781 clarebit
176 1749 324 1790 exemplo
341 1750 504 1791 littorum,
529 1761 662 1793 quorum
680 1753 806 1793 eadem,
825 1763 894 1795 quae

33 1790 146 1830 maris,
171 1790 262 1822 causa
287 1791 350 1831 est,
375 1801 410 1824 ut
430 1793 590 1832 diximus,
617 1795 646 1826 ἀ
664 1795 742 1826 dicit
762 1795 782 1826 l.
810 1805 837 1826 2.
852 1795 891 1837 ὃ.

30 1842 63 1865 -1.
82 1831 123 1872 ff.
146 1833 178 1863 de
196 1832 269 1864 Rer.
287 1833 376 1873 divis.
397 1835 426 1866 ἃ
444 1835 647 1867 consentiunt
663 1836 742 1868 aliae.
789 1836 893 1868 Litto-

29 1883 65 1906 ra
83 1873 179 1914 igitur
203 1873 273 1906 sunt
293 1877 490 1915 communia,
514 1878 587 1915 vel,
613 1877 699 1917 quod
727 1878 808 1909 idem
829 1877 893 1917 est,

30 1915 156 1957 publica
178 1914 250 1955 Jure
266 1914 437 1956 Gentium,
460 1928 524 1950 non
540 1919 668 1960 publica
682 1919 754 1959 Jure
773 1919 894 1951 Civita-

33 1957 93 1995 tis,
115 1965 179 1988 non
204 1957 235 1990 in
254 1958 449 1999 patrimonio
475 1960 604 2001 populi,
629 1969 664 1991 ut
679 1960 775 1992 docet
794 1960 891 1992 Nera-

33 1999 96 2030 tius
116 1998 187 2030 inl.
216 2007 262 2039 14.
285 2005 332 2038 pr.
349 1999 391 2040 ff.
415 2002 448 2032 de
477 2001 601 2043 Aequir.
626 2012 682 2033 rer.
708 2003 815 2033 domin.
840 2002 893 2034 sed

32 2039 95 2071 hoc
112 2048 175 2071 non
193 2040 378 2081 prohibere,
392 2043 558 2082 quominus
572 2043 715 2074 dominio
733 2042 894 2083 subjician-

33 2088 85 2112 tur
97 2102 108 2118 ,
128 2081 209 2112 idem
227 2082 284 2113 eod.
303 2082 355 2114 loc.
374 2083 520 2116 observat
539 2084 586 2116 his
604 2085 726 2116 verbis:
752 2085 818 2116 Nec
835 2087 892 2116 dis-

29 2120 135 2160 fimitis
161 2124 285 2154 conditio
314 2134 409 2156 eorum
429 2123 488 2166 est,
512 2132 596 2167 atque
612 2126 738 2167 pifiium
760 2126 796 2161 ξύ)
805 2127 891 2167 fera-

34 2173 116 2202 rum,
139 2173 198 2204 quoe
209 2162 296 2202 fimul
318 2171 402 2207 atque
426 2167 606 2208 adprehensae
616 2168 712 2209 sunt,
728 2166 794 2206 fine
811 2170 892 2200 dubio

34 2204 97 2236 εἰω-
117 2227 126 2243 ,
160 2205 192 2235 in
214 2206 295 2246 cujas
325 2205 492 2247 potestatem
521 2215 755 2249 pervenerunt,
784 2211 894 2241 domiui

58 2251 121 2289 unp.
138 2245 342 2289 Quapropter
359 2248 379 2280 fi
395 2249 479 2290 quod
491 2250 581 2282 littus
599 2260 774 2292 occupem,
789 2261 893 2283 meum

33 2288 112 2326 erit,
137 2296 209 2318 cum
230 2287 373 2328 alioquin
386 2311 396 2327 ‚
421 2299 462 2321 ex
478 2291 585 2332 regula
600 2291 702 2332 Juris,
725 2302 829 2324 meum
847 2302 892 2324 es-

32 2329 65 2361 se
82 2338 145 2360 non
163 2327 271 2369 poffit,
296 2330 380 2370 quod
401 2331 431 2362 in
452 2331 562 2364 littore
576 2333 718 2372 aedifico,
743 2334 773 2366 δι’,
791 2342 894 2367 tamen

32 2372 201 2410 utrumque
231 2369 308 2402 mihi
337 2371 461 2412 praestat
498 2382 584 2406 certa
615 2374 696 2415 Juris
722 2376 802 2408 ratio
821 2398 832 2414 ,
863 2376 893 2408 &

33 2411 202 2444 auctoritas
227 2412 257 2443 in
280 2412 307 2453 ci.
333 2414 353 2445 l.
382 2423 430 2454 14.
447 2422 497 2456 pr.
522 2415 558 2451 δ’
582 2414 610 2456 §.
639 2426 665 2448 1.
689 2417 710 2448 l.
734 2419 763 2449 6.
784 2423 834 2458 pr.
851 2417 893 2458 ff⁴

31 2453 69 2484 'de
87 2462 142 2484 rer.
161 2453 248 2493 diviſs
265 2451 537 2498 Quemadmodum
557 2466 633 2489 vero
645 2458 786 2498 privatus
800 2468 895 2490 occu-

32 2494 162 2536 patione
178 2494 232 2526 fibi
251 2493 377 2536 subjicit
393 2497 517 2537 littora,
543 2499 586 2530 ita
601 2508 664 2531 non
683 2498 748 2539 est,
771 2509 827 2531 cur
841 2509 895 2541 po-

33 2535 126 2577 pulus
146 2536 252 2567 eadem
274 2538 394 2570 ratione
413 2538 564 2579 subjicere
588 2549 733 2581 nequeat.
780 2541 895 2573 Exem-

32 2577 123 2618 'plutn
143 2576 180 2608 fit
202 2578 233 2609 in
255 2578 379 2620 Populo
405 2579 568 2619 Romano,
595 2583 646 2622 qui
670 2583 746 2614 mihi
769 2583 894 2615 videtur

35 2627 71 2648 ea
89 2617 197 2664 littora
215 2621 398 2661 occupasse,
423 2622 456 2654 in
471 2631 539 2663 quae
561 2624 694 2656 colonos
709 2626 747 2657 ad
765 2625 894 2657 tuendas

35 2659 158 2699 imperii
181 2668 250 2690 oras
281 2663 380 2702 mifit,
405 2671 441 2695 ut
466 2664 575 2696 auctor
591 2664 637 2696 est
664 2666 788 2699 Siculus
805 2665 892 2698 Flac-

35 2709 108 2732 cus:
130 2699 197 2731 haec
215 2701 318 2741 enim,
341 2703 371 2735 ἀ
388 2704 410 2737 fi
425 2714 486 2746 qua
502 2714 614 2746 praeter
637 2707 705 2739 haec
724 2708 783 2740 alia
800 2707 895 2739 ratio-

36 2750 77 2774 ne
101 2749 255 2787 occupata
275 2752 362 2776 erant
380 2745 410 2778 δί
427 2746 577 2787 poffeffa,
602 2758 667 2781 non
686 2749 827 2781 dubitem
844 2759 895 2790 ap-

37 2783 156 2823 pellare
172 2782 301 2822 littora,
323 2785 354 2817 in
379 2795 448 2827 quae
465 2787 604 2829 Populus
619 2790 778 2823 Romanus
800 2791 895 2831 impe-

38 2824 120 2855 rium
144 2823 275 2864 habuit,
301 2825 331 2858 ἀ
376 2836 423 2858 uae
447 2837 614 2871 propterea
642 2832 748 2873 Populi
767 2833 896 2865 Romani

38 2864 90 2905 effe
104 2872 211 2906 aperte
225 2865 332 2898 scribit
347 2835 455 2899 gersus
471 2869 502 2901 in
522 2872 544 2902 l.
554 2882 585 2913 3.
596 2879 646 2913 pr.
657 2873 699 2915 ff.
723 2874 851 2916 Nequid
864 2875 897 2904 in

37 2906 80 2937 loc
100 2906 180 2946 publ.
226 2906 336 2939 Celsus
352 2908 426 2947 ille,
448 2909 480 2941 in
495 2912 584 2952 cujus
601 2913 756 2947 sententia
771 2925 896 2957 perver-

40 2948 132 2979 tenda
157 2956 301 2988 tanturn,
322 2949 375 2990 qui
403 2949 604 2993 dissentiunt,
626 2965 730 2997 operae
752 2957 896 2998 posuere.

40 2987 139 3028 Quod
165 2998 267 3021 autem
292 2999 415 3022 veteres
438 2990 608 3030 Prudentes
622 2998 732 3029 littora
750 2998 896 3030 vocarint

39 3030 221 3069 communia,
253 3040 317 3063 non
340 3031 400 3064 alia
421 3032 509 3065 causa
529 3035 606 3068 mihi
623 3037 739 3071 fanum
755 3040 894 3079 videtur,

40 3079 134 3110 quam
159 3071 244 3111 quod
272 3074 438 3105 maximam
461 3081 579 3114 partem
597 3088 752 3121 occupata
768 3091 831 3113 non
851 3090 896 3112 es-

40 3111 128 3149 sent,
150 3113 182 3139 πὶ
207 3109 238 3148 ’,3
261 3113 338 3149 ἅπαξ
357 3115 370 3145 ὂ
387 3114 424 3147 δῖς
441 3116 614 3153 πζαςωίεστ
629 3122 652 3149 οἱ
674 3123 804 3158 νομοθέται
818 3146 827 3161 ‚
852 3123 898 3154 in-

37 3153 109 3189 quit
126 3152 240 3185 alicubi
262 3158 311 3186 ex'
326 3155 549 3197 Theophrasto
575 3160 687 3193 Paulus
712 3163 836 3202 noster;
859 3172 899 3194 ne

38 3193 160 3232 dicam,
184 3196 366 3236 praeteriisse
393 3207 456 3230 non
481 3198 542 3230 effe
565 3201 757 3241 censendos,
779 3205 832 3245 qui
860 3203 899 3236 de

41 3234 175 3276 irnperio
193 3235 337 3271 littorum
352 3239 383 3272 &
398 3239 541 3273 dominio
567 3241 599 3275 id
619 3242 790 3285 tradidere,
814 3247 899 3288 quod

944 90 1353 147 DissERTAT10‚
1393 103 1431 140 c.
1461 93 1548 142 ix.>
1738 105 1804 154 139

941 179 1106 211 retulimus
1130 180 1160 211 &
1187 179 1361 214 reseremus
1379 183 1491 216 adhuc.
1537 184 1697 219 Caetcrum‘
1720 185 1805 228 quod

940 221 1087 262 pleraque
1104 221 1215 253 littora
1232 222 1364 255 dixerim
1382 222 1475 255 fuiss‘e
1494 229 1673 260 communia
1691 230 1721 260 dc
1744 228 1806 260 Ro-

940 263 1038 294 manis
1053 272 1117 294 non
1133 271 1307 303 occupata,
1324 266 1481 297 neminem
1497 266 1636 300 offendet
1647 293 1657 308 ,
1671 269 1722 310 qui
1741 269 1805 301 uni-

940 312 1025 336 mum
1043 303 1080 334 ad
1103 304 1340 345 amplitudinem
1366 305 1493 346 Imperii
1511 307 1641 340 Romani
1660 312 1804 341 adverte*

939 345 999 384 rit,
1025 345 1055 377 ἃ
1077 343 1226 383 sciverit,
1250 346 1319 378 haec
1338 348 1430 379 maris
1456 348 1566 380 limina
1582 348 1650 381 fcrc
1668 351 1728 382 css'c
1749 350 1805 382 stc-

940 386 1027 424 rilia,
1040 386 1149 426 &quae
1167 387 1333 427 occupass'c
1352 398 1412 420 non
1430 398 1496 421 erac
1518 391 1615 430 tauti;
1641 392 1723 422 littus
1735 402 1802 423 ara-

939 437 969 458 re
986 427 1061 468 quid
1078 427 1132 465 sit,
1156 436 1250 459 nemo
1270 427 1368 460 nescit
1386 439 1475 462 unus.
1522 430 1602 463 Haec
1621 433 1743 464 [andern
1765 433 1804 464 de

939 469 1164 500 commuuione
1180 470 1293 501 littoru
1310 483 1323 488 ··
1342 470 1524 504 observatio
1535 472 1554 504 fi
1565 473 1602 504 ad
1614 484 1696 505 mare
1709 483 1806 506 trans-

939 509 1058 542 feratur
1075 534 1084 549 ,
1108 511 1307 544 confirmabit
1333 512 1362 543 id
1376 535 1386 550 ‚
1408 513 1493 553 quod
1517 514 1612 545 modo
1638 515 1804 553 dicebam,

940 561 1023 583 mare
1039 560 1206 584 commuue
1219 552 1280 584 else
1297 553 1554 596 &audii-c,quod
1567 565 1637 587 aevo
1655 557 1782 589 illorum
1793 579 1804 594 ,

939 593 991 634 qui
1014 594 1081 625 haec
1105 594 1197 626 nobis
1226 594 1418 636 suggerunt,
1445 595 1600 629 subditum
1631 608 1693 630 non
1717 598 1804 630 fuit:

940 635 1084 666 nonnihil
1102 644 1206 667 tamen
1227 645 1268 667 ex
1293 646 1332 667 eo
1352 638 1402 668 vel
1423 646 1499 670 tunc
1516 639 1639 671 subdito
1692 640 1805 679 fuiss'e,

941 676 971 707 ὃ(
995 685 1045 716 pux
1062 676 1158 708 licum
1188 677 1300 718 Populi
1328 677 1460 710 Romani
1487 690 1550 712 non
1581 682 1680 722 negab
1697 691 1727 719 t,
1751 682 1807 722 qui

939 724 1044 757 partes
1065 725 1156 750 tcrrae
1177 720 1289 758 proxitz
1305 729 1336 750 as
1353 720 1382 751 δι
1402 720 1543 761 poffideri
1564 721 1682 764 semper
1705 724 1732 755 &t
1753 732 1807 764 per

939 761 1001 789 hoc
1019 758 1162 791 dominio
1181 761 1279 792 teneri
1301 760 1381 792 haud
1404 763 1523 795 invitus
1543 766 1709 796 concedet.
1740 765 1803 797 Lo-

938 808 1019 872 ?uor
1038 801 1077 831 de
1095 808 1194 839 terra,
1218 811 1286 842 quae
1311 801 1375 843 ipsa
1399 802 1521 837 subdita
1544 803 1606 844 est,
1632 816 1702 838 cum
1731 805 1804 838 satis

950 848 973 872 it
990 850 1110 873 certum
1122 864 1132 880 ,
1148 843 1310 883 niliiljuris
1328 845 1445 885 proprii
1457 846 1487 877 in
1503 857 1688 888 quenquam
1707 856 1804 879 trans-

939 882 983 912 ire
1001 882 1087 924 posse
1102 884 1382 924 virtutedittorum
1394 910 1404 925 ,
1426 896 1496 927 quae
1518 887 1580 928 ipsa
1598 889 1699 921 adhuc
1717 899 1806 921 coin«

938 924 1061 963 munia,
1087 924 1117 956 id
1134 923 1197 964 est,
1223 925 1252 957 in
1275 926 1461 966 potestatem
1484 930 1602 961 red-asta
1620 941 1683 963 non
1701 930 1782 963 sunt.

980 965 1011 997 Si
1034 966 1119 1007 quod
1139 976 1214 1007 ergo
1236 976 1316 998 mare
1333 968 1382 999 vel
1403 968 1494 1001 littus
1512 982 1527 1002 a
1545 971 1668 1012 Populo
1688 973 1737 1004 Ro
1754 991 1757 994 <
1773 982 1803 1004 a·

937 1015 980 1038 no
997 1015 1187 1048 occupatum
1206 1007 1261 1046 fit,
1285 1017 1413 1049 apparet
1429 1010 1491 1042 hoc
1509 1013 1574 1052 ejus
1593 1014 1702 1054 Populi
1723 1014 1804 1053 ess'e,

937 1056 1037 1088 eoque
1048 1058 1111 1080 non
1129 1049 1220 1080 aliter
1234 1058 1328 1089 qucm
1342 1050 1387 1081 uti
1401 1051 1498 1091 poffe,
1511 1063 1600 1093 quam
1619 1055 1681 1086 fine
1693 1056 1803 1095 injuria

937 1097 1116 1121 caeter01·u=i
1132 1115 1138 1121 .
1166 1090 1212 1121 Ita
1228 1090 1260 1122 in
1276 1089 1475 1132 fluminibus,
1488 1095 1532 1125 ita
1547 1095 1577 1126 in
1590 1096 1650 1127 viis
1667 1106 1705 1135 pu
1720 1097 1803 1128 ilicis

937 1129 1082 1162 obtinere
1101 1131 1255 1172 Ulpianus
1277 1133 1321 1163 ait
1340 1132 1370 1164 in
1396 1132 1417 1165 l.
1431 1144 1485 1175 24.
1504 1142 1550 1176 pr.
1571 1136 1612 1178 ff.
1637 1139 1670 1168 de
1690 1137 1802 1170 Duum.

936 1171 1038 1212 infeci.
1065 1173 1093 1204 ὃ(
1112 1172 1216 1214 paffim
1235 1173 1266 1204 in
1282 1173 1360 1205 hanc
1380 1184 1442 1206 rem
1462 1175 1609 1209 sunt'sit.
1636 1177 1804 1210 pandecta-

937 1222 1005 1244 rum
1018 1235 1028 1251 ,
1054 1213 1103 1245 Ne
1123 1216 1192 1255 quid
1208 1216 1241 1245 in
1262 1215 1320 1246 loco
1337 1217 1455 1256 publico
1472 1219 1520 1249 vel
1537 1221 1642 1251 itinere
1651 1218 1728 1259 fiat,
1754 1220 1804 1252 De

938 1264 990 1286 via
1002 1256 1141 1295 publica,
1167 1255 1204 1291 &²
1215 1255 1244 1294 fi
1261 1258 1330 1298 quid
1356 1259 1388 1289 in
1405 1269 1439 1290 ea
1447 1260 1567 1300 fractum
1586 1261 1636 1302 effe
1655 1263 1771 1293 dicatur
1783 1262 1802 1294 ‘3

940 1295 987 1328 De
1000 1295 1174 1337 flunu'uibus
1190 1331 1193 1334 ,
1220 1308 1255 1329 ue
1273 1299 1342 1339 quid
1362 1301 1394 1330 in
1405 1299 1528 1340 flumine
1545 1304 1659 1343 publico
1671 1326 1681 1342 ,
1700 1305 1805 1344 ripave

937 1339 999 1380 ejus
1010 1338 1088 1378 fiat,
1112 1349 1163 1380 quo
1175 1340 1260 1381 pejus
1279 1341 1461 1383 navigetur,
1487 1344 1516 1375 δι’
1535 1344 1656 1386 aliquot
1674 1344 1803 1386 sequen-

939 1388 1007 1418 tes;
1030 1379 1136 1421 estque
1163 1381 1193 1412 id
1219 1390 1375 1421 perpet-uo
1399 1382 1549 1426 i'ervandu
1574 1397 1577 1399 >
1602 1387 1634 1418 in
1652 1387 1708 1425 iis,
1731 1396 1805 1427 quae

937 1419 994 1452 usu
1022 1421 1172 1453 Civitatis
1197 1423 1324 1463 publica
1346 1422 1416 1456 sunt
1435 1448 1446 1464 ,
1472 1434 1506 1457 ut
1527 1427 1605 1459 alter
1627 1427 1716 1459 alteri
1738 1438 1805 1460 non

936 1471 1060 1494 noceat.
1086 1462 1251 1508 Quamvis,
1279 1465 1381 1505 inquit
1398 1466 1592 1507 Porrponius
1609 1469 1639 1501 in
1662 1469 1682 1501 l.
1693 1479 1745 1509 50.
1759 1468 1802 1510 ff.

937 1505 970 1535 de
988 1503 1055 1545 Acq
1073 1514 1129 1536 rer.
1140 1507 1237 1537 tiomln
1271 1507 1325 1536 uoci
1341 1508 1371 1538 in
1390 1508 1486 1540 littore
1498 1511 1614 1550 publico
1626 1511 1674 1542 vel
1691 1513 1722 1541 in
1740 1521 1802 1542 uza-

936 1547 964 1576 ri
981 1545 1192 1586 construxerim,
1210 1515 1337 1588 nosirum
1349 1549 1427 1588 fiat,
1446 1556 1543 1582 tamen
1559 1553 1703 1583 decretum
1723 1552 1803 1583 Prae-

936 1588 1007 1618 toris
1015 1589 1208 1619 adhibendum
1228 1588 1286 1630 est,
1305 1596 1336 1619 ut
1353 1591 1383 1621 id
1394 1591 1499 1630 facere
1517 1593 1623 1633 liceat,
1643 1595 1698 1625 imo
1712 1595 1804 1625 etiam

937 1638 1026 1659 manu
1048 1630 1242 1669 prooibendus
1268 1629 1327 1671 est,
1351 1641 1379 1663 st
1407 1642 1481 1665 ch
1501 1643 1718 1667 mcoMMono
1735 1645 1803 1666 CAE—

937 1679 1110 1702 TERORUM
1127 1680 1164 1702 ID
1183 1680 1322 1704 FAcmT.
1368 1672 1444 1706 Non
1459 1675 1616 1715 Praetorz's,
1642 1676 1691 1708 sed
1708 1676 1803 1708 Prin-

937 1713 1009 1752 cipis
1035 1712 1198 1752 legendum
1234 1713 1295 1745 esse
1324 1714 1419 1747 viror
1451 1717 1484 1748 in
1511 1726 1649 1749 mente-r
1685 1717 1805 1750 venisse

937 1752 1102 1784 Bachovio
1118 1754 1155 1785 ad
1172 1761 1263 1792 upum
1283 1754 1345 1787 FF.
1369 1756 1400 1788 in
1418 1758 1438 1789 l.
1463 1766 1494 1798 5.
1519 1761 1552 1790 de
1572 1759 1612 1791 R.
1632 1759 1676 1792 D.
1700 1760 1730 1791 δι
1746 1760 1803 1791 mi-

936 1803 989 1826 ror
1011 1804 1137 1836 quoque
1166 1795 1332 1839 inventos,
1357 1798 1410 1839 qui
1437 1800 1466 1831 id
1486 1801 1643 1841 probent;
1668 1799 1719 1833 sed
1739 1801 1803 1833 hoc

934 1836 994 1877 Jam
1016 1845 1080 1868 non
1096 1837 1244 1878 agimus..
1272 1838 1305 1870 Id
1329 1840 1377 1880 agi
1399 1841 1540 1881 constat,
1567 1843 1598 1874 in
1618 1843 1727 1875 littore
1748 1843 1815 1874 vel2

937 1877 1029 1916 mari,
1052 1879 1136 1918 quod
1157 1878 1272 1920 Populi
1290 1880 1423 1913 Romani
1442 1881 1514 1923 est,
1532 1883 1678 1916 Praetoris
1698 1891 1803 1925 partes

935 1918 997 1950 esse
1012 1918 1204 1960 cognoscere
1216 1944 1225 1959 ,
1249 1920 1271 1953 fi
1285 1922 1364 1953 citra
1383 1923 1456 1955 inco
1473 1938 1475 1940 ·
1494 1925 1619 1957 nodum
1638 1925 1804 1967 publicum

934 1961 1018 1992 recte
1035 1960 1228 2000 aedificetur,
1253 1963 1353 2004 palam
1371 1965 1488 2007 quippe
1504 1967 1648 2008 loquitur
1666 1967 1734 1999 Pon
1748 1976 1805 2008 po-

935 2002 1005 2034 nius
1022 2001 1060 2032 de
1078 2012 1111 2033 re
1125 2003 1343 2044 publica,non
1362 2006 1402 2037 de
1416 2016 1450 2038 re
1463 2009 1648 2047 communi,
1670 2016 1705 2039 ut
1715 2007 1800 2041 Gro-

937 2044 998 2075 tius
1013 2044 1142 2083 putabat
1163 2045 1233 2086 Cap.
1249 2045 1343 2077 Xlll.
1360 2047 1463 2079 Maris
1478 2049 1530 2081 lib.
1553 2050 1584 2081 in
1599 2050 1731 2091 pudico
1751 2060 1801 2081 ca—

936 2086 1072 2117 vendum
1098 2084 1166 2124 est,
1188 2096 1228 2118 ne
1255 2088 1330 2128 quid
1362 2088 1490 2130 singulis
1517 2090 1643 2131 obstet,
1668 2098 1801 2124 caetero-

938 2127 1014 2167 quin
1034 2126 1055 2158 fi
1075 2126 1146 2159 usus
1172 2128 1318 2169 publicus
1343 2130 1530 2171 impediret,
1554 2132 1638 2174 fique
1658 2133 1800 2165 deterior

936 2168 1021 2200 foret
1047 2168 1166 2201 littoris
1192 2169 1324 2202 marisve
1351 2170 1440 2212 usus,
1464 2174 1558 2206 etiam
1583 2184 1674 2207 manu
1693 2175 1800 2216 prohi-

937 2209 1071 2241 bendum
1096 2209 1173 2242 esset
1193 2212 1229 2243 d.
1254 2212 1274 2244 l.
1298 2211 1349 2252 50‘.
1376 2213 1397 2245 l.
1423 2225 1455 2256 3.
1479 2214 1507 2256 §.
1537 2226 1564 2248 1.
1588 2216 1608 2248 l.
1632 2227 1661 2257 4.
1681 2216 1723 2258 ff.
1748 2217 1800 2248 Ne

936 2252 1005 2293 quid
1020 2252 1052 2283 in
1069 2252 1120 2283 loe.
1133 2253 1220 2292 publ:
1241 2253 1379 2286 Proinde
1392 2257 1445 2297 qui
1462 2256 1528 2288 usui
1550 2258 1680 2299 publico
1697 2258 1801 2289 officit:

922 2294 968 2335 Vin
985 2301 1018 2324 re
1058 2293 1179 2333 ublica,
1204 2295 1256 2336 qui
1277 2304 1325 2327 me
1343 2305 1430 2329 vetat
1445 2297 1555 2339 piscari
1572 2299 1623 2331 vel
1641 2300 1799 2331 everricu-

935 2334 1000 2366 lum
1048 2336 1195 2368 uce1·e·in
1220 2337 1315 2376 mari,
1341 2339 1426 2379 quod
1451 2338 1496 2372 est
1522 2339 1673 2372 Civitatis
1700 2350 1799 2379 meae‚

935 2375 1039 2408 rursus
1055 2375 1268 2418 Pomponius,
1295 2379 1360 2410 imo
1379 2380 1511 2423 plerique
1536 2381 1726 2423 perhibent,
1748 2381 1800 2422 effe

935 2417 1002 2449 huic
1013 2416 1140 2456 similem
1156 2430 1238 2459 eum,
1262 2421 1311 2461 qui
1331 2422 1363 2451 in
1378 2422 1528 2461 publicum
1547 2423 1671 2462 lavare,
1694 2424 1742 2455 vel
1764 2425 1799 2454 in.

940 2468 1031 2490 cavea
1053 2460 1172 2500 publica
1185 2460 1306 2501 sedere,
1329 2462 1376 2493 vel
1399 2463 1501 2504 inquo
1527 2464 1584 2496 alio
1606 2464 1664 2495 loco
1689 2475 1802 2508 agere,

930 2499 1031 2541 sedere
1042 2522 1053 2538 ,
1070 2503 1234 2543 convery'ari
1250 2511 1308 2534 non
1319 2504 1475 2544 patiatur,
1491 2511 1543 2536 aut
1553 2503 1582 2544 fi
1596 2507 1659 2547 quis
1674 2516 1705 2538 re
1721 2517 1798 2545 mea,

939 2542 971 2573 id
990 2540 1053 2581 est,
1085 2542 1253 2582 cujuslibet
1268 2553 1286 2575 e
1310 2545 1448 2585 populo,
1473 2547 1518 2577 uti
1545 2557 1588 2578 me
1607 2557 1665 2578 nori
1678 2550 1800 2588 permit-

939 2588 1005 2620 ταῖς
1028 2593 1098 2614 nam
1127 2583 1163 2619 ξῡ9
1181 2585 1228 2615 hic
1254 2585 1432 2627 injuriarum
1449 2589 1602 2619 conveniri
1614 2588 1728 2631 potest,
1749 2589 1799 2621 uti

935 2633 1166 2657 commemorat
1179 2625 1221 2658 Ul
1247 2626 1334 2658 ianus
1354 2628 1384 2659 in
1400 2627 1421 2659 l.
1440 2638 1486 2670 13.
1513 2628 1541 2671 §.
1564 2630 1617 2661 ult.
1658 2630 1672 2662 ¹.
1696 2633 1729 2662 de
1748 2631 1799 2663 In-

930 2666 994 2708 jur.
1017 2664 1073 2698 suo
1090 2667 1157 2699 haec
1176 2676 1208 2699 te
1238 2668 1359 2700 imonio
1381 2669 1543 2702 luculente
1561 2680 1618 2712 pro
1633 2674 1747 2713 equens
1765 2673 1800 2705 in

937 2708 958 2740 l.
981 2717 1011 2739 2.
1028 2707 1056 2749 §.
1077 2718 1106 2746 9.
1119 2708 1160 2751 ff.
1178 2709 1228 2741 Ne
1248 2711 1318 2751 quid
1335 2711 1368 2742 in
1387 2711 1429 2742 loc
1443 2713 1513 2752 pub.
1539 2713 1573 2744 Si
1589 2714 1669 2754 qais,
1694 2713 1798 2755 inquit

937 2749 1003 2788 ibi,
1025 2752 1058 2781 in
1079 2753 1154 2782 mari
1165 2752 1200 2792 pi
1214 2750 1276 2782 'ectri
1290 2757 1342 2782 aut
1356 2754 1503 2795 navigare
1516 2754 1723 2794 prohibeatur,
1737 2764 1797 2786 non

938 2791 1054 2823 habehit
1073 2794 1183 2824 interdz‘
1213 2803 1280 2831 um,
1304 2795 1541 2834 quemadmodum
1564 2796 1677 2834 necis,
1700 2797 1798 2837 quiin

939 2839 1036 2874 campo
1047 2834 1162 2874 publico
1179 2834 1296 2872 ludere,
1319 2835 1367 2865 vel
1382 2835 1415 2865 in
1428 2835 1544 2876 publico
1564 2836 1663 2867 balneo
1680 2837 1797 2876 lavare,

939 2879 991 2905 aut
1007 2876 1040 2906 in
1056 2876 1165 2907 theatro
1179 2875 1314 2917 spestare
1337 2883 1481 2907 arceatur.
1529 2875 1586 2908 Sed
1604 2879 1733 2909 omnihus
1750 2879 1798 2909 hisv

940 2915 1047 2955 cafibus
1065 2917 1244 2958 iujuriarum
1258 2916 1369 2947 afflone
1385 2918 1522 2948 utendum
1537 2915 1586 2958 est.
1634 2917 1722 2963 Quin
1738 2929 1798 2951 nec

939 2958 968 2989 ei
982 2958 1186 3000 denegabitur
1203 2968 1239 2990 ea
1258 2957 1360 2996 attio,
1383 2958 1436 2997 qui
1458 2967 1530 2989 ante
1549 2958 1629 2990 aedes
1647 2969 1729 2992 meas
1747 2958 1801 2994 vel

938 3006 1010 3030 ante
1025 3000 1208 3040 praetorium
1228 3008 1330 3031 meum
1348 2997 1459 3039 piscari
1475 3008 1493 3030 a
1512 3009 1560 3031 me
1576 2999 1674 3033 fuerit
1691 3001 1807 3043 prohi-·

939 3041 1024 3072 bitus
1043 3042 1070 3072 d.
1097 3041 1118 3071 l.
1145 3050 1193 3082 13·
1218 3040 1247 3082 ᾗ.
1269 3040 1325 3071 uu.
1347 3041 1380 3070 de
1402 3039 1500 3081 Iujur.
1524 3050 1594 3073 nam
1612 3042 1644 3074 in
1665 3043 1797 3085 publico

938 3091 1033 3122 quum
1053 3080 1214 3120 versetur,
1236 3081 1319 3112 rec‘te
1334 3089 1424 3112 notat
1445 3081 1614 3123 Ulpianus,
1638 3084 1717 3116 nullo
1727 3085 1798 3126 jure

938 3123 1091 3165 usurpari,
1116 3130 1152 3153 ut
1169 3123 1264 3154 liceat
1281 3130 1352 3152 eum
1370 3131 1475 3154 arcere
1493 3133 1510 3155 a
1533 3125 1608 3156 mari
1628 3127 1798 3166 proximo,

939 3174 956 3196 a
983 3174 1016 3196 re
1042 3163 1192 3195 Civitatis
1217 3162 1352 3204 publica.
1405 3162 1520 3205 Neque
1545 3173 1648 3198 tamen
1673 3167 1742 3199 haec
1764 3168 1799 3199 in

939 3205 1041 3237 caussa
1058 3203 1146 3242 sunt,
1170 3203 1338 3245 quominus
1360 3205 1413 3246 qui
1442 3205 1576 3238 Civitati
1600 3207 1737 3249 praesunt
1764 3208 1800 3239 il-

939 3246 1014 3286 lud,
1026 3245 1078 3319 cSui
1096 3245 1361 3288 imperant,mare
1371 3255 1410 3279 ex
1427 3247 1494 3287 jure
1506 3247 1806 3321 dominiieloccntb}
1817 3289 1828 3292 „

1079 3296 1097 3319 2
