<?xml version="1.0" encoding="UTF-8"?>
<!DOCTYPE html PUBLIC "-//W3C//DTD XHTML 1.0 Transitional//EN"
    "http://www.w3.org/TR/xhtml1/DTD/xhtml1-transitional.dtd">
<html xmlns="http://www.w3.org/1999/xhtml" xml:lang="en" lang="en">
 <head>
  <title>
</title>
<meta http-equiv="Content-Type" content="text/html;charset=utf-8" />
  <meta name='ocr-system' content='tesseract 3.04.00' />
  <meta name='ocr-capabilities' content='ocr_page ocr_carea ocr_par ocr_line ocrx_word'/>
</head>
<body>
  <div class='ocr_page' id='page_1' title='image "./corneliivanbynke00bijn_0901.png"; bbox 0 0 2008 3436; ppageno 0'>
   <div class='ocr_carea' id='block_1_1' title="bbox 180 93 1664 157">
    <p class='ocr_par' dir='ltr' id='par_1_1' title="bbox 180 93 1664 157">
     <span class='ocr_line' id='line_1_1' title="bbox 180 93 1664 157; baseline 0.003 -14"><span class='ocrx_word' id='word_1_1' title='bbox 180 99 753 157; x_wconf 76' lang='lat' dir='ltr'><em>QUAEST.JUR13</em></span> <span class='ocrx_word' id='word_1_2' title='bbox 804 93 1172 146; x_wconf 63' lang='lat' dir='ltr'>Pitivnri,</span> <span class='ocrx_word' id='word_1_3' title='bbox 1223 95 1664 147; x_wconf 55' lang='lat' dir='ltr'>Liss.1v.0.vi.v²ii.</span> 
     </span>
    </p>
   </div>
   <div class='ocr_carea' id='block_1_2' title="bbox 15 183 919 691">
    <p class='ocr_par' dir='ltr' id='par_1_2' title="bbox 18 183 918 234">
     <span class='ocr_line' id='line_1_2' title="bbox 18 183 918 234; baseline -0.01 -7"><span class='ocrx_word' id='word_1_4' title='bbox 18 227 22 233; x_wconf 79' lang='grc'>,</span> <span class='ocrx_word' id='word_1_5' title='bbox 46 191 154 232; x_wconf 61' lang='lat' dir='ltr'>imm,</span> <span class='ocrx_word' id='word_1_6' title='bbox 175 193 227 226; x_wconf 86' lang='lat' dir='ltr'>sed</span> <span class='ocrx_word' id='word_1_7' title='bbox 254 203 318 225; x_wconf 90' lang='lat' dir='ltr'>non</span> <span class='ocrx_word' id='word_1_8' title='bbox 343 193 403 226; x_wconf 83' lang='lat' dir='ltr'>alia</span> <span class='ocrx_word' id='word_1_9' title='bbox 427 192 570 227; x_wconf 73' lang='lat' dir='ltr'>ratione.</span> <span class='ocrx_word' id='word_1_10' title='bbox 594 199 684 231; x_wconf 85' lang='lat' dir='ltr'>quam</span> <span class='ocrx_word' id='word_1_11' title='bbox 713 187 800 234; x_wconf 34' lang='lat' dir='ltr'>‘quod-</span> <span class='ocrx_word' id='word_1_12' title='bbox 821 183 918 234; x_wconf 72' lang='lat' dir='ltr'>Angli</span> 
     </span>
    </p>

    <p class='ocr_par' dir='ltr' id='par_1_3' title="bbox 15 230 919 691">
     <span class='ocr_line' id='line_1_3' title="bbox 50 230 918 276; baseline -0.007 -8"><span class='ocrx_word' id='word_1_13' title='bbox 50 235 112 268; x_wconf 80' lang='lat' dir='ltr'>suis</span> <span class='ocrx_word' id='word_1_14' title='bbox 135 235 205 268; x_wconf 76' lang='lat' dir='ltr'>solis</span> <span class='ocrx_word' id='word_1_15' title='bbox 230 235 436 276; x_wconf 79' lang='lat' dir='ltr'>permittunt,</span> <span class='ocrx_word' id='word_1_16' title='bbox 459 234 528 265; x_wconf 83' lang='lat' dir='ltr'>aliis</span> <span class='ocrx_word' id='word_1_17' title='bbox 553 231 699 264; x_wconf 83' lang='lat' dir='ltr'>omnibus</span> <span class='ocrx_word' id='word_1_18' title='bbox 722 230 918 262; x_wconf 80' lang='lat' dir='ltr'>Natiombus</span> 
     </span>
     <span class='ocr_line' id='line_1_4' title="bbox 15 271 919 310; baseline -0.007 -1"><span class='ocrx_word' id='word_1_19' title='bbox 15 282 18 285; x_wconf 88' lang='lat'>&#39;</span> <span class='ocrx_word' id='word_1_20' title='bbox 46 278 242 309; x_wconf 70' lang='lat' dir='ltr'>interdicunt</span> <span class='ocrx_word' id='word_1_21' title='bbox 258 277 450 308; x_wconf 81' lang='lat' dir='ltr'>commercia</span> <span class='ocrx_word' id='word_1_22' title='bbox 472 276 502 307; x_wconf 89' lang='lat' dir='ltr'>in</span> <span class='ocrx_word' id='word_1_23' title='bbox 522 284 557 306; x_wconf 89' lang='lat' dir='ltr'>ea</span> <span class='ocrx_word' id='word_1_24' title='bbox 572 271 674 305; x_wconf 86' lang='lat' dir='ltr'>Insula</span> <span class='ocrx_word' id='word_1_25' title='bbox 693 280 862 310; x_wconf 81' lang='lat' dir='ltr'>exercerc,</span> <span class='ocrx_word' id='word_1_26' title='bbox 886 280 919 303; x_wconf 86' lang='lat' dir='ltr'>at</span> 
     </span>
     <span class='ocr_line' id='line_1_5' title="bbox 46 313 918 360; baseline -0.006 -11"><span class='ocrx_word' id='word_1_27' title='bbox 46 328 125 349; x_wconf 87' lang='lat' dir='ltr'>vero</span> <span class='ocrx_word' id='word_1_28' title='bbox 150 319 239 350; x_wconf 78' lang='lat' dir='ltr'>navis</span> <span class='ocrx_word' id='word_1_29' title='bbox 262 340 272 356; x_wconf 91' lang='lat'>‚</span> <span class='ocrx_word' id='word_1_30' title='bbox 303 318 342 349; x_wconf 83' lang='lat' dir='ltr'>de</span> <span class='ocrx_word' id='word_1_31' title='bbox 365 328 427 360; x_wconf 84' lang='lat' dir='ltr'>qua</span> <span class='ocrx_word' id='word_1_32' title='bbox 451 317 619 358; x_wconf 85' lang='lat' dir='ltr'>agebatur,</span> <span class='ocrx_word' id='word_1_33' title='bbox 653 313 695 344; x_wconf 85' lang='lat' dir='ltr'>ibi</span> <span class='ocrx_word' id='word_1_34' title='bbox 726 314 918 345; x_wconf 85' lang='lat' dir='ltr'>commercia</span> 
     </span>
     <span class='ocr_line' id='line_1_6' title="bbox 45 355 917 396; baseline -0.006 -5"><span class='ocrx_word' id='word_1_35' title='bbox 45 369 109 392; x_wconf 86' lang='lat' dir='ltr'>non</span> <span class='ocrx_word' id='word_1_36' title='bbox 124 368 329 396; x_wconf 81' lang='lat' dir='ltr'>exercuerat,</span> <span class='ocrx_word' id='word_1_37' title='bbox 354 360 457 391; x_wconf 86' lang='lat' dir='ltr'>inulto</span> <span class='ocrx_word' id='word_1_38' title='bbox 480 358 582 389; x_wconf 78' lang='lat' dir='ltr'>minus</span> <span class='ocrx_word' id='word_1_39' title='bbox 600 364 640 386; x_wconf 89' lang='lat' dir='ltr'>eo</span> <span class='ocrx_word' id='word_1_40' title='bbox 667 356 798 387; x_wconf 86' lang='lat' dir='ltr'>nomine</span> <span class='ocrx_word' id='word_1_41' title='bbox 815 355 917 395; x_wconf 87' lang='lat' dir='ltr'>publi-</span> 
     </span>
     <span class='ocr_line' id='line_1_7' title="bbox 45 397 918 448; baseline -0.007 -15"><span class='ocrx_word' id='word_1_42' title='bbox 45 410 117 433; x_wconf 85' lang='lat' dir='ltr'>cata</span> <span class='ocrx_word' id='word_1_43' title='bbox 136 410 213 433; x_wconf 87' lang='lat' dir='ltr'>erat.</span> <span class='ocrx_word' id='word_1_44' title='bbox 259 401 348 448; x_wconf 78' lang='lat' dir='ltr'>Quin</span> <span class='ocrx_word' id='word_1_45' title='bbox 376 401 436 432; x_wconf 87' lang='lat' dir='ltr'>alia</span> <span class='ocrx_word' id='word_1_46' title='bbox 456 399 546 431; x_wconf 85' lang='lat' dir='ltr'>turba</span> <span class='ocrx_word' id='word_1_47' title='bbox 568 397 790 429; x_wconf 75' lang='lat' dir='ltr'>Mei-catorum</span> <span class='ocrx_word' id='word_1_48' title='bbox 812 404 918 428; x_wconf 85' lang='lat' dir='ltr'>nauta-</span> 
     </span>
     <span class='ocr_line' id='line_1_8' title="bbox 46 438 917 484; baseline -0.006 -9"><span class='ocrx_word' id='word_1_49' title='bbox 46 452 177 484; x_wconf 85' lang='lat' dir='ltr'>rumque</span> <span class='ocrx_word' id='word_1_50' title='bbox 193 442 383 481; x_wconf 80' lang='lat' dir='ltr'>testaoatur,</span> <span class='ocrx_word' id='word_1_51' title='bbox 407 439 608 479; x_wconf 66' lang='lat' dir='ltr'>navigatione</span> <span class='ocrx_word' id='word_1_52' title='bbox 623 447 664 469; x_wconf 72' lang='lat' dir='ltr'>ex</span> <span class='ocrx_word' id='word_1_53' title='bbox 684 438 857 470; x_wconf 81' lang='lat' dir='ltr'>Hollandia</span> <span class='ocrx_word' id='word_1_54' title='bbox 874 438 917 470; x_wconf 90' lang='lat' dir='ltr'>in-</span> 
     </span>
     <span class='ocr_line' id='line_1_9' title="bbox 44 472 917 526; baseline -0.006 -10"><span class='ocrx_word' id='word_1_55' title='bbox 44 484 154 517; x_wconf 79' lang='lat' dir='ltr'>stituta</span> <span class='ocrx_word' id='word_1_56' title='bbox 168 490 202 526; x_wconf 83' lang='lat' dir='ltr'>op</span> <span class='ocrx_word' id='word_1_57' title='bbox 219 486 253 516; x_wconf 81' lang='lat' dir='ltr'>de</span> <span class='ocrx_word' id='word_1_58' title='bbox 272 484 438 525; x_wconf 74' lang='lat' dir='ltr'>Spaansche</span> <span class='ocrx_word' id='word_1_59' title='bbox 457 472 662 521; x_wconf 66' lang='lat' dir='ltr'>Wstindien,</span> <span class='ocrx_word' id='word_1_60' title='bbox 686 479 824 512; x_wconf 79' lang='lat' dir='ltr'><strong>solemne</strong></span> <span class='ocrx_word' id='word_1_61' title='bbox 843 478 917 518; x_wconf 77' lang='lat' dir='ltr'>effe,</span> 
     </span>
     <span class='ocr_line' id='line_1_10' title="bbox 43 521 916 564; baseline -0.006 -7"><span class='ocrx_word' id='word_1_62' title='bbox 43 533 78 557; x_wconf 85' lang='lat' dir='ltr'>ut</span> <span class='ocrx_word' id='word_1_63' title='bbox 95 527 184 558; x_wconf 81' lang='lat' dir='ltr'>navis</span> <span class='ocrx_word' id='word_1_64' title='bbox 212 525 306 562; x_wconf 77' lang='lat' dir='ltr'>semel</span> <span class='ocrx_word' id='word_1_65' title='bbox 326 527 503 564; x_wconf 81' lang='lat' dir='ltr'><strong>iterumque</strong></span> <span class='ocrx_word' id='word_1_66' title='bbox 527 523 564 554; x_wconf 87' lang='lat' dir='ltr'>ad</span> <span class='ocrx_word' id='word_1_67' title='bbox 588 522 758 561; x_wconf 78' lang='lat' dir='ltr'>Jamaicam</span> <span class='ocrx_word' id='word_1_68' title='bbox 774 521 916 562; x_wconf 78' lang='lat' dir='ltr'>applicet</span> 
     </span>
     <span class='ocr_line' id='line_1_11' title="bbox 43 563 918 606; baseline -0.006 -7"><span class='ocrx_word' id='word_1_69' title='bbox 43 568 82 599; x_wconf 84' lang='lat' dir='ltr'>ad</span> <span class='ocrx_word' id='word_1_70' title='bbox 109 567 226 600; x_wconf 78' lang='lat' dir='ltr'>cibaria</span> <span class='ocrx_word' id='word_1_71' title='bbox 251 568 292 598; x_wconf 87' lang='lat' dir='ltr'>ibi</span> <span class='ocrx_word' id='word_1_72' title='bbox 319 564 552 606; x_wconf 81' lang='lat' dir='ltr'>comparanda,</span> <span class='ocrx_word' id='word_1_73' title='bbox 578 573 636 594; x_wconf 89' lang='lat' dir='ltr'>nec</span> <span class='ocrx_word' id='word_1_74' title='bbox 659 572 826 604; x_wconf 83' lang='lat' dir='ltr'>propterca</span> <span class='ocrx_word' id='word_1_75' title='bbox 857 563 918 594; x_wconf 87' lang='lat' dir='ltr'>iter</span> 
     </span>
     <span class='ocr_line' id='line_1_12' title="bbox 42 604 917 648; baseline -0.006 -7"><span class='ocrx_word' id='word_1_76' title='bbox 42 617 198 641; x_wconf 82' lang='lat' dir='ltr'>mutatum</span> <span class='ocrx_word' id='word_1_77' title='bbox 224 607 367 648; x_wconf 73' lang='lat' dir='ltr'>intelligi.</span> <span class='ocrx_word' id='word_1_78' title='bbox 414 607 494 639; x_wconf 87' lang='lat' dir='ltr'>Sane</span> <span class='ocrx_word' id='word_1_79' title='bbox 513 629 522 643; x_wconf 91' lang='lat'><strong><em>‚</em></strong></span> <span class='ocrx_word' id='word_1_80' title='bbox 554 605 575 638; x_wconf 86' lang='lat' dir='ltr'>si</span> <span class='ocrx_word' id='word_1_81' title='bbox 600 605 651 636; x_wconf 76' lang='lat' dir='ltr'>vel</span> <span class='ocrx_word' id='word_1_82' title='bbox 677 613 831 636; x_wconf 86' lang='lat' dir='ltr'>mutatum</span> <span class='ocrx_word' id='word_1_83' title='bbox 858 604 917 636; x_wconf 81' lang='lat' dir='ltr'>iter</span> 
     </span>
     <span class='ocr_line' id='line_1_13' title="bbox 42 645 916 691; baseline -0.006 -9"><span class='ocrx_word' id='word_1_84' title='bbox 42 650 138 691; x_wconf 77' lang='lat' dir='ltr'>esset,</span> <span class='ocrx_word' id='word_1_85' title='bbox 169 651 247 682; x_wconf 78' lang='lat' dir='ltr'>niliil</span> <span class='ocrx_word' id='word_1_86' title='bbox 272 648 381 688; x_wconf 86' lang='lat' dir='ltr'>obest,</span> <span class='ocrx_word' id='word_1_87' title='bbox 405 648 426 681; x_wconf 82' lang='lat' dir='ltr'>si</span> <span class='ocrx_word' id='word_1_88' title='bbox 453 657 492 681; x_wconf 82' lang='lat' dir='ltr'>ex</span> <span class='ocrx_word' id='word_1_89' title='bbox 513 645 695 680; x_wconf 71' lang='lat' dir='ltr'>necestitate</span> <span class='ocrx_word' id='word_1_90' title='bbox 721 654 861 679; x_wconf 82' lang='lat' dir='ltr'>mutetur</span> <span class='ocrx_word' id='word_1_91' title='bbox 886 645 916 687; x_wconf 55' lang='grc' dir='ltr'>ᾗ.</span> 
     </span>
    </p>
   </div>
   <div class='ocr_carea' id='block_1_3' title="bbox 651 745 921 782">
    <p class='ocr_par' dir='ltr' id='par_1_4' title="bbox 651 745 921 782">
     <span class='ocr_line' id='line_1_14' title="bbox 651 745 921 782; baseline -0.007 -1"><span class='ocrx_word' id='word_1_92' title='bbox 651 745 921 782; x_wconf 90' lang='lat' dir='ltr'><strong>CAPU</strong></span> 
     </span>
    </p>
   </div>
   <div class='ocr_carea' id='block_1_4' title="bbox 959 187 1884 650">
    <p class='ocr_par' dir='ltr' id='par_1_5' title="bbox 959 187 1884 650">
     <span class='ocr_line' id='line_1_15' title="bbox 959 187 1834 238; baseline 0.013 -19"><span class='ocrx_word' id='word_1_93' title='bbox 959 197 991 229; x_wconf 87' lang='lat'>7.</span> <span class='ocrx_word' id='word_1_94' title='bbox 1015 187 1058 220; x_wconf 91' lang='lat' dir='ltr'>A.</span> <span class='ocrx_word' id='word_1_95' title='bbox 1084 189 1115 235; x_wconf 70' lang='grc' dir='ltr'>ᾷε</span> <span class='ocrx_word' id='word_1_96' title='bbox 1145 198 1214 235; x_wconf 79' lang='lat' dir='ltr'>quae</span> <span class='ocrx_word' id='word_1_97' title='bbox 1238 198 1338 230; x_wconf 75' lang='lat' dir='ltr'>major</span> <span class='ocrx_word' id='word_1_98' title='bbox 1361 193 1547 236; x_wconf 71' lang='lat' dir='ltr'>necessitas,</span> <span class='ocrx_word' id='word_1_99' title='bbox 1581 207 1672 238; x_wconf 82' lang='lat' dir='ltr'>quam</span> <span class='ocrx_word' id='word_1_100' title='bbox 1698 198 1719 232; x_wconf 88' lang='lat' dir='ltr'><strong>fi</strong></span> <span class='ocrx_word' id='word_1_101' title='bbox 1745 199 1834 237; x_wconf 69' lang='lat' dir='ltr'>navis</span> 
     </span>
     <span class='ocr_line' id='line_1_16' title="bbox 962 229 1834 273; baseline 0.016 -13"><span class='ocrx_word' id='word_1_102' title='bbox 962 237 1052 271; x_wconf 79' lang='lat' dir='ltr'>egeat</span> <span class='ocrx_word' id='word_1_103' title='bbox 1069 230 1195 263; x_wconf 85' lang='lat' dir='ltr'>cibariis</span> <span class='ocrx_word' id='word_1_104' title='bbox 1213 232 1266 263; x_wconf 89' lang='lat' dir='ltr'>vel</span> <span class='ocrx_word' id='word_1_105' title='bbox 1285 229 1497 266; x_wconf 84' lang='lat' dir='ltr'>instrumentis</span> <span class='ocrx_word' id='word_1_106' title='bbox 1514 238 1674 272; x_wconf 74' lang='lat' dir='ltr'>nauticis?</span> <span class='ocrx_word' id='word_1_107' title='bbox 1697 241 1728 272; x_wconf 89' lang='lat' dir='ltr'>in</span> <span class='ocrx_word' id='word_1_108' title='bbox 1749 240 1834 273; x_wconf 80' lang='lat' dir='ltr'>hunc</span> 
     </span>
     <span class='ocr_line' id='line_1_17' title="bbox 961 271 1835 323; baseline 0.01 -21"><span class='ocrx_word' id='word_1_109' title='bbox 961 272 1046 303; x_wconf 88' lang='lat' dir='ltr'>enim</span> <span class='ocrx_word' id='word_1_110' title='bbox 1059 271 1153 318; x_wconf 72' lang='lat' dir='ltr'>finem</span> <span class='ocrx_word' id='word_1_111' title='bbox 1170 272 1209 303; x_wconf 86' lang='lat' dir='ltr'>ad</span> <span class='ocrx_word' id='word_1_112' title='bbox 1224 272 1391 313; x_wconf 86' lang='lat' dir='ltr'>Jamaicam</span> <span class='ocrx_word' id='word_1_113' title='bbox 1407 275 1574 317; x_wconf 72' lang='lat' dir='ltr'>adpulerat,</span> <span class='ocrx_word' id='word_1_114' title='bbox 1605 279 1658 312; x_wconf 83' lang='lat' dir='ltr'>Ne</span> <span class='ocrx_word' id='word_1_115' title='bbox 1675 290 1835 323; x_wconf 61' lang='lat' dir='ltr'>repetaim</span> 
     </span>
     <span class='ocr_line' id='line_1_18' title="bbox 961 313 1833 361; baseline 0.015 -18"><span class='ocrx_word' id='word_1_116' title='bbox 961 313 1046 359; x_wconf 81' lang='lat' dir='ltr'>quod</span> <span class='ocrx_word' id='word_1_117' title='bbox 1063 314 1150 361; x_wconf 66' lang='lat' dir='ltr'>supra</span> <span class='ocrx_word' id='word_1_118' title='bbox 1167 322 1206 345; x_wconf 84' lang='lat' dir='ltr'>ex</span> <span class='ocrx_word' id='word_1_119' title='bbox 1228 315 1340 346; x_wconf 89' lang='lat' dir='ltr'>eodem</span> <span class='ocrx_word' id='word_1_120' title='bbox 1356 315 1386 357; x_wconf 86' lang='lat'><em>§.</em></span> <span class='ocrx_word' id='word_1_121' title='bbox 1402 325 1441 356; x_wconf 78' lang='lat'>7.</span> <span class='ocrx_word' id='word_1_122' title='bbox 1465 317 1631 358; x_wconf 82' lang='lat' dir='ltr'>aliquoties</span> <span class='ocrx_word' id='word_1_123' title='bbox 1644 322 1810 355; x_wconf 77' lang='lat' dir='ltr'>observavi</span> <span class='ocrx_word' id='word_1_124' title='bbox 1819 334 1833 361; x_wconf 60' lang='lat'>⁴,</span> 
     </span>
     <span class='ocr_line' id='line_1_19' title="bbox 960 356 1833 401; baseline 0.013 -15"><span class='ocrx_word' id='word_1_125' title='bbox 960 356 1082 387; x_wconf 76' lang='lat' dir='ltr'>etiamsi</span> <span class='ocrx_word' id='word_1_126' title='bbox 1104 361 1164 401; x_wconf 77' lang='lat' dir='ltr'>iter</span> <span class='ocrx_word' id='word_1_127' title='bbox 1189 364 1344 388; x_wconf 89' lang='lat' dir='ltr'>mutatum</span> <span class='ocrx_word' id='word_1_128' title='bbox 1369 357 1447 390; x_wconf 72' lang='lat' dir='ltr'>essct</span> <span class='ocrx_word' id='word_1_129' title='bbox 1463 382 1473 398; x_wconf 87' lang='lat'>‚</span> <span class='ocrx_word' id='word_1_130' title='bbox 1498 360 1614 400; x_wconf 83' lang='lat' dir='ltr'>absque</span> <span class='ocrx_word' id='word_1_131' title='bbox 1637 364 1703 394; x_wconf 82' lang='lat' dir='ltr'>ullo</span> <span class='ocrx_word' id='word_1_132' title='bbox 1727 373 1833 397; x_wconf 85' lang='lat' dir='ltr'>tamen</span> 
     </span>
     <span class='ocr_line' id='line_1_20' title="bbox 960 395 1832 445; baseline 0.011 -18"><span class='ocrx_word' id='word_1_133' title='bbox 960 395 1125 443; x_wconf 64' lang='lat' dir='ltr'>assecurari</span> <span class='ocrx_word' id='word_1_134' title='bbox 1153 398 1324 445; x_wconf 84' lang='lat' dir='ltr'>mandato,</span> <span class='ocrx_word' id='word_1_135' title='bbox 1346 401 1432 440; x_wconf 79' lang='lat' dir='ltr'>quod</span> <span class='ocrx_word' id='word_1_136' title='bbox 1459 400 1512 432; x_wconf 84' lang='lat' dir='ltr'>hic</span> <span class='ocrx_word' id='word_1_137' title='bbox 1534 410 1574 432; x_wconf 86' lang='lat' dir='ltr'>ne</span> <span class='ocrx_word' id='word_1_138' title='bbox 1601 405 1832 442; x_wconf 68' lang='lat' dir='ltr'>praetexebatur</span> 
     </span>
     <span class='ocr_line' id='line_1_21' title="bbox 962 437 1832 485; baseline 0.011 -17"><span class='ocrx_word' id='word_1_139' title='bbox 962 437 1110 484; x_wconf 85' lang='lat' dir='ltr'>quidem,</span> <span class='ocrx_word' id='word_1_140' title='bbox 1130 437 1394 485; x_wconf 73' lang='lat' dir='ltr'>assecurationem</span> <span class='ocrx_word' id='word_1_141' title='bbox 1413 450 1515 474; x_wconf 85' lang='lat' dir='ltr'>tamen</span> <span class='ocrx_word' id='word_1_142' title='bbox 1539 442 1664 481; x_wconf 80' lang='lat' dir='ltr'>valere,</span> <span class='ocrx_word' id='word_1_143' title='bbox 1687 444 1769 477; x_wconf 88' lang='lat' dir='ltr'>salva</span> <span class='ocrx_word' id='word_1_144' title='bbox 1784 456 1832 478; x_wconf 81' lang='lat' dir='ltr'>as-</span> 
     </span>
     <span class='ocr_line' id='line_1_22' title="bbox 962 479 1884 526; baseline 0.008 -15"><span class='ocrx_word' id='word_1_145' title='bbox 962 481 1136 511; x_wconf 86' lang='lat' dir='ltr'>securatori</span> <span class='ocrx_word' id='word_1_146' title='bbox 1152 479 1276 512; x_wconf 63' lang='lat' dir='ltr'>achone</span> <span class='ocrx_word' id='word_1_147' title='bbox 1291 490 1404 514; x_wconf 88' lang='lat' dir='ltr'>contra</span> <span class='ocrx_word' id='word_1_148' title='bbox 1420 483 1625 516; x_wconf 82' lang='lat' dir='ltr'>navarchum.</span> <span class='ocrx_word' id='word_1_149' title='bbox 1673 485 1832 526; x_wconf 80' lang='lat' dir='ltr'>Atqueita</span> <span class='ocrx_word' id='word_1_150' title='bbox 1881 481 1884 485; x_wconf 70' lang='grc'><strong>’</strong></span> 
     </span>
     <span class='ocr_line' id='line_1_23' title="bbox 960 521 1833 565; baseline 0.006 -12"><span class='ocrx_word' id='word_1_151' title='bbox 960 521 1112 564; x_wconf 86' lang='lat' dir='ltr'>Senatus,</span> <span class='ocrx_word' id='word_1_152' title='bbox 1132 522 1343 563; x_wconf 82' lang='lat' dir='ltr'>compensatis</span> <span class='ocrx_word' id='word_1_153' title='bbox 1359 531 1461 557; x_wconf 77' lang='lat' dir='ltr'>tamen</span> <span class='ocrx_word' id='word_1_154' title='bbox 1481 526 1623 557; x_wconf 86' lang='lat' dir='ltr'>omnium</span> <span class='ocrx_word' id='word_1_155' title='bbox 1642 525 1833 565; x_wconf 85' lang='lat' dir='ltr'>judiciorum</span> 
     </span>
     <span class='ocr_line' id='line_1_24' title="bbox 959 563 1831 610; baseline 0.009 -18"><span class='ocrx_word' id='word_1_156' title='bbox 959 571 1051 608; x_wconf 78' lang='lat' dir='ltr'>antea</span> <span class='ocrx_word' id='word_1_157' title='bbox 1070 563 1210 594; x_wconf 73' lang='lat' dir='ltr'>actorum</span> <span class='ocrx_word' id='word_1_158' title='bbox 1220 586 1231 602; x_wconf 90' lang='lat'>‚</span> <span class='ocrx_word' id='word_1_159' title='bbox 1251 565 1406 605; x_wconf 77' lang='lat' dir='ltr'>expensis,</span> <span class='ocrx_word' id='word_1_160' title='bbox 1431 567 1538 599; x_wconf 68' lang='lat' dir='ltr'>Cui-iaz</span> <span class='ocrx_word' id='word_1_161' title='bbox 1557 566 1743 600; x_wconf 82' lang='lat' dir='ltr'>sententiam</span> <span class='ocrx_word' id='word_1_162' title='bbox 1761 577 1831 610; x_wconf 86' lang='lat' dir='ltr'>pro-</span> 
     </span>
     <span class='ocr_line' id='line_1_25' title="bbox 960 603 1470 650; baseline 0.014 -16"><span class='ocrx_word' id='word_1_163' title='bbox 960 603 1050 635; x_wconf 75' lang='lat' dir='ltr'>bawt</span> <span class='ocrx_word' id='word_1_164' title='bbox 1074 612 1121 642; x_wconf 84' lang='lat'>19.</span> <span class='ocrx_word' id='word_1_165' title='bbox 1146 605 1245 638; x_wconf 75' lang='lat' dir='ltr'>Mai-t.</span> <span class='ocrx_word' id='word_1_166' title='bbox 1272 615 1362 647; x_wconf 78' lang='lat'><em>1717.</em></span> <span class='ocrx_word' id='word_1_167' title='bbox 1384 609 1470 650; x_wconf 82' lang='lat'><em>(2).</em></span> 
     </span>
    </p>
   </div>
   <div class='ocr_carea' id='block_1_5' title="bbox 970 743 1222 782">
    <p class='ocr_par' dir='ltr' id='par_1_6' title="bbox 970 743 1222 782">
     <span class='ocr_line' id='line_1_26' title="bbox 970 743 1222 782; baseline 0.004 -3"><span class='ocrx_word' id='word_1_168' title='bbox 970 743 1007 779; x_wconf 91' lang='lat' dir='ltr'>T</span> <span class='ocrx_word' id='word_1_169' title='bbox 1105 745 1222 782; x_wconf 90' lang='lat' dir='ltr'><em>V11.</em></span> 
     </span>
    </p>
   </div>
   <div class='ocr_carea' id='block_1_6' title="bbox 43 831 1836 937">
    <p class='ocr_par' dir='ltr' id='par_1_7' title="bbox 43 831 1836 937">
     <span class='ocr_line' id='line_1_27' title="bbox 43 831 1836 888; baseline 0.001 -14"><span class='ocrx_word' id='word_1_170' title='bbox 43 836 188 874; x_wconf 75' lang='lat' dir='ltr'>Navium</span> <span class='ocrx_word' id='word_1_171' title='bbox 227 838 436 883; x_wconf 74' lang='lat' dir='ltr'>merciumque</span> <span class='ocrx_word' id='word_1_172' title='bbox 456 863 466 878; x_wconf 88' lang='lat'>‚</span> <span class='ocrx_word' id='word_1_173' title='bbox 504 846 571 882; x_wconf 76' lang='lat' dir='ltr'>quae</span> <span class='ocrx_word' id='word_1_174' title='bbox 603 843 743 881; x_wconf 72' lang='lat' dir='ltr'>tempore</span> <span class='ocrx_word' id='word_1_175' title='bbox 758 832 864 880; x_wconf 69' lang='lat' dir='ltr'>fat‘Zae</span> <span class='ocrx_word' id='word_1_176' title='bbox 895 831 1143 878; x_wconf 71' lang='lat' dir='ltr'>qfl&#39;ecurationis</span> <span class='ocrx_word' id='word_1_177' title='bbox 1163 835 1236 881; x_wconf 83' lang='lat' dir='ltr'>jam</span> <span class='ocrx_word' id='word_1_178' title='bbox 1263 836 1412 883; x_wconf 64' lang='lat' dir='ltr'>prafebiae</span> <span class='ocrx_word' id='word_1_179' title='bbox 1428 839 1535 884; x_wconf 64' lang='lat' dir='ltr'>fiant,</span> <span class='ocrx_word' id='word_1_180' title='bbox 1562 842 1616 877; x_wconf 77' lang='lat' dir='ltr'>vel</span> <span class='ocrx_word' id='word_1_181' title='bbox 1631 843 1705 888; x_wconf 78' lang='lat' dir='ltr'>J&#39;am</span> <span class='ocrx_word' id='word_1_182' title='bbox 1729 841 1836 887; x_wconf 73' lang='lat' dir='ltr'>perie-</span> 
     </span>
     <span class='ocr_line' id='line_1_28' title="bbox 88 881 1834 937; baseline 0.007 -22"><span class='ocrx_word' id='word_1_183' title='bbox 88 897 163 921; x_wconf 55' lang='lat' dir='ltr'>ram</span> <span class='ocrx_word' id='word_1_184' title='bbox 186 912 198 930; x_wconf 83' lang='lat'>‚</span> <span class='ocrx_word' id='word_1_185' title='bbox 238 888 358 933; x_wconf 60' lang='lat' dir='ltr'>quando</span> <span class='ocrx_word' id='word_1_186' title='bbox 391 886 583 933; x_wconf 72' lang='lat' dir='ltr'>aſji&#39;curacio</span> <span class='ocrx_word' id='word_1_187' title='bbox 609 886 740 926; x_wconf 70' lang='lat' dir='ltr'>valeat,</span> <span class='ocrx_word' id='word_1_188' title='bbox 776 881 817 922; x_wconf 60' lang='grc' dir='ltr'>ὅ)</span> <span class='ocrx_word' id='word_1_189' title='bbox 841 883 961 929; x_wconf 72' lang='lat' dir='ltr'>quando</span> <span class='ocrx_word' id='word_1_190' title='bbox 987 894 1048 917; x_wconf 78' lang='lat' dir='ltr'>mm</span> <span class='ocrx_word' id='word_1_191' title='bbox 1083 885 1174 918; x_wconf 80' lang='lat' dir='ltr'>item.</span> <span class='ocrx_word' id='word_1_192' title='bbox 1224 886 1366 932; x_wconf 80' lang='lat' dir='ltr'>Illustris</span> <span class='ocrx_word' id='word_1_193' title='bbox 1390 887 1534 934; x_wconf 79' lang='lat' dir='ltr'>species,</span> <span class='ocrx_word' id='word_1_194' title='bbox 1561 891 1597 926; x_wconf 79' lang='lat' dir='ltr'>de</span> <span class='ocrx_word' id='word_1_195' title='bbox 1624 903 1658 926; x_wconf 82' lang='lat' dir='ltr'>eo</span> <span class='ocrx_word' id='word_1_196' title='bbox 1679 892 1834 937; x_wconf 75' lang='lat' dir='ltr'>judicata</span> 
     </span>
    </p>
   </div>
   <div class='ocr_carea' id='block_1_7' title="bbox 43 937 555 1120">
    <p class='ocr_par' dir='ltr' id='par_1_8' title="bbox 91 937 555 1031">
     <span class='ocr_line' id='line_1_29' title="bbox 94 937 555 982; baseline -0.004 -11"><span class='ocrx_word' id='word_1_197' title='bbox 94 937 179 982; x_wconf 62' lang='lat' dir='ltr'>apud</span> <span class='ocrx_word' id='word_1_198' title='bbox 210 947 375 981; x_wconf 74' lang='lat' dir='ltr'>utramque</span> <span class='ocrx_word' id='word_1_199' title='bbox 414 937 555 970; x_wconf 76' lang='lat' dir='ltr'>Curiam.</span> 
     </span>
     <span class='ocr_line' id='line_1_30' title="bbox 91 985 384 1031; baseline -0.003 -11"><span class='ocrx_word' id='word_1_200' title='bbox 91 985 352 1031; x_wconf 64' lang='lat' dir='ltr'>aſj&#39;esiiratiancm</span> <span class='ocrx_word' id='word_1_201' title='bbox 376 1013 384 1022; x_wconf 87' lang='lat'>.</span> 
     </span>
    </p>

    <p class='ocr_par' dir='ltr' id='par_1_9' title="bbox 43 1036 317 1120">
     <span class='ocr_line' id='line_1_31' title="bbox 43 1036 317 1079; baseline -0.004 -9"><span class='ocrx_word' id='word_1_202' title='bbox 43 1073 46 1076; x_wconf 51' lang='grc'>,</span> <span class='ocrx_word' id='word_1_203' title='bbox 91 1036 129 1070; x_wconf 70' lang='lat' dir='ltr'>liv:</span> <span class='ocrx_word' id='word_1_204' title='bbox 157 1039 317 1079; x_wconf 61' lang='lat' dir='ltr'>miriones,</span> 
     </span>
     <span class='ocr_line' id='line_1_32' title="bbox 92 1096 166 1120; baseline 0 -1"><span class='ocrx_word' id='word_1_205' title='bbox 92 1096 166 1120; x_wconf 72' lang='lat' dir='ltr'>nea.</span> 
     </span>
    </p>
   </div>
   <div class='ocr_carea' id='block_1_8' title="bbox 26 1219 917 3135">
    <p class='ocr_par' dir='ltr' id='par_1_10' title="bbox 26 1219 917 3135">
     <span class='ocr_line' id='line_1_33' title="bbox 128 1219 915 1264; baseline -0.006 -8"><span class='ocrx_word' id='word_1_206' title='bbox 128 1223 165 1256; x_wconf 90' lang='lat' dir='ltr'>fit</span> <span class='ocrx_word' id='word_1_207' title='bbox 181 1223 253 1264; x_wconf 85' lang='lat' dir='ltr'>post</span> <span class='ocrx_word' id='word_1_208' title='bbox 271 1232 336 1256; x_wconf 87' lang='lat' dir='ltr'>tres</span> <span class='ocrx_word' id='word_1_209' title='bbox 355 1222 474 1255; x_wconf 85' lang='lat' dir='ltr'>menses</span> <span class='ocrx_word' id='word_1_210' title='bbox 487 1246 495 1259; x_wconf 81' lang='grc'>,</span> <span class='ocrx_word' id='word_1_211' title='bbox 532 1221 604 1258; x_wconf 86' lang='lat' dir='ltr'>vel,</span> <span class='ocrx_word' id='word_1_212' title='bbox 628 1219 650 1252; x_wconf 89' lang='lat' dir='ltr'><strong>fi</strong></span> <span class='ocrx_word' id='word_1_213' title='bbox 667 1221 719 1252; x_wconf 85' lang='lat' dir='ltr'>vel</span> <span class='ocrx_word' id='word_1_214' title='bbox 738 1219 915 1261; x_wconf 73' lang='lat' dir='ltr'>longissime</span> 
     </span>
     <span class='ocr_line' id='line_1_34' title="bbox 37 1259 915 1304; baseline -0.009 -5"><span class='ocrx_word' id='word_1_215' title='bbox 37 1267 154 1299; x_wconf 80' lang='lat' dir='ltr'>distent</span> <span class='ocrx_word' id='word_1_216' title='bbox 175 1266 264 1304; x_wconf 85' lang='lat' dir='ltr'>loca,</span> <span class='ocrx_word' id='word_1_217' title='bbox 289 1266 327 1297; x_wconf 85' lang='lat' dir='ltr'>ad</span> <span class='ocrx_word' id='word_1_218' title='bbox 348 1263 502 1296; x_wconf 87' lang='lat' dir='ltr'>summum</span> <span class='ocrx_word' id='word_1_219' title='bbox 516 1260 587 1304; x_wconf 89' lang='lat' dir='ltr'>post</span> <span class='ocrx_word' id='word_1_220' title='bbox 603 1259 659 1293; x_wconf 86' lang='lat' dir='ltr'>sex</span> <span class='ocrx_word' id='word_1_221' title='bbox 675 1260 815 1299; x_wconf 85' lang='lat' dir='ltr'>menses,</span> <span class='ocrx_word' id='word_1_222' title='bbox 833 1261 915 1302; x_wconf 89' lang='lat' dir='ltr'>post-</span> 
     </span>
     <span class='ocr_line' id='line_1_35' title="bbox 62 1301 914 1347; baseline -0.007 -7"><span class='ocrx_word' id='word_1_223' title='bbox 62 1318 130 1341; x_wconf 84' lang='lat' dir='ltr'>uam</span> <span class='ocrx_word' id='word_1_224' title='bbox 152 1306 214 1347; x_wconf 82' lang='lat' dir='ltr'>jam</span> <span class='ocrx_word' id='word_1_225' title='bbox 241 1308 331 1339; x_wconf 82' lang='lat' dir='ltr'>navis</span> <span class='ocrx_word' id='word_1_226' title='bbox 353 1316 393 1338; x_wconf 86' lang='lat' dir='ltr'>ex</span> <span class='ocrx_word' id='word_1_227' title='bbox 411 1306 516 1346; x_wconf 81' lang='lat' dir='ltr'>aliquo</span> <span class='ocrx_word' id='word_1_228' title='bbox 536 1310 632 1346; x_wconf 88' lang='lat' dir='ltr'>portu</span> <span class='ocrx_word' id='word_1_229' title='bbox 660 1301 774 1341; x_wconf 93' lang='lat' dir='ltr'>solvit,</span> <span class='ocrx_word' id='word_1_230' title='bbox 799 1302 855 1336; x_wconf 78' lang='lat' dir='ltr'>nisi</span> <span class='ocrx_word' id='word_1_231' title='bbox 869 1313 914 1334; x_wconf 87' lang='lat' dir='ltr'>as-</span> 
     </span>
     <span class='ocr_line' id='line_1_36' title="bbox 52 1344 915 1384; baseline -0.008 -2"><span class='ocrx_word' id='word_1_232' title='bbox 52 1357 196 1382; x_wconf 86' lang='lat' dir='ltr'>ecuratus</span> <span class='ocrx_word' id='word_1_233' title='bbox 216 1348 459 1381; x_wconf 83' lang='lat' dir='ltr'>asl&#39;ecuratorein</span> <span class='ocrx_word' id='word_1_234' title='bbox 475 1347 514 1378; x_wconf 87' lang='lat' dir='ltr'>de</span> <span class='ocrx_word' id='word_1_235' title='bbox 537 1355 578 1377; x_wconf 87' lang='lat' dir='ltr'>eo</span> <span class='ocrx_word' id='word_1_236' title='bbox 593 1344 710 1377; x_wconf 87' lang='lat' dir='ltr'>fecerit</span> <span class='ocrx_word' id='word_1_237' title='bbox 727 1344 915 1384; x_wconf 83' lang='lat' dir='ltr'>certiorem,</span> 
     </span>
     <span class='ocr_line' id='line_1_37' title="bbox 38 1388 915 1427; baseline -0.007 -3"><span class='ocrx_word' id='word_1_238' title='bbox 38 1392 70 1424; x_wconf 71' lang='grc' dir='ltr'>δι</span> <span class='ocrx_word' id='word_1_239' title='bbox 88 1391 273 1424; x_wconf 87' lang='lat' dir='ltr'>assecuratio</span> <span class='ocrx_word' id='word_1_240' title='bbox 290 1390 373 1422; x_wconf 71' lang='lat' dir='ltr'>fasta</span> <span class='ocrx_word' id='word_1_241' title='bbox 387 1388 487 1420; x_wconf 84' lang='lat' dir='ltr'>fuerit</span> <span class='ocrx_word' id='word_1_242' title='bbox 515 1389 548 1419; x_wconf 81' lang='lat' dir='ltr'>in</span> <span class='ocrx_word' id='word_1_243' title='bbox 567 1395 679 1418; x_wconf 85' lang='lat' dir='ltr'>omnem</span> <span class='ocrx_word' id='word_1_244' title='bbox 697 1391 858 1425; x_wconf 81' lang='lat' dir='ltr'>eventum,</span> <span class='ocrx_word' id='word_1_245' title='bbox 882 1393 915 1427; x_wconf 86' lang='lat' dir='ltr'>op</span> 
     </span>
     <span class='ocr_line' id='line_1_38' title="bbox 55 1427 916 1477; baseline -0.006 -12"><span class='ocrx_word' id='word_1_246' title='bbox 55 1435 124 1465; x_wconf 80' lang='lat' dir='ltr'>-oede</span> <span class='ocrx_word' id='word_1_247' title='bbox 139 1442 176 1464; x_wconf 86' lang='lat' dir='ltr'>en</span> <span class='ocrx_word' id='word_1_248' title='bbox 190 1433 281 1473; x_wconf 77' lang='lat' dir='ltr'>quade</span> <span class='ocrx_word' id='word_1_249' title='bbox 300 1433 415 1473; x_wconf 67' lang='lat' dir='ltr'>cyding.</span> <span class='ocrx_word' id='word_1_250' title='bbox 462 1429 560 1477; x_wconf 86' lang='lat' dir='ltr'>Quod</span> <span class='ocrx_word' id='word_1_251' title='bbox 576 1429 620 1460; x_wconf 86' lang='lat' dir='ltr'>ita</span> <span class='ocrx_word' id='word_1_252' title='bbox 637 1428 833 1469; x_wconf 88' lang='lat' dir='ltr'>interpretati</span> <span class='ocrx_word' id='word_1_253' title='bbox 846 1427 916 1460; x_wconf 88' lang='lat' dir='ltr'>sunt</span> 
     </span>
     <span class='ocr_line' id='line_1_39' title="bbox 69 1468 915 1510; baseline -0.007 -3"><span class='ocrx_word' id='word_1_254' title='bbox 69 1473 357 1507; x_wconf 81' lang='lat' dir='ltr'>msterdammenses</span> <span class='ocrx_word' id='word_1_255' title='bbox 377 1474 508 1506; x_wconf 89' lang='lat' dir='ltr'>Statuto</span> <span class='ocrx_word' id='word_1_256' title='bbox 525 1481 576 1508; x_wconf 83' lang='lat'>29.</span> <span class='ocrx_word' id='word_1_257' title='bbox 596 1470 664 1510; x_wconf 82' lang='lat' dir='ltr'>Jan.</span> <span class='ocrx_word' id='word_1_258' title='bbox 691 1473 784 1504; x_wconf 85' lang='lat'><em>1688.</em></span> <span class='ocrx_word' id='word_1_259' title='bbox 798 1468 860 1510; x_wconf 75' lang='grc'>(1)</span> <span class='ocrx_word' id='word_1_260' title='bbox 879 1477 915 1501; x_wconf 87' lang='lat' dir='ltr'>ut</span> 
     </span>
     <span class='ocr_line' id='line_1_40' title="bbox 34 1510 914 1557; baseline -0.007 -8"><span class='ocrx_word' id='word_1_261' title='bbox 34 1516 60 1550; x_wconf 88' lang='lat' dir='ltr'><strong>fi</strong></span> <span class='ocrx_word' id='word_1_262' title='bbox 78 1525 127 1549; x_wconf 87' lang='lat' dir='ltr'>res</span> <span class='ocrx_word' id='word_1_263' title='bbox 143 1525 304 1557; x_wconf 85' lang='lat' dir='ltr'>navesque</span> <span class='ocrx_word' id='word_1_264' title='bbox 318 1515 380 1556; x_wconf 78' lang='lat' dir='ltr'>jam</span> <span class='ocrx_word' id='word_1_265' title='bbox 397 1512 549 1555; x_wconf 71' lang='lat' dir='ltr'>profectae</span> <span class='ocrx_word' id='word_1_266' title='bbox 574 1511 651 1550; x_wconf 82' lang='lat' dir='ltr'>sint,</span> <span class='ocrx_word' id='word_1_267' title='bbox 676 1510 865 1544; x_wconf 83' lang='lat' dir='ltr'>affecuratus</span> <span class='ocrx_word' id='word_1_268' title='bbox 882 1511 914 1543; x_wconf 89' lang='lat' dir='ltr'>id</span> 
     </span>
     <span class='ocr_line' id='line_1_41' title="bbox 37 1552 917 1600; baseline -0.005 -10"><span class='ocrx_word' id='word_1_269' title='bbox 37 1564 182 1590; x_wconf 88' lang='lat' dir='ltr'>teneatur</span> <span class='ocrx_word' id='word_1_270' title='bbox 193 1558 367 1600; x_wconf 84' lang='lat' dir='ltr'>exprimere</span> <span class='ocrx_word' id='word_1_271' title='bbox 387 1555 597 1588; x_wconf 86' lang='lat' dir='ltr'>instrumento</span> <span class='ocrx_word' id='word_1_272' title='bbox 613 1552 871 1593; x_wconf 73' lang='lat' dir='ltr'>assecurationis,</span> <span class='ocrx_word' id='word_1_273' title='bbox 886 1553 917 1586; x_wconf 86' lang='lat'>&amp;</span> 
     </span>
     <span class='ocr_line' id='line_1_42' title="bbox 36 1594 916 1640; baseline -0.007 -8"><span class='ocrx_word' id='word_1_274' title='bbox 36 1598 127 1633; x_wconf 87' lang='lat' dir='ltr'>fimul</span> <span class='ocrx_word' id='word_1_275' title='bbox 144 1598 256 1631; x_wconf 90' lang='lat' dir='ltr'>addere</span> <span class='ocrx_word' id='word_1_276' title='bbox 276 1607 419 1640; x_wconf 84' lang='lat' dir='ltr'>tempus,</span> <span class='ocrx_word' id='word_1_277' title='bbox 441 1606 505 1639; x_wconf 90' lang='lat' dir='ltr'>quo</span> <span class='ocrx_word' id='word_1_278' title='bbox 521 1594 674 1639; x_wconf 71' lang='lat' dir='ltr'>profectae</span> <span class='ocrx_word' id='word_1_279' title='bbox 694 1594 783 1635; x_wconf 88' lang='lat' dir='ltr'>sunt,</span> <span class='ocrx_word' id='word_1_280' title='bbox 802 1594 846 1628; x_wconf 87' lang='lat' dir='ltr'>fin</span> <span class='ocrx_word' id='word_1_281' title='bbox 865 1604 916 1626; x_wconf 89' lang='lat' dir='ltr'>au-</span> 
     </span>
     <span class='ocr_line' id='line_1_43' title="bbox 35 1637 914 1683; baseline -0.007 -9"><span class='ocrx_word' id='word_1_282' title='bbox 35 1648 102 1674; x_wconf 89' lang='lat' dir='ltr'>tem</span> <span class='ocrx_word' id='word_1_283' title='bbox 125 1641 253 1683; x_wconf 87' lang='lat' dir='ltr'>ignoret</span> <span class='ocrx_word' id='word_1_284' title='bbox 269 1663 279 1680; x_wconf 93' lang='lat'><strong>,</strong></span> <span class='ocrx_word' id='word_1_285' title='bbox 301 1642 400 1672; x_wconf 86' lang='lat' dir='ltr'>etiam</span> <span class='ocrx_word' id='word_1_286' title='bbox 422 1639 453 1670; x_wconf 86' lang='lat' dir='ltr'>id</span> <span class='ocrx_word' id='word_1_287' title='bbox 482 1646 626 1670; x_wconf 85' lang='lat' dir='ltr'>teneatur</span> <span class='ocrx_word' id='word_1_288' title='bbox 647 1637 825 1677; x_wconf 84' lang='lat' dir='ltr'>exprimere</span> <span class='ocrx_word' id='word_1_289' title='bbox 844 1660 856 1677; x_wconf 94' lang='lat'>,</span> <span class='ocrx_word' id='word_1_290' title='bbox 880 1643 914 1679; x_wconf 82' lang='lat' dir='ltr'>op</span> 
     </span>
     <span class='ocr_line' id='line_1_44' title="bbox 30 1678 911 1724; baseline -0.003 -10"><span class='ocrx_word' id='word_1_291' title='bbox 30 1688 116 1724; x_wconf 84' lang='lat' dir='ltr'>poene</span> <span class='ocrx_word' id='word_1_292' title='bbox 145 1692 208 1714; x_wconf 84' lang='lat' dir='ltr'>van</span> <span class='ocrx_word' id='word_1_293' title='bbox 231 1683 378 1714; x_wconf 70' lang='lat' dir='ltr'>nulliteit.</span> <span class='ocrx_word' id='word_1_294' title='bbox 422 1680 504 1713; x_wconf 88' lang='lat' dir='ltr'>Haec</span> <span class='ocrx_word' id='word_1_295' title='bbox 534 1681 573 1711; x_wconf 89' lang='lat' dir='ltr'>de</span> <span class='ocrx_word' id='word_1_296' title='bbox 597 1678 796 1720; x_wconf 67' lang='lat' dir='ltr'>profectione</span> <span class='ocrx_word' id='word_1_297' title='bbox 816 1702 827 1718; x_wconf 89' lang='lat'><strong>,</strong></span> <span class='ocrx_word' id='word_1_298' title='bbox 859 1678 911 1711; x_wconf 89' lang='lat' dir='ltr'>sed</span> 
     </span>
     <span class='ocr_line' id='line_1_45' title="bbox 34 1720 909 1766; baseline -0.003 -11"><span class='ocrx_word' id='word_1_299' title='bbox 34 1724 113 1766; x_wconf 88' lang='lat' dir='ltr'>quid</span> <span class='ocrx_word' id='word_1_300' title='bbox 129 1723 152 1757; x_wconf 92' lang='lat' dir='ltr'>fi</span> <span class='ocrx_word' id='word_1_301' title='bbox 172 1733 220 1756; x_wconf 91' lang='lat' dir='ltr'>res</span> <span class='ocrx_word' id='word_1_302' title='bbox 240 1733 399 1764; x_wconf 70' lang='lat' dir='ltr'>navesque</span> <span class='ocrx_word' id='word_1_303' title='bbox 433 1731 576 1762; x_wconf 84' lang='lat' dir='ltr'>tempore</span> <span class='ocrx_word' id='word_1_304' title='bbox 600 1720 692 1753; x_wconf 62' lang='lat' dir='ltr'>fattae</span> <span class='ocrx_word' id='word_1_305' title='bbox 711 1720 909 1753; x_wconf 84' lang='lat' dir='ltr'>affecuratio-</span> 
     </span>
     <span class='ocr_line' id='line_1_46' title="bbox 34 1762 910 1807; baseline -0.001 -11"><span class='ocrx_word' id='word_1_306' title='bbox 34 1766 84 1798; x_wconf 87' lang='lat' dir='ltr'>nis</span> <span class='ocrx_word' id='word_1_307' title='bbox 98 1766 161 1807; x_wconf 84' lang='lat' dir='ltr'>jam</span> <span class='ocrx_word' id='word_1_308' title='bbox 181 1766 332 1807; x_wconf 89' lang='lat' dir='ltr'>perierint</span> <span class='ocrx_word' id='word_1_309' title='bbox 342 1766 359 1797; x_wconf 70' lang='grc' dir='ltr'>ἱ)</span> <span class='ocrx_word' id='word_1_310' title='bbox 383 1764 549 1804; x_wconf 87' lang='lat' dir='ltr'>Ejusmodi</span> <span class='ocrx_word' id='word_1_311' title='bbox 573 1762 815 1795; x_wconf 79' lang='lat' dir='ltr'>assecurationes</span> <span class='ocrx_word' id='word_1_312' title='bbox 841 1762 910 1797; x_wconf 87' lang='lat' dir='ltr'>firn-</span> 
     </span>
     <span class='ocr_line' id='line_1_47' title="bbox 33 1803 910 1881; baseline -0.002 -42"><span class='ocrx_word' id='word_1_313' title='bbox 33 1807 162 1881; x_wconf 54' lang='lat' dir='ltr'>{liciter</span> <span class='ocrx_word' id='word_1_314' title='bbox 178 1807 348 1849; x_wconf 85' lang='lat' dir='ltr'>improbari</span> <span class='ocrx_word' id='word_1_315' title='bbox 366 1807 515 1838; x_wconf 84' lang='lat' dir='ltr'>videntur</span> <span class='ocrx_word' id='word_1_316' title='bbox 533 1806 564 1836; x_wconf 94' lang='lat' dir='ltr'>in</span> <span class='ocrx_word' id='word_1_317' title='bbox 586 1805 613 1847; x_wconf 85' lang='lat'>§.</span> <span class='ocrx_word' id='word_1_318' title='bbox 639 1813 671 1844; x_wconf 83' lang='lat'>4.</span> <span class='ocrx_word' id='word_1_319' title='bbox 692 1803 729 1839; x_wconf 72' lang='lat'>&amp;³</span> <span class='ocrx_word' id='word_1_320' title='bbox 749 1813 781 1843; x_wconf 88' lang='lat'>5.</span> <span class='ocrx_word' id='word_1_321' title='bbox 806 1805 838 1836; x_wconf 83' lang='lat' dir='ltr'>in</span> <span class='ocrx_word' id='word_1_322' title='bbox 850 1804 910 1845; x_wconf 82' lang='lat' dir='ltr'><em>fin.</em></span> 
     </span>
     <span class='ocr_line' id='line_1_48' title="bbox 69 1845 910 1884; baseline -0.002 -3"><span class='ocrx_word' id='word_1_323' title='bbox 69 1849 106 1882; x_wconf 85' lang='lat' dir='ltr'>L.</span> <span class='ocrx_word' id='word_1_324' title='bbox 137 1847 238 1881; x_wconf 65' lang='lat' dir='ltr'>Naue.</span> <span class='ocrx_word' id='word_1_325' title='bbox 262 1848 306 1881; x_wconf 80' lang='lat' dir='ltr'><em>T.</em></span> <span class='ocrx_word' id='word_1_326' title='bbox 338 1848 412 1880; x_wconf 80' lang='lat' dir='ltr'>Vll.</span> <span class='ocrx_word' id='word_1_327' title='bbox 441 1848 472 1880; x_wconf 64' lang='grc' dir='ltr'>ὃς</span> <span class='ocrx_word' id='word_1_328' title='bbox 499 1845 571 1879; x_wconf 85' lang='lat' dir='ltr'>sane</span> <span class='ocrx_word' id='word_1_329' title='bbox 595 1846 698 1879; x_wconf 86' lang='lat' dir='ltr'>nullas</span> <span class='ocrx_word' id='word_1_330' title='bbox 719 1847 780 1878; x_wconf 84' lang='lat' dir='ltr'>esse</span> <span class='ocrx_word' id='word_1_331' title='bbox 800 1868 812 1884; x_wconf 92' lang='lat'><strong>,</strong></span> <span class='ocrx_word' id='word_1_332' title='bbox 843 1856 910 1879; x_wconf 90' lang='lat' dir='ltr'>non</span> 
     </span>
     <span class='ocr_line' id='line_1_49' title="bbox 32 1887 908 1933; baseline -0.002 -11"><span class='ocrx_word' id='word_1_333' title='bbox 32 1890 143 1933; x_wconf 85' lang='lat' dir='ltr'>inepte</span> <span class='ocrx_word' id='word_1_334' title='bbox 156 1890 293 1929; x_wconf 79' lang='lat' dir='ltr'>dixeris,</span> <span class='ocrx_word' id='word_1_335' title='bbox 318 1890 374 1923; x_wconf 84' lang='lat' dir='ltr'>nisi</span> <span class='ocrx_word' id='word_1_336' title='bbox 392 1890 494 1930; x_wconf 86' lang='lat' dir='ltr'>aliqua</span> <span class='ocrx_word' id='word_1_337' title='bbox 509 1889 561 1921; x_wconf 82' lang='lat' dir='ltr'>lex</span> <span class='ocrx_word' id='word_1_338' title='bbox 584 1888 641 1927; x_wconf 88' lang='lat' dir='ltr'>fit,</span> <span class='ocrx_word' id='word_1_339' title='bbox 663 1897 733 1930; x_wconf 86' lang='lat' dir='ltr'>quae</span> <span class='ocrx_word' id='word_1_340' title='bbox 752 1897 803 1920; x_wconf 91' lang='lat' dir='ltr'>eas</span> <span class='ocrx_word' id='word_1_341' title='bbox 825 1887 908 1921; x_wconf 89' lang='lat' dir='ltr'>susti-</span> 
     </span>
     <span class='ocr_line' id='line_1_50' title="bbox 33 1929 908 1973; baseline -0.002 -9"><span class='ocrx_word' id='word_1_342' title='bbox 33 1942 124 1972; x_wconf 85' lang='lat' dir='ltr'>neat,</span> <span class='ocrx_word' id='word_1_343' title='bbox 150 1941 221 1963; x_wconf 83' lang='lat' dir='ltr'>nam</span> <span class='ocrx_word' id='word_1_344' title='bbox 237 1932 258 1964; x_wconf 79' lang='lat' dir='ltr'>si</span> <span class='ocrx_word' id='word_1_345' title='bbox 276 1933 337 1972; x_wconf 83' lang='lat' dir='ltr'>jam</span> <span class='ocrx_word' id='word_1_346' title='bbox 361 1931 532 1973; x_wconf 86' lang='lat' dir='ltr'>perierint,</span> <span class='ocrx_word' id='word_1_347' title='bbox 563 1939 622 1971; x_wconf 89' lang='lat' dir='ltr'>pro</span> <span class='ocrx_word' id='word_1_348' title='bbox 647 1929 733 1961; x_wconf 87' lang='lat' dir='ltr'>nulla</span> <span class='ocrx_word' id='word_1_349' title='bbox 756 1938 791 1961; x_wconf 84' lang='lat' dir='ltr'>re</span> <span class='ocrx_word' id='word_1_350' title='bbox 813 1929 908 1962; x_wconf 87' lang='lat' dir='ltr'>fidem</span> 
     </span>
     <span class='ocr_line' id='line_1_51' title="bbox 32 1971 908 2014; baseline -0.005 -8"><span class='ocrx_word' id='word_1_351' title='bbox 32 1974 250 2014; x_wconf 85' lang='lat' dir='ltr'>interpositam</span> <span class='ocrx_word' id='word_1_352' title='bbox 280 1982 414 2005; x_wconf 85' lang='lat' dir='ltr'>eventus</span> <span class='ocrx_word' id='word_1_353' title='bbox 443 1972 564 2003; x_wconf 90' lang='lat' dir='ltr'>docuit.</span> <span class='ocrx_word' id='word_1_354' title='bbox 617 1971 680 2004; x_wconf 88' lang='lat' dir='ltr'>Sed</span> <span class='ocrx_word' id='word_1_355' title='bbox 704 1980 746 2003; x_wconf 84' lang='lat' dir='ltr'>ex</span> <span class='ocrx_word' id='word_1_356' title='bbox 781 1971 851 2012; x_wconf 85' lang='lat' dir='ltr'>lege</span> <span class='ocrx_word' id='word_1_357' title='bbox 876 1971 908 2003; x_wconf 90' lang='lat' dir='ltr'>id</span> 
     </span>
     <span class='ocr_line' id='line_1_52' title="bbox 32 2012 907 2055; baseline -0.003 -8"><span class='ocrx_word' id='word_1_358' title='bbox 32 2016 146 2048; x_wconf 86' lang='lat' dir='ltr'>deinde</span> <span class='ocrx_word' id='word_1_359' title='bbox 169 2014 400 2047; x_wconf 71' lang='lat' dir='ltr'>distiiiffionem</span> <span class='ocrx_word' id='word_1_360' title='bbox 425 2014 546 2055; x_wconf 83' lang='lat' dir='ltr'>recepit</span> <span class='ocrx_word' id='word_1_361' title='bbox 563 2035 574 2051; x_wconf 89' lang='lat'><strong>,</strong></span> <span class='ocrx_word' id='word_1_362' title='bbox 598 2013 620 2045; x_wconf 87' lang='lat' dir='ltr'><strong>fi</strong></span> <span class='ocrx_word' id='word_1_363' title='bbox 641 2013 726 2044; x_wconf 85' lang='lat' dir='ltr'>enirn</span> <span class='ocrx_word' id='word_1_364' title='bbox 755 2012 907 2044; x_wconf 71' lang='lat' dir='ltr'>assecura-</span> 
     </span>
     <span class='ocr_line' id='line_1_53' title="bbox 33 2053 907 2097; baseline -0.003 -9"><span class='ocrx_word' id='word_1_365' title='bbox 33 2065 84 2091; x_wconf 77' lang='lat' dir='ltr'>tus</span> <span class='ocrx_word' id='word_1_366' title='bbox 107 2066 210 2088; x_wconf 82' lang='lat' dir='ltr'>rerum</span> <span class='ocrx_word' id='word_1_367' title='bbox 242 2056 405 2089; x_wconf 79' lang='lat' dir='ltr'>interitum</span> <span class='ocrx_word' id='word_1_368' title='bbox 433 2055 650 2097; x_wconf 83' lang='lat' dir='ltr'>ignoraverit,</span> <span class='ocrx_word' id='word_1_369' title='bbox 671 2053 756 2085; x_wconf 68' lang='lat' dir='ltr'>reae</span> <span class='ocrx_word' id='word_1_370' title='bbox 779 2053 816 2086; x_wconf 84' lang='lat' dir='ltr'>fit</span> <span class='ocrx_word' id='word_1_371' title='bbox 834 2053 907 2086; x_wconf 81' lang='lat' dir='ltr'>affe-</span> 
     </span>
     <span class='ocr_line' id='line_1_54' title="bbox 33 2095 907 2139; baseline -0.001 -9"><span class='ocrx_word' id='word_1_372' title='bbox 33 2099 156 2130; x_wconf 82' lang='lat' dir='ltr'>curatio</span> <span class='ocrx_word' id='word_1_373' title='bbox 184 2098 212 2139; x_wconf 86' lang='lat'>§.</span> <span class='ocrx_word' id='word_1_374' title='bbox 241 2107 289 2130; x_wconf 87' lang='lat'>11.</span> <span class='ocrx_word' id='word_1_375' title='bbox 314 2098 371 2129; x_wconf 77' lang='lat' dir='ltr'><em>Ed.</em></span> <span class='ocrx_word' id='word_1_376' title='bbox 398 2098 436 2129; x_wconf 95' lang='lat' dir='ltr'>P.</span> <span class='ocrx_word' id='word_1_377' title='bbox 468 2096 496 2138; x_wconf 83' lang='lat'>§.</span> <span class='ocrx_word' id='word_1_378' title='bbox 528 2105 579 2128; x_wconf 84' lang='lat'>20.</span> <span class='ocrx_word' id='word_1_379' title='bbox 601 2096 644 2127; x_wconf 89' lang='lat' dir='ltr'>A.</span> <span class='ocrx_word' id='word_1_380' title='bbox 678 2095 706 2136; x_wconf 52' lang='grc' dir='ltr'>ᾗ.</span> <span class='ocrx_word' id='word_1_381' title='bbox 732 2105 783 2128; x_wconf 87' lang='lat'>20.</span> <span class='ocrx_word' id='word_1_382' title='bbox 807 2096 856 2128; x_wconf 81' lang='lat' dir='ltr'>M.</span> <span class='ocrx_word' id='word_1_383' title='bbox 879 2096 907 2138; x_wconf 87' lang='lat'>§.</span> 
     </span>
     <span class='ocr_line' id='line_1_55' title="bbox 33 2136 906 2181; baseline -0.001 -10"><span class='ocrx_word' id='word_1_384' title='bbox 33 2146 64 2175; x_wconf 85' lang='lat'>8.</span> <span class='ocrx_word' id='word_1_385' title='bbox 89 2139 126 2175; x_wconf 57' lang='grc' dir='ltr'>ὅ)</span> <span class='ocrx_word' id='word_1_386' title='bbox 143 2150 172 2177; x_wconf 88' lang='lat'>9.</span> <span class='ocrx_word' id='word_1_387' title='bbox 197 2139 241 2172; x_wconf 86' lang='lat' dir='ltr'>R.</span> <span class='ocrx_word' id='word_1_388' title='bbox 263 2139 306 2172; x_wconf 84' lang='lat' dir='ltr'>V.</span> <span class='ocrx_word' id='word_1_389' title='bbox 332 2139 369 2174; x_wconf 71' lang='lat'>&amp;³</span> <span class='ocrx_word' id='word_1_390' title='bbox 393 2138 421 2180; x_wconf 84' lang='lat'>§.</span> <span class='ocrx_word' id='word_1_391' title='bbox 445 2148 498 2181; x_wconf 82' lang='lat'><em>35.</em></span> <span class='ocrx_word' id='word_1_392' title='bbox 522 2149 575 2178; x_wconf 82' lang='lat'>40.</span> <span class='ocrx_word' id='word_1_393' title='bbox 599 2138 640 2169; x_wconf 95' lang='lat' dir='ltr'>R.</span> <span class='ocrx_word' id='word_1_394' title='bbox 673 2137 718 2168; x_wconf 95' lang='lat' dir='ltr'>N.</span> <span class='ocrx_word' id='word_1_395' title='bbox 745 2136 906 2170; x_wconf 84' lang='lat' dir='ltr'>Praesumi-</span> 
     </span>
     <span class='ocr_line' id='line_1_56' title="bbox 33 2179 905 2222; baseline -0.002 -9"><span class='ocrx_word' id='word_1_396' title='bbox 33 2191 86 2213; x_wconf 86' lang='lat' dir='ltr'>tur</span> <span class='ocrx_word' id='word_1_397' title='bbox 112 2190 218 2213; x_wconf 82' lang='lat' dir='ltr'>autem</span> <span class='ocrx_word' id='word_1_398' title='bbox 239 2182 382 2222; x_wconf 63' lang='lat' dir='ltr'>ignorare</span> <span class='ocrx_word' id='word_1_399' title='bbox 396 2203 407 2219; x_wconf 87' lang='lat'><strong>,</strong></span> <span class='ocrx_word' id='word_1_400' title='bbox 431 2181 452 2213; x_wconf 84' lang='lat' dir='ltr'>si</span> <span class='ocrx_word' id='word_1_401' title='bbox 477 2190 524 2212; x_wconf 84' lang='lat' dir='ltr'>res</span> <span class='ocrx_word' id='word_1_402' title='bbox 553 2180 597 2212; x_wconf 86' lang='lat' dir='ltr'>ibi</span> <span class='ocrx_word' id='word_1_403' title='bbox 624 2179 796 2221; x_wconf 80' lang='lat' dir='ltr'>perierint,</span> <span class='ocrx_word' id='word_1_404' title='bbox 823 2180 905 2212; x_wconf 85' lang='lat' dir='ltr'>unde</span> 
     </span>
     <span class='ocr_line' id='line_1_57' title="bbox 32 2220 905 2263; baseline -0.002 -8"><span class='ocrx_word' id='word_1_405' title='bbox 32 2223 65 2255; x_wconf 90' lang='lat' dir='ltr'>id</span> <span class='ocrx_word' id='word_1_406' title='bbox 83 2247 92 2257; x_wconf 87' lang='lat'>.</span> <span class='ocrx_word' id='word_1_407' title='bbox 118 2222 236 2254; x_wconf 79' lang='lat' dir='ltr'>etiamsi</span> <span class='ocrx_word' id='word_1_408' title='bbox 261 2223 398 2254; x_wconf 84' lang='lat' dir='ltr'>nuncius</span> <span class='ocrx_word' id='word_1_409' title='bbox 423 2222 548 2263; x_wconf 81' lang='lat' dir='ltr'>singulis</span> <span class='ocrx_word' id='word_1_410' title='bbox 572 2222 691 2253; x_wconf 86' lang='lat' dir='ltr'>duabus</span> <span class='ocrx_word' id='word_1_411' title='bbox 715 2220 821 2260; x_wconf 84' lang='lat' dir='ltr'>horis,</span> <span class='ocrx_word' id='word_1_412' title='bbox 845 2223 905 2253; x_wconf 83' lang='lat' dir='ltr'>tria</span> 
     </span>
     <span class='ocr_line' id='line_1_58' title="bbox 31 2261 904 2304; baseline -0.002 -7"><span class='ocrx_word' id='word_1_413' title='bbox 31 2264 178 2297; x_wconf 82' lang='lat' dir='ltr'>milliaria</span> <span class='ocrx_word' id='word_1_414' title='bbox 203 2263 389 2304; x_wconf 75' lang='lat' dir='ltr'>perficeret,</span> <span class='ocrx_word' id='word_1_415' title='bbox 416 2265 550 2295; x_wconf 85' lang='lat' dir='ltr'>necdum</span> <span class='ocrx_word' id='word_1_416' title='bbox 575 2271 680 2295; x_wconf 87' lang='lat' dir='ltr'>tamen</span> <span class='ocrx_word' id='word_1_417' title='bbox 709 2261 777 2293; x_wconf 80' lang='lat' dir='ltr'>sciri</span> <span class='ocrx_word' id='word_1_418' title='bbox 803 2263 904 2304; x_wconf 71' lang='lat' dir='ltr'>posset</span> 
     </span>
     <span class='ocr_line' id='line_1_59' title="bbox 30 2303 900 2348; baseline -0.002 -9"><span class='ocrx_word' id='word_1_419' title='bbox 30 2308 58 2339; x_wconf 84' lang='lat' dir='ltr'><em>d.</em></span> <span class='ocrx_word' id='word_1_420' title='bbox 83 2305 111 2348; x_wconf 82' lang='lat'>§.</span> <span class='ocrx_word' id='word_1_421' title='bbox 142 2314 189 2337; x_wconf 91' lang='lat'>11.</span> <span class='ocrx_word' id='word_1_422' title='bbox 215 2304 273 2336; x_wconf 78' lang='lat' dir='ltr'><em>Ed.</em></span> <span class='ocrx_word' id='word_1_423' title='bbox 298 2304 337 2336; x_wconf 89' lang='lat' dir='ltr'>P.</span> <span class='ocrx_word' id='word_1_424' title='bbox 363 2304 392 2346; x_wconf 83' lang='lat'>§.</span> <span class='ocrx_word' id='word_1_425' title='bbox 417 2314 468 2337; x_wconf 87' lang='lat'>21.</span> <span class='ocrx_word' id='word_1_426' title='bbox 494 2305 536 2336; x_wconf 90' lang='lat' dir='ltr'>A.</span> <span class='ocrx_word' id='word_1_427' title='bbox 558 2303 586 2346; x_wconf 85' lang='lat'>§.</span> <span class='ocrx_word' id='word_1_428' title='bbox 609 2315 660 2347; x_wconf 83' lang='lat'>23.</span> <span class='ocrx_word' id='word_1_429' title='bbox 684 2303 733 2334; x_wconf 86' lang='lat' dir='ltr'><em>M.</em></span> <span class='ocrx_word' id='word_1_430' title='bbox 759 2303 787 2345; x_wconf 83' lang='lat'><em>§.</em></span> <span class='ocrx_word' id='word_1_431' title='bbox 804 2314 835 2341; x_wconf 89' lang='lat'>9.</span> <span class='ocrx_word' id='word_1_432' title='bbox 858 2305 900 2337; x_wconf 89' lang='lat' dir='ltr'>R.</span> 
     </span>
     <span class='ocr_line' id='line_1_60' title="bbox 33 2345 903 2388; baseline -0.002 -8"><span class='ocrx_word' id='word_1_433' title='bbox 33 2349 77 2381; x_wconf 90' lang='lat' dir='ltr'>V.</span> <span class='ocrx_word' id='word_1_434' title='bbox 103 2346 138 2382; x_wconf 57' lang='grc' dir='ltr'>(ὅ)</span> <span class='ocrx_word' id='word_1_435' title='bbox 157 2346 186 2388; x_wconf 81' lang='lat'>§.</span> <span class='ocrx_word' id='word_1_436' title='bbox 209 2356 262 2388; x_wconf 81' lang='lat'><em>35.</em></span> <span class='ocrx_word' id='word_1_437' title='bbox 286 2346 329 2378; x_wconf 77' lang='lat' dir='ltr'>R.</span> <span class='ocrx_word' id='word_1_438' title='bbox 355 2346 401 2378; x_wconf 61' lang='lat' dir='ltr'>Ni</span> <span class='ocrx_word' id='word_1_439' title='bbox 427 2347 508 2387; x_wconf 83' lang='lat' dir='ltr'>quod</span> <span class='ocrx_word' id='word_1_440' title='bbox 537 2345 557 2378; x_wconf 87' lang='lat' dir='ltr'>fi</span> <span class='ocrx_word' id='word_1_441' title='bbox 586 2345 658 2378; x_wconf 86' lang='lat' dir='ltr'>sciri</span> <span class='ocrx_word' id='word_1_442' title='bbox 677 2345 799 2386; x_wconf 70' lang='lat' dir='ltr'>posset,</span> <span class='ocrx_word' id='word_1_443' title='bbox 823 2346 903 2378; x_wconf 90' lang='lat' dir='ltr'>adeo</span> 
     </span>
     <span class='ocr_line' id='line_1_61' title="bbox 31 2387 902 2429; baseline -0.003 -7"><span class='ocrx_word' id='word_1_444' title='bbox 31 2389 110 2422; x_wconf 85' lang='lat' dir='ltr'>scire</span> <span class='ocrx_word' id='word_1_445' title='bbox 125 2388 346 2429; x_wconf 63' lang='lat' dir='ltr'>praesumitur,</span> <span class='ocrx_word' id='word_1_446' title='bbox 369 2398 405 2419; x_wconf 91' lang='lat' dir='ltr'>ut</span> <span class='ocrx_word' id='word_1_447' title='bbox 430 2397 534 2429; x_wconf 88' lang='lat' dir='ltr'>neque</span> <span class='ocrx_word' id='word_1_448' title='bbox 557 2387 588 2418; x_wconf 90' lang='lat' dir='ltr'>in</span> <span class='ocrx_word' id='word_1_449' title='bbox 614 2388 806 2418; x_wconf 72' lang='lat' dir='ltr'>conti-arium</span> <span class='ocrx_word' id='word_1_450' title='bbox 832 2396 902 2428; x_wconf 88' lang='lat' dir='ltr'>pro-</span> 
     </span>
     <span class='ocr_line' id='line_1_62' title="bbox 31 2428 902 2470; baseline -0.003 -6"><span class='ocrx_word' id='word_1_451' title='bbox 31 2431 120 2464; x_wconf 80' lang='lat' dir='ltr'>batio</span> <span class='ocrx_word' id='word_1_452' title='bbox 143 2429 342 2461; x_wconf 81' lang='lat' dir='ltr'>admittatur.</span> <span class='ocrx_word' id='word_1_453' title='bbox 374 2429 403 2470; x_wconf 80' lang='lat'>§.</span> <span class='ocrx_word' id='word_1_454' title='bbox 431 2438 482 2461; x_wconf 74' lang='lat'>21.</span> <span class='ocrx_word' id='word_1_455' title='bbox 507 2429 551 2461; x_wconf 87' lang='lat' dir='ltr'>A.</span> <span class='ocrx_word' id='word_1_456' title='bbox 576 2428 612 2463; x_wconf 54' lang='grc' dir='ltr'><em>ἃ</em></span> <span class='ocrx_word' id='word_1_457' title='bbox 639 2428 668 2470; x_wconf 84' lang='lat'>§.</span> <span class='ocrx_word' id='word_1_458' title='bbox 694 2438 744 2469; x_wconf 82' lang='lat'><em>23.</em></span> <span class='ocrx_word' id='word_1_459' title='bbox 771 2428 820 2460; x_wconf 90' lang='lat' dir='ltr'>M.</span> <span class='ocrx_word' id='word_1_460' title='bbox 847 2429 902 2462; x_wconf 83' lang='lat' dir='ltr'>nisi</span> 
     </span>
     <span class='ocr_line' id='line_1_63' title="bbox 31 2469 900 2511; baseline -0.002 -7"><span class='ocrx_word' id='word_1_461' title='bbox 31 2481 136 2505; x_wconf 86' lang='lat' dir='ltr'>tamen</span> <span class='ocrx_word' id='word_1_462' title='bbox 152 2469 338 2502; x_wconf 62' lang='lat' dir='ltr'>affectu-atio</span> <span class='ocrx_word' id='word_1_463' title='bbox 362 2479 517 2511; x_wconf 83' lang='lat' dir='ltr'>concepta</span> <span class='ocrx_word' id='word_1_464' title='bbox 540 2470 597 2508; x_wconf 82' lang='lat' dir='ltr'>fit,</span> <span class='ocrx_word' id='word_1_465' title='bbox 622 2471 655 2501; x_wconf 78' lang='lat' dir='ltr'>in</span> <span class='ocrx_word' id='word_1_466' title='bbox 678 2479 789 2500; x_wconf 79' lang='lat' dir='ltr'>omnem</span> <span class='ocrx_word' id='word_1_467' title='bbox 813 2479 900 2502; x_wconf 82' lang='lat' dir='ltr'>even-</span> 
     </span>
     <span class='ocr_line' id='line_1_64' title="bbox 30 2510 902 2554; baseline -0.002 -9"><span class='ocrx_word' id='word_1_468' title='bbox 30 2521 113 2553; x_wconf 78' lang='lat' dir='ltr'>tum,</span> <span class='ocrx_word' id='word_1_469' title='bbox 137 2519 170 2553; x_wconf 83' lang='lat' dir='ltr'>op</span> <span class='ocrx_word' id='word_1_470' title='bbox 190 2513 278 2554; x_wconf 72' lang='lat' dir='ltr'>goede</span> <span class='ocrx_word' id='word_1_471' title='bbox 298 2522 334 2542; x_wconf 79' lang='lat' dir='ltr'>en</span> <span class='ocrx_word' id='word_1_472' title='bbox 359 2514 451 2554; x_wconf 69' lang='lat' dir='ltr'>quade</span> <span class='ocrx_word' id='word_1_473' title='bbox 470 2513 595 2554; x_wconf 52' lang='lat' dir='ltr'>lyfing,</span> <span class='ocrx_word' id='word_1_474' title='bbox 621 2521 685 2553; x_wconf 92' lang='lat' dir='ltr'>quo</span> <span class='ocrx_word' id='word_1_475' title='bbox 699 2510 772 2542; x_wconf 85' lang='lat' dir='ltr'>casu</span> <span class='ocrx_word' id='word_1_476' title='bbox 787 2510 902 2544; x_wconf 85' lang='lat' dir='ltr'>assecu-</span> 
     </span>
     <span class='ocr_line' id='line_1_65' title="bbox 29 2552 901 2595; baseline -0.002 -8"><span class='ocrx_word' id='word_1_477' title='bbox 29 2564 140 2593; x_wconf 85' lang='lat' dir='ltr'>rator,</span> <span class='ocrx_word' id='word_1_478' title='bbox 163 2554 216 2595; x_wconf 88' lang='lat' dir='ltr'>qui</span> <span class='ocrx_word' id='word_1_479' title='bbox 243 2552 404 2586; x_wconf 85' lang='lat' dir='ltr'>scientiam</span> <span class='ocrx_word' id='word_1_480' title='bbox 431 2554 593 2586; x_wconf 69' lang='lat' dir='ltr'>assecurari</span> <span class='ocrx_word' id='word_1_481' title='bbox 615 2562 680 2585; x_wconf 90' lang='lat' dir='ltr'>non</span> <span class='ocrx_word' id='word_1_482' title='bbox 703 2553 901 2592; x_wconf 87' lang='lat' dir='ltr'>probaverit,</span> 
     </span>
     <span class='ocr_line' id='line_1_66' title="bbox 30 2593 901 2634; baseline -0.002 -6"><span class='ocrx_word' id='word_1_483' title='bbox 30 2597 165 2629; x_wconf 80' lang='lat' dir='ltr'>omnino</span> <span class='ocrx_word' id='word_1_484' title='bbox 197 2602 341 2632; x_wconf 73' lang='lat' dir='ltr'>tenetur,</span> <span class='ocrx_word' id='word_1_485' title='bbox 366 2595 387 2627; x_wconf 84' lang='lat' dir='ltr'>fi</span> <span class='ocrx_word' id='word_1_486' title='bbox 411 2596 596 2628; x_wconf 70' lang='lat' dir='ltr'>assecuratus</span> <span class='ocrx_word' id='word_1_487' title='bbox 621 2593 652 2625; x_wconf 88' lang='lat' dir='ltr'>se</span> <span class='ocrx_word' id='word_1_488' title='bbox 675 2593 828 2634; x_wconf 70' lang='lat' dir='ltr'>ignorasse</span> <span class='ocrx_word' id='word_1_489' title='bbox 853 2595 901 2634; x_wconf 84' lang='lat' dir='ltr'>ju-</span> 
     </span>
     <span class='ocr_line' id='line_1_67' title="bbox 28 2635 900 2678; baseline -0.002 -8"><span class='ocrx_word' id='word_1_490' title='bbox 28 2647 99 2670; x_wconf 82' lang='lat' dir='ltr'>rare</span> <span class='ocrx_word' id='word_1_491' title='bbox 122 2644 247 2677; x_wconf 79' lang='lat' dir='ltr'>paratus</span> <span class='ocrx_word' id='word_1_492' title='bbox 271 2636 308 2668; x_wconf 84' lang='lat' dir='ltr'>fit</span> <span class='ocrx_word' id='word_1_493' title='bbox 335 2636 365 2678; x_wconf 83' lang='lat'>§.</span> <span class='ocrx_word' id='word_1_494' title='bbox 397 2645 447 2669; x_wconf 80' lang='lat'>21.</span> <span class='ocrx_word' id='word_1_495' title='bbox 474 2636 516 2668; x_wconf 90' lang='lat' dir='ltr'>A.</span> <span class='ocrx_word' id='word_1_496' title='bbox 540 2636 568 2676; x_wconf 83' lang='lat'>§.</span> <span class='ocrx_word' id='word_1_497' title='bbox 595 2647 645 2677; x_wconf 86' lang='lat'>23.</span> <span class='ocrx_word' id='word_1_498' title='bbox 670 2636 720 2667; x_wconf 82' lang='lat' dir='ltr'>M.</span> <span class='ocrx_word' id='word_1_499' title='bbox 749 2635 777 2676; x_wconf 83' lang='lat'>§.</span> <span class='ocrx_word' id='word_1_500' title='bbox 801 2647 830 2673; x_wconf 82' lang='lat'>9·</span> <span class='ocrx_word' id='word_1_501' title='bbox 856 2636 900 2669; x_wconf 89' lang='lat' dir='ltr'>R.</span> 
     </span>
     <span class='ocr_line' id='line_1_68' title="bbox 31 2676 900 2720; baseline 0.002 -12"><span class='ocrx_word' id='word_1_502' title='bbox 31 2679 75 2712; x_wconf 87' lang='lat' dir='ltr'><em>V.</em></span> <span class='ocrx_word' id='word_1_503' title='bbox 97 2678 133 2714; x_wconf 61' lang='grc' dir='ltr'>ὅ)</span> <span class='ocrx_word' id='word_1_504' title='bbox 158 2676 186 2718; x_wconf 81' lang='lat'><em>§.</em></span> <span class='ocrx_word' id='word_1_505' title='bbox 220 2680 272 2718; x_wconf 74' lang='lat'><em>36.</em></span> <span class='ocrx_word' id='word_1_506' title='bbox 304 2677 341 2713; x_wconf 49' lang='grc' dir='ltr'>ἐξ</span> <span class='ocrx_word' id='word_1_507' title='bbox 364 2689 414 2720; x_wconf 78' lang='lat'><em>37.</em></span> <span class='ocrx_word' id='word_1_508' title='bbox 441 2678 480 2710; x_wconf 81' lang='lat' dir='ltr'><em>R.</em></span> <span class='ocrx_word' id='word_1_509' title='bbox 512 2679 556 2709; x_wconf 91' lang='lat' dir='ltr'>N.</span> <span class='ocrx_word' id='word_1_510' title='bbox 582 2678 669 2709; x_wconf 77' lang='lat' dir='ltr'>addit</span> <span class='ocrx_word' id='word_1_511' title='bbox 694 2679 722 2708; x_wconf 76' lang='lat' dir='ltr'>d.</span> <span class='ocrx_word' id='word_1_512' title='bbox 747 2679 775 2718; x_wconf 54' lang='grc' dir='ltr'>ᾗ.</span> <span class='ocrx_word' id='word_1_513' title='bbox 800 2687 830 2714; x_wconf 88' lang='lat'><em>9.</em></span> <span class='ocrx_word' id='word_1_514' title='bbox 858 2678 900 2710; x_wconf 79' lang='lat' dir='ltr'>R.</span> 
     </span>
     <span class='ocr_line' id='line_1_69' title="bbox 32 2718 900 2762; baseline -0.003 -9"><span class='ocrx_word' id='word_1_515' title='bbox 32 2720 75 2753; x_wconf 91' lang='lat' dir='ltr'>V.</span> <span class='ocrx_word' id='word_1_516' title='bbox 99 2724 151 2762; x_wconf 84' lang='lat'>38.</span> <span class='ocrx_word' id='word_1_517' title='bbox 185 2728 236 2760; x_wconf 84' lang='lat'><em>39.</em></span> <span class='ocrx_word' id='word_1_518' title='bbox 262 2718 298 2753; x_wconf 66' lang='grc' dir='ltr'>ὅ)</span> <span class='ocrx_word' id='word_1_519' title='bbox 323 2729 376 2759; x_wconf 83' lang='lat'>40.</span> <span class='ocrx_word' id='word_1_520' title='bbox 408 2719 450 2752; x_wconf 93' lang='lat' dir='ltr'>R.</span> <span class='ocrx_word' id='word_1_521' title='bbox 482 2720 527 2752; x_wconf 92' lang='lat' dir='ltr'>N.</span> <span class='ocrx_word' id='word_1_522' title='bbox 561 2719 583 2752; x_wconf 88' lang='lat' dir='ltr'><strong>fi</strong></span> <span class='ocrx_word' id='word_1_523' title='bbox 608 2719 799 2751; x_wconf 80' lang='lat' dir='ltr'>assecuratoi·</span> <span class='ocrx_word' id='word_1_524' title='bbox 826 2719 900 2751; x_wconf 82' lang='lat' dir='ltr'>asse-</span> 
     </span>
     <span class='ocr_line' id='line_1_70' title="bbox 30 2759 899 2801; baseline -0.001 -8"><span class='ocrx_word' id='word_1_525' title='bbox 30 2770 175 2793; x_wconf 78' lang='lat' dir='ltr'>curatum</span> <span class='ocrx_word' id='word_1_526' title='bbox 201 2768 344 2798; x_wconf 80' lang='lat' dir='ltr'>tempore</span> <span class='ocrx_word' id='word_1_527' title='bbox 373 2761 574 2801; x_wconf 66' lang='lat' dir='ltr'>fidejussionis</span> <span class='ocrx_word' id='word_1_528' title='bbox 602 2761 748 2792; x_wconf 88' lang='lat' dir='ltr'>damnum</span> <span class='ocrx_word' id='word_1_529' title='bbox 775 2759 899 2792; x_wconf 82' lang='lat' dir='ltr'>scivisse</span> 
     </span>
     <span class='ocr_line' id='line_1_71' title="bbox 28 2800 898 2845; baseline 0.001 -12"><span class='ocrx_word' id='word_1_530' title='bbox 28 2801 210 2845; x_wconf 77' lang='lat' dir='ltr'>probaverit</span> <span class='ocrx_word' id='word_1_531' title='bbox 225 2824 235 2836; x_wconf 84' lang='grc'>,</span> <span class='ocrx_word' id='word_1_532' title='bbox 263 2800 464 2834; x_wconf 83' lang='lat' dir='ltr'>ass&#39;ecuratuin</span> <span class='ocrx_word' id='word_1_533' title='bbox 489 2804 522 2834; x_wconf 91' lang='lat' dir='ltr'>in</span> <span class='ocrx_word' id='word_1_534' title='bbox 546 2803 673 2843; x_wconf 86' lang='lat' dir='ltr'>duplum</span> <span class='ocrx_word' id='word_1_535' title='bbox 702 2801 845 2842; x_wconf 84' lang='lat' dir='ltr'>praemii,</span> <span class='ocrx_word' id='word_1_536' title='bbox 866 2803 898 2834; x_wconf 90' lang='lat' dir='ltr'>id</span> 
     </span>
     <span class='ocr_line' id='line_1_72' title="bbox 27 2840 654 2886; baseline 0.002 -11"><span class='ocrx_word' id='word_1_537' title='bbox 27 2844 112 2886; x_wconf 75' lang='lat' dir='ltr'>quod</span> <span class='ocrx_word' id='word_1_538' title='bbox 131 2840 279 2879; x_wconf 74' lang='lat' dir='ltr'>interest,</span> <span class='ocrx_word' id='word_1_539' title='bbox 301 2844 332 2874; x_wconf 65' lang='grc' dir='ltr'>ὁ(</span> <span class='ocrx_word' id='word_1_540' title='bbox 350 2842 420 2875; x_wconf 79' lang='lat' dir='ltr'>falfi</span> <span class='ocrx_word' id='word_1_541' title='bbox 437 2845 654 2876; x_wconf 80' lang='lat' dir='ltr'>damnandum.</span> 
     </span>
     <span class='ocr_line' id='line_1_73' title="bbox 34 2883 897 2926; baseline 0.002 -10"><span class='ocrx_word' id='word_1_542' title='bbox 34 2901 42 2905; x_wconf 89' lang='lat'><em>-</em></span> <span class='ocrx_word' id='word_1_543' title='bbox 74 2884 133 2917; x_wconf 77' lang='lat' dir='ltr'>His</span> <span class='ocrx_word' id='word_1_544' title='bbox 155 2887 200 2915; x_wconf 80' lang='lat' dir='ltr'>ita</span> <span class='ocrx_word' id='word_1_545' title='bbox 224 2883 403 2923; x_wconf 65' lang='lat' dir='ltr'>praemiffis&#39;</span> <span class='ocrx_word' id='word_1_546' title='bbox 420 2886 610 2926; x_wconf 73' lang='lat' dir='ltr'>applicemus</span> <span class='ocrx_word' id='word_1_547' title='bbox 645 2887 722 2917; x_wconf 83' lang='lat' dir='ltr'>lianc</span> <span class='ocrx_word' id='word_1_548' title='bbox 748 2885 897 2926; x_wconf 87' lang='lat' dir='ltr'>speciem.-</span> 
     </span>
     <span class='ocr_line' id='line_1_74' title="bbox 27 2925 896 2966; baseline 0.002 -8"><span class='ocrx_word' id='word_1_549' title='bbox 27 2925 139 2958; x_wconf 65' lang='lat' dir='ltr'>Titius</span> <span class='ocrx_word' id='word_1_550' title='bbox 156 2925 276 2966; x_wconf 73' lang='lat' dir='ltr'>Anguis</span> <span class='ocrx_word' id='word_1_551' title='bbox 296 2934 349 2965; x_wconf 87' lang='lat' dir='ltr'>per</span> <span class='ocrx_word' id='word_1_552' title='bbox 366 2925 522 2958; x_wconf 77' lang='lat' dir='ltr'>Maevium</span> <span class='ocrx_word' id='word_1_553' title='bbox 544 2925 740 2960; x_wconf 71' lang='lat' dir='ltr'>Hellandum</span> <span class='ocrx_word' id='word_1_554' title='bbox 759 2927 896 2960; x_wconf 79' lang='lat' dir='ltr'>Amster-</span> 
     </span>
     <span class='ocr_line' id='line_1_75' title="bbox 27 2965 896 3010; baseline 0.002 -11"><span class='ocrx_word' id='word_1_555' title='bbox 27 2968 111 2999; x_wconf 68' lang='lat' dir='ltr'>darni</span> <span class='ocrx_word' id='word_1_556' title='bbox 132 2967 292 2998; x_wconf 65' lang='lat' dir='ltr'>assecurari</span> <span class='ocrx_word' id='word_1_557' title='bbox 315 2965 395 2998; x_wconf 79' lang='lat' dir='ltr'>fecit</span> <span class='ocrx_word' id='word_1_558' title='bbox 420 2967 526 2999; x_wconf 84' lang='lat' dir='ltr'>navim</span> <span class='ocrx_word' id='word_1_559' title='bbox 550 2977 733 3010; x_wconf 75' lang='lat' dir='ltr'>mercesque</span> <span class='ocrx_word' id='word_1_560' title='bbox 757 2969 795 3001; x_wconf 81' lang='lat' dir='ltr'>ab</span> <span class='ocrx_word' id='word_1_561' title='bbox 820 2969 896 3001; x_wconf 85' lang='lat' dir='ltr'>urbe</span> 
     </span>
     <span class='ocr_line' id='line_1_76' title="bbox 27 3007 895 3052; baseline 0.002 -11"><span class='ocrx_word' id='word_1_562' title='bbox 27 3009 154 3041; x_wconf 80' lang='lat' dir='ltr'>Suratta</span> <span class='ocrx_word' id='word_1_563' title='bbox 187 3008 226 3038; x_wconf 79' lang='lat' dir='ltr'>ad</span> <span class='ocrx_word' id='word_1_564' title='bbox 255 3017 350 3049; x_wconf 78' lang='lat' dir='ltr'>usquc</span> <span class='ocrx_word' id='word_1_565' title='bbox 383 3007 590 3046; x_wconf 82' lang='lat' dir='ltr'>Londinum‚</span> <span class='ocrx_word' id='word_1_566' title='bbox 625 3009 731 3042; x_wconf 83' lang='lat' dir='ltr'>soluto</span> <span class='ocrx_word' id='word_1_567' title='bbox 763 3011 895 3052; x_wconf 67' lang='lat' dir='ltr'>praemio</span> 
     </span>
     <span class='ocr_line' id='line_1_77' title="bbox 26 3048 895 3090; baseline 0.003 -9"><span class='ocrx_word' id='word_1_568' title='bbox 26 3052 90 3081; x_wconf 69' lang='lat' dir='ltr'>‘bari</span> <span class='ocrx_word' id='word_1_569' title='bbox 111 3059 158 3090; x_wconf 75' lang='lat'>14-</span> <span class='ocrx_word' id='word_1_570' title='bbox 178 3055 230 3089; x_wconf 76' lang='lat' dir='ltr'>pro</span> <span class='ocrx_word' id='word_1_571' title='bbox 250 3050 303 3080; x_wconf 68' lang='lat' dir='ltr'><em>C&#39;v.</em></span> <span class='ocrx_word' id='word_1_572' title='bbox 332 3048 455 3080; x_wconf 73' lang='lat' dir='ltr'>Deinde</span> <span class='ocrx_word' id='word_1_573' title='bbox 473 3049 660 3082; x_wconf 58' lang='lat' dir='ltr'>asli-:curatus</span> <span class='ocrx_word' id='word_1_574' title='bbox 685 3050 895 3084; x_wconf 82' lang='lat' dir='ltr'>instrumento</span> 
     </span>
     <span class='ocr_line' id='line_1_78' title="bbox 27 3091 895 3135; baseline 0.003 -13"><span class='ocrx_word' id='word_1_575' title='bbox 27 3091 265 3122; x_wconf 68' lang='lat' dir='ltr'>assecurationis</span> <span class='ocrx_word' id='word_1_576' title='bbox 280 3092 349 3122; x_wconf 86' lang='lat' dir='ltr'>liaec</span> <span class='ocrx_word' id='word_1_577' title='bbox 362 3092 458 3122; x_wconf 73' lang='lat' dir='ltr'>verba</span> <span class='ocrx_word' id='word_1_578' title='bbox 476 3091 623 3124; x_wconf 85' lang='lat' dir='ltr'>inseruit:</span> <span class='ocrx_word' id='word_1_579' title='bbox 646 3093 895 3135; x_wconf 73' lang='lat' dir='ltr'>volgensrapporc</span> 
     </span>
    </p>
   </div>
   <div class='ocr_carea' id='block_1_9' title="bbox 39 1176 914 1264">
    <p class='ocr_par' dir='ltr' id='par_1_11' title="bbox 39 1176 914 1264">
     <span class='ocr_line' id='line_1_79' title="bbox 39 1176 914 1264; baseline -0.003 -50"><span class='ocrx_word' id='word_1_580' title='bbox 39 1182 134 1264; x_wconf 77' lang='lat' dir='ltr'>Ex</span> <span class='ocrx_word' id='word_1_581' title='bbox 154 1181 181 1223; x_wconf 84' lang='lat'>§.</span> <span class='ocrx_word' id='word_1_582' title='bbox 206 1183 236 1214; x_wconf 84' lang='lat'>6.</span> <span class='ocrx_word' id='word_1_583' title='bbox 263 1181 306 1214; x_wconf 89' lang='lat' dir='ltr'>A.</span> <span class='ocrx_word' id='word_1_584' title='bbox 329 1180 432 1213; x_wconf 82' lang='lat' dir='ltr'>omnis</span> <span class='ocrx_word' id='word_1_585' title='bbox 450 1178 635 1212; x_wconf 76' lang='lat' dir='ltr'>assecuratio</span> <span class='ocrx_word' id='word_1_586' title='bbox 650 1178 738 1210; x_wconf 88' lang='lat' dir='ltr'>nulla</span> <span class='ocrx_word' id='word_1_587' title='bbox 754 1176 820 1216; x_wconf 87' lang='lat' dir='ltr'>est,</span> <span class='ocrx_word' id='word_1_588' title='bbox 843 1186 914 1219; x_wconf 79' lang='lat' dir='ltr'>quae</span> 
     </span>
    </p>
   </div>
   <div class='ocr_carea' id='block_1_10' title="bbox 67 3207 761 3252">
    <p class='ocr_par' dir='ltr' id='par_1_12' title="bbox 67 3207 761 3252">
     <span class='ocr_line' id='line_1_80' title="bbox 67 3207 761 3252; baseline 0.006 -13"><span class='ocrx_word' id='word_1_589' title='bbox 67 3207 127 3249; x_wconf 77' lang='lat'>(2)</span> <span class='ocrx_word' id='word_1_590' title='bbox 148 3210 432 3251; x_wconf 59' lang='lat' dir='ltr'>Oly&#39;ervae..Tuimilt.</span> <span class='ocrx_word' id='word_1_591' title='bbox 459 3213 533 3245; x_wconf 80' lang='lat' dir='ltr'><em>To&#39;m.</em></span> <span class='ocrx_word' id='word_1_592' title='bbox 554 3216 606 3246; x_wconf 80' lang='lat' dir='ltr'>Vi.</span> <span class='ocrx_word' id='word_1_593' title='bbox 626 3226 654 3245; x_wconf 85' lang='lat' dir='ltr'><em>n.</em></span> <span class='ocrx_word' id='word_1_594' title='bbox 679 3222 761 3252; x_wconf 72' lang='lat'><em>1332.</em></span> 
     </span>
    </p>
   </div>
   <div class='ocr_carea' id='block_1_11' title="bbox 352 932 1834 1086">
    <p class='ocr_par' dir='ltr' id='par_1_13' title="bbox 352 932 1834 1086">
     <span class='ocr_line' id='line_1_81' title="bbox 613 932 1834 988; baseline 0.006 -20"><span class='ocrx_word' id='word_1_595' title='bbox 613 935 694 968; x_wconf 74' lang='lat' dir='ltr'>Alia</span> <span class='ocrx_word' id='word_1_596' title='bbox 716 933 844 979; x_wconf 72' lang='lat' dir='ltr'>species</span> <span class='ocrx_word' id='word_1_597' title='bbox 862 959 871 975; x_wconf 87' lang='lat'>‚</span> <span class='ocrx_word' id='word_1_598' title='bbox 895 935 939 988; x_wconf 31' lang='lat' dir='ltr'>’in</span> <span class='ocrx_word' id='word_1_599' title='bbox 976 944 1036 988; x_wconf 59' lang='lat' dir='ltr'>qim</span> <span class='ocrx_word' id='word_1_600' title='bbox 1069 932 1265 979; x_wconf 79' lang='lat' dir='ltr'>affccurator</span> <span class='ocrx_word' id='word_1_601' title='bbox 1292 938 1398 972; x_wconf 79' lang='lat' dir='ltr'>tribus</span> <span class='ocrx_word' id='word_1_602' title='bbox 1423 941 1604 974; x_wconf 73' lang='lat' dir='ltr'>rationibus</span> <span class='ocrx_word' id='word_1_603' title='bbox 1629 937 1834 986; x_wconf 65' lang='lat' dir='ltr'>oppugnabat}</span> 
     </span>
     <span class='ocr_line' id='line_1_82' title="bbox 411 980 1479 1029; baseline 0.004 -11"><span class='ocrx_word' id='word_1_604' title='bbox 411 984 451 1025; x_wconf 52' lang='grc' dir='ltr'>δέ</span> <span class='ocrx_word' id='word_1_605' title='bbox 476 982 610 1029; x_wconf 66' lang='lat' dir='ltr'>diversae</span> <span class='ocrx_word' id='word_1_606' title='bbox 636 984 673 1018; x_wconf 83' lang='lat' dir='ltr'>de</span> <span class='ocrx_word' id='word_1_607' title='bbox 697 994 734 1017; x_wconf 80' lang='lat' dir='ltr'>ea</span> <span class='ocrx_word' id='word_1_608' title='bbox 751 980 948 1028; x_wconf 67' lang='lat' dir='ltr'>sententias,</span> <span class='ocrx_word' id='word_1_609' title='bbox 976 981 1016 1020; x_wconf 61' lang='grc' dir='ltr'>δ’</span> <span class='ocrx_word' id='word_1_610' title='bbox 1043 995 1109 1028; x_wconf 74' lang='lat' dir='ltr'>qua:</span> <span class='ocrx_word' id='word_1_611' title='bbox 1135 986 1264 1019; x_wconf 80' lang='lat' dir='ltr'>tandem</span> <span class='ocrx_word' id='word_1_612' title='bbox 1291 988 1479 1022; x_wconf 70' lang='lat' dir='ltr'>obtinuerit.</span> 
     </span>
     <span class='ocr_line' id='line_1_83' title="bbox 352 1032 1834 1086; baseline 0.006 -21"><span class='ocrx_word' id='word_1_613' title='bbox 352 1032 394 1074; x_wconf 61' lang='grc' dir='ltr'>ξς)</span> <span class='ocrx_word' id='word_1_614' title='bbox 425 1046 467 1070; x_wconf 81' lang='lat' dir='ltr'>an</span> <span class='ocrx_word' id='word_1_615' title='bbox 502 1045 564 1078; x_wconf 80' lang='lat' dir='ltr'>ea,</span> <span class='ocrx_word' id='word_1_616' title='bbox 590 1044 656 1078; x_wconf 79' lang='lat' dir='ltr'>quae</span> <span class='ocrx_word' id='word_1_617' title='bbox 682 1034 719 1067; x_wconf 79' lang='lat' dir='ltr'>ol&gt;</span> <span class='ocrx_word' id='word_1_618' title='bbox 746 1039 907 1066; x_wconf 65' lang='lat' dir='ltr'>ulutatum</span> <span class='ocrx_word' id='word_1_619' title='bbox 934 1038 999 1065; x_wconf 78' lang='lat' dir='ltr'>iter</span> <span class='ocrx_word' id='word_1_620' title='bbox 1022 1032 1284 1079; x_wconf 68' lang='lat' dir='ltr'>qffiicurmionem</span> <span class='ocrx_word' id='word_1_621' title='bbox 1316 1037 1505 1083; x_wconf 72' lang='lat' dir='ltr'>resciderit,</span> <span class='ocrx_word' id='word_1_622' title='bbox 1522 1036 1614 1084; x_wconf 80' lang='lat' dir='ltr'>satis</span> <span class='ocrx_word' id='word_1_623' title='bbox 1627 1038 1740 1086; x_wconf 76' lang='lat' dir='ltr'>fuerit</span> <span class='ocrx_word' id='word_1_624' title='bbox 1768 1041 1834 1074; x_wconf 81' lang='lat' dir='ltr'>ido-</span> 
     </span>
    </p>
   </div>
   <div class='ocr_carea' id='block_1_12' title="bbox 1534 989 1835 1036">
    <p class='ocr_par' dir='ltr' id='par_1_14' title="bbox 1534 989 1835 1036">
     <span class='ocr_line' id='line_1_84' title="bbox 1534 989 1835 1036; baseline 0.003 -13"><span class='ocrx_word' id='word_1_625' title='bbox 1534 989 1770 1036; x_wconf 69' lang='lat' dir='ltr'>Difi-utiamur</span> <span class='ocrx_word' id='word_1_626' title='bbox 1795 991 1835 1024; x_wconf 78' lang='lat' dir='ltr'>il-</span> 
     </span>
    </p>
   </div>
   <div class='ocr_carea' id='block_1_13' title="bbox 936 1177 1861 3177">
    <p class='ocr_par' dir='ltr' id='par_1_15' title="bbox 944 1177 1858 2730">
     <span class='ocr_line' id='line_1_85' title="bbox 957 1177 1830 1228; baseline 0.008 -17"><span class='ocrx_word' id='word_1_627' title='bbox 957 1185 1015 1211; x_wconf 75' lang='lat' dir='ltr'>met</span> <span class='ocrx_word' id='word_1_628' title='bbox 1026 1180 1064 1228; x_wconf 30' lang='lat' dir='ltr'>&#39;de</span> <span class='ocrx_word' id='word_1_629' title='bbox 1081 1177 1157 1220; x_wconf 81' lang='lat' dir='ltr'>laast</span> <span class='ocrx_word' id='word_1_630' title='bbox 1174 1184 1374 1225; x_wconf 64' lang='lat' dir='ltr'>aangekomen</span> <span class='ocrx_word' id='word_1_631' title='bbox 1392 1186 1522 1226; x_wconf 75' lang='lat' dir='ltr'>Schepen</span> <span class='ocrx_word' id='word_1_632' title='bbox 1552 1186 1603 1228; x_wconf 78' lang='lat' dir='ltr'>lag</span> <span class='ocrx_word' id='word_1_633' title='bbox 1623 1187 1670 1218; x_wconf 76' lang='lat' dir='ltr'>het</span> <span class='ocrx_word' id='word_1_634' title='bbox 1686 1186 1830 1227; x_wconf 56' lang='grc' dir='ltr'>ΔυσοῌέΙηκ</span> 
     </span>
     <span class='ocr_line' id='line_1_86' title="bbox 958 1222 1832 1271; baseline 0.01 -20"><span class='ocrx_word' id='word_1_635' title='bbox 958 1222 1050 1262; x_wconf 80' lang='lat' dir='ltr'>Scth</span> <span class='ocrx_word' id='word_1_636' title='bbox 1065 1231 1121 1264; x_wconf 82' lang='lat' dir='ltr'>nog</span> <span class='ocrx_word' id='word_1_637' title='bbox 1141 1227 1168 1253; x_wconf 80' lang='lat' dir='ltr'>te</span> <span class='ocrx_word' id='word_1_638' title='bbox 1188 1225 1327 1264; x_wconf 77' lang='lat' dir='ltr'>Suratte,</span> <span class='ocrx_word' id='word_1_639' title='bbox 1349 1233 1448 1259; x_wconf 76' lang='lat' dir='ltr'>‘voorts</span> <span class='ocrx_word' id='word_1_640' title='bbox 1475 1233 1554 1259; x_wconf 75' lang='lat' dir='ltr'>weet</span> <span class='ocrx_word' id='word_1_641' title='bbox 1578 1230 1611 1259; x_wconf 85' lang='lat' dir='ltr'>de</span> <span class='ocrx_word' id='word_1_642' title='bbox 1636 1228 1832 1271; x_wconf 79' lang='lat' dir='ltr'>geaffureerde</span> 
     </span>
     <span class='ocr_line' id='line_1_87' title="bbox 959 1267 1831 1312; baseline 0.007 -18"><span class='ocrx_word' id='word_1_643' title='bbox 959 1272 1021 1311; x_wconf 69' lang='lat' dir='ltr'>van</span> <span class='ocrx_word' id='word_1_644' title='bbox 1038 1273 1112 1306; x_wconf 83' lang='lat' dir='ltr'>geen</span> <span class='ocrx_word' id='word_1_645' title='bbox 1130 1267 1247 1298; x_wconf 71' lang='lat' dir='ltr'>verirek</span> <span class='ocrx_word' id='word_1_646' title='bbox 1261 1290 1270 1306; x_wconf 88' lang='lat'><strong>‚</strong></span> <span class='ocrx_word' id='word_1_647' title='bbox 1294 1268 1346 1299; x_wconf 71' lang='lat' dir='ltr'>dus</span> <span class='ocrx_word' id='word_1_648' title='bbox 1362 1275 1395 1310; x_wconf 88' lang='lat' dir='ltr'>op</span> <span class='ocrx_word' id='word_1_649' title='bbox 1419 1269 1478 1300; x_wconf 80' lang='lat' dir='ltr'>cille</span> <span class='ocrx_word' id='word_1_650' title='bbox 1500 1270 1588 1312; x_wconf 85' lang='lat' dir='ltr'>goede</span> <span class='ocrx_word' id='word_1_651' title='bbox 1615 1280 1651 1301; x_wconf 78' lang='lat' dir='ltr'>en</span> <span class='ocrx_word' id='word_1_652' title='bbox 1673 1271 1764 1311; x_wconf 79' lang='lat' dir='ltr'>quade</span> <span class='ocrx_word' id='word_1_653' title='bbox 1784 1275 1831 1311; x_wconf 67' lang='lat' dir='ltr'>ty-</span> 
     </span>
     <span class='ocr_line' id='line_1_88' title="bbox 959 1304 1831 1354; baseline 0.009 -19"><span class='ocrx_word' id='word_1_654' title='bbox 959 1307 1042 1347; x_wconf 74' lang='lat' dir='ltr'><em>dmg.</em></span> <span class='ocrx_word' id='word_1_655' title='bbox 1072 1304 1156 1337; x_wconf 83' lang='lat' dir='ltr'>Haec</span> <span class='ocrx_word' id='word_1_656' title='bbox 1173 1307 1359 1354; x_wconf 74' lang='lat' dir='ltr'>assecuratio</span> <span class='ocrx_word' id='word_1_657' title='bbox 1376 1310 1460 1343; x_wconf 67' lang='lat' dir='ltr'>fasta</span> <span class='ocrx_word' id='word_1_658' title='bbox 1476 1318 1543 1342; x_wconf 86' lang='lat' dir='ltr'>erat</span> <span class='ocrx_word' id='word_1_659' title='bbox 1559 1320 1611 1353; x_wconf 84' lang='lat'><em>31.</em></span> <span class='ocrx_word' id='word_1_660' title='bbox 1630 1311 1713 1344; x_wconf 87' lang='lat' dir='ltr'>Dec.</span> <span class='ocrx_word' id='word_1_661' title='bbox 1737 1320 1831 1352; x_wconf 83' lang='lat'><em>1711.</em></span> 
     </span>
     <span class='ocr_line' id='line_1_89' title="bbox 959 1348 1835 1393; baseline 0.007 -15"><span class='ocrx_word' id='word_1_662' title='bbox 959 1348 1122 1389; x_wconf 85' lang='lat' dir='ltr'>postquam</span> <span class='ocrx_word' id='word_1_663' title='bbox 1138 1358 1229 1382; x_wconf 83' lang='lat' dir='ltr'>navis</span> <span class='ocrx_word' id='word_1_664' title='bbox 1253 1359 1270 1381; x_wconf 89' lang='lat' dir='ltr'>a</span> <span class='ocrx_word' id='word_1_665' title='bbox 1286 1359 1387 1392; x_wconf 87' lang='lat' dir='ltr'>portu</span> <span class='ocrx_word' id='word_1_666' title='bbox 1407 1352 1595 1385; x_wconf 86' lang='lat' dir='ltr'>Surrattenfi</span> <span class='ocrx_word' id='word_1_667' title='bbox 1612 1353 1674 1393; x_wconf 85' lang='lat' dir='ltr'>jam</span> <span class='ocrx_word' id='word_1_668' title='bbox 1692 1351 1835 1385; x_wconf 79' lang='lat' dir='ltr'>solviffet</span> 
     </span>
     <span class='ocr_line' id='line_1_90' title="bbox 958 1389 1835 1436; baseline 0.007 -16"><span class='ocrx_word' id='word_1_669' title='bbox 958 1399 988 1426; x_wconf 90' lang='lat'>9.</span> <span class='ocrx_word' id='word_1_670' title='bbox 1015 1389 1105 1421; x_wconf 89' lang='lat' dir='ltr'>Febr.</span> <span class='ocrx_word' id='word_1_671' title='bbox 1135 1397 1227 1432; x_wconf 80' lang='lat'><em>1711.</em></span> <span class='ocrx_word' id='word_1_672' title='bbox 1252 1391 1282 1425; x_wconf 71' lang='grc' dir='ltr'><strong>ἃ</strong></span> <span class='ocrx_word' id='word_1_673' title='bbox 1308 1402 1326 1423; x_wconf 90' lang='lat' dir='ltr'>a</span> <span class='ocrx_word' id='word_1_674' title='bbox 1348 1392 1478 1426; x_wconf 88' lang='lat' dir='ltr'>Francis</span> <span class='ocrx_word' id='word_1_675' title='bbox 1499 1395 1562 1435; x_wconf 80' lang='lat' dir='ltr'>jam</span> <span class='ocrx_word' id='word_1_676' title='bbox 1590 1402 1683 1435; x_wconf 74' lang='lat' dir='ltr'>capta</span> <span class='ocrx_word' id='word_1_677' title='bbox 1703 1393 1785 1426; x_wconf 81' lang='lat' dir='ltr'>esset</span> <span class='ocrx_word' id='word_1_678' title='bbox 1799 1405 1835 1436; x_wconf 80' lang='lat'><em>3.</em></span> 
     </span>
     <span class='ocr_line' id='line_1_91' title="bbox 958 1431 1836 1477; baseline 0.005 -13"><span class='ocrx_word' id='word_1_679' title='bbox 958 1431 1033 1473; x_wconf 85' lang='lat' dir='ltr'>Apr.</span> <span class='ocrx_word' id='word_1_680' title='bbox 1068 1439 1160 1472; x_wconf 86' lang='lat'><em>1711.</em></span> <span class='ocrx_word' id='word_1_681' title='bbox 1193 1441 1288 1475; x_wconf 88' lang='lat' dir='ltr'>atque</span> <span class='ocrx_word' id='word_1_682' title='bbox 1313 1436 1392 1467; x_wconf 89' lang='lat' dir='ltr'>adeo</span> <span class='ocrx_word' id='word_1_683' title='bbox 1427 1435 1510 1468; x_wconf 65' lang='lat' dir='ltr'>fasta</span> <span class='ocrx_word' id='word_1_684' title='bbox 1543 1443 1611 1469; x_wconf 79' lang='lat' dir='ltr'>erat</span> <span class='ocrx_word' id='word_1_685' title='bbox 1635 1436 1665 1468; x_wconf 75' lang='grc' dir='ltr'>δε</span> <span class='ocrx_word' id='word_1_686' title='bbox 1687 1434 1758 1477; x_wconf 90' lang='lat' dir='ltr'>post</span> <span class='ocrx_word' id='word_1_687' title='bbox 1780 1435 1836 1469; x_wconf 75' lang='lat' dir='ltr'>sex</span> 
     </span>
     <span class='ocr_line' id='line_1_92' title="bbox 958 1472 1836 1520; baseline 0.003 -14"><span class='ocrx_word' id='word_1_688' title='bbox 958 1472 1078 1507; x_wconf 89' lang='lat' dir='ltr'>menses</span> <span class='ocrx_word' id='word_1_689' title='bbox 1094 1473 1330 1520; x_wconf 67' lang='lat' dir='ltr'>aprofectione</span> <span class='ocrx_word' id='word_1_690' title='bbox 1345 1477 1434 1511; x_wconf 89' lang='lat' dir='ltr'>navis</span> <span class='ocrx_word' id='word_1_691' title='bbox 1451 1500 1464 1517; x_wconf 90' lang='lat'>,</span> <span class='ocrx_word' id='word_1_692' title='bbox 1487 1477 1518 1510; x_wconf 88' lang='lat'>&amp;</span> <span class='ocrx_word' id='word_1_693' title='bbox 1538 1478 1659 1510; x_wconf 89' lang='lat' dir='ltr'>tamdiu</span> <span class='ocrx_word' id='word_1_694' title='bbox 1675 1477 1747 1519; x_wconf 88' lang='lat' dir='ltr'>post</span> <span class='ocrx_word' id='word_1_695' title='bbox 1761 1478 1836 1519; x_wconf 88' lang='lat' dir='ltr'>cap-</span> 
     </span>
     <span class='ocr_line' id='line_1_93' title="bbox 962 1517 1836 1564; baseline 0.006 -18"><span class='ocrx_word' id='word_1_696' title='bbox 962 1521 1026 1547; x_wconf 89' lang='lat' dir='ltr'>tam</span> <span class='ocrx_word' id='word_1_697' title='bbox 1049 1524 1177 1555; x_wconf 87' lang='lat' dir='ltr'>navim,</span> <span class='ocrx_word' id='word_1_698' title='bbox 1201 1524 1236 1564; x_wconf 81' lang='lat' dir='ltr'>ut</span> <span class='ocrx_word' id='word_1_699' title='bbox 1259 1517 1449 1552; x_wconf 82' lang='lat' dir='ltr'>affecuratus</span> <span class='ocrx_word' id='word_1_700' title='bbox 1475 1519 1646 1552; x_wconf 88' lang='lat' dir='ltr'>secundum</span> <span class='ocrx_word' id='word_1_701' title='bbox 1671 1519 1836 1561; x_wconf 85' lang='lat' dir='ltr'>regulam,</span> 
     </span>
     <span class='ocr_line' id='line_1_94' title="bbox 960 1556 1836 1606; baseline 0.006 -19"><span class='ocrx_word' id='word_1_702' title='bbox 960 1565 1054 1597; x_wconf 87' lang='lat' dir='ltr'>quam</span> <span class='ocrx_word' id='word_1_703' title='bbox 1072 1556 1245 1606; x_wconf 77' lang='lat' dir='ltr'>proposui,</span> <span class='ocrx_word' id='word_1_704' title='bbox 1267 1559 1307 1592; x_wconf 91' lang='lat' dir='ltr'>de</span> <span class='ocrx_word' id='word_1_705' title='bbox 1331 1570 1366 1593; x_wconf 87' lang='lat' dir='ltr'>ea</span> <span class='ocrx_word' id='word_1_706' title='bbox 1388 1561 1602 1604; x_wconf 89' lang='lat' dir='ltr'>occupatione</span> <span class='ocrx_word' id='word_1_707' title='bbox 1629 1561 1748 1594; x_wconf 88' lang='lat' dir='ltr'>certior</span> <span class='ocrx_word' id='word_1_708' title='bbox 1771 1560 1836 1594; x_wconf 81' lang='lat' dir='ltr'>effe</span> 
     </span>
     <span class='ocr_line' id='line_1_95' title="bbox 958 1598 1858 1647; baseline 0.004 -16"><span class='ocrx_word' id='word_1_709' title='bbox 958 1598 1061 1645; x_wconf 67' lang='lat' dir='ltr'>fastus</span> <span class='ocrx_word' id='word_1_710' title='bbox 1076 1606 1228 1647; x_wconf 81' lang='lat' dir='ltr'>potuerit.</span> <span class='ocrx_word' id='word_1_711' title='bbox 1271 1602 1332 1635; x_wconf 89' lang='lat' dir='ltr'>Sed</span> <span class='ocrx_word' id='word_1_712' title='bbox 1350 1603 1453 1644; x_wconf 85' lang='lat' dir='ltr'>ajebat</span> <span class='ocrx_word' id='word_1_713' title='bbox 1471 1603 1681 1643; x_wconf 79' lang='lat' dir='ltr'>assecuratus,</span> <span class='ocrx_word' id='word_1_714' title='bbox 1705 1611 1748 1636; x_wconf 81' lang='lat' dir='ltr'>ex</span> <span class='ocrx_word' id='word_1_715' title='bbox 1764 1604 1836 1635; x_wconf 88' lang='lat' dir='ltr'>&#39;ver-</span> <span class='ocrx_word' id='word_1_716' title='bbox 1848 1615 1858 1624; x_wconf 86' lang='lat'><em>·</em></span> 
     </span>
     <span class='ocr_line' id='line_1_96' title="bbox 959 1640 1835 1686; baseline 0.007 -14"><span class='ocrx_word' id='word_1_717' title='bbox 959 1640 1008 1672; x_wconf 92' lang='lat' dir='ltr'>bis</span> <span class='ocrx_word' id='word_1_718' title='bbox 1020 1664 1029 1679; x_wconf 96' lang='lat'>,</span> <span class='ocrx_word' id='word_1_719' title='bbox 1049 1649 1122 1682; x_wconf 87' lang='lat' dir='ltr'>quae</span> <span class='ocrx_word' id='word_1_720' title='bbox 1136 1642 1288 1684; x_wconf 82' lang='lat' dir='ltr'>exhibui,</span> <span class='ocrx_word' id='word_1_721' title='bbox 1313 1644 1476 1686; x_wconf 85' lang='lat' dir='ltr'>constare,</span> <span class='ocrx_word' id='word_1_722' title='bbox 1489 1645 1751 1679; x_wconf 73' lang='lat' dir='ltr'>assecurationem</span> <span class='ocrx_word' id='word_1_723' title='bbox 1770 1644 1835 1678; x_wconf 79' lang='lat' dir='ltr'>esse</span> 
     </span>
     <span class='ocr_line' id='line_1_97' title="bbox 955 1680 1834 1731; baseline 0.003 -16"><span class='ocrx_word' id='word_1_724' title='bbox 955 1680 1070 1715; x_wconf 63' lang='lat' dir='ltr'>fafitam</span> <span class='ocrx_word' id='word_1_725' title='bbox 1087 1689 1121 1731; x_wconf 66' lang='lat' dir='ltr'>op</span> <span class='ocrx_word' id='word_1_726' title='bbox 1137 1684 1197 1731; x_wconf 69' lang='lat' dir='ltr'>alie</span> <span class='ocrx_word' id='word_1_727' title='bbox 1213 1687 1302 1728; x_wconf 84' lang='lat' dir='ltr'>goede</span> <span class='ocrx_word' id='word_1_728' title='bbox 1318 1696 1355 1719; x_wconf 81' lang='lat' dir='ltr'>en</span> <span class='ocrx_word' id='word_1_729' title='bbox 1372 1689 1464 1730; x_wconf 81' lang='lat' dir='ltr'>quade</span> <span class='ocrx_word' id='word_1_730' title='bbox 1475 1689 1602 1731; x_wconf 72' lang='lat' dir='ltr'>tyding,</span> <span class='ocrx_word' id='word_1_731' title='bbox 1626 1688 1657 1720; x_wconf 70' lang='grc' dir='ltr'>δι</span> <span class='ocrx_word' id='word_1_732' title='bbox 1673 1686 1715 1720; x_wconf 85' lang='lat' dir='ltr'>fic</span> <span class='ocrx_word' id='word_1_733' title='bbox 1737 1687 1834 1719; x_wconf 88' lang='lat' dir='ltr'>fidem</span> 
     </span>
     <span class='ocr_line' id='line_1_98' title="bbox 955 1722 1835 1772; baseline 0.006 -17"><span class='ocrx_word' id='word_1_734' title='bbox 955 1722 1042 1757; x_wconf 89' lang='lat' dir='ltr'>suam</span> <span class='ocrx_word' id='word_1_735' title='bbox 1064 1725 1126 1758; x_wconf 83' lang='lat' dir='ltr'>ene</span> <span class='ocrx_word' id='word_1_736' title='bbox 1147 1726 1330 1769; x_wconf 89' lang='lat' dir='ltr'>liberatam,</span> <span class='ocrx_word' id='word_1_737' title='bbox 1353 1731 1483 1771; x_wconf 88' lang='lat' dir='ltr'>petebat</span> <span class='ocrx_word' id='word_1_738' title='bbox 1507 1730 1601 1772; x_wconf 82' lang='lat' dir='ltr'>igitur</span> <span class='ocrx_word' id='word_1_739' title='bbox 1621 1734 1714 1764; x_wconf 72' lang='grc' dir='ltr'>800ορΙ</span> <span class='ocrx_word' id='word_1_740' title='bbox 1738 1728 1835 1760; x_wconf 85' lang='lat' dir='ltr'>flore-</span> 
     </span>
     <span class='ocr_line' id='line_1_99' title="bbox 954 1768 1834 1815; baseline 0.006 -18"><span class='ocrx_word' id='word_1_741' title='bbox 954 1775 1014 1798; x_wconf 90' lang='lat' dir='ltr'>nos</span> <span class='ocrx_word' id='word_1_742' title='bbox 1029 1789 1041 1806; x_wconf 86' lang='lat'><strong>,</strong></span> <span class='ocrx_word' id='word_1_743' title='bbox 1073 1777 1132 1809; x_wconf 93' lang='lat' dir='ltr'>pro</span> <span class='ocrx_word' id='word_1_744' title='bbox 1158 1778 1219 1810; x_wconf 88' lang='lat' dir='ltr'>qua</span> <span class='ocrx_word' id='word_1_745' title='bbox 1247 1768 1366 1803; x_wconf 86' lang='lat' dir='ltr'>summa</span> <span class='ocrx_word' id='word_1_746' title='bbox 1392 1771 1567 1812; x_wconf 84' lang='lat' dir='ltr'>fidejussurn</span> <span class='ocrx_word' id='word_1_747' title='bbox 1598 1778 1674 1803; x_wconf 86' lang='lat' dir='ltr'>erat.</span> <span class='ocrx_word' id='word_1_748' title='bbox 1720 1770 1834 1815; x_wconf 83' lang='lat' dir='ltr'>Quum</span> 
     </span>
     <span class='ocr_line' id='line_1_100' title="bbox 954 1807 1834 1857; baseline 0.006 -18"><span class='ocrx_word' id='word_1_749' title='bbox 954 1807 1178 1857; x_wconf 76' lang='lat' dir='ltr'>assecuratores</span> <span class='ocrx_word' id='word_1_750' title='bbox 1212 1809 1405 1845; x_wconf 82' lang='lat' dir='ltr'>solutionem</span> <span class='ocrx_word' id='word_1_751' title='bbox 1442 1814 1657 1846; x_wconf 67' lang='lat' dir='ltr'>detrectarent</span> <span class='ocrx_word' id='word_1_752' title='bbox 1675 1836 1686 1852; x_wconf 94' lang='lat'>‚</span> <span class='ocrx_word' id='word_1_753' title='bbox 1725 1821 1834 1854; x_wconf 85' lang='lat' dir='ltr'>partes</span> 
     </span>
     <span class='ocr_line' id='line_1_101' title="bbox 954 1854 1833 1896; baseline 0.006 -16"><span class='ocrx_word' id='word_1_754' title='bbox 954 1859 1220 1892; x_wconf 87' lang='lat' dir='ltr'>compromittunt</span> <span class='ocrx_word' id='word_1_755' title='bbox 1253 1854 1287 1887; x_wconf 90' lang='lat' dir='ltr'>in</span> <span class='ocrx_word' id='word_1_756' title='bbox 1318 1855 1471 1895; x_wconf 86' lang='lat' dir='ltr'>arbitros,</span> <span class='ocrx_word' id='word_1_757' title='bbox 1500 1857 1532 1888; x_wconf 91' lang='lat' dir='ltr'>in</span> <span class='ocrx_word' id='word_1_758' title='bbox 1555 1855 1683 1896; x_wconf 89' lang='lat' dir='ltr'>Judices</span> <span class='ocrx_word' id='word_1_759' title='bbox 1716 1862 1833 1895; x_wconf 84' lang='lat' dir='ltr'>nempe</span> 
     </span>
     <span class='ocr_line' id='line_1_102' title="bbox 952 1890 1833 1938; baseline 0.002 -13"><span class='ocrx_word' id='word_1_760' title='bbox 952 1890 1130 1938; x_wconf 80' lang='lat' dir='ltr'>Delegatos</span> <span class='ocrx_word' id='word_1_761' title='bbox 1147 1917 1158 1933; x_wconf 92' lang='lat'>‚</span> <span class='ocrx_word' id='word_1_762' title='bbox 1187 1895 1240 1936; x_wconf 89' lang='lat' dir='ltr'>qui</span> <span class='ocrx_word' id='word_1_763' title='bbox 1264 1895 1473 1930; x_wconf 87' lang='lat' dir='ltr'>Amsterdami</span> <span class='ocrx_word' id='word_1_764' title='bbox 1490 1898 1528 1930; x_wconf 86' lang='lat' dir='ltr'>de</span> <span class='ocrx_word' id='word_1_765' title='bbox 1551 1895 1833 1929; x_wconf 83' lang='lat' dir='ltr'>affecurationibus</span> 
     </span>
     <span class='ocr_line' id='line_1_103' title="bbox 951 1933 1831 1982; baseline 0.005 -18"><span class='ocrx_word' id='word_1_766' title='bbox 951 1942 998 1972; x_wconf 79' lang='lat' dir='ltr'>jus</span> <span class='ocrx_word' id='word_1_767' title='bbox 1013 1933 1135 1967; x_wconf 90' lang='lat' dir='ltr'>dicunt.</span> <span class='ocrx_word' id='word_1_768' title='bbox 1182 1936 1228 1968; x_wconf 91' lang='lat' dir='ltr'>Hi</span> <span class='ocrx_word' id='word_1_769' title='bbox 1257 1946 1306 1970; x_wconf 87' lang='lat'>12.</span> <span class='ocrx_word' id='word_1_770' title='bbox 1334 1939 1422 1980; x_wconf 91' lang='lat' dir='ltr'>Sept.</span> <span class='ocrx_word' id='word_1_771' title='bbox 1459 1949 1551 1982; x_wconf 84' lang='lat'><em>1713.</em></span> <span class='ocrx_word' id='word_1_772' title='bbox 1577 1938 1683 1980; x_wconf 86' lang='lat' dir='ltr'>Anglo</span> <span class='ocrx_word' id='word_1_773' title='bbox 1709 1937 1831 1978; x_wconf 83' lang='lat' dir='ltr'>adjudi-</span> 
     </span>
     <span class='ocr_line' id='line_1_104' title="bbox 951 1976 1831 2022; baseline 0.006 -17"><span class='ocrx_word' id='word_1_774' title='bbox 951 1983 1025 2006; x_wconf 87' lang='lat' dir='ltr'>cant</span> <span class='ocrx_word' id='word_1_775' title='bbox 1047 1985 1138 2009; x_wconf 84' lang='lat'><em>1200.</em></span> <span class='ocrx_word' id='word_1_776' title='bbox 1162 1976 1325 2018; x_wconf 82' lang='lat' dir='ltr'>florenos,</span> <span class='ocrx_word' id='word_1_777' title='bbox 1351 1980 1382 2012; x_wconf 89' lang='lat' dir='ltr'>id</span> <span class='ocrx_word' id='word_1_778' title='bbox 1397 1980 1464 2020; x_wconf 86' lang='lat' dir='ltr'>est,</span> <span class='ocrx_word' id='word_1_779' title='bbox 1490 1991 1538 2022; x_wconf 87' lang='lat'>15.</span> <span class='ocrx_word' id='word_1_780' title='bbox 1560 1987 1614 2022; x_wconf 86' lang='lat' dir='ltr'>pro</span> <span class='ocrx_word' id='word_1_781' title='bbox 1639 1981 1694 2012; x_wconf 68' lang='lat' dir='ltr'><em>Cw.</em></span> <span class='ocrx_word' id='word_1_782' title='bbox 1718 1989 1780 2011; x_wconf 80' lang='lat' dir='ltr'>van</span> <span class='ocrx_word' id='word_1_783' title='bbox 1795 1977 1831 2010; x_wconf 56' lang='lat' dir='ltr'>de*</span> 
     </span>
     <span class='ocr_line' id='line_1_105' title="bbox 951 2017 1830 2065; baseline -0.001 -12"><span class='ocrx_word' id='word_1_784' title='bbox 951 2017 1239 2065; x_wconf 64' lang='lat' dir='ltr'>getekendesqmme,</span> <span class='ocrx_word' id='word_1_785' title='bbox 1286 2020 1406 2063; x_wconf 85' lang='lat' dir='ltr'>Anglus</span> <span class='ocrx_word' id='word_1_786' title='bbox 1429 2024 1467 2054; x_wconf 89' lang='lat' dir='ltr'>ab</span> <span class='ocrx_word' id='word_1_787' title='bbox 1500 2023 1562 2054; x_wconf 87' lang='lat' dir='ltr'>hoc</span> <span class='ocrx_word' id='word_1_788' title='bbox 1583 2021 1696 2054; x_wconf 88' lang='lat' dir='ltr'>Laudo</span> <span class='ocrx_word' id='word_1_789' title='bbox 1715 2029 1830 2062; x_wconf 85' lang='lat' dir='ltr'>provo-</span> 
     </span>
     <span class='ocr_line' id='line_1_106' title="bbox 953 2059 1830 2105; baseline 0.005 -16"><span class='ocrx_word' id='word_1_790' title='bbox 953 2066 1005 2089; x_wconf 88' lang='lat' dir='ltr'>cat</span> <span class='ocrx_word' id='word_1_791' title='bbox 1018 2059 1058 2105; x_wconf 76' lang='lat' dir='ltr'>ad</span> <span class='ocrx_word' id='word_1_792' title='bbox 1074 2059 1221 2101; x_wconf 82' lang='lat' dir='ltr'>Curiam,</span> <span class='ocrx_word' id='word_1_793' title='bbox 1246 2060 1298 2094; x_wconf 85' lang='lat' dir='ltr'>sed</span> <span class='ocrx_word' id='word_1_794' title='bbox 1315 2062 1382 2095; x_wconf 84' lang='lat' dir='ltr'>haec</span> <span class='ocrx_word' id='word_1_795' title='bbox 1401 2063 1543 2096; x_wconf 84' lang='lat' dir='ltr'>Laudum</span> <span class='ocrx_word' id='word_1_796' title='bbox 1557 2063 1741 2104; x_wconf 81' lang='lat' dir='ltr'>simpliciter</span> <span class='ocrx_word' id='word_1_797' title='bbox 1755 2071 1830 2103; x_wconf 85' lang='lat' dir='ltr'>pro-</span> 
     </span>
     <span class='ocr_line' id='line_1_107' title="bbox 953 2099 1828 2147; baseline 0.006 -17"><span class='ocrx_word' id='word_1_798' title='bbox 953 2099 1042 2131; x_wconf 88' lang='lat' dir='ltr'>bavit</span> <span class='ocrx_word' id='word_1_799' title='bbox 1073 2110 1120 2133; x_wconf 83' lang='lat'>12.</span> <span class='ocrx_word' id='word_1_800' title='bbox 1151 2102 1211 2143; x_wconf 90' lang='lat' dir='ltr'>Jul.</span> <span class='ocrx_word' id='word_1_801' title='bbox 1241 2113 1333 2145; x_wconf 78' lang='lat'><em>1715.</em></span> <span class='ocrx_word' id='word_1_802' title='bbox 1364 2105 1568 2147; x_wconf 82' lang='lat' dir='ltr'>Appellatum</span> <span class='ocrx_word' id='word_1_803' title='bbox 1595 2104 1640 2138; x_wconf 86' lang='lat' dir='ltr'>est</span> <span class='ocrx_word' id='word_1_804' title='bbox 1668 2104 1706 2136; x_wconf 88' lang='lat' dir='ltr'>ad</span> <span class='ocrx_word' id='word_1_805' title='bbox 1733 2104 1828 2136; x_wconf 88' lang='lat' dir='ltr'>Sena-</span> 
     </span>
     <span class='ocr_line' id='line_1_108' title="bbox 949 2142 1829 2189; baseline 0.003 -17"><span class='ocrx_word' id='word_1_806' title='bbox 949 2149 1027 2173; x_wconf 86' lang='lat' dir='ltr'>tum.</span> <span class='ocrx_word' id='word_1_807' title='bbox 1074 2142 1116 2189; x_wconf 66' lang='grc' dir='ltr'>Εἰ</span> <span class='ocrx_word' id='word_1_808' title='bbox 1153 2145 1280 2185; x_wconf 89' lang='lat' dir='ltr'>quidem</span> <span class='ocrx_word' id='word_1_809' title='bbox 1316 2147 1408 2179; x_wconf 88' lang='lat' dir='ltr'>nobis</span> <span class='ocrx_word' id='word_1_810' title='bbox 1427 2170 1437 2187; x_wconf 91' lang='lat'><strong>,</strong></span> <span class='ocrx_word' id='word_1_811' title='bbox 1473 2147 1620 2188; x_wconf 85' lang='lat' dir='ltr'>quamvis</span> <span class='ocrx_word' id='word_1_812' title='bbox 1657 2145 1829 2186; x_wconf 78' lang='lat' dir='ltr'>diligenter</span> 
     </span>
     <span class='ocr_line' id='line_1_109' title="bbox 948 2185 1828 2230; baseline 0.002 -16"><span class='ocrx_word' id='word_1_813' title='bbox 948 2185 1180 2230; x_wconf 71' lang='lat' dir='ltr'>quaerentibus,</span> <span class='ocrx_word' id='word_1_814' title='bbox 1204 2186 1348 2219; x_wconf 87' lang='lat' dir='ltr'>constare</span> <span class='ocrx_word' id='word_1_815' title='bbox 1376 2197 1438 2221; x_wconf 88' lang='lat' dir='ltr'>non</span> <span class='ocrx_word' id='word_1_816' title='bbox 1465 2189 1594 2230; x_wconf 85' lang='lat' dir='ltr'>potuit,</span> <span class='ocrx_word' id='word_1_817' title='bbox 1617 2197 1675 2228; x_wconf 84' lang='lat' dir='ltr'>qua</span> <span class='ocrx_word' id='word_1_818' title='bbox 1703 2187 1828 2218; x_wconf 85' lang='lat' dir='ltr'>ratione</span> 
     </span>
     <span class='ocr_line' id='line_1_110' title="bbox 947 2224 1824 2272; baseline 0.016 -18"><span class='ocrx_word' id='word_1_819' title='bbox 947 2224 1057 2270; x_wconf 78' lang='lat' dir='ltr'>arbitri</span> <span class='ocrx_word' id='word_1_820' title='bbox 1078 2226 1405 2272; x_wconf 29' lang='lat' dir='ltr'>&#39;Amsterdammenses</span> <span class='ocrx_word' id='word_1_821' title='bbox 1431 2230 1460 2262; x_wconf 64' lang='grc' dir='ltr'>ὅ(</span> <span class='ocrx_word' id='word_1_822' title='bbox 1485 2229 1580 2261; x_wconf 84' lang='lat' dir='ltr'>Curia</span> <span class='ocrx_word' id='word_1_823' title='bbox 1608 2228 1714 2269; x_wconf 76' lang='lat' dir='ltr'>Angio</span> <span class='ocrx_word' id='word_1_824' title='bbox 1740 2227 1824 2267; x_wconf 83' lang='lat' dir='ltr'>adju.-</span> 
     </span>
     <span class='ocr_line' id='line_1_111' title="bbox 947 2265 1823 2315; baseline 0.006 -19"><span class='ocrx_word' id='word_1_825' title='bbox 947 2265 1191 2315; x_wconf 54' lang='lat' dir='ltr'>dicaverinty5.</span> <span class='ocrx_word' id='word_1_826' title='bbox 1210 2275 1264 2310; x_wconf 83' lang='lat' dir='ltr'>pro</span> <span class='ocrx_word' id='word_1_827' title='bbox 1289 2270 1367 2309; x_wconf 45' lang='lat' dir='ltr'>Cra,</span> <span class='ocrx_word' id='word_1_828' title='bbox 1391 2271 1512 2303; x_wconf 86' lang='lat' dir='ltr'>fieniin</span> <span class='ocrx_word' id='word_1_829' title='bbox 1527 2270 1621 2308; x_wconf 79' lang='lat' dir='ltr'>ideo,</span> <span class='ocrx_word' id='word_1_830' title='bbox 1646 2268 1731 2310; x_wconf 88' lang='lat' dir='ltr'>quod</span> <span class='ocrx_word' id='word_1_831' title='bbox 1755 2269 1823 2301; x_wconf 88' lang='lat' dir='ltr'>nul-</span> 
     </span>
     <span class='ocr_line' id='line_1_112' title="bbox 946 2307 1824 2355; baseline 0.002 -17"><span class='ocrx_word' id='word_1_832' title='bbox 946 2307 976 2338; x_wconf 89' lang='lat' dir='ltr'>la</span> <span class='ocrx_word' id='word_1_833' title='bbox 997 2307 1073 2355; x_wconf 79' lang='lat' dir='ltr'>esset</span> <span class='ocrx_word' id='word_1_834' title='bbox 1092 2308 1299 2349; x_wconf 86' lang='lat' dir='ltr'>assecuratio,</span> <span class='ocrx_word' id='word_1_835' title='bbox 1321 2321 1415 2353; x_wconf 83' lang='lat' dir='ltr'>atque</span> <span class='ocrx_word' id='word_1_836' title='bbox 1437 2315 1481 2343; x_wconf 92' lang='lat' dir='ltr'>ita</span> <span class='ocrx_word' id='word_1_837' title='bbox 1502 2312 1729 2344; x_wconf 77' lang='lat' dir='ltr'>restituendum</span> <span class='ocrx_word' id='word_1_838' title='bbox 1746 2309 1824 2341; x_wconf 78' lang='lat' dir='ltr'>ess&#39;et</span> 
     </span>
     <span class='ocr_line' id='line_1_113' title="bbox 946 2351 1821 2394; baseline 0.003 -15"><span class='ocrx_word' id='word_1_839' title='bbox 946 2358 1132 2389; x_wconf 66' lang='lat' dir='ltr'>praemium,</span> <span class='ocrx_word' id='word_1_840' title='bbox 1152 2352 1214 2392; x_wconf 86' lang='lat' dir='ltr'>jam</span> <span class='ocrx_word' id='word_1_841' title='bbox 1231 2351 1389 2393; x_wconf 84' lang='lat' dir='ltr'>solutum,</span> <span class='ocrx_word' id='word_1_842' title='bbox 1412 2353 1443 2385; x_wconf 87' lang='lat' dir='ltr'>id</span> <span class='ocrx_word' id='word_1_843' title='bbox 1459 2362 1500 2384; x_wconf 83' lang='lat' dir='ltr'>ex</span> <span class='ocrx_word' id='word_1_844' title='bbox 1526 2353 1728 2394; x_wconf 85' lang='lat' dir='ltr'>stipulatione</span> <span class='ocrx_word' id='word_1_845' title='bbox 1743 2351 1821 2383; x_wconf 71' lang='lat' dir='ltr'>dun—</span> 
     </span>
     <span class='ocr_line' id='line_1_114' title="bbox 948 2393 1820 2436; baseline 0.002 -15"><span class='ocrx_word' id='word_1_846' title='bbox 948 2398 1033 2422; x_wconf 78' lang='lat' dir='ltr'>taxat</span> <span class='ocrx_word' id='word_1_847' title='bbox 1053 2400 1121 2423; x_wconf 85' lang='lat' dir='ltr'>erat</span> <span class='ocrx_word' id='word_1_848' title='bbox 1145 2403 1192 2433; x_wconf 83' lang='lat'>14.</span> <span class='ocrx_word' id='word_1_849' title='bbox 1211 2400 1266 2435; x_wconf 84' lang='lat' dir='ltr'>pro</span> <span class='ocrx_word' id='word_1_850' title='bbox 1289 2394 1342 2426; x_wconf 74' lang='lat' dir='ltr'><em>Cto.</em></span> <span class='ocrx_word' id='word_1_851' title='bbox 1369 2405 1386 2426; x_wconf 87' lang='lat' dir='ltr'>a</span> <span class='ocrx_word' id='word_1_852' title='bbox 1407 2405 1472 2436; x_wconf 91' lang='lat' dir='ltr'>quo</span> <span class='ocrx_word' id='word_1_853' title='bbox 1491 2394 1749 2426; x_wconf 66' lang='lat' dir='ltr'>affecuratoiibus</span> <span class='ocrx_word' id='word_1_854' title='bbox 1769 2393 1820 2424; x_wconf 82' lang='lat' dir='ltr'>ad-</span> 
     </span>
     <span class='ocr_line' id='line_1_115' title="bbox 945 2431 1821 2477; baseline 0.002 -15"><span class='ocrx_word' id='word_1_855' title='bbox 945 2431 1008 2462; x_wconf 77' lang='lat' dir='ltr'>huc</span> <span class='ocrx_word' id='word_1_856' title='bbox 1033 2432 1198 2465; x_wconf 87' lang='lat' dir='ltr'>detrahere</span> <span class='ocrx_word' id='word_1_857' title='bbox 1222 2436 1340 2467; x_wconf 87' lang='lat' dir='ltr'>licebat</span> <span class='ocrx_word' id='word_1_858' title='bbox 1358 2441 1371 2476; x_wconf 51' lang='grc' dir='ltr'><strong>ς</strong></span> <span class='ocrx_word' id='word_1_859' title='bbox 1387 2442 1440 2477; x_wconf 81' lang='lat' dir='ltr'>pro</span> <span class='ocrx_word' id='word_1_860' title='bbox 1461 2436 1518 2468; x_wconf 74' lang='lat' dir='ltr'><em>Ceo.</em></span> <span class='ocrx_word' id='word_1_861' title='bbox 1543 2446 1611 2467; x_wconf 85' lang='lat' dir='ltr'>voor</span> <span class='ocrx_word' id='word_1_862' title='bbox 1631 2437 1700 2466; x_wconf 73' lang='lat' dir='ltr'>hare</span> <span class='ocrx_word' id='word_1_863' title='bbox 1716 2432 1821 2475; x_wconf 77' lang='lat' dir='ltr'>figmi-</span> 
     </span>
     <span class='ocr_line' id='line_1_116' title="bbox 945 2475 1822 2519; baseline 0.006 -17"><span class='ocrx_word' id='word_1_864' title='bbox 945 2478 1028 2519; x_wconf 49' lang='grc' dir='ltr'>τωρ-ε,</span> <span class='ocrx_word' id='word_1_865' title='bbox 1053 2482 1089 2505; x_wconf 88' lang='lat' dir='ltr'>ut</span> <span class='ocrx_word' id='word_1_866' title='bbox 1108 2476 1187 2507; x_wconf 87' lang='lat' dir='ltr'>certi</span> <span class='ocrx_word' id='word_1_867' title='bbox 1205 2476 1282 2515; x_wconf 85' lang='lat' dir='ltr'>juris</span> <span class='ocrx_word' id='word_1_868' title='bbox 1296 2476 1362 2514; x_wconf 85' lang='lat' dir='ltr'>est,</span> <span class='ocrx_word' id='word_1_869' title='bbox 1387 2485 1480 2517; x_wconf 82' lang='lat' dir='ltr'>atque</span> <span class='ocrx_word' id='word_1_870' title='bbox 1513 2477 1607 2515; x_wconf 86' lang='lat' dir='ltr'>ideo,</span> <span class='ocrx_word' id='word_1_871' title='bbox 1630 2484 1667 2507; x_wconf 86' lang='lat' dir='ltr'>ut</span> <span class='ocrx_word' id='word_1_872' title='bbox 1693 2475 1822 2508; x_wconf 83' lang='lat' dir='ltr'>Senatui</span> 
     </span>
     <span class='ocr_line' id='line_1_117' title="bbox 945 2515 1818 2560; baseline 0.006 -17"><span class='ocrx_word' id='word_1_873' title='bbox 945 2515 1130 2560; x_wconf 68' lang='lat' dir='ltr'>videbatur,</span> <span class='ocrx_word' id='word_1_874' title='bbox 1154 2516 1176 2548; x_wconf 85' lang='lat' dir='ltr'>fi</span> <span class='ocrx_word' id='word_1_875' title='bbox 1192 2516 1394 2550; x_wconf 85' lang='lat' dir='ltr'>rescindenda</span> <span class='ocrx_word' id='word_1_876' title='bbox 1419 2518 1496 2550; x_wconf 80' lang='lat' dir='ltr'>ess&#39;et</span> <span class='ocrx_word' id='word_1_877' title='bbox 1523 2517 1728 2555; x_wconf 74' lang='lat' dir='ltr'>afl&#39;ecuratio,</span> <span class='ocrx_word' id='word_1_878' title='bbox 1752 2524 1818 2548; x_wconf 83' lang='lat' dir='ltr'>non</span> 
     </span>
     <span class='ocr_line' id='line_1_118' title="bbox 944 2555 1817 2601; baseline 0.005 -15"><span class='ocrx_word' id='word_1_879' title='bbox 944 2556 1005 2601; x_wconf 77' lang='lat' dir='ltr'>alia</span> <span class='ocrx_word' id='word_1_880' title='bbox 1030 2555 1186 2597; x_wconf 76' lang='lat' dir='ltr'>supererat</span> <span class='ocrx_word' id='word_1_881' title='bbox 1208 2558 1309 2597; x_wconf 70' lang='lat' dir='ltr'>attio,</span> <span class='ocrx_word' id='word_1_882' title='bbox 1334 2568 1426 2600; x_wconf 84' lang='lat' dir='ltr'>quam</span> <span class='ocrx_word' id='word_1_883' title='bbox 1453 2560 1492 2591; x_wconf 86' lang='lat' dir='ltr'>ad</span> <span class='ocrx_word' id='word_1_884' title='bbox 1521 2569 1557 2600; x_wconf 68' lang='lat'>123</span> <span class='ocrx_word' id='word_1_885' title='bbox 1577 2566 1591 2600; x_wconf 54' lang='grc' dir='ltr'>ᾗ</span> <span class='ocrx_word' id='word_1_886' title='bbox 1603 2566 1655 2600; x_wconf 84' lang='lat' dir='ltr'>pro</span> <span class='ocrx_word' id='word_1_887' title='bbox 1676 2559 1730 2590; x_wconf 70' lang='lat' dir='ltr'><em>C‘v.</em></span> <span class='ocrx_word' id='word_1_888' title='bbox 1756 2558 1817 2590; x_wconf 85' lang='lat' dir='ltr'>Sed</span> 
     </span>
     <span class='ocr_line' id='line_1_119' title="bbox 946 2598 1817 2643; baseline 0.002 -15"><span class='ocrx_word' id='word_1_889' title='bbox 946 2606 1017 2637; x_wconf 80' lang='lat' dir='ltr'>quia</span> <span class='ocrx_word' id='word_1_890' title='bbox 1031 2599 1189 2640; x_wconf 85' lang='lat' dir='ltr'>proposita</span> <span class='ocrx_word' id='word_1_891' title='bbox 1207 2609 1270 2631; x_wconf 89' lang='lat' dir='ltr'>non</span> <span class='ocrx_word' id='word_1_892' title='bbox 1289 2608 1377 2632; x_wconf 84' lang='lat' dir='ltr'>erant</span> <span class='ocrx_word' id='word_1_893' title='bbox 1403 2605 1603 2643; x_wconf 76' lang='lat' dir='ltr'>gravamina,</span> <span class='ocrx_word' id='word_1_894' title='bbox 1628 2610 1698 2642; x_wconf 80' lang='lat' dir='ltr'>quae</span> <span class='ocrx_word' id='word_1_895' title='bbox 1712 2598 1817 2632; x_wconf 87' lang='lat' dir='ltr'>solent</span> 
     </span>
     <span class='ocr_line' id='line_1_120' title="bbox 945 2639 1814 2683; baseline 0.003 -14"><span class='ocrx_word' id='word_1_896' title='bbox 945 2639 1100 2680; x_wconf 80' lang='lat' dir='ltr'>appellare</span> <span class='ocrx_word' id='word_1_897' title='bbox 1120 2651 1139 2671; x_wconf 82' lang='lat' dir='ltr'>a</span> <span class='ocrx_word' id='word_1_898' title='bbox 1153 2641 1276 2673; x_wconf 81' lang='lat' dir='ltr'>minima</span> <span class='ocrx_word' id='word_1_899' title='bbox 1289 2664 1297 2678; x_wconf 91' lang='lat'>‚</span> <span class='ocrx_word' id='word_1_900' title='bbox 1322 2642 1405 2674; x_wconf 75' lang='lat' dir='ltr'>nihii</span> <span class='ocrx_word' id='word_1_901' title='bbox 1429 2643 1460 2674; x_wconf 87' lang='lat' dir='ltr'>id</span> <span class='ocrx_word' id='word_1_902' title='bbox 1480 2642 1658 2683; x_wconf 75' lang='lat' dir='ltr'>pertinebat</span> <span class='ocrx_word' id='word_1_903' title='bbox 1684 2642 1721 2673; x_wconf 88' lang='lat' dir='ltr'>ad</span> <span class='ocrx_word' id='word_1_904' title='bbox 1739 2650 1814 2672; x_wconf 89' lang='lat' dir='ltr'>con-</span> 
     </span>
     <span class='ocr_line' id='line_1_121' title="bbox 944 2680 1813 2730; baseline 0.001 -19"><span class='ocrx_word' id='word_1_905' title='bbox 944 2680 1126 2727; x_wconf 65' lang='lat' dir='ltr'>troyersiam</span> <span class='ocrx_word' id='word_1_906' title='bbox 1144 2683 1383 2728; x_wconf 72' lang='lat' dir='ltr'>appellationis.</span> <span class='ocrx_word' id='word_1_907' title='bbox 1437 2683 1545 2730; x_wconf 85' lang='lat' dir='ltr'>Quare</span> <span class='ocrx_word' id='word_1_908' title='bbox 1568 2685 1607 2716; x_wconf 86' lang='lat' dir='ltr'>de</span> <span class='ocrx_word' id='word_1_909' title='bbox 1630 2693 1664 2715; x_wconf 88' lang='lat' dir='ltr'>re</span> <span class='ocrx_word' id='word_1_910' title='bbox 1687 2681 1752 2723; x_wconf 87' lang='lat' dir='ltr'>ipsa</span> <span class='ocrx_word' id='word_1_911' title='bbox 1778 2688 1813 2712; x_wconf 60' lang='lat'>04</span> 
     </span>
    </p>

    <p class='ocr_par' dir='ltr' id='par_1_16' title="bbox 936 2722 1861 3177">
     <span class='ocr_line' id='line_1_122' title="bbox 944 2722 1498 2763; baseline 0.007 -10"><span class='ocrx_word' id='word_1_912' title='bbox 944 2731 1025 2754; x_wconf 87' lang='lat' dir='ltr'>mnis</span> <span class='ocrx_word' id='word_1_913' title='bbox 1042 2722 1173 2763; x_wconf 77' lang='lat' dir='ltr'>quaestio</span> <span class='ocrx_word' id='word_1_914' title='bbox 1190 2723 1264 2756; x_wconf 87' lang='lat' dir='ltr'>fuit.</span> <span class='ocrx_word' id='word_1_915' title='bbox 1494 2751 1498 2753; x_wconf 15' lang='grc' dir='ltr'>μ</span> 
     </span>
     <span class='ocr_line' id='line_1_123' title="bbox 984 2764 1813 2809; baseline -0.001 -13"><span class='ocrx_word' id='word_1_916' title='bbox 984 2764 1239 2809; x_wconf 77' lang='lat' dir='ltr'>Affecuratorusn</span> <span class='ocrx_word' id='word_1_917' title='bbox 1262 2766 1404 2799; x_wconf 78' lang='lat' dir='ltr'>defensio</span> <span class='ocrx_word' id='word_1_918' title='bbox 1428 2776 1518 2806; x_wconf 81' lang='lat' dir='ltr'>erat,</span> <span class='ocrx_word' id='word_1_919' title='bbox 1541 2764 1722 2807; x_wconf 71' lang='lat' dir='ltr'>significasse</span> <span class='ocrx_word' id='word_1_920' title='bbox 1738 2764 1813 2796; x_wconf 80' lang='lat' dir='ltr'>affe-</span> 
     </span>
     <span class='ocr_line' id='line_1_124' title="bbox 942 2807 1812 2852; baseline 0.002 -16"><span class='ocrx_word' id='word_1_921' title='bbox 942 2814 1108 2852; x_wconf 75' lang='lat' dir='ltr'>curatum,</span> <span class='ocrx_word' id='word_1_922' title='bbox 1131 2807 1161 2839; x_wconf 70' lang='grc' dir='ltr'>δε</span> <span class='ocrx_word' id='word_1_923' title='bbox 1185 2808 1351 2840; x_wconf 70' lang='lat' dir='ltr'>contrattu</span> <span class='ocrx_word' id='word_1_924' title='bbox 1376 2818 1501 2850; x_wconf 86' lang='lat' dir='ltr'>quoque</span> <span class='ocrx_word' id='word_1_925' title='bbox 1528 2807 1703 2848; x_wconf 79' lang='lat' dir='ltr'>expressum</span> <span class='ocrx_word' id='word_1_926' title='bbox 1729 2807 1812 2844; x_wconf 74' lang='lat' dir='ltr'>effe,</span> 
     </span>
     <span class='ocr_line' id='line_1_125' title="bbox 941 2849 1813 2889; baseline 0.002 -11"><span class='ocrx_word' id='word_1_927' title='bbox 941 2856 1047 2879; x_wconf 85' lang='lat' dir='ltr'>navim</span> <span class='ocrx_word' id='word_1_928' title='bbox 1068 2871 1078 2887; x_wconf 87' lang='lat'>,</span> <span class='ocrx_word' id='word_1_929' title='bbox 1109 2856 1145 2879; x_wconf 89' lang='lat' dir='ltr'>ut</span> <span class='ocrx_word' id='word_1_930' title='bbox 1170 2850 1313 2889; x_wconf 72' lang='lat' dir='ltr'>proxime</span> <span class='ocrx_word' id='word_1_931' title='bbox 1342 2851 1527 2881; x_wconf 85' lang='lat' dir='ltr'>nunciatum</span> <span class='ocrx_word' id='word_1_932' title='bbox 1555 2857 1645 2888; x_wconf 84' lang='lat' dir='ltr'>erat,</span> <span class='ocrx_word' id='word_1_933' title='bbox 1676 2849 1813 2880; x_wconf 79' lang='lat' dir='ltr'>Surattae</span> 
     </span>
     <span class='ocr_line' id='line_1_126' title="bbox 941 2888 1813 2932; baseline 0.001 -13"><span class='ocrx_word' id='word_1_934' title='bbox 941 2888 1044 2920; x_wconf 84' lang='lat' dir='ltr'>adhuc</span> <span class='ocrx_word' id='word_1_935' title='bbox 1060 2890 1199 2929; x_wconf 86' lang='lat' dir='ltr'>haerere,</span> <span class='ocrx_word' id='word_1_936' title='bbox 1225 2890 1275 2928; x_wconf 69' lang='lat' dir='ltr'>dt,</span> <span class='ocrx_word' id='word_1_937' title='bbox 1298 2890 1353 2922; x_wconf 82' lang='lat' dir='ltr'>nisi</span> <span class='ocrx_word' id='word_1_938' title='bbox 1373 2891 1404 2922; x_wconf 86' lang='lat' dir='ltr'>id</span> <span class='ocrx_word' id='word_1_939' title='bbox 1428 2891 1636 2932; x_wconf 80' lang='lat' dir='ltr'>significatum</span> <span class='ocrx_word' id='word_1_940' title='bbox 1660 2889 1755 2928; x_wconf 83' lang='lat' dir='ltr'>esset,</span> <span class='ocrx_word' id='word_1_941' title='bbox 1782 2889 1813 2920; x_wconf 88' lang='lat' dir='ltr'>se</span> 
     </span>
     <span class='ocr_line' id='line_1_127' title="bbox 940 2930 1861 2972; baseline -0.001 -11"><span class='ocrx_word' id='word_1_942' title='bbox 940 2931 1073 2962; x_wconf 85' lang='lat' dir='ltr'>omnino</span> <span class='ocrx_word' id='word_1_943' title='bbox 1089 2940 1152 2962; x_wconf 84' lang='lat' dir='ltr'>nou</span> <span class='ocrx_word' id='word_1_944' title='bbox 1170 2930 1259 2962; x_wconf 68' lang='lat' dir='ltr'>fuine</span> <span class='ocrx_word' id='word_1_945' title='bbox 1276 2931 1487 2971; x_wconf 71' lang='lat' dir='ltr'>fidejuffmos,</span> <span class='ocrx_word' id='word_1_946' title='bbox 1512 2933 1583 2972; x_wconf 78' lang='lat' dir='ltr'>quia</span> <span class='ocrx_word' id='word_1_947' title='bbox 1599 2941 1695 2963; x_wconf 84' lang='lat' dir='ltr'>naves</span> <span class='ocrx_word' id='word_1_948' title='bbox 1713 2939 1752 2962; x_wconf 73' lang='lat' dir='ltr'>ex</span> <span class='ocrx_word' id='word_1_949' title='bbox 1770 2940 1810 2961; x_wconf 81' lang='lat' dir='ltr'>co</span> <span class='ocrx_word' id='word_1_950' title='bbox 1854 2947 1861 2955; x_wconf 39' lang='grc' dir='ltr'><em>κ</em></span> 
     </span>
     <span class='ocr_line' id='line_1_128' title="bbox 939 2971 1811 3013; baseline 0 -11"><span class='ocrx_word' id='word_1_951' title='bbox 939 2980 1034 3012; x_wconf 89' lang='lat' dir='ltr'>portu</span> <span class='ocrx_word' id='word_1_952' title='bbox 1062 2982 1126 3004; x_wconf 89' lang='lat' dir='ltr'>non</span> <span class='ocrx_word' id='word_1_953' title='bbox 1160 2972 1288 3013; x_wconf 84' lang='lat' dir='ltr'>poss&#39;unt</span> <span class='ocrx_word' id='word_1_954' title='bbox 1321 2973 1447 3004; x_wconf 77' lang='lat' dir='ltr'>solvere</span> <span class='ocrx_word' id='word_1_955' title='bbox 1475 2973 1530 3005; x_wconf 81' lang='lat' dir='ltr'>nisi</span> <span class='ocrx_word' id='word_1_956' title='bbox 1559 2973 1712 3004; x_wconf 79' lang='lat' dir='ltr'>mensibus</span> <span class='ocrx_word' id='word_1_957' title='bbox 1740 2971 1811 3003; x_wconf 88' lang='lat' dir='ltr'>No-</span> 
     </span>
     <span class='ocr_line' id='line_1_129' title="bbox 939 3012 1811 3054; baseline 0.001 -11"><span class='ocrx_word' id='word_1_958' title='bbox 939 3013 1081 3050; x_wconf 86' lang='lat' dir='ltr'>vembri,</span> <span class='ocrx_word' id='word_1_959' title='bbox 1104 3012 1275 3044; x_wconf 76' lang='lat' dir='ltr'>Decembri</span> <span class='ocrx_word' id='word_1_960' title='bbox 1287 3036 1298 3052; x_wconf 92' lang='lat'><em>,</em></span> <span class='ocrx_word' id='word_1_961' title='bbox 1320 3014 1466 3054; x_wconf 80' lang='lat' dir='ltr'>Januario</span> <span class='ocrx_word' id='word_1_962' title='bbox 1483 3015 1512 3046; x_wconf 68' lang='grc' dir='ltr'>ὅ(</span> <span class='ocrx_word' id='word_1_963' title='bbox 1532 3013 1717 3052; x_wconf 80' lang='lat' dir='ltr'>Februario,</span> <span class='ocrx_word' id='word_1_964' title='bbox 1742 3014 1811 3054; x_wconf 82' lang='lat' dir='ltr'>qui—</span> 
     </span>
     <span class='ocr_line' id='line_1_130' title="bbox 939 3053 1813 3097; baseline 0.002 -14"><span class='ocrx_word' id='word_1_965' title='bbox 939 3053 995 3085; x_wconf 86' lang='lat' dir='ltr'>bus</span> <span class='ocrx_word' id='word_1_966' title='bbox 1024 3054 1097 3086; x_wconf 79' lang='lat' dir='ltr'>solis</span> <span class='ocrx_word' id='word_1_967' title='bbox 1124 3054 1240 3097; x_wconf 80' lang='lat' dir='ltr'>spirant</span> <span class='ocrx_word' id='word_1_968' title='bbox 1265 3056 1354 3086; x_wconf 76' lang='lat' dir='ltr'>venti</span> <span class='ocrx_word' id='word_1_969' title='bbox 1369 3078 1380 3092; x_wconf 88' lang='lat'><em>‚</em></span> <span class='ocrx_word' id='word_1_970' title='bbox 1400 3056 1437 3086; x_wconf 76' lang='lat' dir='ltr'>ad</span> <span class='ocrx_word' id='word_1_971' title='bbox 1468 3054 1697 3096; x_wconf 54' lang='lat' dir='ltr'>profectionem</span> <span class='ocrx_word' id='word_1_972' title='bbox 1719 3055 1813 3096; x_wconf 74' lang='lat' dir='ltr'>apti,-</span> 
     </span>
     <span class='ocr_line' id='line_1_131' title="bbox 936 3095 1807 3137; baseline 0.001 -12"><span class='ocrx_word' id='word_1_973' title='bbox 936 3095 970 3126; x_wconf 81' lang='lat' dir='ltr'>de</span> <span class='ocrx_word' id='word_1_974' title='bbox 991 3097 1079 3137; x_wconf 77' lang='lat' dir='ltr'>goede</span> <span class='ocrx_word' id='word_1_975' title='bbox 1104 3095 1228 3136; x_wconf 61' lang='lat' dir='ltr'>Moujon</span> <span class='ocrx_word' id='word_1_976' title='bbox 1248 3104 1374 3127; x_wconf 84' lang='lat' dir='ltr'>vocant.</span> <span class='ocrx_word' id='word_1_977' title='bbox 1421 3097 1474 3128; x_wconf 81' lang='lat' dir='ltr'>Sin</span> <span class='ocrx_word' id='word_1_978' title='bbox 1500 3106 1606 3128; x_wconf 80' lang='lat' dir='ltr'>autem</span> <span class='ocrx_word' id='word_1_979' title='bbox 1634 3097 1744 3134; x_wconf 81' lang='lat' dir='ltr'>navis,</span> <span class='ocrx_word' id='word_1_980' title='bbox 1768 3097 1807 3127; x_wconf 80' lang='lat' dir='ltr'>de</span> 
     </span>
     <span class='ocr_line' id='line_1_132' title="bbox 1750 3146 1810 3177; baseline -0.017 -9"><span class='ocrx_word' id='word_1_981' title='bbox 1750 3146 1810 3177; x_wconf 58' lang='grc' dir='ltr'>(με</span> 
     </span>
    </p>
   </div>
   <div class='ocr_carea' id='block_1_14' title="bbox 978 3215 1611 3256">
    <p class='ocr_par' dir='ltr' id='par_1_17' title="bbox 978 3215 1611 3256">
     <span class='ocr_line' id='line_1_133' title="bbox 978 3215 1611 3256; baseline 0.003 -11"><span class='ocrx_word' id='word_1_982' title='bbox 978 3216 1038 3254; x_wconf 80' lang='grc'>(1)</span> <span class='ocrx_word' id='word_1_983' title='bbox 1059 3215 1118 3255; x_wconf 82' lang='lat' dir='ltr'>Post</span> <span class='ocrx_word' id='word_1_984' title='bbox 1141 3216 1228 3256; x_wconf 74' lang='lat' dir='ltr'>Leges</span> <span class='ocrx_word' id='word_1_985' title='bbox 1247 3218 1285 3246; x_wconf 92' lang='lat' dir='ltr'>A.</span> <span class='ocrx_word' id='word_1_986' title='bbox 1310 3216 1339 3246; x_wconf 82' lang='lat' dir='ltr'>de</span> <span class='ocrx_word' id='word_1_987' title='bbox 1364 3216 1611 3256; x_wconf 65' lang='lat' dir='ltr'>ffficurationilsm.</span> 
     </span>
    </p>
   </div>
  </div>
 </body>
</html>
