2008 3436
122 168 146 207 8
652 154 762 197 AD
850 150 1360 196 LECTOREM.

118 262 303 301 peccatum
330 249 397 286 effe
415 273 426 292 ,
453 248 576 285 testem
599 248 712 285 habeo
734 249 843 293 ipsum
866 248 981 291 illurn,
1006 248 1152 294 optimae
1180 255 1272 282 notae
1289 273 1298 287 .
1326 243 1495 281 Codicem
1525 243 1764 282 Florentinum
1780 272 1790 291 ,
1824 249 1897 294 plu.

116 315 154 339 ra
175 304 266 339 enim
297 300 345 335 ibi
369 297 462 341 effe,
494 310 570 346 quae
600 297 782 334 manifeste
811 307 972 342 corrupta
996 296 1070 332 sunt
1092 323 1102 338 ‚
1138 294 1175 330 ἃ
1207 306 1352 341 quorum
1386 294 1441 328 vel
1470 293 1561 327 nulla
1592 295 1692 338 plane
1724 297 1896 333 sententia

115 351 187 393 est,
215 350 268 383 vel
294 359 366 383 non
389 347 518 383 idonea
535 375 545 390 ,
572 355 780 393 argumento
805 344 872 380 esse
895 345 1027 392 poterit
1051 345 1107 379 vel
1138 356 1205 378 una
1230 345 1250 378 l.
1271 355 1302 387 7.
1329 341 1358 390 §.
1382 354 1412 378 1.
1433 342 1479 389 ff.
1511 345 1546 376 de
1574 344 1664 389 Capi.
1693 342 1734 384 ἐξ
1757 345 1894 391 postlim,

115 412 181 435 rev.
207 398 289 432 alias
314 396 475 433 adderem
494 424 503 439 ‚
528 395 589 431 nisi
615 406 719 430 nemo
748 394 936 429 dubitaret.
987 393 1082 443 Quin
1109 393 1219 439 majus
1245 391 1313 427 effe
1337 395 1544 427 mendorum
1572 393 1682 428 fatum
1706 395 1740 427 in
1765 395 1895 430 Austo-

114 449 207 483 ribus
232 445 354 481 nostris
374 473 382 489 ‚
409 456 511 491 quam
535 443 609 479 aliis
629 470 638 484 ,
673 454 716 478 ex
743 442 941 487 promiscuo
964 443 1025 477 usu
1045 442 1127 477 licet
1159 441 1348 487 colligere:
1383 452 1451 485 quo
1484 442 1557 486 plus
1581 443 1673 477 enirn
1696 442 1896 488 frequenta-

114 498 239 531 bantur
264 495 363 530 Libri
387 495 476 541 Juris
493 521 502 535 ‚
529 504 572 528 eo
601 492 674 538 plus
701 490 985 527 describebantur
1003 516 1014 533 ‚
1041 489 1079 525 <Sc
1104 502 1146 526 ex
1169 493 1334 525 continua
1358 489 1596 536 descriptione
1625 492 1790 527 vitiorum
1819 503 1894 529 ma-

109 545 166 592 jor
188 555 363 580 numerus.
415 542 583 590 Quamvis
610 551 726 575 autem
759 552 864 586 opera
884 567 893 582 ‚
929 551 1004 586 quae
1040 539 1116 574 aliis
1141 537 1350 574 Aueioribus
1383 549 1557 582 navatur,
1591 541 1778 587 purgandis
1813 542 1893 578 scri.

113 602 226 638 pturae
252 594 364 634 vitiis,
390 591 521 636 oppido
543 589 582 625 sit
608 589 801 632 laudanda,
830 589 1000 624 laudanda
1025 597 1141 624 tamen
1168 588 1278 634 magis
1305 585 1373 629 est,
1402 599 1476 632 quae
1504 600 1648 624 navatur
1674 591 1746 635 Juri
1764 590 1891 628 Civili:

113 643 148 677 in
174 643 248 678 aliis
273 639 479 676 Auetoribus
502 640 673 685 corruptis
701 638 857 683 perditur
879 637 1060 673 sententiae
1091 637 1128 672 ἃ
1154 636 1229 672 sere
1257 637 1343 671 solus
1373 637 1466 670 nitor
1485 664 1494 679 ,
1532 638 1589 674 hic
1616 640 1704 683 saepe
1736 641 1892 684 perditur

111 702 168 726 res
194 690 232 727 ἃ
258 690 399 725 fortuna
427 688 609 731 hominis3
645 687 736 724 aliud
771 687 900 735 quippe
924 686 1018 734 Juris
1046 685 1113 722 esse
1142 686 1297 733 poterit,
1333 684 1357 720 fi
1378 685 1475 730 hoc,
1507 698 1609 734 quam
1639 687 1662 723 si
1693 687 1753 724 illo
1780 689 1889 725 modo

113 740 220 778 fuerit
245 739 420 786 scripturn.

163 839 231 876 Sed
250 839 327 886 quia
343 838 402 875 vix
420 837 650 885 persuaserint
667 836 840 879 rationes,
868 847 943 883 quae
960 846 1028 870 non
1046 834 1225 880 pertinent
1242 834 1307 879 πρὶς
1324 839 1364 869 w*
1381 833 1518 880 ἄλφιτα,
1547 846 1638 872 neve
1658 836 1693 872 in
1714 837 1889 884 posterum

113 888 373 931 existimemus,
406 888 496 924 hanc
520 896 785 934 quantacunque
818 884 867 921 est
885 912 895 928 ‚
929 884 1140 920 emendandi
1173 893 1284 918 artem
1319 886 1453 920 Scliolis
1478 886 1682 921 exercendis
1710 885 1891 933 sufficere,

112 949 235 974 caetera
261 937 418 973 inutilem
442 936 530 980 esse,
556 947 640 972 ecce
663 935 735 980 ejus
757 934 874 978 usum,
897 945 1000 981 quem
1024 934 1058 968 in
1082 932 1200 969 medio
1224 932 1303 967 foro
1326 943 1488 979 expertus
1512 935 1595 968 sum.
1648 935 1891 983 Sempronius,

111 988 208 1033 cujus
238 998 280 1021 ex
305 986 395 1033 justa
425 987 527 1022 causa
552 985 745 1027 intererat,
782 995 905 1019 contra
931 983 1105 1018 Maevium
1138 982 1181 1017 ad
1208 983 1446 1018 exhibendum
1475 983 1548 1030 agit
1576 983 1666 1028 apud
1694 985 1889 1024 Senatum:

111 1036 262 1072 Maevius
288 1035 440 1081 excipit,
467 1035 710 1081 Sempronium
736 1044 803 1068 non
829 1034 933 1067 dicere
960 1040 1155 1078 argumenta
1180 1034 1227 1065 rei
1244 1056 1254 1073 ,
1282 1033 1318 1066 de
1341 1044 1402 1077 qua
1429 1035 1566 1078 agitur,
1594 1032 1697 1078 idque
1722 1045 1891 1079 oportere

110 1097 153 1120 ex
183 1085 335 1130 Ulpiano
366 1084 526 1121 defendit
558 1084 579 1118 l.
613 1095 645 1127 3.
680 1093 729 1128 pr.
756 1081 807 1129 ff.
834 1083 885 1117 Ad
909 1082 1031 1117 Exhib.
1086 1081 1143 1115 Ad
1184 1080 1258 1115 haec
1296 1081 1549 1126 Sempronius:
1588 1082 1712 1118 multas
1746 1084 1890 1130 quidem

110 1133 177 1171 effe
205 1135 321 1169 causas
348 1134 391 1169 ad
414 1132 650 1169 exhibendum
675 1132 801 1178 agendi
838 1133 857 1165 l.
884 1142 915 1176 3.
950 1130 982 1178 §
1013 1143 1045 1167 1.
1066 1128 1117 1176 ff.
1146 1131 1210 1164 eod.
1242 1128 1312 1164 Tic.
1341 1130 1494 1165 maxime
1517 1140 1633 1165 tamen
1663 1140 1789 1178 propter
1814 1135 1889 1169 vin·

114 1185 286 1226 ,iicationes
313 1183 402 1218 hanc
429 1181 602 1218 affionem
625 1180 694 1216 esse
718 1179 913 1223 induEtam‚
940 1192 1009 1226 quo
1037 1182 1112 1221 rei,
1137 1180 1181 1214 de
1207 1190 1272 1225 qua
1297 1178 1403 1213 affui-i
1430 1179 1563 1222 sumus,
1587 1179 1738 1225 potestas
1766 1180 1801 1217 ἃ
1827 1194 1888 1218 co-

109 1233 167 1279 pia
192 1233 254 1268 fiat
281 1233 301 1267 l.
324 1244 352 1267 1.
380 1231 417 1267 ἃ
446 1242 477 1267 2.
499 1230 550 1277 ff.
578 1231 641 1265 eod.
679 1229 746 1264 Tic.
805 1230 923 1276 Atque
950 1230 1013 1265 hac
1043 1229 1148 1264 etiam
1172 1255 1182 1269 ‚
1216 1239 1288 1263 non
1317 1229 1383 1263 alia
1409 1227 1477 1262 fine
1508 1230 1539 1264 se
1575 1228 1619 1264 ad
1648 1230 1889 1268 exhibendum

107 1293 212 1325 agere
230 1307 241 1324 ‚
275 1281 513 1327 designaturus
538 1291 622 1315 tunc
645 1290 717 1314 rem
734 1304 747 1323 ,
779 1279 864 1321 ubi,
902 1278 978 1325 post
1003 1278 1263 1313 exhibitionem
1283 1303 1293 1320 ,
1330 1277 1569 1312 vindicaturus
1597 1277 1647 1312 est
1674 1280 1694 1313 l.
1719 1282 1752 1314 6.
1773 1279 1825 1327 ff.
1850 1282 1887 1317 de

107 1331 173 1367 Rei·
199 1331 328 1366 Vindio.
357 1340 394 1365 ut
422 1341 513 1366 nunc
535 1328 713 1375 designet,
740 1327 940 1368 describat,
969 1326 1005 1362 &
1033 1326 1128 1362 dicat
1148 1335 1354 1373 argumenta
1380 1327 1451 1369 rei,
1482 1326 1604 1362 frustra
1628 1328 1751 1374 exigi,
1778 1340 1857 1365 nam
1875 1358 1890 1374 ‚

106 1390 144 1416 ut
167 1380 201 1416 id
226 1380 301 1415 fieri
325 1379 445 1426 possit,
473 1380 554 1414 ideo
576 1389 662 1414 vero
685 1377 726 1412 ad
751 1376 986 1412 exhibendum
1013 1377 1080 1423 agi.
1106 1377 1251 1411 Senatus
1268 1386 1300 1420 7.
1328 1375 1429 1410 Febr.
1453 1387 1555 1420 1705.
1585 1377 1771 1412 secundum
1788 1379 1890 1414 Sem-

104 1430 271 1477 pronium
293 1429 390 1465 litem
414 1427 542 1468 dedit;
568 1425 605 1462 <35
628 1427 771 1463 omnino
795 1426 900 1461 rec‘te.
954 1425 1022 1461 Sed
1052 1434 1169 1460 tamen
1203 1425 1364 1460 obstabat
1385 1423 1571 1460 au6toritas
1596 1427 1626 1460 d.
1653 1427 1673 1461 l.
1701 1437 1733 1472 3.
1762 1438 1810 1473 pr.
1843 1429 1888 1464 In

106 1481 166 1514 hac
197 1480 317 1514 afflone
333 1506 343 1522 ‚
376 1477 490 1524 inquit
517 1477 689 1522 Ulpianus
706 1501 718 1519 ‚
754 1478 839 1511 atior
862 1474 967 1510 omnia
992 1473 1073 1520 ruffe
1095 1475 1187 1509 dehet
1206 1499 1215 1515 ‚
1243 1472 1285 1513 ἐξ
1312 1474 1415 1509 dicere
1443 1483 1635 1519 argumenta
1660 1479 1735 1518 rei,
1764 1478 1801 1512 de
1823 1490 1887 1524 qua

105 1530 230 1575 agitur.
279 1528 381 1575 Ego,
415 1536 556 1573 rogatus
580 1525 810 1568 sententiam,
836 1523 1108 1570 respondebam,
1138 1523 1246 1558 multa
1270 1523 1312 1558 ab
1342 1524 1595 1568 Interpretibus
1626 1535 1670 1559 ne
1698 1526 1887 1574 quicquam

103 1576 236 1613 adferri
260 1577 303 1612 ad
329 1578 358 1612 d.
386 1577 407 1611 l.
431 1587 460 1611 1.
484 1585 535 1622 pr.
564 1573 619 1610 sed
645 1575 763 1610 locum
786 1573 930 1609 omnino
951 1573 1156 1608 mendosum
1182 1571 1315 1614 videri3
1341 1582 1409 1607 una
1432 1583 1548 1608 autem
1575 1575 1672 1608 litera
1700 1575 1803 1616 iacile
1830 1588 1888 1612 re-

102 1625 200 1663 stitui
217 1653 227 1670 ,
254 1625 278 1662 fi
302 1637 364 1672 pro
391 1626 495 1661 dicere
516 1624 672 1670 legamus
698 1622 826 1669 discere.
879 1622 959 1672 Quo
984 1622 1153 1667 Ulpianus
1182 1619 1354 1668 significet
1370 1647 1380 1662 ‚
1412 1621 1487 1668 ejus
1514 1621 1661 1657 affionis
1685 1622 1776 1661 hanc
1800 1637 1885 1662 cau.

104 1675 176 1712 sam
200 1674 269 1711 effe
286 1702 296 1717 ‚
324 1684 360 1711 ut
385 1674 480 1711 adtor
507 1675 612 1709 omnia
631 1673 713 1720 nqffe
734 1674 864 1716 debeat,
890 1672 932 1713 ὅ)
955 1670 1202 1707 DISCERE
1227 1677 1420 1716 argumenta
1440 1673 1507 1715 rei,
1531 1671 1568 1706 de
1589 1684 1649 1718 qua
1668 1675 1792 1719 agitur.
1842 1676 1888 1713 In

103 1725 176 1761 Rei
200 1725 440 1760 vindicatione
467 1724 569 1759 dicere
597 1722 704 1759 debet
734 1731 936 1769 argumenta
970 1720 1046 1762 rei,
1081 1720 1138 1756 hic
1157 1747 1167 1762 ,
1199 1719 1343 1766 discere,
1376 1731 1412 1754 ut
1439 1719 1489 1756 ibi
1517 1720 1623 1756 dicat.
1677 1722 1730 1758 Ni
1757 1723 1885 1760 morofi

104 1773 207 1809 fimus
225 1800 236 1818 ‚
269 1774 451 1820 sequemur
469 1799 479 1818 ‚
512 1773 604 1820 quod
627 1784 682 1808 res
706 1771 869 1816 postulat.
922 1771 1040 1817 Atque
1065 1769 1113 1805 ita
1140 1769 1169 1804 d.
1206 1769 1225 1803 l.
1246 1780 1277 1815 3.
1311 1778 1362 1816 pr.
1396 1768 1525 1805 dudum
1551 1771 1818 1808 emendaveram
1846 1773 1885 1811 in

104 1822 339 1870 Adversariis‚
367 1825 504 1871 ignarus
535 1832 620 1858 tunc
636 1849 646 1866 ‚
672 1820 740 1856 effe
769 1821 897 1864 libros,
923 1819 983 1867 qui
1013 1819 1063 1854 ita
1091 1818 1290 1855 exhibeant.
1344 1818 1522 1865 Postquam
1548 1830 1634 1856 vero
1660 1820 1696 1856 id
1720 1831 1885 1859 notatum

104 1873 182 1910 vidi
210 1873 243 1908 in
270 1873 427 1920 margine
452 1870 628 1907 Editionis
653 1869 745 1917 apud
774 1870 1008 1905 Sennetonios
1025 1896 1034 1911 ‚
1066 1867 1231 1915 Lugduni
1254 1879 1358 1912 1549.
1392 1867 1537 1913 amplius
1566 1867 1612 1904 de
1640 1881 1682 1905 ea
1710 1871 1884 1908 Lefflone

104 1922 335 1958 dubitandum
364 1932 433 1957 non
462 1920 609 1957 credidi.
659 1919 773 1955 Vides
796 1919 961 1962 interim,
996 1929 1098 1964 quam
1127 1917 1338 1959 utilitatem,
1365 1918 1470 1952 etiarn
1499 1917 1726 1964 praesentem,
1752 1920 1883 1956 habeat

106 1983 189 2007 cura
213 1969 441 2012 emendandi,
470 1969 506 2005 ἃ
528 1977 657 2016 quanto
677 1969 712 2004 in
739 1967 844 2004 caufis
871 1967 1016 2016 agendis
1032 1965 1069 2003 &
1083 1965 1284 2016 Judicandis
1309 1965 1458 2006 subsidio
1481 1966 1550 2004 effe
1571 1976 1685 2014 queat.
1736 1968 1881 2007 Habeat

106 2020 213 2068 igitur
233 2020 391 2066 laudem,
418 2028 455 2055 ut
474 2028 619 2063 caetera,
645 2029 721 2066 quae
741 2029 872 2067 panem
893 2018 1036 2056 habent.

158 2120 327 2170 Quamvis
346 2129 463 2157 autem
486 2132 505 2156 a
526 2131 583 2156 me
606 2120 696 2156 tanti
717 2119 776 2156 fiat
794 2119 943 2161 Critica,
968 2130 1044 2167 quae
1062 2111 1232 2156 AuGtores
1255 2117 1437 2160 emendat,
1463 2117 1583 2165 quanti
1605 2129 1625 2154 a
1646 2119 1769 2167 quovis
1790 2119 1882 2162 alio‚‘

106 2181 236 2218 negare
264 2181 380 2206 tamen
407 2170 514 2206 nolim
535 2195 546 2213 ‚
575 2170 667 2216 ipsos
691 2169 865 2213 Criticos,
901 2169 960 2204 sua
991 2178 1065 2204 arte
1094 2171 1240 2215 turpiter
1263 2168 1404 2211 abusos,
1431 2168 1525 2213 plura
1553 2168 1644 2203 sorte
1668 2169 1813 2204 vulnera
1834 2168 1878 2206 ⁴&

106 2220 289 2255 cicatrices
310 2220 409 2255 bonis
431 2218 641 2255 Austoribus
664 2217 812 2254 intuliss'e
828 2244 841 2262 ,
863 2228 966 2265 quam
995 2217 1168 2254 sustulisse.
1222 2218 1371 2267 Quantae
1394 2217 1549 2252 audaciae
1568 2243 1578 2260 ‚
1608 2227 1747 2264 quantae
1770 2228 1883 2254 terne-

105 2269 218 2304 ritatis
243 2268 309 2304 fint
331 2269 539 2304 Criticorum
562 2278 749 2304 cruentatae
774 2267 863 2313 saepe
886 2278 1030 2310 manus,
1058 2278 1162 2302 nemo
1183 2266 1252 2310 est,
1281 2267 1340 2313 qui
1362 2266 1511 2301 nesciat:
1538 2277 1606 2312 quo
1630 2267 1704 2313 plus
1727 2266 1881 2310 audent,

106 2330 151 2354 eo
182 2318 257 2364 plus
280 2319 408 2354 audere
441 2327 617 2364 pergunt,
652 2316 849 2353 scindentes
869 2341 881 2360 ,
915 2326 1053 2352 urentes
1072 2343 1081 2358 ,
1117 2316 1269 2352 secantes
1286 2342 1296 2359 ,
1330 2315 1496 2361 quicquid
1521 2315 1694 2350 cerebello
1722 2316 1780 2351 suo
1806 2326 1879 2352 non

105 2368 234 2414 placet.
285 2368 383 2403 Hinc
404 2367 524 2402 odium
554 2368 635 2402 artis
652 2393 661 2409 ‚
695 2364 788 2413 quod
817 2366 997 2401 hominum
1023 2364 1090 2400 esse
1114 2365 1280 2400 debebat.
1332 2365 1388 2401 De
1415 2365 1544 2400 exteris
1568 2374 1605 2399 ut
1633 2364 1718 2400 nihil
1741 2363 1881 2409 dicam,

106 2429 209 2464 quam
233 2416 268 2451 in
292 2416 501 2452 AuEtoribus
526 2415 648 2451 nostris
673 2415 761 2461 saepe
788 2415 881 2452 nulla
905 2414 1079 2461 religione
1103 2413 1256 2449 versatus
1280 2411 1329 2448 est
1351 2412 1406 2448 vel
1431 2423 1517 2448 unus
1542 2413 1717 2448 Antonius
1741 2413 1880 2458 Faber,

105 2467 196 2502 falce
213 2465 334 2502 critica
350 2467 384 2502 in
401 2466 554 2510 optimos
569 2476 723 2512 quosque
740 2462 925 2511 grassatus,
952 2467 1072 2510 iusque
1089 2464 1200 2508 deque
1216 2462 1334 2497 omnia
1352 2471 1502 2497 vertenS.
1554 2460 1659 2510 Quod
1678 2460 1700 2496 fi
1719 2461 1879 2505 licuerit,

105 2515 213 2560 vide,
240 2526 342 2562 quam
359 2514 601 2561 periclitentur
623 2525 709 2560 opes
733 2513 931 2554 hominum3
960 2513 1074 2559 Leges
1093 2512 1203 2558 figere
1219 2520 1322 2557 atque
1340 2509 1484 2556 refigere
1509 2509 1532 2545 fi
1556 2510 1591 2545 in
1613 2520 1718 2545 manu
1743 2509 1783 2545 fit
1803 2512 1880 2548 Cri-

107 2565 193 2609 tici,
219 2565 389 2600 continuo
411 2563 482 2608 ejus
507 2563 590 2606 erit,
616 2564 660 2599 de
684 2562 841 2597 Rhetore
863 2562 982 2597 facere
1010 2561 1213 2603 Consulem,
1240 2559 1277 2594 δι
1301 2557 1410 2593 rursus
1433 2558 1478 2592 de
1502 2559 1648 2594 Consule
1665 2559 1878 2596 Rhetorem.

108 2614 226 2663 Quare
250 2614 374 2649 nullius
397 2624 465 2656 ego
494 2611 748 2648 emendationis
772 2623 922 2657 unquam
944 2610 1064 2646 anaor
1088 2609 1147 2644 lim
1167 2637 1178 2653 ‚
1210 2608 1270 2644 nisi
1293 2607 1337 2642 de
1358 2606 1542 2654 necefficate
1558 2633 1569 2650 ,
1597 2606 1634 2642 ἃ
1655 2607 1700 2644 de
1728 2608 1878 2655 modestia

108 2663 254 2698 constet.
304 2661 554 2698 Neceffitatem
581 2661 719 2707 appello
739 2686 751 2703 ‚
777 2672 881 2707 quum
898 2687 907 2702 ‚
935 2669 972 2694 ut
995 2668 1137 2704 recepta
1164 2655 1213 2693 est
1240 2655 1344 2692 leffio
1361 2680 1371 2697 ‚
1406 2659 1508 2702 plane
1535 2666 1685 2703 nequeat
1712 2657 1878 2695 defendi:

108 2711 178 2747 five
202 2712 327 2746 luxatis
351 2710 388 2746 &
413 2710 582 2756 corruptis
609 2711 724 2745 verbis
742 2735 754 2753 ,
781 2721 927 2756 quorum
954 2710 1063 2750 nulla,
1093 2707 1149 2743 vel
1175 2718 1243 2742 non
1269 2705 1396 2740 idonea
1421 2704 1469 2740 est
1492 2706 1664 2741 sententia
1682 2733 1692 2747 ,
1717 2707 1774 2742 vel
1799 2718 1878 2754 quae

108 2760 289 2796 manifeste
312 2760 423 2796 obstat
449 2760 590 2807 reliquis
612 2760 783 2806 capitibus
810 2758 913 2804 Juris.
976 2759 1021 2792 Et
1047 2759 1083 2792 in
1111 2757 1161 2792 his
1186 2765 1314 2801 magna
1337 2754 1501 2789 cautione
1527 2765 1613 2800 opus
1643 2753 1694 2790 est
1713 2781 1723 2797 ,
1756 2767 1800 2790 ne
1823 2765 1877 2791 te-

109 2820 206 2844 mere
229 2810 380 2852 scilicet,
406 2820 482 2856 quae
505 2809 585 2844 sana
607 2809 704 2852 sunt,
731 2808 820 2843 male
844 2809 924 2843 sana
951 2805 1019 2842 effe
1042 2805 1242 2841 credamus:
1270 2802 1350 2850 quin
1376 2804 1491 2848 potius
1516 2802 1645 2838 summa
1670 2815 1738 2849 ope
1762 2805 1879 2841 niten-

110 2857 212 2900 dum,
237 2869 275 2893 ut
298 2858 469 2894 invidiam
493 2857 749 2894 emendationis
779 2865 859 2904 apta
882 2855 1172 2902 interpretatione
1197 2853 1371 2898 fugiamus
1389 2878 1401 2896 ,
1426 2853 1551 2899 gnari,
1577 2864 1739 2900 magnam
1767 2853 1877 2889 ratio-

110 2917 192 2942 nem
223 2907 317 2950 effe,
351 2919 427 2955 quae
453 2907 540 2944 facit
569 2918 632 2954 pro
661 2915 803 2952 recepta
832 2904 1026 2940 Lefflone:
1058 2904 1090 2939 τὶ
1114 2903 1239 2944 α’»ιίνητον
1264 2899 1388 2949 ἄμεινον.
1446 2901 1504 2937 Sin
1535 2909 1678 2943 autem,
1714 2903 1878 2940 omnibus

77 2993 78 2997 Ἰ
110 2955 220 3000 probe
242 2956 332 2992 reete
357 2956 500 2992 excussis
520 2983 530 3000 ,
554 2957 594 2992 ad
617 2954 903 2991 emendationem
925 2952 1114 2990 neceffario
1135 2953 1388 2988 decurrendum
1415 2949 1475 2993 fit,
1500 2949 1536 2985 in
1563 2950 1683 2995 primis
1707 2951 1878 2999 modestam

111 3001 294 3038 desidero:
319 3017 384 3041 nec
402 3031 414 3049 ,
441 3005 466 3041 si
491 3017 547 3041 me
570 3005 712 3048 audias,
737 3002 893 3039 modesta
917 3003 983 3038 erit
1002 3030 1011 3045 ‚
1044 3001 1105 3037 nisi
1122 3028 1132 3045 ,
1167 3011 1309 3047 utraque
1335 2997 1485 3034 lectione
1513 2999 1638 3034 collata
1654 3024 1666 3043 ,
1693 3001 1876 3045 probabile

112 3050 150 3086 δι
180 3052 332 3095 proclive
358 3055 483 3090 vitium
506 3054 633 3090 doceat
661 3054 822 3089 Criticus.
884 3051 963 3101 Qua
986 3051 1106 3087 fronte
1128 3050 1278 3094 alioquin
1308 3047 1369 3082 sibi
1400 3057 1534 3083 tantum
1563 3049 1737 3095 arroget?
1770 3061 1877 3095 quem

113 3099 268 3134 colorem
294 3101 385 3137 dicat
407 3104 455 3138 rei
482 3103 636 3139 invisae‘?
661 3102 685 3138 fi
713 3103 807 3138 dicat
834 3113 900 3137 una
925 3101 1025 3136 litera
1051 3108 1234 3146 peccatum
1252 3124 1263 3140 ,
1298 3096 1320 3131 ss
1349 3097 1480 3132 duabus
1500 3123 1509 3140 ‚
1536 3097 1647 3132 adhuc
1674 3109 1741 3133 non
1768 3098 1876 3134 inter-

115 3147 229 3189 cedo,
265 3146 287 3181 s1
313 3149 591 3194 interpunfflone
610 3179 619 3193 ‚
654 3151 677 3187 si
703 3149 910 3197 trajeffione
939 3151 1122 3185 verborum
1141 3173 1151 3189 ‚
1183 3145 1206 3180 s1
1235 3146 1474 3192 geminatione
1493 3170 1504 3189 ,
1539 3145 1575 3180 ἃ.
1602 3145 1647 3182 de
1674 3146 1877 3184 necestitate·

115 3195 248 3233 constet
265 3221 276 3237 ‚
309 3208 363 3234 me
384 3199 540 3245 judicem
565 3201 710 3238 habebit
733 3211 881 3246 aequum.
934 3199 1002 3235 Sed
1031 3199 1164 3234 brutam
1192 3193 1288 3231 crisin
1303 3219 1315 3238 ‚
1352 3202 1388 3229 ut
1412 3195 1470 3242 qui
1495 3196 1648 3232 maxime
1665 3221 1675 3239 ‚
1703 3194 1876 3279 deteslgor.

1823 3254 1875 3279 ax·-
