2008 3436
173 129 218 169 74

169 195 214 228 est
234 196 324 243 123.)
357 196 386 228 &
405 204 447 228 ex
474 204 510 227 ea
535 195 606 235 Cap.
631 203 682 226 21.
706 202 765 235 pro
785 189 949 233 adserenda
965 189 1037 230 Epi-

170 238 258 278 scopi
279 249 309 270 1n
333 238 469 270 clericos
483 237 696 276 jurisdifflone
721 232 911 270 adduxisset,
941 239 1037 271 porro

170 287 279 311 notat:
305 279 355 311 Ne
373 290 439 311 vero
458 279 630 320 objiciatur,
662 278 730 317 quia
747 277 779 305 de
803 274 913 305 Clerico
933 273 982 303 Lot
997 272 1035 302 lo-

170 322 288 362 quitur,
311 331 368 352 non
389 323 423 353 de
437 321 624 362 presbyter&
649 318 802 359 sciendum
827 312 885 355 est,
910 314 1035 355 quiasu-

164 363 267 402 perius
283 364 315 394 in
333 363 431 394 eadem
447 360 648 402 constitutione
671 359 741 390 Lm.
764 356 851 387 Con.
876 355 901 386 I.
926 356 1036 397 legitur

168 403 362 444 appellatione
378 405 546 435 clericorum
571 403 659 433 etiam
682 400 861 442 presbyteras
878 396 913 431 ὅ)
926 396 1036 428 Diaco-

168 455 219 476 nos·
239 447 394 477 contineri.
441 445 540 477 Verba
558 448 654 474 autem
667 442 740 483 legis
756 437 812 480 ista
821 440 914 478 sunt:
937 437 1035 468 Pans-

166 495 317 518 RYTEROS
344 495 468 518 AUTEM
492 494 537 516 ET
562 483 762 519 DIACONOS,
784 489 829 511 ET
847 479 1034 510 SUBDIAL‘o-

166 536 247 566 NOS,
273 528 479 566 CANTOREs,
512 535 557 557 ET
581 524 783 561 LECTORES,
816 528 901 560 Quos
917 528 1034 550 OMNES

166 567 338 601 CLERICOS
355 576 580 601 APPELLAMus
606 566 664 596 ἃς.
712 563 910 595 Clericorum
928 560 1032 600 appel-

162 609 316 642 lationem
336 611 365 642 &
382 609 589 650 Presbyteros
609 604 776 646 complecti
793 611 828 634 ut
843 601 976 643 probet,
1002 601 1033 632 id

167 650 229 692 legi
253 651 355 692 inquit
370 651 506 690 superius
528 651 560 679 in
596 648 695 678 eadem
724 643 932 685 Constitutione
960 642 1030 674 Lib.

169 692 237 723 Cod.
265 691 300 729 Ι.Δ
345 691 378 723 Id
406 699 511 722 autem
527 698 623 730 quum
642 688 761 728 legatur
780 686 809 717 &
827 685 858 716 in
886 685 956 724 Cap.
984 693 1032 720 19.

167 733 256 774 ejusd.
278 733 400 764 Novell.
417 740 483 773 123.
505 731 540 766 &i
558 731 589 762 in
607 730 686 760 arith.
707 725 971 769 Presbyterosinde
979 725 1031 756 de-

162 774 285 814 sumpta
297 797 306 813 ,
319 774 390 805 &in
403 774 469 804 libr.
489 772 512 804 I.
527 773 593 803 Cod.
609 769 728 802 subdita
747 770 767 800 i.
777 778 828 810 34.
838 769 871 798 de
884 767 984 807 Episc.
997 765 1033 800 {3⁹

161 816 234 847 cler.
259 814 358 846 videri
375 823 439 846 non
465 820 591 854 poterat
610 812 740 843 dubium
753 834 762 850 ‚
807 810 859 841 uin
875 807 1031 839 authenti-

162 866 231 887 cam
251 855 425 897 Gregorius
442 855 570 894 innuat,
593 860 706 894 utpote
729 853 762 884 in
806 851 917 888 odice‚
938 857 1031 890 quem

165 897 264 936 dicit,
284 898 424 929 relatam.

208 938 278 980 Ego
302 948 379 970 vero
404 938 583 970 existimem
598 960 608 976 ‚
638 936 733 967 verba
758 934 813 966 illa
835 933 886 965 lib.
913 932 980 963 Cod.
1005 931 1030 963 Ι.

163 979 278 1011 cubare
298 980 328 1011 in
347 981 483 1018 mendo;
504 990 568 1011 non
585 978 728 1019 equidem
744 983 930 1017 propterea,
947 972 1032 1014 quod

163 1021 369 1053 Cori-ettores
386 1021 539 1060 Romani,
556 1020 641 1062 quod
657 1019 752 1050 etiam
767 1016 906 1048 Niellius
917 1013 956 1046 II.
971 1013 1028 1045 Di-

150 1062 234 1102 qut.
257 1062 345 1094 Feud.
370 1064 411 1095 th.
428 1072 461 1103 5.
485 1063 579 1094 variis
597 1062 627 1093 δι
645 1058 831 1092 leffionibus
843 1055 1029 1102 &emenda-

161 1103 301 1136 tionibus
326 1105 371 1136 ita
391 1105 458 1136 haec
483 1102 668 1140 restituant,
691 1109 725 1132 ut
742 1099 821 1132 nihil
839 1107 942 1129 minus
957 1096 1028 1128 inde

159 1145 315 1177 efficiatur
340 1155 431 1186 quam
458 1146 530 1176 iiber
549 1146 663 1186 primus
690 1143 811 1186 Codicis.
837 1138 1028 1186 *mitto—,in-

159 1196 272 1227 quam,
297 1196 353 1225 ea,
376 1187 406 1218 δε
420 1196 530 1218 eorum
549 1186 706 1222 rationes,
728 1183 758 1215 ὃς
779 1180 857 1213 nihil
878 1179 1026 1211 sollicito.

160 1228 221 1260 Sed
240 1228 302 1259 hoc
318 1228 394 1259 mihi
414 1228 450 1260 fit
465 1227 648 1269 probabile,
671 1225 749 1256 illud
773 1224 823 1254 lib.
845 1219 1026 1253 C012.1.non

158 1268 222 1300 csse
237 1269 329 1310 ipsius
347 1268 517 1311 Gregorii,
540 1278 604 1310 quo
620 1265 834 1298 authenticam
852 1260 1024 1299 indicasset,

158 1320 190 1342 at
215 1311 415 1352 marginalem
433 1311 470 1342 ad
488 1320 557 1341 eum
577 1308 683 1340 nescio
700 1306 788 1346 cujus
799 1309 1025 1349 uotam,quam

158 1351 314 1394 posterior
336 1361 410 1383 aetaS
433 1355 470 1387 τῷ
491 1353 594 1386 κειμένῳ
612 1348 743 1390 ingeffit.
767 1345 948 1382 Nonium,
971 1351 1025 1383 qui

158 1394 250 1425 valde
265 1393 394 1434 probem
410 1392 472 1424 hoc
490 1402 586 1434 genus
604 1390 758 1426 *criticen
788 1395 898 1418 verum
914 1384 936 1416 fi
951 1393 1027 1430 con-

157 1435 295 1473 stiterit,
322 1433 510 1465 Pontificem
540 1432 634 1474 ipsam
659 1429 819 1464 Novellam
843 1437 913 1469 123.
948 1434 1026 1471 ejus-

158 1486 219 1518 que
245 1477 276 1508 C.
306 1485 352 1512 19.
384 1474 583 1516 indigitasl'e,
614 1483 677 1506 non
697 1470 909 1515 authenticam
929 1466 1025 1513 Codi-

157 1520 204 1551 cis
221 1527 260 1548 ex
282 1526 318 1548 ea
334 1516 485 1556 petitam,
515 1516 594 1548 nihil
620 1513 773 1546 succurrit
792 1510 921 1543 melius:
945 1509 975 1540 &
994 1507 1025 1539 id

158 1558 336 1596 constabit,
359 1557 399 1596 si,
424 1557 507 1599 quod
524 1556 669 1589 universa
688 1554 892 1596 Gregorianae
909 1550 1027 1596 oratio-

157 1603 206 1634 nis
224 1601 322 1636 Συνιχῆ
352 1599 510 1637 declarat,
537 1598 636 1640 probe
657 1596 852 1629 discutiatur.
899 1592 1026 1624 Recita-

158 1649 245 1674 verat
262 1641 323 1682 jam
341 1640 481 1682 ipfiffima
496 1639 591 1671 verba
613 1640 682 1680 Cap.
706 1647 756 1670 21.
782 1636 863 1669 Nov.
885 1643 956 1675 123.
980 1639 1026 1664 ut-

158 1694 219 1726 que
235 1684 295 1715 iret
315 1682 440 1714 obviam
460 1679 724 1723 scrupulo,quod
743 1678 1026 1713 clericorum,non

156 1725 413 1768 presbyterorum
431 1722 619 1755 meminisset
628 1745 639 1761 ,
669 1722 713 1753 ait
729 1721 761 1752 in
776 1720 872 1752 eadem
888 1713 1025 1757 constitu-

158 1770 236 1800 tione
246 1790 258 1806 ,
279 1765 451 1806 &superius
473 1765 506 1796 in
529 1764 636 1796 eadem
652 1761 881 1795 constitutione
898 1758 1025 1801 presby-

156 1819 243 1841 teros
268 1816 393 1850 quoque
417 1806 607 1838 clericorum
635 1804 764 1837 nomine
780 1802 899 1834 venire.
944 1799 1026 1831 illud

148 1851 282 1893 superius
305 1858 369 1880 non
396 1846 500 1889 potest
519 1857 582 1879 non
600 1846 710 1878 referri
731 1845 768 1876 ad
782 1844 873 1886 ejusd.
892 1841 1029 1873 Novellae

160 1894 194 1925 C.
218 1901 265 1929 19.
299 1889 383 1931 quod
411 1889 570 1921 antecedit
603 1889 635 1919 C.
656 1897 705 1919 21.
737 1894 810 1917 utut
835 1894 889 1926 per
906 1884 1027 1914 eandem

156 1932 389 1974 coizftitucionem
409 1931 608 1968 καταχρηςικῶς
643 1930 737 1960 etiam
758 1927 972 1958 authenticam
990 1923 1025 1956 si-

155 1974 298 2018 gnificari
326 1972 412 2014 poffe
437 1971 645 2003 concedamus
669 1969 822 2004 liberales.
874 1967 947 2004 Et,
986 1974 1026 1997 ne

156 2016 232 2056 quid
253 2015 377 2046 dubites
389 2037 398 2052 ‚
421 2012 517 2045 verba
535 2013 609 2055 legis
627 2012 696 2043 haec
711 2009 807 2042 refert
822 2009 915 2040 divus
927 2015 1024 2048 pater:

156 2058 342 2097 Presbyter-os
358 2062 473 2093 autem,
499 2053 536 2089 ὅ)
550 2056 703 2091 diaconos,
721 2051 953 2093 &subdiaconos
962 2048 1024 2083 &c.

156 2099 253 2139 Atqui
281 2094 350 2128 haec
374 2095 445 2128 sunt
471 2094 535 2136 ipsa
557 2094 707 2126 Novellae
730 2092 841 2130 verba,
866 2101 930 2123 non
945 2099 1025 2120 vero

156 2138 369 2175 authenticae,
390 2147 406 2168 a
424 2146 485 2176 qua
505 2137 531 2164 π’
546 2142 643 2168 autem
657 2134 760 2166 abest:
779 2133 863 2175 quod
880 2141 971 2173 quam
982 2129 1024 2162 ob

155 2191 221 2214 rem
249 2179 336 2211 soret
359 2178 497 2209 additum
515 2201 524 2217 ‚
558 2177 581 2209 si
598 2175 772 2218 Gregorius
792 2173 1025 2210 authenticam,

155 2233 221 2254 non
247 2222 316 2261 Cup.
342 2230 387 2257 19.
414 2219 496 2251 Nov.
523 2228 591 2261 123.
624 2220 692 2248 κατὰ
708 2219 790 2248 πόδας
809 2213 1024 2257 repraesentas-

156 2264 203 2296 set
220 2288 228 2303 ,
262 2272 325 2294 non
352 2261 457 2292 video.
517 2259 628 2301 Itaque
646 2267 767 2291 certum
783 2266 882 2299 puto,
907 2258 933 2283 π’
956 2254 1022 2286 libr.

159 2307 226 2337 Coei.
256 2303 278 2336 Ι.
312 2302 509 2344 irrepticium
534 2300 684 2342 glossema
708 2300 787 2337 effe,
809 2297 893 2339 quod
913 2295 1026 2342 studio-

156 2347 207 2380 sus
224 2346 332 2377 harum
349 2352 453 2375 rerum
479 2342 591 2383 aliquis
616 2344 646 2374 in
662 2341 800 2383 margine
817 2339 887 2372 libri
905 2337 949 2370 sui
970 2345 1024 2368 no-

156 2396 279 2420 taverat
295 2409 305 2425 ,
331 2385 451 2417 indicio
481 2383 644 2423 futurum,
678 2383 757 2415 hanc
777 2382 860 2413 illius
876 2378 1025 2423 Nove-lice

157 2428 343 2472 particulam
372 2425 499 2466 reperiri
528 2425 623 2457 etiam
650 2425 681 2457 in
708 2423 838 2456 Codicis
863 2421 945 2453 libro
964 2428 1024 2460 pri—

156 2480 221 2503 mo.
266 2468 371 2509 Atque
388 2469 432 2499 ita
448 2465 614 2506 subverso,
647 2466 731 2507 quod
750 2474 790 2496 ex
809 2461 956 2503 Gregorii
978 2460 1024 2491 lo-

156 2522 197 2544 co
221 2510 386 2552 petebatur
403 2531 414 2547 ,
443 2516 629 2548 argumento
653 2507 773 2540 corruit
799 2512 919 2546 aequata
940 2501 1025 2548 cmlo

155 2552 301 2586 machina
317 2574 326 2590 ,
358 2560 419 2592 qua
441 2549 616 2582 Molinaeus
641 2550 671 2581 ὅ(
699 2548 751 2581 alii
774 2554 938 2587 tantopere
963 2541 1025 2576 sese

157 2593 307 2626 efferunt.

199 2632 414 2668 Burchardum
433 2632 463 2663 δι
480 2631 611 2663 Ivonem
627 2632 711 2672 quod
729 2631 863 2669 attinet,
889 2629 951 2660 hoc
970 2637 1023 2660 ve-

157 2686 227 2710 rum
254 2674 316 2706 ess'e
341 2673 482 2714 comperi
500 2697 510 2712 ‚
535 2672 738 2704 Correttores
754 2671 968 2712 Gregorianos
986 2668 1025 2700 ad

159 2720 194 2751 C.
217 2727 245 2749 ε.
273 2714 356 2756 Caus.
379 2714 424 2747 X.
448 2713 623 2761 Qoest·.11·
646 2714 718 2755 (ubi
736 2712 904 2744 Gratianus
919 2710 1031 2751 ingen-¹

155 2768 222 2792 tem
243 2764 406 2790 numerum
434 2757 703 2794 authenticarum,
728 2763 763 2786 ut
780 2755 823 2786 ita
840 2753 962 2789 dicam,
975 2760 1024 2781 ec-

155 2798 395 2833 clesiasticarum
422 2797 658 2839 comportavit)
686 2805 744 2829 nos
768 2795 910 2835 ablegare
941 2791 1025 2833 quod

154 2843 193 2874 ad
209 2841 327 2881 aliquas
346 2838 383 2870 ad
396 2838 608 2870 Burcliardum
626 2840 655 2871 &
671 2838 800 2870 Ivonem
811 2859 823 2875 ,
836 2836 930 2865 etiam
941 2832 1025 2874 quod

156 2884 196 2917 ad
215 2882 336 2924 plures,
362 2889 453 2920 quam
468 2879 635 2912 Strauchio
654 2879 723 2912 sunt
738 2878 838 2910 dictae.
884 2875 942 2906 Sed
960 2883 1023 2920 non

155 2926 205 2958 illi
232 2921 482 2955 authenticarum
499 2945 509 2960 ‚
548 2929 580 2952 at
605 2920 816 2953 Novellarum
856 2916 1024 2949 sententias

156 2966 305 3002 laudant,
333 2972 518 3003 earumque,
548 2970 584 2993 ut
608 2961 715 3004 postea
735 2960 870 2994 Irnerius
886 2957 1022 2997 aliique,

155 3005 343 3047 compendia
362 3003 567 3036 conscribunt
587 3003 651 3045 ipsi.
703 3004 776 3041 Sic,
796 3000 883 3032 verbi
903 2999 1021 3040 gratia,

156 3049 237 3088 apud
254 3046 383 3078 Ivonem
408 3045 487 3087 P.3.
514 3047 547 3078 C.
571 3050 640 3086 184.
666 3044 842 3077 exhibitum
853 3042 896 3073 est
909 3041 977 3080 Cap.
992 3050 1019 3071 2.

155 3089 277 3122 Novell.
305 3097 333 3128 7.
369 3087 431 3119 hoc
457 3087 571 3118 modo:
602 3087 635 3118 Si
661 3087 803 3126 Princeps
817 3083 941 3115 volzaerit
962 3091 1021 3112 rem

156 3129 329 3162 immobilem
343 3127 446 3169 sancio
477 3128 534 3159 loco
555 3127 692 3169 praeJiare
704 3150 714 3166 ,
735 3128 771 3164 {5⁹
789 3129 919 3167 accipere
938 3125 973 3156 ab
991 3134 1020 3155 eo

157 3171 249 3206 aliam
277 3179 337 3201 rem
359 3169 551 3208 immobilem,
584 3168 621 3204 ὅ)
634 3169 763 3202 eo'modo
777 3169 1020 3211 permutationem

463 110 864 152 CORNELII
915 117 1021 145 VAN
1070 103 1667 142 BYNKERSHOEK

1080 187 1247 218 contrahere
1261 208 1272 224 ,
1295 186 1383 217 liceat
1402 185 1451 215 hoc
1461 184 1576 223 facere.
1614 181 1777 214 Differ-unt
1794 181 1862 216 haec
1877 187 1939 220 val-

1079 229 1118 259 de
1133 229 1170 259 ab
1191 228 1270 259 auth.
1281 228 1336 269 jeci
1355 226 1566 266 &permutare
1581 225 1612 255 C.
1628 225 1661 254 de
1675 224 1730 255 SS.
1751 223 1863 265 Eccles.
1872 236 1939 265 quae

1078 269 1122 301 est
1141 269 1278 308 ejusdem
1304 267 1478 308 argumenti
1508 267 1538 298 δι
1556 266 1720 307 depromta
1736 274 1775 296 cx
1793 268 1852 297 eocl.
1871 268 1937 309 Cap.

1078 312 1107 342 d.
1127 310 1209 342 Nov.
1256 309 1326 341 Imo
1346 318 1423 340 vero
1442 308 1499 339 lvo
1516 309 1584 337 ms.
1601 308 1685 338 mam
1703 315 1743 337 ex
1761 306 1871 346 Juliani
1883 309 1940 343 An-

1080 351 1239 383 tecefforis
1266 351 1400 392 Epitome
1430 349 1551 381 Not-elz.
1584 348 1635 379 lily.
1659 358 1683 380 1.
1720 348 1780 380 Tic.
1798 348 1872 383 XV.
1891 353 1941 384 de-

1077 391 1196 433 scripsit
1220 393 1300 424 hanc
1328 392 1486 432 epitomen
1517 389 1570 422 seu
1593 390 1805 422 authenticam
1810 390 1839 430 fi
1855 393 1942 427 Prin.

1077 439 1149 474 ceps.
1174 434 1203 466 ὃς
1228 434 1273 465 ita
1296 432 1384 464 forte
1413 433 1444 465 in
1467 432 1591 463 caeteris
1616 431 1770 472 reperiet,
1795 434 1847 474 qui
1866 444 1944 469 con->

1078 475 1197 506 tulerit.
1248 474 1294 506 Ut
1321 473 1470 506 transeam
1495 474 1613 512 adhuc,
1639 473 1724 515 quod
1742 473 1807 515 ipse
1826 475 1939 518 Pagen.

1077 515 1215 554 steche1·‚
1236 515 1314 547 novi
1332 515 1488 556 dogmatis
1505 514 1655 554 scemor,
1682 515 1790 548 lvonis
1810 517 1939 550 auderi-

1077 565 1173 588 tatem
1187 579 1198 595 ,
1218 565 1253 588 ut
1269 564 1427 588 recentem
1444 558 1535 588 nimis
1546 579 1556 595 ‚
1574 557 1699 596 elevat,
1724 566 1796 589 cum
1816 559 1940 592 authen-

1076 598 1148 629 ticae
1160 620 1171 636 ‚
1195 598 1269 629 huic
1285 598 1390 629 citatae
1401 620 1411 635 ,
1435 597 1543 629 Irnerii
1556 622 1565 637 ,
1577 597 1597 630 si
1615 607 1678 630 non
1696 607 1762 630 tum
1780 599 1856 639 juris
1869 599 1940 632 Pro·

1074 638 1218 678 fess'oris,
1243 639 1352 679 utique
1372 639 1572 679 interpretis,
1597 638 1657 670 esse
1676 639 1762 680 posse
1778 650 1841 672 non
1862 641 1941 674 itin-

1074 680 1173 712 ficias.
1217 679 1293 712 Non
1310 679 1525 711 defensoribus
1542 681 1606 712 istis
1626 690 1763 722 egemus.
1798 681 1848 713 De
1864 682 1940 714 Bur-

1076 721 1192 752 chardo
1220 730 1322 752 tamen
1348 721 1427 752 nihil
1454 721 1547 753 ausim
1574 723 1652 752 certi
1673 722 1820 762 definire,
1846 716 1957 765 quum'

1075 762 1183 794 videre
1200 772 1272 793 eum
1287 772 1350 793 non
1369 763 1538 803 potuerim.
1583 762 1746 806 Quidquid
1763 763 1818 803 sit,
1838 765 1940 805 nobis,

1075 812 1111 834 ut
1130 804 1287 841 diximus,
1312 803 1394 835 salva
1413 812 1461 834 res
1478 803 1534 834 est.
1557 803 1655 844 Spero
1681 805 1789 845 utiquc
1808 805 1846 836 de
1864 806 1939 838 Bur-

1075 845 1192 877 chardo
1208 845 1287 876 bene
1296 844 1376 883 effe,
1388 854 1427 876 ne
1435 845 1576 886 alioquin
1594 844 1707 876 frustra
1720 846 1811 887 plane
1822 855 1939 881 novum

1075 895 1155 927 opus
1171 886 1284 918 molita
1300 886 1355 918 fiet
1376 885 1456 917 seua
1475 896 1570 918 nova.

1117 927 1242 959 Viderit
1267 928 1361 959 etiam
1383 927 1565 959 Strauchius
1579 951 1588 967 ,
1621 937 1681 969 qua
1704 927 1765 960 fide
1786 927 1940 964 Novellas

1073 977 1201 1001 mortuo
1228 969 1327 1001 Ivone
1352 969 1505 1001 duntaxat
1537 977 1676 1010 repertas
1696 968 1826 1010 statuat,
1851 970 1939 1012 siqui-

1072 1011 1142 1042 dem
1158 1010 1250 1051 ipsius
1281 1012 1340 1043 eod.
1368 1012 1438 1051 Cup.
1462 1010 1503 1042 ΙΙ.
1525 1009 1552 1052 §.
1576 1011 1631 1043 ult.
1657 1011 1738 1043 inter
1754 1012 1813 1043 alia
1828 1022 1868 1044 ex
1885 1022 1937 1045 eo-

1071 1052 1141 1083 dem
1159 1053 1262 1098 *ivone
1278 1076 1288 1091 ,
1321 1052 1398 1084 teste
1426 1051 1551 1083 suorum
1581 1060 1757 1092 temporum
1770 1076 1779 1092 ,
1802 1053 1938 1096 doceat,

1071 1103 1121 1124 eas
1136 1095 1255 1134 ser-vari
1283 1093 1318 1128 ὅ)
1346 1095 1538 1124 commendari
1567 1095 1602 1124 eh
1627 1092 1758 1131 Ecclefia
1789 1095 1937 1129 Romana.

1072 1134 1210 1166 Potuiss'e
1230 1135 1324 1176 igitur
1343 1137 1372 1167 (St
1393 1143 1458 1166 tum
1474 1144 1578 1166 earum
1605 1135 1757 1175 epitomas
1772 1135 1838 1168 fieri
1859 1137 1940 1170 nihil

1071 1184 1202 1207 vetaret.
1248 1177 1308 1208 Sed
1334 1177 1426 1217 quid,
1456 1175 1477 1208 si
1493 1185 1551 1207 nec
1568 1176 1624 1207 lvo
1637 1176 1853 1218 authenticas,
1878 1180 1939 1208 κατ’

1072 1217 1180 1252 ’imma
1199 1216 1240 1248 sic
1257 1217 1372 1256 dictas,
1397 1217 1526 1254 habeat,
1548 1227 1618 1248 eum
1637 1227 1699 1249 non
1719 1218 1889 1251 necessum
1899 1229 1939 1253 cx

1070 1258 1297 1289 vetustioribus
1327 1257 1464 1289 habuisse
1485 1258 1726 1290 adlaboramus?
1750 1261 1823 1301 quin
1840 1260 1861 1292 fi
1884 1271 1940 1292 ve-

1070 1309 1103 1330 ra
1130 1298 1206 1330 esset
1231 1299 1387 1331 Strauchii
1416 1298 1560 1338 affertiO,
1597 1298 1660 1340 ipse
1679 1299 1733 1331 sibi
1758 1302 1938 1342 praejudicia.

1070 1339 1288 1372 conscisceret.
1314 1340 1356 1372 At
1369 1350 1433 1372 non
1450 1340 1554 1380 placet
1564 1341 1823 1382 haecexaggerare
1834 1343 1940 1384 ,quia,

1069 1381 1092 1414 fi
1110 1382 1161 1413 vel
1189 1382 1294 1413 omnia
1309 1404 1320 1421 ,
1353 1392 1422 1423 quae
1442 1381 1618 1413 Molinaeus
1637 1383 1665 1414 ὃς
1684 1383 1866 1416 Strauchius
1887 1384 1937 1416 ha-

1070 1421 1178 1454 uenus
1201 1424 1308 1455 conati
1335 1423 1406 1455 sunt
1422 1447 1432 1463 ,
1465 1423 1563 1463 proba
1579 1424 1662 1455 recte
1680 1423 1797 1464 effent,
1819 1434 1882 1457 non
1905 1434 1936 1457 e-

1070 1464 1196 1505 quidem
1214 1465 1405 1503 inviderem,
1430 1464 1594 1506 probarem
1614 1465 1719 1506 magis.

1110 1506 1170 1538 Sed
1192 1514 1304 1538 contra
1333 1506 1486 1538 Irnerium
1508 1506 1587 1538 nihil
1620 1507 1749 1548 proprie
1776 1507 1876 1540 adhuc
1892 1508 1937 1541 di-

1068 1547 1153 1579 uum
1181 1548 1295 1588 audis;
1325 1548 1386 1580 hoc
1417 1547 1539 1580 scilicet
1575 1549 1703 1580 unicum
1728 1549 1817 1588 erit,

1068 1589 1252 1623 Strauchius
1274 1592 1303 1622 d.
1331 1591 1400 1631 Cup.
1434 1589 1527 1621 habet
1547 1590 1692 1621 ultimum
1706 1612 1718 1629 ,
1741 1599 1842 1632 neque
1888 1600 1934 1623 ra-

1070 1634 1189 1664 tianum
1199 1655 1211 1671 ,
1234 1632 1287 1664 ubi
1307 1631 1504 1664 authenticas
1521 1630 1646 1663 Decreta
1663 1631 1771 1664 inserit
1789 1632 1865 1673 suo,
1882 1641 1934 1665 ne-

1070 1683 1131 1717 que
1145 1674 1296 1714 Joannem
1315 1672 1526 1705 Gloffatorem
1537 1695 1549 1711 ,
1569 1672 1622 1704 ubi
1642 1683 1693 1705 eas
1708 1681 1935 1707 commemorat

1069 1718 1101 1750 in
1121 1718 1228 1750 Summ.
1255 1718 1293 1748 ad
1324 1715 1445 1748 Novell.
1464 1724 1598 1756 unquam
1616 1714 1726 1747 Irnerii
1744 1716 1934 1755 meminisse,

1068 1760 1146 1792 licet
1174 1759 1240 1800 ejus
1265 1757 1386 1791 fuerint
1413 1760 1559 1792 σόνκρυυ.
1605 1756 1700 1800 Quasi
1725 1767 1805 1789 vero
1822 1759 1937 1790 mirum

1069 1801 1168 1833 videri
1186 1800 1306 1841 posset,
1332 1800 1424 1838 illos,
1449 1799 1501 1831 vel
1525 1799 1726 1831 barbarorum
1740 1799 1819 1831 alios
1833 1799 1872 1831 de
1889 1798 1936 1831 fa·

1070 1851 1105 1874 to
1132 1842 1383 1874 authenticarum
1403 1840 1500 1882 magis
1517 1863 1526 1879 ‚
1559 1848 1651 1882 quam
1675 1839 1842 1873 Librorum
1857 1841 1937 1882 juris

1069 1884 1184 1916 Civilis
1194 1884 1226 1915 in
1243 1883 1421 1915 Occidente
1435 1881 1581 1922 tacuiss'e,
1593 1891 1666 1913 cum
1687 1889 1788 1913 tamen
1806 1882 1869 1913 hoc
1878 1881 1937 1914 sci-

1069 1926 1095 1957 ri
1122 1932 1286 1965 tantopere
1311 1923 1570 1965 jurisprudentiae
1599 1922 1768 1956 interesset.
1823 1923 1938 1969 Quini-

1069 1976 1140 2006 mo,
1165 1967 1184 1998 ii
1203 1966 1365 1998 summulae
1382 1965 1444 1997 111ae
1465 1965 1569 1996 varios
1587 1964 1751 1996 habuerint
1772 1964 1935 2005 austures,

1067 2017 1104 2040 ut
1121 2007 1225 2040 nostra
1243 2006 1307 2039 fert
1325 2007 1454 2048 opinio,
1488 2005 1586 2037 latere
1603 2005 1710 2046 potuit
1729 2004 1936 2045 Gratianum,

1067 2050 1163 2082 latere
1179 2049 1350 2090 Joannem,
1373 2047 1480 2088 ecquis
1499 2047 1624 2087 proprie
1642 2046 1747 2085 illius,
1771 2055 1831 2088 qua
1848 2047 1887 2078 de
1903 2057 1934 2079 a-

1066 2091 1182 2132 gebant
1200 2113 1209 2129 ‚
1243 2089 1433 2121 authenticae
1457 2087 1554 2118 fuerit
1579 2087 1789 2128 compilator,
1809 2087 1937 2129 praeser-

1068 2133 1126 2164 tim
1143 2131 1164 2164 fi
1180 2131 1340 2171 antiquior
1354 2129 1478 2202 aliquis.
1522 2128 1733 2201 Praeterquam
1751 2129 1836 2169 quod
1851 2129 1936 2172 Azo,

1067 2173 1119 2215 qui
1146 2172 1278 2204 eundem
1304 2180 1377 2203 curn
1417 2169 1521 2202 rnerio
1538 2169 1635 2201 solem
1668 2177 1813 2201 ucentem
1832 2170 1934 2212 vidit,

1067 2215 1097 2248 ei
1113 2214 1269 2255 adsignet,
1289 2212 1364 2254 quid
1390 2212 1456 2252 ejus
1473 2211 1536 2250 est,
1561 2210 1724 2251 quomodo
1744 2211 1773 2243 ὃς
1791 2212 1935 2253 proxime

1067 2257 1189 2298 sequuti
1208 2253 1372 2287 Accursius
1403 2253 1433 2284 &
1461 2251 1661 2291 Odofredus,
1685 2260 1721 2282 ut
1743 2252 1878 2285 ostendit
1900 2255 1937 2288 C.

1067 2298 1123 2331 III.
1134 2297 1209 2339 quid
1220 2297 1303 2328 ultra
1312 2295 1495 2336 requirimus
1505 2293 1520 2324 ?
1529 2293 1657 2325 edoceri
1675 2292 1705 2324 id
1719 2294 1757 2325 ab
1769 2295 1934 2329 omnibus?

1110 2341 1171 2373 His
1199 2347 1301 2370 tamen
1328 2344 1432 2368 motus
1458 2334 1634 2366 rationibus
1664 2335 1842 2368 Strauchius
1871 2337 1931 2370 eod.

1072 2382 1142 2424 Cap.
1167 2380 1196 2422 §.
1218 2383 1248 2411 6.
1273 2377 1404 2410 excluso
1426 2376 1566 2416 iruerio,
1595 2376 1661 2416 ejus
1677 2375 1763 2408 forte
1777 2377 1934 2409 authenti-

1070 2433 1122 2456 cas
1139 2423 1200 2454 effe
1215 2428 1376 2459 autumat,
1412 2419 1501 2458 cujus
1529 2416 1592 2458 ipsa
1610 2416 1817 2449 Novellarum
1835 2428 1932 2451 trans-

1068 2466 1147 2497 latio
1165 2473 1275 2502 vetus,
1299 2462 1393 2493 etiam
1413 2460 1474 2491 hoc
1489 2459 1639 2499 juvante,
1672 2458 1755 2505 quod
1777 2466 1838 2491 tam
1857 2459 1932 2500 illa,

1067 2517 1158 2549 quam
1176 2504 1289 2546 juliani
1314 2503 1454 2544 epitome
1476 2500 1601 2542 singulis
1618 2499 1770 2542 capitibus
1791 2499 1933 2542 praescri-

1067 2559 1120 2591 pta
1138 2548 1231 2580 habet
1248 2545 1300 2577 sua
1318 2549 1519 2585 argumenta,
1541 2540 1593 2573 seu
1609 2540 1762 2581 summas,
1783 2551 1801 2573 a
1820 2542 1934 2584 quibus

1067 2589 1258 2623 authenticae
1283 2582 1522 2628 promanaffent.
1576 2582 1635 2614 Sed
1669 2583 1802 2615 immane
1837 2592 1932 2624 quan-

1069 2641 1136 2664 tum
1162 2631 1216 2663 illa
1238 2627 1448 2670 capitulorum
1478 2632 1659 2665 argumenta
1687 2623 1725 2656 ab
1741 2624 1933 2659 authenticis

1068 2672 1241 2714 discrepare
1260 2693 1269 2708 ‚
1302 2669 1331 2700 &
1355 2677 1392 2700 ne
1418 2665 1515 2697 hilum
1532 2665 1648 2696 hahere
1665 2675 1737 2698 cum
1756 2664 1826 2707 ipsis
1848 2675 1934 2699 com-

1069 2724 1164 2746 mune
1182 2737 1191 2753 ,
1223 2709 1410 2742 diffitebitur
1431 2716 1534 2738 nemo,
1588 2706 1737 2739 Veterem
1767 2707 1933 2740 translato-

1067 2765 1133 2788 rem
1159 2755 1190 2787 in
1219 2750 1409 2784 authenticis
1440 2748 1666 2789 componendis
1700 2748 1795 2781 etiam
1830 2755 1934 2790 partes

1069 2796 1136 2829 suas
1153 2794 1247 2836 egisse
1265 2803 1324 2835 ego
1343 2790 1448 2823 nescio
1460 2813 1469 2828 ‚
1505 2790 1534 2821 ὅ(
1549 2788 1648 2821 nescit
1663 2789 1855 2822 Strauchius.
1897 2789 1932 2822 si

1069 2838 1213 2880 suppetat
1230 2833 1377 2877 probatio
1389 2855 1400 2871 ,
1422 2830 1524 2863 rursus
1545 2840 1609 2863 non
1627 2831 1826 2863 intercedam.

1110 2881 1161 2913 De
1178 2878 1227 2910 Cl.
1247 2873 1492 2917 Pagenstechero
1504 2896 1513 2911 ,
1536 2872 1589 2913 qui
1606 2873 1636 2904 &
1655 2871 1718 2914 ipse
1730 2881 1770 2903 ex
1791 2871 1929 2913 professo

1068 2924 1098 2955 in
1123 2918 1237 2960 Proluſs
1265 2918 1359 2950 Irner.
1385 2917 1473 2957 injur.
1500 2914 1600 2954 vapul.
1646 2912 1798 2945 Irnerium
1823 2914 1929 2946 valere

1064 2964 1152 3005 jubet
1184 2961 1215 2992 &
1238 2958 1432 2991 authenticas
1454 2956 1655 2997 justinianeas
1674 2964 1782 2987 omnes
1800 2962 1872 2986 ante
1887 2955 1930 2987 la-

1064 3005 1153 3047 psum
1170 3000 1276 3034 saeculi
1297 2999 1352 3031 Vl.
1385 2998 1497 3031 (jodici
1518 2996 1646 3029 insertas
1662 2996 1825 3038 perhibet,
1848 2995 1929 3029 nihil

1064 3047 1191 3082 addam,
1225 3041 1371 3083 siquidem
1396 3039 1460 3081 ipse
1481 3038 1559 3071 nihil
1584 3037 1694 3069 habeat
1713 3037 1928 3084 praecipuum,

1064 3087 1119 3120 nisi
1145 3086 1207 3117 hoc
1233 3082 1318 3114 sorte
1336 3105 1347 3120 ,
1375 3082 1460 3121 quod
1487 3079 1623 3113 Irnerius
1647 3078 1749 3121 glqffas
1770 3076 1927 3119 scripserit:

1063 3130 1100 3161 ad
1119 3128 1171 3169 Jus
1191 3124 1313 3163 Civile,
1339 3123 1471 3155 adducto
1499 3125 1530 3156 in
1547 3129 1614 3153 earn
1631 3129 1695 3151 rem
1711 3118 1864 3151 Odofredi
1880 3125 1925 3151 te-

1064 3168 1212 3204 stimonio
1227 3166 1265 3198 ad
1287 3167 1305 3198 l.
1332 3168 1362 3197 6.
1378 3164 1419 3206 ff.
1443 3166 1476 3197 de
1500 3165 1536 3207 J.
1560 3162 1596 3199 ὅ)
1615 3160 1651 3202 J.
1698 3159 1806 3194 Risum
1822 3167 1924 3231 εεοεέἔ

1875 1549 1938 1582 uod
1976 1558 1977 1561 ¹
