2008 3436
183 138 255 180 436
439 130 836 172 CORNELII

184 216 232 257 pis
250 216 394 250 conditio
412 218 529 252 haeredi
545 217 644 249 fuerit
663 213 837 254 adscripta,
850 212 891 258 ⁸&
913 209 1050 257 adjefia,

185 257 208 288 fi
223 267 286 291 non
303 269 450 300 pareatur
462 284 473 300 ,
496 270 607 303 poena,
633 259 664 290 id
679 265 739 298 ego
755 256 890 287 dixerim
909 251 1051 299 fuissele-

185 306 294 339 gatum
313 311 414 342 poenae
429 303 567 335 nomine.
615 300 730 332 Illicita
747 322 756 337 ,
780 295 867 328 verbi
885 303 1006 335 gratia,
1022 293 1052 325 ἃ

139 355 142 363 s
188 342 289 381 turpis
317 345 462 376 conditio
489 343 534 376 est
551 367 561 382 ,
593 343 615 375 fi
633 341 702 383 quis
721 338 863 374 servum,
886 339 975 368 etiarn
992 336 1048 366 cri-

186 383 325 424 minosum
347 387 462 417 vendat
479 408 490 425 ,
520 391 553 417 ut
582 394 646 415 cum
670 378 765 422 bestiis
783 381 928 419 depugnet
951 377 973 409 l.
996 386 1049 416 42·

179 421 215 464 ff
214 448 221 456 .
247 427 280 456 de
307 426 444 459 Contrah.
475 433 560 468 empt.
591 425 627 461 ὅ)
647 424 761 456 vendit.
784 420 836 451 vel
856 420 997 456 servam,
1018 422 1050 463 ut

180 463 376 507 prostituatur
397 469 417 500 l.
437 472 467 500 6.
489 475 538 509 pr.
557 467 599 508 ff.
623 468 656 497 de
673 465 757 495 Serv.
778 467 888 501 export.
913 468 972 491 nec
993 468 1049 504 ¹⁴⁰¹?

184 509 244 539 nus
268 517 304 540 ea
329 510 429 551 turpis
453 511 513 541 erit
539 509 568 541 &
593 506 726 543 illicita,
750 503 771 535 fi
790 501 918 534 testator
936 499 1051 531 haeredl

185 548 410 590 imperaverit,
446 559 482 582 ut
506 548 633 582 Stichus
658 555 730 577 curn
750 543 856 576 bestiis
872 542 1053 588 depugnet,

186 591 239 622 vel
266 591 425 633 Pamphila
452 592 507 623 fiat
535 589 671 631 publicae
696 585 836 617 libidinis
850 584 995 630 victima,
1021 581 1052 613 ἃ

186 631 241 663 nifi
259 632 328 664 haec
348 639 457 672 curet,
491 632 599 663 decem
625 629 698 660 dare
721 626 840 668 jusserit
856 625 963 656 Tmo.
1006 622 1053 654 Ea

185 672 262 712 jussa
281 673 435 715 capessere
462 672 512 704 fas
537 681 601 703 non
617 670 682 709 est,
708 677 811 709 neque
827 667 905 698 adeo
920 665 1031 711 decem
1041 686 1053 702 ,

186 712 208 745 fi
234 724 283 745 me
313 715 438 753 audias,
470 713 688 748 debebuntur,
720 710 792 751 quia
803 717 905 754 poenae
924 715 1054 752 nomine

185 755 323 795 legatum
347 755 402 787 est.
447 754 507 787 Sed
538 754 652 794 absque
677 751 745 789 his,
768 751 798 782 &
816 747 1053 795 his-similibus,

184 796 327 835 valebit,
350 795 500 837 quicquid
518 796 621 837 agitur
636 793 765 825 innoxia
784 789 969 835 conditione
981 812 991 827 ‚
1007 796 1052 834 *ut

184 837 276 877 plane
295 838 425 869 innoxia
442 836 505 876 est,
530 845 622 878 quam
633 833 769 866 secundo
785 833 859 865 loeo
876 829 1051 862 Instltutro-

186 887 242 909 nes
261 877 494 918 repraesentant.
966 913 971 918 η
1006 913 1012 918 .

230 919 362 952 Absolvi
384 919 584 952 conditiones
605 917 745 961 poenales
760 932 787 955 ,·
806 916 836 948 ἀ
861 923 922 956 qua
942 912 1049 945 dlstln-

912 138 1020 166 VAN

791 1012 1145 1054 CAPUT

1094 119 1701 162 BYNKERSHOEK

1094 207 1199 239 trione
1226 206 1324 238 licitae
1348 204 1399 236 vel
1424 203 1545 235 illicitae
1561 201 1736 234 videantur.
1790 202 1840 234 De
1854 204 1954 238 modis

1095 248 1270 291 poenalibus
1287 246 1394 278 eadem
1413 246 1548 286 repetita
1573 242 1676 275 suntO.
1721 243 1907 285 Papinianus
1922 247 1954 280 in

1096 293 1116 323 l.
1140 299 1192 331 71.
1215 290 1243 330 §.
1267 299 1296 321 2.
1315 288 1355 330 ff.
1380 289 1413 319 de
1440 287 1605 319 Condition.
1630 285 1824 327 &demonstra
1850 295 1954 320 recen-

1092 331 1138 364 set
1162 331 1237 362 duas
1261 330 1378 371 species
1405 329 1490 361 modi
1525 327 1658 369 poenalis
1677 350 1689 367 ,
1720 337 1791 368 quae
1808 329 1876 368 Jure
1891 338 1954 361 non

1093 372 1273 405 subsistunt:
1301 372 1399 410 Titio,
1425 370 1546 411 inquit,
1571 374 1686 400 centum
1700 369 1802 401 relibba
1809 369 1884 410 sunt
1899 371 1955 412 ita,

1094 423 1141 446 UT
1164 423 1186 446 A
1213 422 1444 446 MONUMENTO
1469 420 1544 442 MEO
1574 419 1648 442 NON
1675 420 1860 450 RECEDAT,
1882 413 1957 454 vel,

1094 464 1155 486 υΤῙ
1172 464 1211 486 IN
1230 464 1310 487 ILLA
1341 454 1516 486 CIVITATE
1540 461 1762 483 DOMICILIUM
1787 461 1927 486 HABEAT
1944 478 1956 494 ,

1089 495 1182 537 potest
1200 498 1280 534 dici,
1301 506 1358 527 non
1383 495 1433 536 effe
1460 495 1552 530 iocum
1571 495 1718 532 cautioni,
1737 499 1792 534 per
1807 503 1893 535 quam
1904 496 1956 538 jus

1094 539 1238 569 libertatis
1255 538 1448 578 infringitur.
1495 536 1551 567 Sed
1570 536 1603 566 in
1621 534 1753 575 defunth'
1770 535 1881 566 libertis
1899 537 1957 569 alio

1090 581 1155 621 jure
1174 580 1295 610 utimur.
1339 578 1447 610 Habes
1463 577 1542 608 duos
1560 576 1693 615 modos,
1714 585 1794 617 quos
1812 576 1881 608 Lex
1896 577 1953 610 im·
1973 606 1980 613 .

1094 620 1225 662 probat,
1250 620 1342 661 quia,
1372 627 1407 650 ut
1433 619 1496 657 ait,
1519 619 1568 658 jus
1586 618 1741 649 libertatis
1759 617 1959 660 infringunt,

1094 662 1171 692 nihil
1198 663 1275 692 enim
1298 661 1420 691 muitum
1444 659 1573 700 aspecie
1579 659 1776 699 servientium
1792 659 1958 700 differunt,

1095 703 1196 744 quibus
1207 702 1343 742 facultas
1359 711 1416 731 non
1434 701 1521 731 datur
1532 702 1702 740 recedendi,
1726 710 1762 732 ut
1784 701 1957 741 Venuleius

1095 743 1178 775 dixit
1195 743 1226 774 in
1249 742 1270 774 l.
1295 752 1324 774 2.
1342 742 1382 783 ff.
1406 743 1439 773 de
1460 740 1584 772 Homin.
1607 741 1688 773 liber.
1709 742 1806 774 exhib.
1845 742 1880 774 In
1898 743 1973 775 serf

1096 785 1144 817 vis
1162 785 1191 816 &
1212 783 1334 815 libertis
1350 783 1434 814 aliud
1453 782 1530 821 juris
1553 780 1608 813 est.
1653 782 1714 814 Sed
1732 782 1798 815 haee
1814 783 1958 823 transm,

1095 826 1168 867 quia
1191 825 1317 866 prolixe
1337 823 1529 865 exsequutus
1556 821 1601 854 est
1626 822 1773 863 Cujacius
1801 824 1839 856 ad
1868 825 1956 858 Libr.

1093 866 1200 900 XVII.
1227 863 1336 913 Qum-[l.
1360 865 1469 906 Papiri.
1496 864 1528 896 iu
1550 865 1578 896 d.
1603 864 1623 896 l.
1648 872 1699 904 71.
1724 864 1752 906 §.
1777 875 1806 897 2.

1243 1010 1355 1047 V11.

185 1117 234 1154 Et
259 1119 294 1154 in
320 1126 447 1156 tantum
471 1120 537 1155 baec
559 1119 671 1165 regula
704 1109 936 1162 observabatur
957 1137 967 1155 ‚
1001 1117 1037 1145 ut
1071 1106 1313 1155 quamplurimis
1347 1105 1586 1152 Principalibus
1610 1102 1896 1150 Constitutionihus
1912 1097 1961 1147 fi-

231 1178 428 1226 gnificetur‚
453 1190 510 1215 nec
535 1179 720 1224 Principem
743 1175 867 1223 quidem
892 1169 1061 1219 agnoscere
1079 1193 1093 1213 ,
1124 1167 1203 1214 quod
1226 1168 1256 1201 ei
1277 1175 1378 1213 poenoe
1401 1167 1525 1201 nomine
1552 1165 1692 1211 legatum
1710 1161 1769 1209 fit.
1822 1164 1893 1198 Nec
1918 1172 1958 1197 ex

235 1237 355 1272 militis
379 1237 501 1284 quidem
527 1235 715 1284 testamento
742 1233 823 1268 ralia
848 1231 958 1276 legata
982 1228 1159 1268 valebant,
1185 1226 1334 1270 quamvis
1364 1224 1439 1258 aliae
1476 1223 1615 1258 militum
1640 1221 1822 1256 voluntates
1848 1222 1882 1255 in
1909 1231 1959 1254 or-

235 1293 387 1329 dinandis
411 1292 612 1340 testamentis
638 1291 730 1326 valde
761 1288 1024 1334 observabantur.

1081 1280 1173 1329 Quin
1204 1280 1304 1314 etiam
1341 1289 1399 1315 nec
1423 1279 1603 1314 libertatern
1627 1287 1726 1323 poenae
1750 1279 1875 1312 nomine
1900 1278 1956 1312 da-

236 1350 267 1384 'ri
288 1348 372 1397 pff
394 1350 553 1396 placebat.
605 1347 654 1382 Eo
677 1344 816 1390 amplius
840 1352 896 1376 nec
919 1338 1073 1374 haeredem
1100 1344 1199 1382 poenae
1231 1336 1358 1370 nomine
1395 1334 1495 1380 adjici
1515 1332 1599 1380 poffi’
1623 1332 1764 1367 Sabinus
1790 1330 1955 1378 existima-

235 1405 315 1448 bat,
349 1405 453 1439 veluti
482 1401 515 1448 fi
547 1402 616 1447 quis
646 1402 694 1435 ita
731 1399 842 1434 dicat:
880 1396 915 1431 T
918 1404 1016 1431 mus
1043 1402 1166 1428 HAERES
1191 1401 1297 1434 EST03
1323 1401 1355 1426 s1
1383 1390 1517 1426 T1r1us
1542 1397 1667 1424 mmm
1690 1397 1782 1423 suam
1813 1397 1891 1430 stJo
1916 1397 1956 1422 m

236 1466 503 1494 MATRmonM
535 1462 832 1494 concamium,
867 1459 968 1494 sEJus
1004 1456 1147 1490 QUOQUE
1178 1455 1303 1481 HAERns
1329 1455 1428 1480 ESTo.

1475 1443 1572 1479 Nihil
1586 1443 1671 1478 enim
1689 1443 1869 1486 intererat,
1895 1448 1957 1487 qua

235 1516 362 1551 ratione
389 1513 498 1549 Titius
523 1516 741 1556 coerceretur,
766 1517 872 1545 utram
900 1507 1002 1554 legati
1028 1506 1176 1548 datione,
1201 1507 1244 1538 an‘
1268 1501 1437 1538 cohaeredis
1463 1500 1648 1548 adjectione.

224 1623 226 1625 ’
252 1635 288 1657 ro
306 1618 528 1667 quamplurimis
549 1624 581 1657 in
600 1623 671 1656 aliis
690 1621 893 1656 Editionibus
904 1618 949 1652 est
957 1627 1055 1666 quarn-

270 1668 422 1709 pluribus,
447 1668 477 1700 &
495 1667 527 1699 in
545 1666 678 1698 vetustis
698 1664 881 1707 quibusdam
894 1685 904 1702 ,
929 1669 966 1693 ut
985 1662 1055 1693 &m

232 1711 264 1742 S.
292 1718 364 1740 meo
382 1732 392 1748 ,
421 1715 476 1749 per
496 1718 562 1739 uam
572 1708 717 1749 pluribus.
761 1705 797 1738 In
811 1705 876 1737 alio
895 1703 967 1736 MS.
992 1711 1055 1744 quo

189 1750 263 1783 usus
278 1748 365 1789 sum,
379 1759 444 1791 ,pro
487 1751 568 1792 egati
589 1750 704 1780 datione
723 1747 838 1789 legitur
858 1745 952 1787 legati
969 1745 1056 1775 dona-

189 1793 275 1823 tione.
323 1791 382 1823 Sed
406 1800 503 1831 quum
528 1790 607 1823 nihil
635 1789 693 1828 fit,
715 1788 801 1830 quod
815 1790 913 1828 magis
928 1793 1055 1827 urgeat,

190 1843 256 1865 non
273 1831 319 1864 est
336 1832 545 1864 recedendum
561 1841 579 1863 a
592 1839 718 1872 recepta
728 1853 740 1869 ,
762 1838 798 1861 Ut
813 1838 896 1875 nunc
913 1826 958 1873 est
967 1842 978 1865 ³
996 1826 1054 1873 Le-

189 1874 295 1906 atione
314 1896 326 1912 ,
359 1874 390 1906 ἀ
409 1871 479 1905 sunt
501 1873 571 1904 haee'
587 1872 751 1904 minutula.
796 1869 902 1902 Etiam
918 1869 980 1900 aha
998 1877 1055 1899 mi-

190 1916 301 1947 nutula
326 1914 380 1946 hic
405 1912 572 1946 observavi
592 1937 602 1953 ‚
628 1913 660 1945 in
681 1913 794 1954 quibus
812 1911 979 1944 Lectiones
1003 1918 1055 1955 va-

191 1957 294 1996 fiant,
319 1955 372 1987 sed
386 1965 460 1987 cum
475 1954 595 1987 sensum
611 1964 676 1987 non
689 1953 837 1991 turbent,
860 1953 890 1985 ἃ,
905 1951 994 1984 nullo
1010 1949 1055 1996 di-

190 1996 337 2030 scrimine
364 1997 535 2029 habeantur
553 2020 563 2036 ,
595 1995 666 2028 hae'c
687 1995 841 2034 indicare,
866 1992 971 2025 nimiae
985 1991 1055 2023 dili-

189 2039 307 2079 gentiae
335 2037 421 2070 esset.
467 2038 572 2070 Verba
595 2036 679 2078 ipsa,
710 2046 781 2078 quae
795 2033 1058 2077 praeseripfirnus,

189 2080 299 2121 paucis
320 2078 390 2111 sane
405 2079 547 2120 exceptis
557 2102 566 2118 ,
577 2078 693 2119 absque
708 2078 773 2109 ulla
789 2077 884 2108 etiarn
906 2076 1056 2115 interpre-

191 2120 314 2152 tatione
332 2119 428 2152 facile
446 2120 617 2152 transmitti
636 2119 776 2160 possent,
800 2118 911 2159 utique
925 2126 967 2148 ex
986 2115 1055 2148 sco-

191 2170 236 2203 po
252 2160 380 2201 nostro,
405 2161 458 2202 qui
477 2160 545 2192 fere
562 2167 642 2192 unus
658 2159 723 2198 est,
746 2168 781 2190 ut
809 2159 941 2190 sciamus
953 2182 963 2198 ,
988 2165 1057 2198 quae

191 2203 270 2234 olim
285 2201 405 2244 fuerint
420 2203 523 2244 legata
541 2209 642 2242 poe‘nae
668 2201 805 2233 nomine.
849 2199 949 2240 Ajunt
968 2197 1056 2230 Insti-

191 2244 355 2282 tutiones,
377 2244 619 2285 quamplurimas
639 2242 820 2283 Principum
842 2239 1054 2273 Constitutio-

192 2295 247 2317 nes
275 2284 337 2317 effe
356 2307 367 2323 ,
399 2284 512 2326 quibus
534 2292 683 2316 caveatur
704 2307 715 2323 ,
746 2292 785 2315 ne
810 2281 911 2324 ipsum
929 2280 1055 2323 quidem

191 2326 373 2367 Principem
398 2326 552 2368 agnoscere
571 2348 583 2364 ,
631 2326 683 2356 uod
698 2327 726 2356 ei
735 2331 824 2366 paenae
841 2324 956 2355 nomine
973 2322 1054 2364 lega*

193 2374 256 2399 tum
268 2363 330 2406 sit3
353 2376 413 2399 nec
430 2366 495 2406 est,
518 2376 575 2399 cur
598 2336 821 2404 'f'ribonianm
845 2365 877 2396 id
897 2364 1057 2395 adfirman-

193 2409 237 2447 ti,
261 2408 356 2440 fidem
374 2418 522 2450 negemus
532 2420 543 2447 ,-
567 2407 685 2440 etiarnsi
702 2407 788 2440 nulla
809 2408 916 2438 barum
934 2402 1059 2437 Consti-

194 2449 356 2481 tutionum
376 2450 415 2481 ad
439 2460 497 2482 nos
523 2449 725 2491 pervenerit,
747 2458 818 2480 nam
832 2457 891 2480 nec
906 2447 1010 2488 plures
1027 2455 1057 2476 a-

192 2491 266 2529 liae,
296 2491 371 2522 alibi
395 2500 578 2523 memoratae
597 2513 608 2529 ‚
638 2490 677 2522 ad
695 2500 753 2522 nos
770 2494 1005 2531 pervenerunt,
1028 2486 1059 2518 ὅ(

192 2532 289 2573 longe
311 2531 444 2572 plurima
465 2540 536 2573 pars
562 2532 644 2572 Juris
669 2531 788 2573 antiqui
816 2531 908 2572 plane
930 2528 1056 2561 interei-

191 2573 250 2604 dit.
295 2572 349 2604 Sin
372 2581 476 2604 autem
506 2580 597 2614 putes
615 2597 625 2612 ,
670 2572 905 2604 Tribonianurn
936 2568 1059 2610 jaetaffe

195 2614 424 2655 quamplurimas
449 2614 517 2645 illas
543 2613 718 2653 Principum
744 2611 969 2654 constitutiones
987 2634 997 2650 ,
1027 2610 1057 2642 &

193 2665 272 2687 mox
295 2654 449 2686 damnasse
464 2676 474 2692 ‚
497 2664 531 2686 ut
549 2655 726 2695 Principem
747 2654 834 2686 suum
850 2654 940 2694 plus,
965 2661 1057 2694 quam

193 2696 294 2734 alios,
326 2694 431 2737 sapere
456 2695 667 2736 intelligamus
685 2717 696 2734 ,
728 2704 817 2726 utere
844 2694 970 2735 ingenio
990 2701 1056 2724 tuo.

194 2736 307 2769 Nolim
322 2746 449 2779 quoque
466 2736 519 2768 hic
539 2745 705 2768 excurrere
724 2736 755 2767 in
780 2745 849 2767 euin
868 2735 973 2766 locum
986 2757 995 2773 ,
1019 2743 1057 2765 an

195 2778 227 2810 ὅ(
253 2777 515 2819 quemadmodum
546 2778 696 2819 Princeps
729 2776 888 2808 Romanus
919 2775 1058 2816 Legibus

193 2819 294 2851 fuerit
313 2818 453 2858 solutus,
484 2819 514 2851 ὃς
530 2828 567 2851 an
592 2819 622 2851 dt
642 2817 904 2859 quemadmodum
919 2816 950 2847 se
966 2816 1055 2856 Legi-

191 2860 253 2892 bus
271 2859 466 2899 submiserit,
491 2860 535 2892 est
552 2860 635 2892 enim
655 2859 709 2891 illa
735 2857 866 2900 quaestio
881 2857 1007 2897 majoris
1022 2867 1056 2886 0-

194 2911 296 2942 perae,
319 2911 411 2943 quam
430 2910 465 2932 ut
485 2901 547 2933 hoe
565 2901 640 2933 loco
663 2900 867 2932 commodum
891 2898 1056 2940 perti-atta-

193 2943 219 2974 ri
241 2942 355 2984 poffi‘t,
379 2943 533 2982 maxime,
558 2942 579 2974 fi
599 2942 637 2973 de
656 2942 720 2974 hoc
735 2949 940 2981 argumento,
963 2948 1055 2979 quan-

194 2984 312 3015 tumvis
330 2984 473 3025 vulgari,
495 2994 560 3015 non
578 2984 719 3025 vulgaria
730 2988 935 3024 apponantur.
981 2979 1056 3012 Hoc

195 3034 289 3055 unum
310 3026 413 3056 notari
431 3025 526 3056 velim
538 3047 548 3063 ‚
572 3026 656 3066 quod
671 3025 701 3056 dt
716 3024 843 3065 proprie
864 3022 902 3054 ad
920 3030 983 3053 rem
1000 3031 1055 3053 no-

196 3064 286 3110 stram
312 3067 470 3106 pertinet,
502 3067 603 3107 legata
629 3075 730 3106 poenae
745 3065 893 3102 nomine,
916 3063 937 3096 ii
953 3063 991 3094 ab
1007 3063 1055 3094 his

196 3107 250 3144 ipii
279 3106 486 3147 imperatores
507 3106 732 3145 abstinuerint,
765 3114 800 3137 ut
817 3103 994 3137 abstinuisse
1009 3113 1054 3135 re-

194 3146 259 3177 fert
274 3146 510 3187 Tribonianus,
532 3158 596 3180 non
612 3157 648 3179 ca
664 3147 756 3179 fuisse
773 3147 873 3178 videri
886 3170 894 3185 ‚
906 3155 973 3186 quae
985 3146 1053 3177 vul-

194 3196 236 3226 go
255 3186 457 3232 perhibentur
474 3212 483 3225 ‚
514 3190 691 3230 quibusque
706 3197 740 3220 ut
757 3188 916 3229 privatus,
940 3186 1053 3217 nedum

193 3235 230 3259 ut
246 3227 392 3269 Princeps
411 3229 576 3262 abstineret
597 3253 605 3267 ‚
636 3230 720 3262 nulla
743 3228 868 3270 prorsus
884 3227 965 3260 ratio
980 3227 1052 3269 fingi

1097 1614 1226 1658 potest,
1248 1612 1299 1646 sed
1315 1613 1396 1652 alia,
1426 1612 1553 1654 majoris
1574 1613 1671 1655 longe
1691 1606 1829 1645 infamiae
1848 1613 1879 1646 ὅ(
1896 1621 1965 1646 tur-¹

1098 1655 1269 1700 pitudinis,
1294 1655 1397 1698 qualia
1415 1653 1485 1687 sunt
1501 1678 1512 1694 ‚
1535 1664 1606 1697 quae
1622 1664 1682 1687 nos
1696 1653 1787 1695 supra
1801 1653 1959 1697 descripsi-

1098 1706 1177 1731 mus.

1142 1739 1228 1772 Idem
1256 1739 1374 1772 dietum
1402 1737 1469 1770 esto
1485 1738 1524 1770 de
1538 1737 1718 1771 militibus:
1743 1747 1814 1770 nam
1832 1738 1899 1778 his,
1922 1745 1959 1770 ut

1098 1789 1134 1813 ut
1151 1782 1321 1822 plurimum
1337 1780 1481 1820 licuerit,
1494 1779 1579 1821 quod
1589 1779 1733 1812 aliisfuit
1747 1779 1965 1812 interdictum..

1099 1832 1163 1855 non
1183 1823 1275 1854 licuit
1296 1829 1400 1854 tamen
1417 1821 1520 1862 legare
1532 1831 1635 1863 poenae
1651 1821 1788 1854 nomine.
1807 1837 1809 1840 ⁴
1834 1820 1900 1854 Nec
1921 1830 1960 1851 ex

1099 1865 1204 1895 militis
1220 1865 1333 1906 quidem
1350 1861 1516 1904 testamento
1526 1886 1536 1903 ,
1559 1863 1706 1903 inquiunt
1721 1861 1938 1894 Institutiones
1946 1884 1962 1901 ,⁴

1100 1906 1175 1936 talia
1192 1906 1293 1948 legata
1310 1905 1450 1936 valebant
1461 1905 1617 1946 ‚quamvis
1632 1904 1698 1935 aliae
1713 1904 1840 1936 militum
1856 1903 1958 1934 volun-

1099 1953 1174 1978 tates
1191 1948 1224 1978 in
1243 1947 1414 1979 ordinandis
1430 1945 1610 1988 testamentis
1627 1946 1713 1977 valde
1725 1944 1958 1986 observabantur.

1098 1987 1175 2020 Non
1192 1988 1271 2027 alia,
1294 1989 1427 2031 opinor,
1459 1988 1583 2019 ratione
1598 2009 1610 2025 ,
1632 1996 1724 2028 quam
1741 1985 1828 2028 quod
1846 1993 1960 2017 contra

1097 2029 1200 2061 bonos
1218 2039 1324 2062 mores
1339 2029 1461 2061 fuerint
1485 2027 1638 2068 ejusmodi·
1655 2028 1774 2068 legata,
1799 2034 1835 2058 ut
1851 2035 1962 2058 revera

1098 2069 1192 2109 sunt,
1222 2081 1292 2112 quae
1316 2080 1374 2103 nos
1397 2069 1459 2102 ess'e
1475 2069 1627 2101 diximus.
1669 2069 1742 2112 Qua
1757 2067 1820 2110 ipsa
1836 2067 1962 2100 ratione

1100 2119 1159 2143 nec
1186 2112 1370 2153 captatoriae
1395 2110 1608 2143 institutiones
1631 2110 1778 2141 valebant
1804 2119 1844 2141 ex
1868 2108 1959 2141 testa-

1099 2160 1209 2184 mento
1227 2154 1355 2192 militis,
1379 2150 1639 2193 quemadmodum
1657 2150 1727 2182 haec
1744 2150 1839 2182 latius
1856 2150 1962 2183 sumus

1098 2193 1282 2235 prosequuti
1303 2194 1445 2235 Opusculo
1465 2195 1498 2225 de
1521 2193 1699 2232 Captatoriis
1725 2190 1961 2234 Institutionibus

1098 2236 1129 2267 C.
1155 2235 1200 2267 X.
1224 2235 1265 2277 vs}
1289 2237 1431 2277 quamvis.

1142 2276 1239 2308 Addit
1259 2277 1475 2309 Tribonianus
1492 2276 1656 2318 placuisse,
1668 2286 1720 2308 nec
1738 2276 1901 2308 libertatem
1904 2281 1961 2316 poe·

1098 2328 1141 2350 πω
1154 2319 1267 2350 nomine
1286 2320 1352 2350 dari
1364 2318 1448 2360 poffe.
1494 2318 1529 2350 ld
1550 2317 1648 2359 ipsum
1667 2318 1769 2349 innuit
1787 2317 1960 2358 Imperator

1099 2360 1131 2392 in
1159 2360 1179 2391 l.
1203 2369 1253 2392 un.
1291 2361 1324 2393 C.
1351 2361 1384 2391 de
1414 2360 1476 2392 His
1498 2369 1557 2401 qua
1574 2366 1651 2401 poen.
1676 2369 1750 2390 nom.
1774 2359 1879 2400 relinq.
1902 2357 1961 2388 lar-

1100 2401 1188 2442 giens
1208 2400 1330 2434 scilieet
1342 2423 1353 2439 ‚
1375 2401 1469 2432 hodie
1491 2401 1669 2433 libertatem
1685 2409 1785 2440 poenae
1804 2397 1893 2430 ca'usa
1908 2397 1960 2429 da-

1099 2444 1126 2474 ri
1145 2442 1241 2484 posse.
1288 2443 1375 2476 Olim
1393 2453 1455 2474 non
1477 2449 1620 2483 poterat,
1666 2440 1786 2472 uamvis
1804 2439 1960 2472 libertatis

1100 2491 1206 2516 tantus
1229 2485 1261 2516 in
1287 2485 1359 2525 Jure
1385 2485 1499 2525 ubique
1524 2482 1616 2515 favor
1655 2489 1680 2514 it
1696 2504 1706 2520 ,
1730 2489 1789 2512 nec
1804 2487 1930 2521 poterat
1949 2503 1960 2520 ‚

1101 2525 1173 2566 quia
1190 2526 1296 2558 eadem
1315 2524 1419 2557 rursus
1437 2523 1622 2566 prohibendi
1634 2522 1724 2555 causa
1744 2528 1811 2553 erat
1832 2521 1960 2563 impedi-

1100 2574 1222 2599 mento.
1245 2567 1342 2612 Quod
1360 2575 1464 2598 autem
1478 2566 1521 2597 ait
1540 2565 1578 2596 de
1594 2563 1760 2601 libertate,
1783 2572 1886 2602 poenae
1907 2572 1963 2594 no-

1100 2608 1204 2647 mine,
1227 2618 1291 2640 non
1307 2606 1524 2644 concedenda,
1548 2614 1657 2636 verum
1677 2604 1755 2643 erit,
1773 2603 1834 2636 sive
1853 2611 1961 2677 agatur

1100 2649 1139 2680 de
1159 2647 1255 2681 servis
1276 2648 1454 2685 testatoris,
1478 2646 1541 2679 five
1564 2645 1656 2688 ipsius
1681 2645 1833 2684 haeredi53
1871 2645 1908 2676 ed
1926 2645 1961 2677 il-

1100 2689 1255 2722 lustranda
1271 2699 1319 2721 res
1334 2688 1379 2721 est
1395 2688 1566 2729 exemplis,
1592 2687 1649 2719 vix
1666 2686 1805 2728 alioquin
1821 2694 1899 2728 puto
1917 2686 1961 2718 in-

1102 2731 1201 2771 telligi
1212 2753 1223 2769 ,
1246 2730 1322 2771 quid
1339 2730 1392 2763 iibi
1410 2729 1488 2761 velit
1504 2729 1572 2760 haec
1589 2729 1629 2760 de
1645 2728 1792 2762 libertate
1815 2728 1959 2759 enuncia-

1101 2771 1158 2802 tio.
1203 2771 1368 2812 Propone,
1393 2771 1465 2802 Pam
1491 2770 1557 2802 hilo
1578 2770 1680 2802 datam
1699 2768 1760 2801 ess'e
1781 2769 1959 2800 libertatem

1100 2812 1154 2844 sub
1169 2812 1353 2844 conditione
1371 2812 1467 2852 impoi
1480 2811 1568 2850 ibili‚
1592 2810 1705 2843 illicita
1721 2833 1731 2850 ,
1761 2810 1811 2842 vel
1828 2810 1962 2851 probro-

1099 2851 1150 2892 sa,
1171 2854 1299 2886 libertas
1316 2854 1425 2894 utique
1442 2853 1597 2893 competit
1613 2875 1623 2891 ,
1655 2852 1685 2884 δε
1703 2851 1829 2883 tollitur
1850 2851 1959 2883 dunta-

1097 2903 1153 2926 xat
1169 2895 1334 2932 conditio,
1356 2903 1424 2935 quae
1444 2894 1488 2926 ita
1506 2892 1658 2934 adscripta
1678 2891 1741 2930 est,
1764 2899 1801 2923 ut
1820 2890 1959 2933 supradi-

1098 2936 1130 2968 xi
1155 2936 1188 2968 C.
1213 2936 1268 2967 lV.
1294 2934 1365 2975 sed,
1391 2945 1425 2966 ur
1445 2935 1488 2966 ibi
1509 2944 1636 2977 quoque
1654 2934 1820 2971 dicebam,
1842 2933 1956 2974 nequi-

1098 2977 1168 3009 dem
1184 2976 1230 3008 est
1247 2977 1382 3018 legatum
1401 2986 1501 3017 poena:
1522 2976 1650 3008 nomine
1665 2997 1676 3013 ,
1707 2975 1728 3007 ii
1746 2975 1782 3006 ad
1799 2973 1897 3015 ipsum
1914 2973 1958 3006 le-

1098 3018 1250 3059 gatarium
1268 3017 1421 3049 referatur
1437 3017 1581 3049 conditio
1600 3040 1612 3056 ,
1644 3025 1676 3048 at
1693 3015 1912 3054 solummodo,
1934 3012 1957 3046 si

1098 3059 1135 3091 ad
1157 3068 1249 3097 eum,
1280 3069 1296 3090 a
1316 3068 1380 3100 quo
1410 3059 1551 3100 legatur,
1573 3058 1688 3099 quique
1703 3057 1781 3088 adeo
1794 3056 1957 3088 damnatur

1096 3100 1149 3132 vel
1166 3100 1345 3132 conditioni
1367 3109 1494 3141 parere,
1515 3099 1567 3132 vel
1585 3101 1721 3141 legatum
1737 3096 1890 3139 praestare.
1922 3095 1954 3128 Si

1096 3141 1192 3185 igitur
1211 3140 1331 3182 jusserit
1350 3140 1496 3180 testator,
1521 3149 1558 3173 ut
1573 3140 1669 3172 haeres
1686 3139 1818 3181 patriam
1833 3137 1958 3180 prodar.

1098 3185 1127 3216 ἃ
1139 3206 1151 3222 ,
1173 3183 1226 3215 niii
1246 3181 1435 3223 prodiderit,
1453 3182 1653 3214 manumittat
1669 3179 1814 3212 Stichum
1830 3178 1953 3211 testato-

1097 3226 1138 3256 ris
1150 3248 1159 3264 ,
1185 3225 1235 3256 vel
1254 3223 1382 3256 Erotem
1408 3223 1427 3256 s
1425 3232 1495 3256 uum
1510 3246 1518 3261 ‚
1541 3223 1602 3256 erit
1623 3222 1683 3253 hoc
1701 3221 1837 3262 legatum
1853 3228 1952 3260 poena:

1896 3269 1950 3290 no-
