2008 3436
232 156 679 200 OBSERVATIONUM
730 152 867 205 JURIS
915 151 1128 190 ROMANI
1177 154 1265 190 LlB.
1295 155 1396 192 Vlll.
1450 157 1489 193 C.
1527 156 1645 194 XXV.

54 245 188 292 patriam
211 242 249 279 fic
270 242 436 286 obligatior
488 239 636 283 Cujaeius
667 238 824 271 Comment.
840 233 915 283 post.

55 291 95 323 ad
116 290 146 321 d.
169 288 190 320 1.
213 297 242 320 2.
267 295 339 318 eum
352 285 522 317 verborum
540 282 681 315 ordinem
697 277 916 324 reprehendit,

55 333 88 365 ἀ
104 330 235 374 patriam
254 326 438 370 parentibus
465 335 528 367 prae
552 324 605 357 oni
623 321 745 367 voluit..
783 320 854 365 Ego
872 328 918 351 ni-

54 373 100 406 hil
116 369 329 414 reprehendo,
351 368 402 401 sed
419 368 530 401 Marce
545 367 577 399 lo
602 362 780 397 accesserim
799 371 830 392 in
846 370 919 408 cau-

53 414 87 448 sa
103 411 344 456 perduellionis,
369 410 421 442 ubi
443 409 481 440 de
499 408 597 440 salute
618 406 727 451 patriai
742 413 791 435 res
805 411 919 444 agitur.

52 456 144 490 Salus
167 453 277 500 populi
302 450 441 494 suprema
462 451 515 482 lex
536 447 612 481 esto.
658 447 764 487 MaJus
774 453 920 492 momen-

53 507 125 530 tuin
151 497 290 528 veriatur
314 494 346 525 in
368 491 467 525 salute
489 491 597 533 patriae
612 512 624 528 ,
653 497 747 530 quam
772 485 922 534 in'salute

52 539 168 582 patris,
200 537 230 569 ὅ(
247 535 299 577 qui
316 533 448 576 patriam
474 533 596 573 perdit,
618 531 715 563 etiam
734 528 836 571 perdit
856 551 866 568 ,
890 527 921 558 δι

54 586 208 622 quantum
225 577 256 608 in
277 575 306 609 se
324 574 389 614 est,
412 574 552 606 hostibus
571 572 685 613 objicit
703 579 834 614 pati-em.
859 569 919 616 Ac-

55 620 141 654 cedit
161 616 262 651 causae
291 617 434 658 justitia,
465 625 536 657 quae
573 614 692 656 semper
723 611 921 657 praesumitur

53 668 167 696 contra
192 658 378 701 perduelles.
422 658 486 691 Ubi
511 666 589 689 vero
613 655 716 703 agitur
733 654 771 686 de
789 652 921 698 officiis,

55 703 132 745 quin
159 701 211 733 vel
230 700 270 732 de
290 699 355 733 sola
381 700 539 738 utilitate,
563 706 660 740 patris
676 695 799 728 causam
814 701 922 736 patria:

54 742 237 786 praeferrem
253 765 264 782 ,
295 751 354 774 nec
367 742 561 780 dubitarem,
593 739 615 772 fi
631 739 700 780 quis
714 747 764 769 me
779 735 924 768 heredem

56 785 227 823 scriberet,
259 792 295 815 ut
310 783 393 815 bona
416 781 487 824 post
504 789 639 813 mortem
657 789 774 819 meam,
799 777 851 809 vel
873 784 923 817 pa-

58 827 127 859 triae
157 825 210 857 vel
263 825 321 856 atri
348 834 406 866 pro
429 823 562 856 arbitrio
588 821 802 859 restituerem,
826 827 890 864 riou
911 839 922 856 ‚

55 869 204 940 '‘Qus'’
252 866 428 939 negarem„
450 860 923 938 ¹³²¹“2310‘22022pa‘e‘35055i2512e‘

57 916 491 992 I'eompgntiffiiilselgulegrlgrqriri
516 950 544 979 d.
575 915 650 979 l.p2‘.
671 914 772 985 lpeque
789 943 866 975 adeo
886 922 924 972 de

58 992 188 1025 turbato
210 991 378 1022 verborum
392 989 503 1021 ordine
520 989 602 1020 ullus
622 986 759 1028 querelae
782 985 882 1030 locus.
905 1025 911 1030 ¹

104 1032 164 1066 XI.
200 1032 261 1064 Dos
287 1038 339 1063 aut
361 1032 467 1068 datur,
497 1035 548 1060 aut
564 1030 696 1065 dicitur,
714 1031 766 1057 aut
775 1029 923 1066 promitti-⁷

59 1081 129 1113 tur,
159 1071 342 1109 verbasunt
369 1070 493 1112 Ulpiani
523 1069 581 1101 Tit.
607 1068 661 1101 VI.
696 1066 816 1110 Fragm.
842 1065 870 1107 ἓ.
896 1074 923 1097 ι,

60 1115 148 1159 Quid
168 1115 221 1146 illa
237 1113 408 1154 ligniiicent
419 1133 430 1149 ,
454 1111 491 1143 ab
507 1110 576 1143 aliis
589 1109 710 1142 abunde
728 1107 923 1150 explicatum

59 1157 113 1191 ost.
160 1154 204 1186 Ut
222 1163 324 1185 autem
343 1154 424 1185 inter
439 1161 548 1184 omnes
566 1161 630 1184 non
656 1152 799 1188 conllat,
822 1158 860 1181 an
878 1150 925 1179 do-

60 1200 98 1232 tis
127 1196 212 1228 dictio
235 1194 466 1227 solemnitatem
490 1192 708 1226 desideraverit
722 1216 733 1232 ‚
767 1192 811 1224 ita
833 1190 926 1232 plane

62 1235 184 1273 constat
197 1259 207 1276 ,
224 1235 432 1279 proiiiiffionein
447 1234 642 1273 deliderass'e,
668 1243 726 1266 nec
745 1242 813 1265 eam
834 1231 926 1264 intel-

60 1281 84 1317 li
108 1281 115 1286 “
134 1278 195 1311 fine
213 1278 333 1320 praevia
357 1277 577 1320 stipulatione:
611 1285 682 1308 nam
699 1284 739 1306 ex
756 1275 824 1316 iure
839 1282 927 1306 novo

59 1289 125 1362 eff,
158 1320 242 1362 quod
265 1320 323 1351 dos
344 1319 438 1351 etiam
466 1328 504 1349 ex
530 1317 620 1359 pasto
637 1316 721 1358 exigi
739 1315 831 1358 poffit
853 1315 875 1346 l.
896 1317 928 1347 6.

63 1364 97 1398 C.
123 1364 156 1395 de
177 1361 249 1394 Dot.
269 1359 396 1402 protiiiff.
421 1359 456 1395 69⁹
474 1361 544 1391 nuci.
564 1359 689 1400 pollicit.
736 1357 842 1399 Atque
858 1356 930 1388 1nde

58 1405 123 1439 effe
139 1402 297 1436 existimat
319 1401 467 1442 Cujacius
494 1401 524 1433 in
550 1399 622 1433 Not.
648 1400 686 1432 ad
709 1401 738 1432 d.
762 1398 790 1441 §.
817 1407 843 1432 1.
868 1405 904 1430 ut
919 1421 929 1438 ,

85 1447 175 1479 uibus
192 1445 223 1476 in
238 1444 317 1476 locis
333 1443 505 1475 Prudentes
522 1441 728 1484 scripserant,
753 1443 812 1473 doti
823 1441 932 1479 dicere,

98 1487 281 1521 ribonianus
305 1483 495 1525 rescripserit
514 1506 525 1523 ‚
557 1485 617 1515 doti
628 1485 798 1524 promittere
810 1505 822 1522 ,
842 1480 930 1521 inusi-

59 1534 150 1568 tata,
173 1528 298 1570 inquit,
322 1526 454 1568 loquendi·
464 1527 586 1566 forma,
608 1534 648 1556 eo
668 1525 823 1557 adducens
845 1524 928 1566 l.31.

61 1570 94 1614 §.
120 1580 146 1603 1.
171 1568 211 1611 ff.
245 1569 278 1600 de
310 1567 472 1600 Novation.
503 1568 524 1599 l.
547 1576 597 1608 79.
628 1565 656 1608 §.
686 1576 712 1598 1.
733 1566 773 1608 ff.
798 1567 832 1598 de
854 1564 930 1608 Jure

62 1614 122 1645 dot.
145 1611 166 1643 1.
191 1620 242 1654 31.
299 1634 306 1642 .
333 1619 358 1641 1.
393 1610 423 1642 δι
451 1610 473 1642 l.
495 1620 546 1650 44.
577 1608 607 1650 §0
635 1618 662 1640 1.
686 1607 727 1650 ff.
756 1608 849 1640 Solut.
869 1617 930 1638 ma-

61 1656 143 1688 crim.
179 1654 209 1686 &
239 1651 276 1684 ad
296 1660 350 1684 ens
380 1652 401 1683 l.
425 1662 476 1694 33.
490 1650 530 1692 ff.
553 1651 586 1682 de
610 1649 698 1682 Paft.
723 1649 764 1683 L.
790 1649 849 1682 XI.
871 1648 931 1681 Ob·

55 1696 139 1740 serv.
164 1695 198 1727 C·
222 1704 270 1733 29.>
303 1693 333 1726 δι
357 1693 387 1733 ΔΖ,
411 1703 441 1726 2.
466 1692 494 1735 §.
519 1702 550 1767 ἶ.
565 1692 607 1734 ff.
633 1693 666 1723 de
692 1691 768 1724 Reb.
792 1692 867 1724 cred.
890 1689 932 1737 L.

60 1735 191 1773 XXIII.
206 1733 341 1776 observ.
364 1734 400 1778 C.
427 1739 475 1771 18.
537 1734 558 1766 d
581 1732 687 1776 ipsum
696 1733 826 1775 repetiit
841 1732 936 1773 variis

58 1779 166 1819 locis,
195 1777 233 1810 ab
251 1775 326 1809 aliis
351 1777 497 1810 indicatis
513 1800 525 1815 ‚
554 1776 585 1808 ὅ(
605 1776 636 1808 in
665 1776 733 1816 ejus
748 1774 935 1808 sententiam

117 1825 184 1853 tum
199 1828 263 1853 non
279 1827 389 1852 omnes
405 1818 597 1860 Interpretes
617 1817 823 1856 transierunt,
840 1816 936 1850 etiam

97 1871 283 1896 otomanus*
299 1858 406 1909 ρπβ.
443 1858 556 1902 Illustr.
580 1859 640 1893 XI.
665 1859 716 1891 ubi
733 1858 935 1900 facinorosum

61 1903 277 1941 Meuianum
294 1906 339 1937 ait,
357 1904 417 1935 doti
432 1904 527 1935 dicere
547 1912 565 1934 e
583 1900 748 1934 Pandectis
764 1901 934 1942 expunxis-

61 1943 112 1986 st,
137 1946 167 1979 &
192 1944 303 1979 nescio
325 1950 398 1986 quae
417 1944 477 1977 alia
505 1942 704 1976 substituisse.
751 1941 819 1985 Ipse
843 1942 936 1975 locos

62 1986 171 2027 iamt,
202 1987 333 2029 &Kalii,
364 1995 400 2018 ut
423 1995 590 2019 numerum
618 1992 791 2028 augerent,
813 1984 936 2016 addide-

61 2037 138 2062 runt
163 2029 253 2062 alios.
273 2056 277 2059 .
297 2028 361 2062 Sed
381 2028 457 2069 quid
483 2027 608 2069 prodest
635 2027 694 2059 hos
710 2036 821 2059 omnes
836 2035 936 2058 excu-

61 2070 154 2107 tere?
186 2070 271 2118 Quia
297 2080 337 2103 ex
369 2068 439 2102 solo
465 2069 558 2111 pasto
572 2068 641 2110 jure
657 2078 746 2101 novo
761 2068 820 2100 dos
835 2068 934 2110 exigi-

63 2117 137 2151 tur,
168 2111 384 2146 Tr-ibonianus
407 2111 548 2143 dicendae
570 2110 656 2143 dotis
678 2120 744 2142 non
760 2110 905 2142 meminit
923 2133 934 2150 ,

65 2150 120 2184 sed
134 2151 154 2184 f
256 2162 332 2193 uta,
378 2163 426 2185 uae
444 2153 483 2184 de
497 2152 636 2184 dictione
649 2152 735 2184 dotis
755 2150 936 2193 supererant

66 2193 180 2235 apud]
214 2202 283 2233 tos,
307 2195 339 2228 in
381 2194 523 2227 andeoas
538 2203 603 2226 non
617 2193 747 2232 retulit3
771 2192 848 2226 esto.
890 2193 936 2226 At

67 2243 148 2266 tero
177 2243 247 2277 quae
274 2236 319 2268 ibi
343 2236 453 2269 retulit
467 2236 506 2267 de
524 2235 610 2267 dotis
625 2235 850 2277 promiffione,
874 2245 936 2278 qua

66 2275 193 2308 tatione
216 2276 358 2309 dabimus
378 2276 579 2309 Triboniano
596 2277 614 2308 ⁴?
646 2275 807 2318 promiffio
823 2277 936 2319 utique

65 2316 154 2350 dotis
169 2327 196 2350 ae
218 2327 259 2349 ue
272 2319 353 2360 apud
366 2325 490 2350 veteres
517 2316 755 2359 frenquentata‚
778 2328 873 2360 quam
889 2319 935 2350 di-

66 2357 143 2405 dio.
223 2369 304 2401 eque
327 2359 459 2399 mulier,
490 2367 599 2401 pater,
623 2368 700 2391 avus
713 2366 880 2401 paternus,
905 2361 936 2393 &

66 2398 182 2442 reliqui
239 2410 254 2433 r
270 2401 396 2434 virilem
412 2399 518 2433 sexum
545 2399 765 2433 adscendentes
782 2402 875 2434 dotem
891 2402 936 2433 diss

15 2456 18 2459 ·
67 2441 172 2486 <ebant
213 2449 365 2483 uncant,
388 2440 439 2474 sed
466 2442 496 2474 ὅ(
518 2443 750 2483 promittebant,-
769 2443 851 2475 unde
869 2452 937 2475 rnu-

69 2479 138 2535 {leri
162 2490 253 2518 tutor
280 2484 382 2519 datus.
397 2483 436 2515 ad
455 2483 566 2517 dotem
581 2482 731 2524 dandam,
754 2483 939 2524 dicendam,

1760 159 1828 202 283

960 237 998 274 δ’
1009 237 1237 278 promittendam
1248 258 1259 275 ,
1284 241 1321 266 ut
1342 235 1387 267 est
1403 237 1483 277 apud
1501 237 1673 279 Ulpianum
1698 236 1830 271 mxl.-

961 280 1085 321 Fragm.
1118 277 1146 320 §.
1178 287 1228 310 20.
1260 277 1290 309 ὅ(
1314 276 1498 317 simpliciter
1521 280 1677 320 Ulpianus
1696 281 1726 312 ὅς
1746 281 1777 312 in
1799 281 1828 311 d,

961 323 990 365 §.
1020 330 1046 352 1.
1080 320 1111 352 &
1139 319 1172 351 in
1201 320 1230 351 d.
1261 317 1289 360 §.
1322 328 1371 351 20.
1399 319 1499 350 utitur
1516 329 1598 351 voce
1611 323 1802 360 promittendi
1818 343 1830 360 ,

984 365 1053 397 lane
1074 370 1110 394 ut
1126 368 1259 393 utuntur
1277 360 1390 400 reliqui
1408 359 1478 399 JCti
1494 360 1525 393 i11
1544 361 1592 392 his
1604 383 1616 400 ,
1646 372 1721 403 quas
1734 363 1800 395 dixi
1821 382 1831 401 ,

961 374 1094 448 iegibus.
1140 403 1238 450 Quod
1255 401 1494 443 intelligendum
1513 426 1522 442 ,
1547 411 1588 434 ex
1609 401 1664 434 usu
1684 404 1767 436 illius
1792 413 1833 435 ae-

962 449 1015 488 vi,
1039 446 1079 478 de
1096 444 1317 487 promissione,
1342 453 1411 484 quae
1435 442 1471 475 fit
1487 444 1685 485 praecedente
1704 445 1836 476 interro-

963 489 1092 535 gatione
1110 509 1121 526 ,
1153 496 1219 518 non
1247 486 1286 517 de
1308 494 1359 524 ea,
1385 494 1455 526 quae
1473 485 1610 518 nascitur
1627 495 1665 517 ex
1681 486 1767 517 nudo
1780 495 1834 531 pa-

964 533 1037 569 cto,
1061 537 1098 561 ut
1116 528 1265 560 videntur
1283 526 1481 568 intelligere,
1512 527 1565 569 qui
1583 527 1806 559 emblematum
1823 547 1836 565 ,

963 581 1055 616 quam
1075 580 1096 602 ο
1120 577 1224 608 ortet,
1250 568 1447 601 studiosiores
1466 568 1547 601 sunt.
1591 568 1667 601 Nori
1684 576 1777 601 vacat
1791 568 1840 600 di·

964 613 1051 657 gredi
1071 622 1087 643 a
1131 611 1264 653 singulas
1291 611 1391 652 leges,
1447 620 1494 642 uae
1511 610 1770 652 interpolationis
1787 618 1837 642 ac-

965 654 1114 688 cusantur
1126 675 1136 692 ,
1161 652 1211 684 sed
1227 652 1288 685 fide
1306 661 1372 683 mea
1393 661 1411 684 e
1438 662 1455 684 e
1471 652 1586 692 jubeo,
1609 652 1727 684 nullam
1736 662 1777 683 ex
1788 651 1839 683 his

965 696 1047 736 esse,
1081 704 1150 736 quae
1175 703 1239 726 non
1262 694 1301 725 de
1323 693 1524 735 promistione
1545 693 1677 726 solemni
1693 702 1837 725 commo-

965 739 1040 771 dum
1056 735 1158 777 accipi
1175 735 1289 777 potest.
1336 735 1434 782 Quod
1449 744 1555 767 autem
1572 736 1602 768 in
1621 736 1784 768 nonnullis
1794 735 1839 767 di-

965 788 1056 812 catur
1065 802 1077 818 ,
1099 779 1159 809 doti
1169 780 1341 818 promittere
1352 799 1363 815 ,
1387 776 1494 809 nescio
1504 801 1514 817 ,
1546 787 1603 809 cur
1620 776 1840 819 iizufitatoefor-

965 832 1016 853 mce
1040 818 1196 852 adscribat
1218 818 1386 859 Cujacius,
1420 819 1470 858 δε,
1502 819 1523 851 si
1544 818 1779 851 adscribendum
1795 827 1842 850 es—

967 862 1034 902 set,
1063 870 1120 894 cur
1143 861 1241 902 magis
1270 860 1493 900 Triboniaiio,
1518 870 1609 902 quam
1628 860 1737 903 priscis
1754 859 1844 901 JCtis

969 905 1152 936 tribuamus.
1205 901 1388 934 Promittere⁴
1406 903 1465 933 doti
1487 903 1531 934 est
1561 903 1749 944 promittere
1773 910 1842 934 rem

968 947 1021 978 vel
1038 944 1221 988 pecuniam,
1245 943 1313 975 doti
1339 943 1499 984 futuram,
1534 944 1564 976 &
1582 953 1617 976 ut
1632 944 1766 976 dicimus
1778 950 1848 985 pros

965 989 1080 1019 mittere
1100 986 1160 1017 doti
1185 994 1244 1026 pro
1269 986 1302 1015 iii
1326 987 1442 1023 dotem,
1474 986 1516 1017 ita
1543 985 1680 1017 dicimus
1698 987 1766 1017 dare
1780 986 1843 1016 doti

966 1038 1026 1070 pro
1045 1030 1078 1060 in
1094 1029 1196 1059 dotem.
1243 1025 1298 1058 Est
1316 1026 1371 1058 illa
1398 1026 1547 1067 loquutio
1573 1028 1604 1059 in
1629 1027 1650 1059 l,
1673 1030 1727 1059 62.
1742 1026 1784 1069 ff.
1808 1028 1844 1060 de

967 1070 1046 1111 Jure
1066 1070 1123 1101 dot.
1147 1068 1168 1099 l.
1194 1072 1246 1102 82.
1261 1068 1304 1109 ff.
1326 1069 1360 1099 de
1386 1067 1528 1099 solution.
1553 1069 1583 1101 ἀ
1602 1069 1683 1111 apud
1697 1067 1844 1103 Nonium

966 1113 999 1144 in
1023 1110 1236 1150 Receptitz'um.

1011 1152 1087 1186 XII.
1108 1151 1269 1197 Exemplo
1287 1159 1384 1192 grave
1403 1149 1469 1191 est,
1491 1160 1533 1184 ex
1552 1150 1621 1183 solo
1639 1151 1712 1183 stilo
1728 1151 1847 1184 Tribo-

969 1195 1117 1233 nianum,
1142 1202 1202 1234 qua
1217 1191 1503 1234 interpolatorem,
1524 1193 1680 1225 arrodere.
1734 1193 1777 1225 Et
1803 1202 1848 1226 ta-

970 1246 1043 1269 men
1059 1245 1112 1274 ea,
1147 1243 1211 1267 non
1240 1234 1300 1266 alia
1319 1234 1464 1274 ratione,
1489 1234 1681 1267 Triboniani
1703 1234 1765 1267 esse
1782 1244 1850 1267 cre-

971 1278 1057 1310 ditur
1079 1277 1102 1310 l.
1126 1285 1176 1318 25.
1195 1274 1236 1317 ff.
1261 1277 1295 1307 de
1317 1275 1437 1308 Probat.
1490 1277 1621 1318 Signum
1650 1276 1768 1308 extulit
1785 1276 1848 1309 Cu-

971 1320 1070 1362 jacius
1094 1319 1135 1351 L.
1157 1317 1254 1350 XXI.
1280 1317 1405 1358 Olgserv.
1433 1318 1467 1350 C.¹
1492 1322 1543 1351 26.
1565 1318 1758 1360 applaudunt
1780 1318 1851 1351 Ho-

973 1369 1140 1400 tomanus,
1162 1359 1346 1397 Merillius,
1376 1360 1558 1392 Bachovius
1577 1383 1588 1399 ‚
1614 1360 1644 1392 &
1661 1360 1716 1401 qui
1735 1369 1799 1392 non
1816 1369 1850 1392 a·

973 1402 1035 1436 lii?
1062 1401 1285 1434 prolixitatem
1310 1400 1373 1433 stili
1397 1400 1546 1434 accusant
1565 1426 1575 1442 ‚
1606 1400 1658 1433 sed
1673 1401 1712 1433 de
1728 1402 1825 1434 variis
1838 1425 1853 1442 ,

974 1453 1045 1486 quae
1060 1444 1103 1476 ibi
1122 1444 1295 1476 tractantur
1312 1467 1322 1483 ,
1360 1441 1523 1484 speciebus
1541 1453 1636 1476 nemo
1650 1443 1769 1475 dixerit
1782 1445 1853 1476 bre—

974 1486 1067 1526 vius,
1091 1495 1184 1527 quam
1201 1484 1284 1517 dixit
1301 1484 1424 1517 Paulus.
1471 1484 1564 1517 Nihil
1585 1495 1713 1531 quoque
1734 1485 1777 1517 ibi
1794 1483 1854 1525 est,

972 1527 1058 1570 quod
1078 1527 1360 1570 Jurispriidentiam
1384 1535 1527 1559 veterem
1545 1549 1557 1566 ,
1589 1527 1734 1568 quinimo
1750 1527 1856 1567 nihil,

974 1568 1060 1611 quod
1078 1569 1234 1601 rationem
1252 1567 1404 1601 offendat.
1450 1567 1502 1600 De
1523 1567 1596 1600 stilo
1615 1568 1719 1600 omnis
1743 1577 1856 1610 quere-

975 1611 1005 1644 la
1020 1609 1083 1650 est,
1109 1611 1140 1643 &
1158 1611 1190 1642 in
1197 1609 1317 1684 ¹primis
1344 1609 1418 1643 illos
1442 1618 1574 1650 movet,
1599 1609 1685 1651 quod
1710 1610 1743 1642 in
1767 1609 1796 1651 §.
1822 1617 1853 1644 1.

975 1651 1141 1686 manifeste
1155 1652 1194 1683 de
1209 1652 1311 1693 cripta
1328 1650 1365 1683 fit
1380 1651 1525 1684 conditio
1541 1651 1709 1691 monachi,
1720 1651 1769 1684 his
1780 1661 1852 1684 ver-

977 1695 1044 1734 bis,
1075 1695 1137 1726 vir.
1151 1692 1344 1734 simplicitate
1370 1695 1502 1736 gaudens
1523 1692 1559 1729 &¹
1587 1691 1700 1731 defidiae
1726 1695 1853 1727 deditus.

977 1736 1038 1770 Sed
1060 1745 1126 1768 non
1143 1735 1223 1767 alius
1239 1733 1292 1766 hic
1307 1733 1495 1766 describitur
1510 1735 1608 1766 homo
1617 1756 1629 1773 ‚
1658 1743 1751 1776 quam
1767 1735 1855 1768 rudis

979 1777 1011 1811 &
1037 1777 1163 1820 ignarus
1177 1799 1190 1816 ,
1221 1775 1400 1818 quicunque
1420 1775 1467 1809 fit.¹
1512 1775 1618 1809 Prima
1633 1775 1734 1818 phrafi
1751 1777 1856 1810 utitur

980 1819 1011 1852 δι
1026 1818 1217 1852 Scholiastes
1229 1830 1243 1858 ,’
1264 1817 1318 1859 qui
1336 1818 1466 1850 Servius
1485 1818 1622 1858 dicitur,
1647 1817 1799 1851 Prob'emio
1815 1818 1858 1851 ad

980 1859 1276 1902 Bucolicavirgilii
1301 1860 1335 1891 in
1355 1861 1453 1901 princ.
1483 1860 1637 1902 Personae,
1659 1860 1784 1903 inquit,
1805 1861 1857 1892 hie

978 1901 1192 1945 rusticaeszmt,
1216 1911 1468 1935 SIMPLICITATE
1494 1911 1729 1942 οΑυῡΕΝτΕε,
1756 1912 1776 1934 a
1790 1902 1857 1945 qui·

980 1946 1030 1976 bui·
1044 1944 1123 1976 nihil
1140 1942 1233 1976 altum
1253 1944 1337 1974 debet
1352 1945 1473 1986 requiri⁴
1517 1943 1612 1985 Agite
1630 1945 1747 1984 ruitur,
1770 1944 1855 1977 &ex

980 1986 1030 2018 his
1055 1986 1177 2028 aliquos
1200 1984 1373 2018 monachos
1398 1985 1536 2018 educite.
1584 1984 1631 2017 De
1657 1987 1710 2017 diae
1737 1987 1856 2018 deditus

979 2027 1026 2060 est
1053 2037 1166 2060 vecors
1180 2051 1189 2066 ,
1223 2027 1255 2059 &
1275 2026 1321 2058 rei
1348 2026 1483 2068 privatae
1505 2026 1682 2059 incuriosus
1709 2027 1740 2060 &
1757 2027 1858 2069 negli-

979 2078 1075 2111 gens,
1109 2076 1145 2101 ut
1172 2069 1256 2101 recte
1281 2069 1458 2109 explicavit
1473 2069 1609 2110 Jacobus
1630 2066 1857 2102 Gothofredus

982 2112 1088 2143 Comm.
1119 2110 1157 2142 ad
1188 2111 1209 2143 l.
1232 2114 1285 2153 63.
1318 2111 1350 2142 C.
1377 2109 1483 2142 Theod.
1506 2112 1539 2142 de
1564 2109 1724 2144 Decurion.
1747 2110 1857 2144 derifis

979 2151 1126 2191 Graecis,
1147 2153 1202 2194 qui
1223 2153 1253 2184 ἀ
1267 2162 1308 2184 ex
1327 2161 1363 2184 ea
1383 2151 1416 2184 lo
1441 2153 1573 2184 uutione
1588 2153 1778 2185 monachum
1799 2161 1857 2185 ex·

979 2192 1138 2236 sculpunt.
1163 2193 1207 2226 Et
1224 2194 1309 2226 reue
1322 2192 1388 2236 ipse
1405 2203 1426 2225 o
1451 2192 1573 2234 servat,
1600 2194 1774 2226 monachos
1789 2203 1858 2228 non

978 2235 1163 2277 fimpliciter
1177 2235 1239 2267 dici
1257 2234 1552 2279 ignavioesestatores
1569 2235 1601 2268 in
1622 2235 1642 2268 l.
1656 2240 1708 2268 26.
1722 2236 1756 2268 C.>
1795 2234 1852 2277 ufi.

978 2277 1043 2310 five
1063 2278 1095 2309 in
1130 2280 1160 2309 d.
1184 2277 1205 2309 l.
1226 2282 1278 2320 63.
1315 2277 1345 2309 C.
1381 2277 1487 2310 Theod.
1520 2278 1692 2320 utrobique
1704 2279 1739 2310 de
1789 2287 1854 2309 ecu-

978 2320 1054 2351 rion.
1079 2317 1131 2350 sed
1149 2326 1204 2351 eos
1222 2326 1344 2352 tantum
1355 2342 1367 2359 ‚
1390 2319 1445 2361 qui
1454 2319 1556 2360 specie
1575 2319 1730 2362 religionis
1747 2327 1854 2351 mune-

978 2370 1013 2392 ra
1027 2359 1204 2393 civitatum
1223 2360 1415 2408 deserebant.
1462 2360 1584 2393 Poffein
1604 2361 1634 2393 δε
1648 2361 1725 2393 alias
1741 2369 1854 2400 voces,

981 2401 1119 2443 aliasque
1149 2401 1274 2444 phrases
1297 2403 1328 2434 in
1361 2404 1389 2434 d.
1415 2402 1434 2434 l.
1459 2411 1509 2443 25.
1555 2401 1654 2434 Latio
1671 2402 1809 2443 donare,
1832 2402 1858 2437 fi-

980 2451 1046 2476 non
1064 2443 1121 2476 ille
1136 2451 1270 2477 conatus
1292 2443 1591 2486 Olgfervatiunculam
1606 2444 1786 2478 excederet,

402 2586 687 2637 'FJNJS
775 2594 1052 2639 LIBRI
1138 2596 1503 2644 OCTAVI.

1152 3323 1262 3360 Nna
1702 3325 1858 3363 CON«
