2008 3436
171 135 217 167 50
417 119 819 158 CORNELII
895 127 1006 154 VAN

168 200 242 240 ciis,
265 201 306 232 th.
321 210 368 233 10.
393 202 454 234 litt.
470 201 607 237 A.&B.
633 202 663 233 ὅῑ
682 210 754 232 cum
777 209 816 230 eo
835 198 938 239 plures
952 197 1032 243 adil.

169 242 190 273 l.
211 247 261 280 99.
295 241 484 284 respondent
503 266 514 282 ,
544 243 631 284 pac‘ta
649 240 864 274 incontinenti
880 238 963 270 satta
987 238 1034 269 sti-

166 283 323 324 pulationi
343 284 438 316 inesse
451 307 461 322 ,
485 285 623 326 adeoque
643 283 771 325 perinde
790 281 871 320 effe,
895 290 930 311 ac
953 280 1035 322 sipa-

167 324 229 356 lam
249 325 352 357 verbis
370 325 511 367 expressa
532 325 648 357 forent.
693 324 753 356 Sed
771 323 832 354 1106
859 321 904 353 est
931 323 958 351 τὸ
989 324 1032 359 ςκ-

166 365 269 405 τέμῆμω
287 368 336 396 ιίπ·
354 368 449 406 igme.
497 366 618 399 Contra
643 376 678 397 ea
703 366 797 396 ctiam
824 372 881 394 nos
898 363 988 402 juvat
1007 362 1035 390 τὶ

166 406 362 445 σύμςκὸἕμᾶυον
387 408 589 440 Basilicorum
604 430 616 446 ,
639 416 702 448 quo
725 405 803 437 nibil
822 403 969 435 indicasse
988 403 1034 448 yi-

167 447 306 488 dentur,
337 449 392 482 nisi
418 449 502 490 quod
531 449 677 490 adjicitur
697 445 897 487 obligationi.
945 444 1033 475 Alio-

168 499 239 522 rum
255 490 304 522 his
324 491 430 531 pejora
448 489 563 531 effugia
584 490 717 520 recitare
733 490 830 529 piget.

178 564 181 565 ⁷
212 531 264 563 Ex
276 532 386 563 eodem
409 533 436 564 ci.
462 532 482 563 l.
507 541 556 568 99.
580 530 738 571 principio
754 527 978 568 intelligendus
989 525 1034 561 ess-

168 572 284 605 Paulus
306 575 337 604 in
369 573 389 604 l.
409 583 459 613 44,
485 572 513 613 ᾗ.
535 583 563 603 2.
583 571 622 612 ff.
641 573 675 602 cie
697 571 736 602 O.
757 569 793 605 ὅ)
811 569 852 600 Α.
879 569 1032 605 conditio,

170 614 295 655 inquit,
325 613 426 655 efficax
448 613 506 654 esi,
529 623 588 654 613!ae
613 614 645 643 in
664 609 862 652 constituenda
880 610 1031 651 obligatio-

169 666 205 686 ne
223 655 377 696 inseritur,
402 665 460 686 non
483 665 542 696 quae
552 652 615 694 pos}
635 652 798 694 peifeci‘czm
816 661 879 682 eain
891 656 1032 691 ponitur:

170 697 284 734 velini,
308 695 464 727 Cmom
482 704 575 726 DARE
592 703 760 731 saoneres,
784 702 853 724 nrsr
876 701 976 723 NAvrs
989 701 1033 722 ex

170 738 254 769 AstA
282 737 464 769 vennam?
487 737 541 777 seri
559 737 608 767 hoc
631 736 698 777 casii
716 733 854 774 existence
874 734 1036 764 conditione

171 779 248 809 loccis
273 779 330 808 erit
355 780 516 819 exceptioni
528 777 611 818 priscii
629 778 785 814 conventi,
810 775 859 806 vel
876 775 933 820 doli¹
952 775 1034 805 maii.

168 819 326 852 Premitur
351 819 419 850 haec
449 820 500 851 lex
526 820 591 851 alto
619 818 740 850 silentio
759 817 839 858 apud
860 816 1036 856 Scriptores

170 863 204 892 de
223 859 326 892 Pariis
352 860 494 902 czdje'c‘tis,
520 861 549 892 δε
570 870 671 891 tamen
698 859 754 890 vix<
773 858 934 896 dubitem,
961 857 1037 897 quin

169 902 266 933 faciat
283 901 320 932 ad
335 903 498 933 arbitrium
516 902 617 933 totius
631 899 877 933 Controverfiae.
922 898 1036 938 Operae

170 945 232 975 erit
251 943 387 984 pretium
406 945 513 984 paucis
535 943 615 975 istuc
635 942 781 983 p1·obare‚-
803 941 917 981 Agitur
935 940 973 970 de
991 939 1038 970 lo-

169 995 231 1024 co,
263 993 328 1025 quo
351 984 517 1026 digerenda
547 984 617 1016 sunt
642 982 834 1014 conditionis
859 981 976 1020 verba,
1002 988 1037 1011 ut

164 1026 205 1066 fii
229 1025 332 1068 efficax
350 1049 360 1065 ,
388 1027 474 1065 iivc,
498 1034 534 1057 ut
557 1024 624 1067 ipso
642 1024 709 1065 jure
727 1023 848 1064 operari
865 1030 976 1063 queat,
1002 1031 1038 1053 ut

170 1075 305 1109 arguunt
325 1066 493 1108 sequentia.
520 1066 595 1098 Hoc
611 1074 714 1097 autem
731 1065 907 1105 contingit,
932 1063 952 1095 si
964 1072 1037 1094 con-

171 1109 304 1141 ditionis
328 1109 481 1150 placitum
509 1110 541 1139 in
563 1106 763 1148 constituenda
778 1106 952 1151 obligatione
966 1104 1036 1150 fne-

171 1152 213 1182 rit
232 1151 388 1191 insertum,
411 1149 440 1181 11.
463 1160 490 1181 6.
513 1150 534 1182 fi
552 1150 583 1182 in
602 1155 637 1185 τῳ·
661 1148 728 1180 fieri
747 1146 942 1184 &formai-1,
966 1154 1000 1176 ut
1016 1155 1038 1176 1-

172 1200 204 1223 tss
221 1192 341 1229 dicam,
367 1191 590 1232 obligationis,
605 1192 631 1220 ἐν
647 1194 683 1226 τῷ
703 1190 744 1220 τῖ’,
763 1190 846 1226 ε’ῑοχνῖν
865 1191 1011 1217 σννίπκτθιι
1027 1208 1039 1224 ,

171 1234 274 1275 palam
304 1236 503 1273 nuncupetur
532 1231 620 1264 casus
645 1231 676 1263 in
704 1230 848 1261 futurum
873 1227 1038 1259 conferen-

172 1275 249 1313 dus,
273 1285 329 1306 non
341 1274 369 1314 fi
379 1273 442 1315 post
453 1274 614 1314 persecianz
630 1283 693 1303 eam
707 1276 834 1311 ponatur
841 1294 852 1309 ,
877 1270 908 1300 h.
920 1278 947 1300 e.
966 1277 1039 1300 con-

172 1316 273 1348 tractu
296 1317 356 1356 jam
381 1315 527 1347 absoluto
549 1313 714 1355 placuerit.
758 1310 949 1352 Exemplum
965 1319 1039 1341 con-

170 1357 302 1395 ditionis
325 1356 395 1399 post
412 1356 640 1397 obligationem
658 1352 828 1399 pei-festam
847 1350 1038 1398 interpositae

171 1398 286 1430 Paulus
304 1399 366 1430 tale
385 1397 520 1437 praebet:
547 1397 668 1428 Centum
677 1396 745 1426 titire
754 1395 898 1435 spondes,
920 1391 1038 1432 nzfina-

171 1440 220 1471 vis
233 1449 270 1470 erc
287 1438 361 1478 Asia
373 1440 488 1470 venerit
500 1438 516 1471 ‘2
527 1437 688 1470 Habemus
710 1436 780 1467 heic
797 1434 1038 1481 obligationem,

169 1480 404 1521 stipulationem
414 1488 507 1521 puta,
523 1478 835 1521 eiqueincontinenti
845 1500 856 1516 ,
877 1476 946 1518 post
957 1475 1040 1507 clau-

171 1521 221 1557 sos
233 1530 337 1554 tamen
345 1521 525 1554 contractus
535 1520 684 1552 celebrati
696 1518 957 1560 fines,adpofitam
965 1526 1041 1549 eon-

172 1563 329 1596 ditionem
346 1584 357 1603 ,
386 1561 443 1602 nisi
468 1564 556 1594 navis
583 1572 620 1594 ex
648 1559 723 1600 Asia
737 1562 853 1592 venerit
867 1570 878 1597 3
902 1558 1042 1605 adeoque

172 1605 237 1636 duo
254 1603 397 1637 distinsta
411 1614 428 1636 a
445 1603 475 1636 se
500 1603 753 1636 conventionum
778 1610 938 1643 tempora,
964 1600 1042 1631 licet

173 1654 335 1678 momenta
360 1654 495 1678 tanturn.
540 1645 621 1690 Quae
644 1643 732 1676 Pauli
759 1653 846 1675 mens
871 1649 908 1674 ut
924 1641 1042 1673 clareat

172 1688 291 1728 magis,
314 1687 523 1728 interrogandi
550 1694 645 1724 nota,
678 1694 748 1726 quae
767 1683 905 1726 sequitur
923 1682 993 1729 post
1011 1683 1040 1710 τὲ

172 1730 317 1768 venerit,
351 1729 466 1761 ibidem
495 1728 659 1760 eximenda
677 1749 688 1766 ‚
721 1727 751 1758 δε
775 1726 901 1757 voculae
918 1725 1042 1766 spondes

172 1769 384 1812 subjungenda
409 1770 536 1802 videtur
553 1793 563 1809 ,
596 1769 659 1801 hoc
685 1766 806 1799 modo:
834 1767 955 1798 Centum
973 1767 1042 1797 dare

164 1811 289 1853 spondes
307 1812 325 1843 22
355 1810 412 1850 nisi
435 1813 523 1843 navis
547 1820 584 1842 ex
599 1808 674 1849 Asta
691 1810 816 1840 venerit.
860 1807 909 1839 Ad
926 1807 1042 1848 obliga-

175 1854 296 1888 tionem
313 1853 484 1885 verborum
501 1850 770 1889 constituendam,
782 1849 856 1891 post
875 1848 1043 1891 illudspon-

174 1896 238 1934 des,
263 1895 391 1936 rogandi
407 1894 493 1936 figno
510 1891 648 1925 clausum
659 1916 668 1932 ‚
694 1892 739 1924 nil
755 1890 916 1923 defiderari
927 1891 1041 1936 poteri:

174 1936 314 1977 adeoque
329 1935 467 1977 perfetta
483 1935 529 1968 est
548 1934 708 1975 stipulatio
718 1958 727 1972 ,
753 1941 919 1973 antequam
934 1931 1041 1977 condi-

175 1978 223 2009 tio
244 1979 392 2016 accedat,
414 1977 500 2019 quod
517 1977 549 2009 in
565 1974 637 2007 casu
659 1976 688 2007 d.
713 1975 743 2017 ᾗ.
767 1973 962 2020 supponitur.
988 1973 1043 2004 Sin

176 2028 255 2050 vero
282 2018 539 2060 interrogationis
566 2018 664 2058 figura
681 2016 753 2058 post
768 2029 794 2044 ro
810 2020 926 2046 venerit
943 2013 1043 2045 serve-

176 2069 229 2092 tur
248 2083 258 2098 ,
289 2057 350 2100 jam
373 2060 471 2101 magis
499 2058 634 2090 dubitari
651 2058 771 2099 posset,
795 2066 837 2102 an·
853 2065 917 2087 non
936 2064 996 2086 una
1013 2055 1043 2086 &

176 2102 283 2133 cadem
311 2102 518 2132 continuetur
533 2099 739 2140 obligationis
758 2105 873 2129 oratlo.
916 2096 975 2128 Sed
991 2096 1044 2127 ad-

175 2142 264 2174 missa
282 2141 490 2174 distinctionis
504 2144 631 2174 μεταθὲσό
656 2139 766 2180 (quam
788 2138 981 2170 arbitrariam
997 2146 1042 2183 ⁰33

178 2182 209 2215 se
221 2208 229 2222 ,
255 2191 351 2224 prout
368 2183 399 2215 dt
415 2192 543 2223 omnes,
573 2181 691 2214 dudum
707 2179 868 2220 innotuit)
890 2188 939 2211 res
956 2187 1043 2210 0111111

179 2233 266 2256 caret
287 2225 394 2256 dubio.

222 2266 392 2298 Audiamus
420 2275 531 2305 nunc,
565 2264 639 2306 quid
665 2263 741 2305 juris
756 2262 819 2302 fit,
850 2261 872 2294 ss
900 2261 1044 2308 conditio

177 2317 243 2340 non
260 2306 394 2345 inserta,
417 2315 449 2338 at
466 2306 659 2348 stipulationi
685 2305 848 2345 extemplo
864 2304 981 2343 adjecta
996 2304 1043 2334 iit.

181 2348 249 2381 Hoc
274 2348 341 2389 casii
358 2373 367 2387 ,
402 2348 505 2390 pergit
521 2347 637 2389 JCtus,
661 2345 800 2387 existente
824 2346 987 2376 conditione
1005 2343 1044 2390 lo·-

181 2400 231 2421 cus
256 2391 314 2422 erit
338 2391 501 2429 exceptioni
521 2389 604 2430 paffl
629 2390 790 2426 conventi,
823 2387 870 2417 vei
888 2387 945 2417 doli
963 2385 1044 2431 malz.

180 2431 307 2463 Viden?
329 2430 458 2463 effectus
477 2431 688 2469 conditionis,
724 2429 798 2469 quid
818 2429 856 2459 de
872 2428 1050 2474 ca-cenlenss

181 2472 256 2504 dum
273 2471 329 2511 fit,
364 2472 501 2503 ostendit
525 2471 607 2503 satis.
653 2472 779 2503 Etenim
796 2470 818 2501 11
835 2469 946 2501 inellet
966 2468 1046 2500 obli-

179 2513 301 2555 gationi
313 2537 322 2552 ,
348 2512 415 2554 ipso
432 2514 501 2554 jure
518 2520 717 2554 operaretur:
742 2512 814 2551 quia
835 2520 913 2542 vero
930 2509 1046 2551 separa-

182 2563 215 2586 ta
233 2554 407 2586 conventio
422 2554 467 2584 est
478 2577 488 2593 ,
512 2555 616 2592 valet,
640 2561 792 2594 quantum
808 2553 913 2584 valere
929 2551 1045 2592 potest,

180 2605 237 2636 per
264 2595 487 2635 exceptionem
514 2595 666 2626 videlicet
683 2618 693 2633 ,
731 2593 991 2634 quemadmodum
1017 2595 1047 2624 ὥς

181 2643 298 2669 caetera
311 2635 408 2677 pacta.
455 2635 568 2667 Manet
586 2636 683 2676 igitur
700 2644 774 2676 pura
792 2634 970 2675 stipulatio,
995 2643 1047 2665 ne-

206 2687 243 2709 ue
270 2677 324 2709 illa
343 2700 352 2716 ‚
384 2677 583 2718 quantumvis
610 2683 765 2707 continuo
784 2699 793 2714 ‚
829 2677 859 2707 <St
887 2685 949 2706 uno
966 2674 1049 2715 qtmfi

198 2718 295 2760 piritu
310 2717 392 2750 faeta
419 2717 552 2758 adjettio
571 2716 642 2756 Nzfi
658 2718 746 2747 navis
765 2717 824 2748 &e
850 2716 1049 2747 conditiona-

182 2761 248 2792 lem
262 2759 367 2791 facere
381 2760 508 2800 potuit,
533 2767 647 2799 utpote
665 2767 736 2789 cum
759 2767 822 2789 non
840 2765 1002 2788 morentur
1018 2757 1050 2788 in

183 2810 246 2833 una
264 2800 469 2842 obligationis
487 2799 556 2831 sede
576 2799 699 2840 padum
716 2798 931 2871 &ffiiptilatio
956 2797 1051 2829 Aliud

185 2842 352 2874 dicendum
370 2841 456 2880 esse,
479 2841 499 2873 fi
516 2841 660 2872 conditio
679 2840 749 2881 ipfis
776 2839 972 2880 iipulationis
982 2847 1050 2869 ver-

185 2883 233 2915 bis
249 2882 357 2915 fuiffet
381 2881 627 2924 comprehensa,
657 2892 696 2914 ex
715 2880 846 2913 adverso
865 2880 1049 2925 1166160111-

185 2933 270 2964 gere.
321 2925 374 2956 Sic
399 2924 440 2955 V.
470 2922 512 2955 G.
545 2923 567 2956 fi
593 2924 626 2955 in
658 2923 829 2964 emptionis
857 2920 1050 2953 venditionis

188 2965 354 2997 contractu
378 2965 514 2996 ineundo
535 2965 689 3006 placuerit
709 2974 718 3002 ;
752 2970 784 2995 ut
803 2962 976 3007 perficiam
994 2971 1049 2992 em-

183 3007 265 3046 ptio,
297 3005 354 3045 nisi
379 3006 478 3037 melior
505 3007 631 3038 conditio
656 3005 823 3047 afferatur,
854 3011 1050 3044 emptionem

187 3046 434 3079 conditionalem
459 3046 520 3078 effe
545 3047 700 3088 Ulpianus
717 3046 836 3088 scripiit
861 3046 893 3077 in
916 3045 935 3076 1.
959 3054 988 3075 2.
1007 3043 1048 3085 ff.

188 3087 221 3117 de
240 3089 272 3118 in
287 3089 363 3119 diem
381 3088 488 3120 additi.
532 3088 576 3120 Et
593 3087 615 3120 fi
635 3089 678 3120 ita
697 3089 833 3134 legatum
856 3086 970 3125 fuerit,
996 3083 1052 3123 nifi

186 3133 280 3160 mater
295 3138 358 3162 mea
376 3131 517 3170 moritur,
543 3129 598 3162 sub
616 3130 802 3163 conditione
816 3129 925 3170 datum
941 3126 991 3161 vel
1001 3126 1052 3159 ad¹

1079 116 1682 155 EYNKERSHOEK

1078 205 1219 237 emptum
1248 197 1309 229 effe
1337 198 1472 238 legatum
1496 208 1537 230 ex
1555 198 1704 231 Labeone
1721 197 1832 239 probat
1850 198 1941 240 Jav02

1077 238 1166 270 lenus
1193 240 1225 270 in
1248 240 1267 270 l.
1289 249 1340 279 40.
1375 240 1403 281 ᾗ.
1422 250 1451 271 2.
1483 241 1516 270 in
1536 238 1593 280 fin.
1605 240 1646 280 ff.
1663 241 1697 270 de
1714 242 1820 272 condit.
1845 241 1940 276 &de-

1076 277 1191 319 monstr.
1249 280 1346 320 Quod
1370 281 1443 312 ideo
1471 282 1674 313 momendum
1687 280 1753 319 est,
1776 291 1815 313 nc
1832 284 1940 316 condi-

1077 321 1197 352 tionem
1219 331 1283 352 non
1303 322 1367 353 fieri
1385 331 1475 362 putes
1498 332 1553 364 per
1576 332 1663 360 rust,
1688 321 1740 354 sed
1758 332 1812 363 per
1829 332 1858 354 s1
1878 333 1942 358 tan-

1078 369 1166 407 tuin,
1188 363 1350 407 quomodo
1372 365 1402 394 d.
1427 363 1455 404 §.
1477 373 1506 395 2.
1531 364 1552 395 l.
1569 373 1619 404 44.
1655 362 1728 395 satis
1748 364 1874 396 exiliter
1890 374 1942 399 ex-

1077 402 1212 443 p-llcaV1t
1230 402 1405 443 Giplianius
1423 406 1455 436 in
1472 405 1592 436 Letiur.
1613 407 1650 437 ad
1667 415 1741 437 eam.

1120 443 1417 484 interpretationem
1440 447 1577 478 nostram
1592 445 1825 488 adstringamus.
1858 447 1944 493 Quid

1077 484 1328 531 magis,quzeso‚
1343 489 1376 516 03:
1395 490 1429 516 τε
1449 491 1616 526 welmare*
1636 488 1701 519 fieri
1722 488 1945 529 poffet,quam

1075 526 1156 558 dieta
1171 526 1340 572 conditio,
1362 527 1419 566 nisi
1435 531 1522 561 navis
1538 539 1574 560 ex
1598 528 1673 568 Asm
1693 531 1830 567 venerit,
1855 530 1886 562 ὃς
1900 539 1944 562 ta-

1076 576 1146 598 men
1168 576 1216 607 Jus
1239 569 1347 608 agendi
1367 569 1523 603 sublatum
1539 580 1604 602 non
1627 570 1694 607 est,
1719 578 1824 602 manet
1839 571 1945 611 enim,

1075 607 1154 640 ficut
1177 617 1243 639 erat
1259 632 1269 647 ,
1303 609 1370 649 ipso
1396 611 1464 650 jure
1488 611 1648 652 obligatus
1665 612 1811 651 debitor,
1847 622 1945 650 exce,

1075 649 1186 694 ptione
1213 649 1365 682 duntaxat
1391 653 1532 684 munitus
1550 676 1560 692 ,
1606 655 1749 694 quamvis
1787 654 1856 686 haec
1879 653 1945 695 ipsa

1075 690 1269 736 conditionis
1287 692 1391 731 panio
1412 692 1443 724 in
1462 693 1529 733 ejus
1551 696 1681 733 gratiam
1702 694 1739 726 fit
1758 705 1888 727 annexa.
1915 695 1944 727 1-

1081 738 1112 761 ta
1136 732 1165 762 δε
1193 732 1314 772 reliqua
1343 734 1450 773 pacta,
1481 736 1616 766 maxime
1634 735 1710 767 licet
1733 737 1946 769 incontinenti

1079 771 1182 818 satta,
1211 773 1404 814 stipulationi
1436 785 1499 807 non
1518 776 1664 815 inerunt,
1688 777 1804 818 quippe
1819 787 1892 809 cum
1915 777 1948 810 in

1079 814 1297 859 constituenda
1319 815 1515 857 obligatione
1533 826 1696 858 conceptae
1712 819 1880 849 verborum
1897 817 1946 851 fa-

1078 855 1175 886 bricae
1195 865 1259 886 non
1277 855 1398 888 fuerint
1416 857 1546 889 inserta:
1571 868 1665 899 quare
1682 868 1741 890 nec
1764 862 1803 890 ab
1818 859 1946 900 actoris,

1079 906 1137 927 nec
1155 906 1171 927 a
1189 897 1231 927 rei
1254 898 1394 937 partibus
1416 898 1484 939 ipso
1507 900 1576 940 jure
1604 908 1696 931 erunt
1711 900 1870 940 efficacia,
1891 900 1948 933 -sed

1079 937 1116 968 ad
1142 937 1259 969 nudum
1289 939 1370 979 past-i
1400 941 1551 972 conventi
1570 965 1580 980 ,
1614 941 1666 973 vel
1682 941 1748 973 doli
1764 942 1836 974 mali
1854 951 1950 978 exce-⁴

1080 986 1221 1019 PthssCln
1243 979 1430 1020 profutura,
1455 982 1535 1013 duce
1553 982 1659 1013 eadem
1685 983 1705 1014 l.
1731 993 1782 1023 44.
1808 983 1837 1024 §.
1856 994 1885 1016 2.
1903 982 1946 1026 ff.

1079 1022 1112 1050 de
1136 1020 1174 1050 O.
1195 1019 1231 1054 ὣς
1248 1020 1290 1052 Α.
1343 1021 1480 1054 Proinde
1507 1023 1621 1055 Paulus
1645 1024 1753 1055 auctor
1784 1026 1811 1056 tl.
1831 1024 1853 1057 l.
1876 1032 1949 1058 cum

1080 1060 1221 1102 nuspiam
1237 1065 1438 1100 τραιτικώπιςφ
1458 1064 1535 1095 illud
1559 1065 1718 1104 declaret,
1743 1075 1808 1097 non
1827 1065 1950 1106 potest,

1080 1111 1167 1147 certe
1183 1112 1248 1134 non
1271 1103 1364 1135 debet
1391 1105 1422 1136 in
1446 1105 1464 1136 i.
1484 1105 1599 1144 Lena,
1621 1107 1699 1137 alius
1715 1105 1831 1145 fuiffe,
1855 1117 1949 1147 quam

1082 1144 1133 1174 hic
1148 1145 1178 1174 16
1200 1143 1261 1189 6116
1276 1145 1382 1177 docet.
1432 1145 1535 1187 thue
1551 1147 1629 1178 adeo
1644 1156 1707 1179 non
1726 1148 1788 1179 sine
1805 1148 1895 1180 causa
1915 1149 1948 1182 in

1083 1184 1197 1215 Libello
1215 1186 1367 1227 singulari
1393 1187 1488 1218 alium
1500 1209 1510 1225 ,
1541 1197 1633 1227 quam
1650 1198 1691 1220 ex
1709 1189 1812 1220 editio
1829 1189 1949 1222 tralati-

1083 1226 1129 1256 tio
1143 1249 1152 1263 ,
1178 1224 1297 1257 sensum
1314 1227 1489 1258 dederimus
1505 1227 1595 1259 dietae
1620 1229 1700 1271 Legi
1716 1229 1947 1272 quadragesime.

1123 1267 1271 1307 Sequitur
1285 1268 1453 1299 auctoritas
1471 1269 1551 1308 Juris
1567 1270 1599 1300 in
1614 1278 1734 1306 mutuo.
1779 1271 1898 1306 Verum
1907 1273 1948 1312 de

1082 1318 1117 1339 ea
1140 1307 1280 1340 dicemus
1303 1307 1433 1341 strictim
1452 1333 1461 1348 ,
1493 1319 1556 1342 non
1581 1311 1699 1350 modo,
1721 1311 1806 1350 quod
1823 1313 1952 1353 proprie

1082 1349 1187 1382 1101161·
1203 1349 1239 1381 fit
1255 1349 1384 1391 scopus,
1409 1350 1600 1392 disceptare,
1626 1361 1662 1383 an
1681 1352 1768 1393 pana
1786 1352 1956 1390 verborum

1083 1390 1269 1432 obligationi
1287 1391 1401 1432 poffint
1418 1393 1580 1429 ε’μφυπωῶς
1601 1393 1718 1434 (quum
1738 1394 1954 1430 dubitationes

1083 1433 1168 1464 circa
1184 1432 1267 1464 hanc
1283 1434 1379 1474 magis
1399 1433 1458 1465 fint
1491 1433 1663 1473 sollicitae,
1688 1435 1717 1467 ὅ(
1736 1435 1768 1466 id
1785 1435 1877 1467 unice
1897 1439 1951 1468 oe-

1083 1473 1204 1506 cafione
1227 1474 1248 1506 l.
1271 1484 1322 1514 40.
1342 1474 1385 1515 ff.
1406 1476 1439 1507 de
1464 1475 1506 1507 R.
1533 1474 1564 1508 C.
1589 1476 1696 1508 veniat
1711 1475 1952 1519 dispUtandum)

1082 1514 1135 1547 sed
1157 1516 1186 1547 &
1203 1517 1357 1555 maxime,
1383 1517 1468 1558 quod
1494 1516 1590 1549 sterili
1608 1517 1732 1549 calamo
1746 1518 1778 1550 in
1795 1517 1950 1559 jurisprua

1083 1556 1199 1589 dentiae
1226 1556 1369 1598 Corpore
1399 1558 1438 1591 de
1462 1559 1558 1600 paetis
1581 1565 1695 1591 mutuo
1712 1559 1826 1591 additis
1844 1559 1951 1592 videa-

1083 1606 1135 1630 tur
1161 1598 1272 1631 adum.
1325 1598 1479 1632 Immensa
1503 1600 1628 1642 quidem
1658 1600 1705 1632 Le
1728 1610 1780 1632 um
1797 1599 1892 1634 series
1912 1601 1953 1634 ab

1084 1640 1151 1679 his,
1171 1641 1225 1681 qui
1237 1648 1356 1682 partem
1368 1641 1536 1673 nobiscum
1547 1641 1686 1674 sentiunt
1723 1642 1809 1684 pacta
1829 1641 1955 1685 scilicet·

1085 1681 1123 1713 ab
1143 1681 1257 1714 adoris
1272 1682 1369 1714 latere
1389 1682 1484 1714 inesse
1500 1683 1669 1725 negantes)
1692 1684 1767 1716 hinc
1783 1683 1856 1716 inde
1876 1693 1952 1717 con·

1085 1723 1169 1764 gella
1197 1723 1260 1762 est,
1292 1725 1322 1756 ὃς
1340 1733 1400 1765 qua
1420 1732 1532 1756 mutuo
1549 1748 1559 1764 ,
1607 1734 1644 1756 ua
1668 1725 1860 1767 stipulationi
1878 1734 1952 1767 por-

1085 1774 1123 1796 ro
1148 1765 1322 1806 applicita:
1355 1764 1407 1798 sed
1432 1764 1535 1807 scopae
1558 1766 1587 1798 di
1617 1767 1715 1798 olutae
1742 1765 1836 1806 sunt,
1870 1768 1954 1799 &ea

1086 1814 1199 1847 praeter
1223 1807 1313 1839 nihil.
1367 1806 1420 1839 De
1445 1807 1667 1854 stipulatione,
1698 1807 1780 1840 ultra
1798 1817 1888 1848 quam
1907 1808 1952 1840 di-

1085 1847 1170 1879 ctum
1193 1848 1261 1887 est,
1294 1858 1331 1880 an
1352 1848 1427 1889 quid
1448 1849 1511 1880 dici
1530 1849 1623 1890 poffit
1648 1859 1711 1881 non
1735 1847 1840 1881 video.
1883 1847 1950 1881 Ne·
1995 1868 1998 1869 ν

1085 1898 1146 1928 que
1167 1891 1263 1922 etiam
1288 1890 1373 1922 reete
1399 1890 1534 1931 probant
1561 1900 1601 1922 ex
1625 1891 1648 1923 b.
1675 1899 1721 1922 11.
1747 1888 1774 1936 §.
1804 1899 1830 1921 1.
1850 1890 1890 1931 ff.
1915 1892 1952 1923 de

1085 1931 1127 1962 R.
1156 1931 1187 1962 C.
1223 1931 1310 1972 pacta
1335 1931 1515 1971 adjicientia
1537 1940 1649 1964 mutuo
1676 1941 1739 1963 non
1755 1930 1867 1963 ineffe:
1892 1931 1954 1964 dis·

1085 1971 1220 2004 feremus
1246 1982 1281 2004 ea
1308 1973 1346 2003 de
1372 1982 1406 2003 re
1429 1974 1500 2014 Cap.
1522 1973 1562 2005 V.
1606 1972 1795 2005 Suffecerint
1812 1972 1895 2014 quod
1913 1973 1953 2005 ad

1085 2021 1230 2045 mutuum
1253 2014 1334 2054 Juris
1358 2014 1494 2046 rationes
1513 2035 1526 2051 ‚
1558 2015 1588 2046 ὅ(
1607 2014 1776 2046 auctoritas
1796 2014 1952 2055 generalis

1086 2056 1118 2086 in
1141 2055 1201 2095 l.7.
1227 2054 1254 2096 §.
1278 2065 1311 2093 5.
1327 2054 1370 2095 ff.
1391 2057 1424 2086 de
1444 2053 1522 2095 paci.
1546 2055 1575 2087 δι
1597 2055 1672 2095 illa,
1696 2064 1765 2096 quae
1784 2055 1816 2086 in
1836 2062 1951 2087 mutuo

1087 2095 1192 2128 usuras
1211 2096 1273 2128 fine
1289 2095 1491 2136 stipulatione
1515 2097 1582 2137 peti
1599 2096 1764 2138 prohibet,
1789 2105 1845 2127 ore
1861 2095 1953 2138 vulgi

1087 2138 1161 2169 trita
1180 2137 1307 2178 regula,
1340 2145 1374 2168 ut
1393 2137 1579 2177 Justinianus
1602 2137 1700 2169 refert
1719 2137 1751 2169 in
1776 2136 1858 2169 Nov.
1881 2141 1952 2180 136.

1089 2179 1120 2210 C.
1137 2188 1169 2218 4.
1213 2179 1245 2211 Si
1269 2188 1332 2210 non
1359 2178 1474 2220 absque
1501 2179 1721 2219 stipulatione,
1745 2187 1822 2220 ergo
1837 2187 1896 2210 nec
1911 2187 1953 2212 ex

1086 2220 1196 2262 patto,
1219 2219 1360 2261 quamvis
1377 2228 1490 2251 mutuo
1515 2218 1684 2252 confestim
1707 2220 1845 2260 adiecto:
1868 2219 1954 2261 quod

1086 2271 1181 2293 nemo
1210 2261 1262 2292 vei
1286 2260 1403 2292 effi-ons
1430 2268 1599 2303 negaturus
1625 2260 1679 2293 est.
1726 2261 1807 2304 Quae
1839 2260 1956 2294 ratio?

1087 2303 1173 2334 nulla
1186 2301 1351 2343 profecto,
1376 2301 1430 2334 nili
1448 2303 1534 2344 quod
1553 2302 1647 2334 stricti
1663 2302 1740 2343 juris
1753 2302 1885 2344 negotio
1904 2312 1955 2345 pa-

1088 2344 1136 2375 cta
1160 2343 1254 2375 inesse
1275 2351 1439 2385 nequeant.
1486 2343 1589 2376 Aliam
1616 2344 1667 2376 alii
1689 2351 1834 2385 quaerunt
1850 2343 1882 2374 in
1901 2353 1955 2376 na-

1090 2394 1159 2417 tura
1179 2385 1301 2423 mutui,
1333 2394 1424 2426 quam
1450 2384 1565 2417 destrui
1581 2386 1714 2424 volunt,
1738 2383 1760 2416 fi
1777 2393 1810 2415 re
1827 2391 1954 2416 contra-

1092 2427 1183 2458 hatur
1206 2426 1361 2467 obligatio
1392 2426 1421 2457 in
1438 2427 1527 2472 plus,
1553 2435 1644 2467 quam
1668 2425 1774 2457 datum
1794 2423 1839 2456 est
1861 2424 1882 2456 l.
1904 2434 1954 2467 ¹7·

1087 2474 1134 2509 pr.
1154 2468 1196 2509 ff.
1221 2470 1254 2499 cle
1272 2468 1352 2508 paci.
1383 2467 1455 2513 *Sed
1464 2467 1613 2499 differunt
1629 2467 1697 2498 haec
1712 2465 1865 2497 duntaxat
1881 2475 1955 2498 ver-

1092 2511 1204 2541 borum
1223 2508 1318 2548 sono,
1342 2517 1390 2540 ut1
1420 2507 1562 2540 constare
1585 2507 1705 2549 poterit
1721 2516 1762 2538 ex
1777 2507 1956 2540 rationibus
1988 2534 1993 2537 ,

1091 2551 1192 2591 Juris,
1217 2560 1315 2592 quas,
1339 2559 1395 2581 cur
1410 2549 1497 2590 patla
1519 2549 1550 2581 in
1574 2556 1686 2580 mutuo
1701 2557 1742 2580 ex
1758 2556 1848 2590 parte
1864 2558 1956 2591 agen-

1093 2593 1133 2623 tis
1160 2602 1223 2623 non
1253 2591 1362 2629 insint,
1396 2590 1561 2621 retulimus
1587 2590 1756 2630 Cap.praec.
1803 2589 1955 2631 Alioquin

1091 2634 1122 2665 in
1143 2632 1360 2664 constituenda
1378 2631 1478 2662 mutui
1501 2630 1697 2671 obligatione
1721 2630 1843 2663 utiliter
1860 2631 1900 2662 de
1921 2639 1956 2663 u-

1093 2674 1170 2706 suris
1188 2673 1302 2715 pacisci
1321 2673 1415 2703 licere
1435 2672 1582 2713 probabit
1598 2670 1686 2703 forte
1711 2673 1783 2713 Cap.
1802 2671 1840 2704 V.
1863 2672 1956 2712 Sunt,

1092 2716 1187 2747 etiam
1213 2715 1423 2754 lnterpretum
1450 2711 1645 2754 optimates,
1676 2714 1728 2755 qui
1755 2713 1831 2744 odio
1852 2711 1955 2746 usura-

1093 2766 1162 2788 rum
1179 2756 1245 2789 fieri
1263 2753 1441 2786 existimant
1454 2776 1465 2792 ,
1491 2762 1525 2785 ut
1545 2755 1687 2796 pecuniae
1704 2754 1832 2786 creditae·
1851 2753 1957 2789 foenus

1093 2807 1159 2829 non
1182 2797 1330 2828 debeatur
1357 2804 1396 2826 6)(
1423 2795 1522 2836 patto
1568 2796 1629 2828 Sed
1655 2796 1716 2827 hoc
1740 2796 1836 2837 paulo
1854 2795 1957 2829 minus

1092 2838 1154 2878 est,
1176 2847 1267 2880 quam
1285 2846 1357 2868 cum
1377 2839 1498 2868 ratione
1513 2835 1663 2869 insanire:
1686 2846 1754 2868 nam
1773 2836 1852 2868 nihil
1872 2846 1957 2878 pror—

1093 2879 1143 2911 sus
1158 2879 1230 2920 Jure
1247 2878 1344 2910 Civili
1364 2876 1512 2919 scriptum
1529 2877 1590 2909 ess'e
1615 2878 1772 2910 usurarum
1789 2877 1882 2917 odio,
1906 2888 1958 2910 ve·

1093 2921 1205 2953 riiiime
1233 2920 1277 2952 ait
1307 2918 1454 2958 Cujacius
1485 2919 1555 2951 Lib.
1579 2919 1674 2952 XIX.
1703 2919 1824 2959 Olgs'erv.
1850 2919 1881 2951 C.
1905 2929 1956 2962 27.

1094 2963 1124 2994 o't
1139 2961 1250 3003 probat
1269 2961 1300 2992 in
1325 2959 1455 2992 Mei-cat.
1483 2961 1551 2992 Lib.
1569 2959 1591 2992 Ι.
1621 2961 1652 2992 C.
1672 2970 1720 3001 27.
1745 2962 1779 2991 in
1794 2958 1852 3000 fin.
1895 2959 1956 2992 Ve'-

1094 3013 1126 3035 ra
1153 3004 1182 3034 ἀ
1207 3003 1298 3034 unica
1320 3001 1416 3042 igitur
1435 3001 1526 3042 hujus
1542 3003 1656 3043 regulae
1682 3002 1764 3033 ratio
1780 3001 1912 3041 petenda
1928 3010 1958 3033 e-

1094 3044 1137 3076 rit
1154 3054 1170 3075 a
1188 3043 1255 3085 jure
1276 3043 1399 3082 uncto,
1432 3044 1516 3084 quod
1535 3043 1567 3076 in
1596 3043 1718 3076 credito
1735 3040 1849 3075 versari
1867 3041 1957 3076 novi-

1095 3094 1174 3118 mus.
1946 3092 1947 3095 ’

1877 3248 1965 3283 CA-

2005 178 2008 191 1
