2008 3436
293 107 739 157 OBSERVATIONUM
791 105 925 154 JURIS

66 201 219 232 virtutem
239 198 268 230 id
284 197 509 232 concedamus,
527 192 565 233 .&
580 200 643 229 non
658 186 935 234 difficulteretiam

67 242 246 274 obtineatur
261 246 445 282 argumento
465 238 485 267 l.
518 243 570 266 io„
582 232 624 279 ff.
646 233 680 262 de
702 229 784 276 Jurje
805 227 879 268 Fisc.
903 238 935 277 in

67 285 189 325 privata
213 291 315 314 tamen
337 278 425 312 causa
440 279 533 318 longe
549 275 607 306 alia
624 272 654 304 &
671 270 808 316 strictior
827 269 872 302 est
889 279 933 301 ra-

67 326 124 356 tio.
170 324 272 356 Semel
296 323 325 354 &
349 321 400 352 uni
427 325 547 351 tantuin
566 316 702 357 legatum
720 312 826 344 voluit
844 310 932 358 testa-

68 376 137 404 tor,
186 366 214 396 ui
233 374 308 396 unus
325 363 346 396 si
361 362 522 403 ignoretur
537 382 546 398 ,
573 363 702 398 propter
723 355 841 400 cipue-,im
865 363 932 385 inu-

68 408 124 439 tile
149 417 166 438 e
214 407 357 448 legatum.
405 402 510 443 Atque
528 400 596 431 haze
613 396 677 439 ipsa
691 403 791 443 ratio,
816 403 885 436 (με
902 394 934 426 in

67 449 210 486 datione,
234 447 328 478 etiam
347 446 377 476 in
393 441 593 483 ademptione
612 440 724 480 legati,
751 436 935 469 tantundem

63 489 209 527 cfficit31i
226 485 439 519 eniinduobus
455 483 555 516 Titiis
567 480 648 513 reae
665 479 763 526 fuci-it
777 480 933 524 legatum,

67 532 166 563 Lucio
180 529 274 561 Titio
300 529 329 560 ἂ
344 526 426 568 Gaj0
443 525 556 563 Titio,
581 522 693 569 deinde
707 521 889 570 simpliciter
905 529 935 550 a-

65 574 198 605 dimatur
214 570 328 608 'l'i‘cio,
347 577 448 610 neque
461 575 498 599 an
515 567 553 597 de
571 565 695 603 Lucio,
717 572 753 596 an
771 562 853 608 §nuo
870 563 933 592 len-

65 612 138 647 serit
161 611 287 644 testator
309 609 431 642 constet
449 634 458 648 ,
492 606 652 648 ademptio
677 603 801 649 inutilis
819 601 881 649 est,
907 603 937 633 ὰ

64 656 189 696 utrique
196 653 336 685 debetur.
351 652 452 684 Palam
462 646 630 722 quippeest
638 655 678 678 cx
688 644 854 688 posteriori
865 646 936 675 scri-

63 695 401 739 ptiira,‘uniduntaxat
416 692 477 724 effe
492 702 521 722 at
531 698 689 731 emptum,
706 687 758 728 qui
777 695 855 717 unus
863 694 936 716 cum

66 738 135 771 sciri
150 744 282 779 neque-„it
294 760 303 775 ,
315 735 417 767 neutri
433 727 862 773 ademptumexistimandum
879 728 932 758 cit.

108 780 273 812 Rationem
292 778 358 809 iiaee
375 776 505 813 liabent,
538 782 595 805 nec
617 772 719 803 minus
736 769 816 810 Juris
829 769 933 799 aueto-

65 822 200 854 ritatem.
229 819 380 860 Ulpianus
395 826 481 849 certe
499 817 529 847 in
552 817 572 846 l.
587 825 617 857 3.
642 813 671 854 §.
686 822 713 852 7.
727 811 768 853 ff.
780 812 814 842 de
828 810 932 840 Adim.

66 866 115 896 *nel
139 862 253 902 transf.
277 862 334 902 leg.
358 860 400 891 ita
417 857 539 890 scribit:
564 857 596 888 Si
614 857 726 887 duobus
747 851 931 892 Titiis-sepa-

67 909 161 939 ratim
176 906 324 945 legaverit
338 926 347 938 ,
372 900 408 935 ἐξ
432 902 486 931 uni
501 899 669 933 ademerit,
692 904 744 926 nec
763 899 908 933 appareat
923 914 935 930 ,

69 951 117 981 cui
134 943 370 987 aciemsiiioifit,
389 944 512 981 utrique
527 941 658 980 legatum
667 937 800 968 debetur.
823 933 936 978 Quem-

68 991 221 1023 admodum
237 986 272 1022 δ’
289 989 318 1017 in
335 986 448 1019 dando,
467 980 493 1019 [ἱ
507 992 563 1012 non
577 983 721 1025 appareat
737 1000 746 1015 ,
768 977 818 1007 cuz·
831 982 937 1007 uatum

62 1033 125 1073 sit,
148 1032 276 1062 clii-evius
298 1027 400 1057 neutri
416 1025 558 1064 legatum.
594 1022 650 1054 Ait
665 1022 844 1061 separatim.
867 1018 895 1049 li.
907 1026 933 1049 e.

69 1083 102 1106 ut
117 1068 286 1114 proposui,
308 1065 491 1108 distinentis,
512 1065 556 1096 ita
571 1070 606 1095 ut
620 1062 700 1094 alter
713 1060 751 1110 ab
765 1060 873 1108 *altrei-*o
885 1058 935 1104 *di-

68 1116 240 1150 scernatur,
266 1110 368 1142 Lucio
383 1117 495 1149 nempe
518 1105 631 1143 Titio,
667 1101 795 1149 &pajo
827 1101 935 1146 s.¹[.¹.0²

67 1156 119 1188 vel
142 1153 236 1185 etiam
259 1150 451 1192 conjunctim
468 1173 477 1188 ,
509 1147 632 1179 duobus
661 1143 785 1190 seilicet
803 1141 909 1188 'Titiis
926 1164 934 1180 ‚

66 1206 138 1230 cuin
161 1194 257 1226 modo
282 1191 352 1224 sciri
378 1191 470 1233 poliit
484 1214 493 1229 ,
526 1198 606 1230 quos
623 1184 826 1229 destinaverit
845 1181 935 1214 testa-

66 1239 137 1278 tor,
169 1243 245 1268 tunc
268 1234 353 1266 enini
377 1232 454 1264 nihil
475 1230 591 1269 refert,
622 1236 658 1260 ut
681 1235 759 1258 mox
774 1225 875 1272 dicam
895 1226 935 1256 la-

66 1281 138 1312 tius.
186 1278 240 1309 Ait
268 1279 390 1318 uirique
409 1298 419 1312 ‚
451 1274 481 1306 ἃ
499 1273 542 1304 ita
561 1271 643 1303 recte
657 1269 936 1314 Floijciitite,·iion

65 1323 148 1354 reete
171 1319 223 1351 alii
248 1318 353 1358 Libri,
388 1317 491 1356 utique
511 1337 521 1353 ‚
553 1313 656 1345 multo
689 1319 792 1341 minus
814 1316 934 1345 velitri,

64 1360 230 1396 manifesto
248 1359 351 1399 vitio,
377 1358 448 1400 quia
464 1356 517 1388 uni
533 1362 661 1399 tantum·
673 1352 853 1398 ademptum
869 1349 935 1388 est3

66 1406 147 1437 unde
171 1412 234 1435 non
255 1400 356 1443 posset
382 1409 445 1432 non
467 1399 690 1430 circumveniri
705 1402 792 1439 inens
807 1391 933 1438 testato-

63 1447 124 1486 ris,
154 1444 176 1478 fi
197 1451 369 1486 negaretur
384 1442 520 1484 utrique.
567 1436 696 1474 Potius,
721 1443 793 1480 quia
817 1439 936 1475 incerta

64 1486 223 1528 ademptio
254 1485 375 1517 inutilis
397 1483 441 1516 est
456 1508 466 1523 ,
499 1478 661 1525 ainbobus·
680 1476 863 1522 debebitur,-
894 1484 935 1510 ne

64 1529 122 1569 id,
153 1528 191 1561 de
220 1537 284 1570 quo
314 1537 378 1559 non
408 1519 740 1563 constet,*infringat
769 1517 831 1561 id,
849 1515 932 1562 quod

64 1573 205 1610 certum,
239 1570 269 1601 &
299 1569 366 1610 jure
399 1567 522 1609 optimo
554 1564 691 1606 legatum
714 1558 777 1608 estf
803 1566 934 1600 quo-ita

64 1613 157 1645 locus
178 1611 215 1644 fit
238 1611 353 1653 regulae
375 1611 406 1643 C.
424 1619 476 1652 37.
500 1607 544 1640 X.
571 1610 605 1638 de
628 1605 669 1636 R.
691 1603 730 1645 J.
755 1612 786 1633 m
809 1599 864 1647 VI.
926 1639 928 1641 Ι

108 1655 144 1688 In
160 1652 270 1686 eodem
284 1660 469 1695 argumento
483 1649 567 1682 idem
579 1647 735 1688 Ulpianus
756 1644 931 1685 occupatur

63 1697 86 1730 1.
107 1706 157 1729 10.
176 1702 222 1736 pr.
241 1694 283 1737 ff.
307 1698 341 1726 de
352 1694 423 1726 Rebi
437 1695 495 1725 dub
524 1687 679 1723 Recenset
694 1687 736 1719 ibi
752 1686 858 1731 plures
868 1683 932 1726 spe-

62 1738 129 1771 cies
154 1738 247 1779 legati
261 1761 271 1777 ,
656 1770 662 1777 .
829 1768 834 1774 ¹

61 1779 175 1813 ‘miscet
191 1786 305 1820 exemp
318 1787 371 1810 um
386 1778 425 1809 de
438 1775 640 1815 ademptione
655 1777 791 1810 incerta,
803 1768 852 1800 his
861 1775 930 1799 ver-

61 1821 129 1855 bis:
154 1821 210 1853 Sea
228 1819 265 1855 ὃ)
279 1819 308 1860 fi
328 1822 441 1852 duobus
464 1818 630 1849 hominihus
651 1810 783 1855 eJ'usslem
803 1811 932 1842 nominis

60 1863 160 1905 ‘fuerit
176 1864 308 1905 legatum
321 1887 330 1903 ,
349 1869 427 1904 puta
447 1855 628 1901 Sempioniis
649 1867 660 1894 ,-
681 1865 748 1886 mox
763 1854 932 1894 Sempronio

63 1907 230 1946 ademptum
250 1903 293 1942 fic
316 1929 326 1944 ,
349 1914 401 1936 nec
418 1909 590 1944 appareat,
618 1899 850 1946 cuiadempium
866 1894 931 1934 fit.-

63 1955 167 1981 utrum
185 1948 266 1979 datio
281 1948 313 1978 in
331 1948 492 1987 utriusque
509 1942 632 1985 persona
653 1941 842 1981 infringitur
859 1960 869 1976 ,
882 1947 931 1985 on

65 1992 209 2030 ademptio
222 1989 306 2020 nulla
321 1987 363 2029 eft
376 2013 385 2025 ,
411 1989 504 2029 quaeri
516 1984 621 2026 potest.
636 1990 652 2023 fi
663 1983 718 2021 Ait
736 1980 929 2028 Semproniis,

65 2042 165 2074 neque
181 2030 343 2072 distinguit
361 2029 554 2070 conjunffim
566 2031 577 2067 ',
603 2036 639 2058 an
663 2024 828 2065 separatim
842 2046 852 2061 ,
866 2030 929 2067 *ne-

66 2083 126 2121 que
140 2074 234 2106 etiam
249 2082 270 2104 o
295 2081 329 2104 us
343 2081 409 2105 erat
424 2068 631 2111 distinguere,
646 2075 718 2098 cum
734 2073 827 2111 nemo
841 2063 928 2110 dixe-

64 2125 124 2154 rit,
146 2114 231 2156 quod
245 2123 262 2145 a
297 2114 451 2145 rationem
464 2112 564 2153 juris,
589 2110 757 2153 quicquam
773 2104 929 2144 interesse,

64 2155 241 2197 disjunctim
254 2178 264 2194 ‚
295 2165 332 2187 an
353 2153 546 2194 conjunctim
566 2152 759 2191 Semproniis
781 2148 904 2188 legetur
919 2170 929 2185 ,

64 2197 252 2235 dummodo,
275 2195 521 2236 siconjimclim,
544 2194 607 2224 duo
623 2193 776 2223 duntaxat
791 2188 867 2227 sint,
892 2187 931 2219 de

66 2238 180 2281 quibus
210 2236 359 2279 cogitasse
387 2237 495 2278 potuit
526 2234 682 2266 testator:
716 2230 858 2278 alioquin
889 2239 930 2261 ex

64 2280 154 2313 mille
183 2279 401 2320 Semproniis,
439 2285 517 2318 quos
546 2276 748 2307 destinaverit
781 2272 928 2311 teilator,

60 2331 130 2362 ¹non
153 2319 248 2352 facilc
271 2318 442 2361 dignoscas.
477 2318 508 2350 Si
532 2317 628 2358 igitur
652 2315 683 2346 in
707 2312 930 2354 conjunctione

62 2363 115 2395 vel
138 2361 202 2393 duo
225 2361 283 2393 sint
309 2368 429 2393 tanturn
452 2358 651 2400 Sempronii,
675 2356 727 2387 vel
751 2354 825 2396 quid
848 2354 932 2386 aliud

63 2403 190 2437 accedat
207 2427 216 2442 ,
242 2411 277 2433 ut
300 2401 367 2434 fere
390 2401 512 2433 accedit
538 2399 656 2441 semper
672 2421 682 2437 ,
713 2398 794 2428 unde
816 2405 856 2426 ex
881 2400 931 2427 tot

64 2445 132 2478 aliis
154 2444 347 2486 Semproniis
369 2443 610 2480 discernantur,
635 2438 764 2481 perinde
786 2437 832 2468 est
849 2445 928 2476 ,at-

63 2496 124 2530 que
145 2486 168 2519 fi
190 2486 315 2527 utrique
338 2484 501 2526 separatim
526 2484 666 2524 legetur,
691 2489 726 2511 ea
741 2503 750 2519 ,
775 2488 867 2520 quam
884 2478 928 2510 di*-

56 2529 98 2570 2xi
114 2552 123 2568 ,
153 2528 275 2560 ratione
297 2527 334 2558 ad
357 2530 384 2558 a.
415 2526 435 2558 l.
457 2536 485 2567 3.
517 2525 546 2566 §.
571 2535 600 2566 ἵ.
630 2523 678 2564 ff.
700 2524 738 2568 de.
756 2522 856 2567 Aelim.
880 2521 930 2552 vel

64 2570 179 2610 transf.
199 2570 257 2609 leg.
301 2568 462 2610 Separatio
491 2567 574 2599 enim
606 2575 669 2597 non
699 2564 758 2595 alia
787 2564 850 2594 sine
872 2562 929 2602 fit,

87 2621 156 2644 uam
179 2620 214 2643 ut
236 2609 463 2652 distinguantur
482 2633 492 2648 ,
532 2609 562 2640 Ge
585 2607 655 2640 inde
679 2604 818 2643 sciatur,
850 2613 931 2645 qnos

84 2653 263 2695 empronios
286 2651 480 2683 intellexerit
504 2649 652 2688 testator,
677 2645 834 2687 &quidad
851 2655 928 2685 rem,

64 2704 169 2726 utrum
191 2694 297 2726 addito
320 2693 470 2731 nomine,
494 2690 580 2733 quod
600 2690 741 2731 separet,
767 2697 805 2720 an
829 2686 926 2720 aliun-

56 2735 101 2773 Vde
122 2734 367 2777 dignoscantur?
390 2733 470 2765 nihil
492 2731 647 2774 profesto.

59 2813 62 2815 ,
106 2776 162 2808 Ait
176 2801 186 2816 ,
209 2778 300 2818 qiiaeri
321 2774 425 2816 potest.
470 2775 506 2807 In
529 2769 795 2815 disputationibus
817 2771 926 2813 Ulpia-

64 2817 123 2857 ni,
147 2819 228 2850 unde
249 2819 277 2850 b.
302 2818 342 2849 L.
363 2818 408 2849 est
422 2840 432 2856 ,
457 2815 595 2848 solemne
617 2815 662 2846 est
685 2815 835 2856 quaerendi
857 2822 927 2844 ver-

63 2858 140 2890 bum
155 2881 166 2897 ,
190 2859 220 2891 &
241 2859 286 2890 ita
307 2867 432 2899 quoque
454 2858 486 2889 in
513 2859 535 2889 l.
559 2860 578 2887 6
607 2857 652 2897 ff.
675 2859 710 2889 de
734 2856 822 2887 Conci.
845 2855 925 2895 cous.

65 2903 127 2931 dat.
149 2900 227 2938 cous.
249 2910 307 2930 non
320 2900 418 2940 secut.
440 2909 508 2940 qua:
538 2908 579 2930 ex
603 2898 714 2930 eodem
738 2897 867 2938 Ulpiani
892 2906 926 2928 o-

63 2950 138 2989 pere
160 2941 214 2972 ell'.
260 2941 311 2973 Sic
334 2949 370 2973 ut
392 2942 503 2980 mirer,
528 2940 608 2972 hanc
630 2939 818 2978 formulam,
844 2938 924 2980 quasi

69 2982 272 3021 Erinomam,
294 2990 436 3014 vnotatam
458 2981 519 3013 esse
541 2981 579 3013 ab
602 2980 788 3014 Ant.Fabro
811 2981 844 3011 in
862 2980 922 3011 Ra-

63 3025 134 3055 rion.
158 3025 195 3055 ad
211 3025 240 3055 d.
271 3024 291 3055 l.
313 3027 334 3054 6
371 3033 443 3055 curn
465 3024 560 3055 etiam
583 3022 696 3056 Paulus
720 3029 825 3054 utatur
848 3021 879 3053 in
904 3022 925 3054 l.

64 3070 117 3108 83.
147 3065 187 3106 ff.
215 3072 268 3105 pro
297 3065 359 3096 Soc.
384 3064 414 3096 &
429 3071 539 3096 *tamen
562 3074 579 3096 a
601 3074 758 3106 quoquam
781 3071 926 3094 veterum

62 3106 255 3154 I-jrudentum
299 3115 367 3138 eam
400 3103 569 3137 formulam
613 3106 788 3148 usurpatam
833 3112 926 3145 negat

62 3147 179 3186 haber,
206 3147 257 3179 sed
277 3157 362 3179 mera
385 3147 417 3178 in
440 3145 671 3179 Tribonianum
696 3147 860 3179 calumnia.

105 3189 205 3220 Porro
221 3189 282 3229 ait,
304 3189 347 3221 Et
366 3188 472 3221 verius
487 3186 529 3226 0st
545 3211 555 3226 ,
575 3190 607 3220 in
625 3191 670 3220 his
687 3191 820 3221 omnibus
835 3190 926 3219 eiiam

61 3231 162 3274 legum
181 3230 217 3266 δ’
234 3231 389 3264 libertates
409 3231 569 3271 impediri,
592 3232 804 3273 ademptionem
824 3237 925 3262 autem

926 1635 927 1638 ,
976 1605 1096 1638 nodum
1113 1604 1236 1646 secare,
1261 1617 1325 1640 non
1344 1607 1477 1642 solvere.

323 1746 357 1768 er
376 1729 775 1774 incertitudinem‚inutilis
791 1751 802 1768 ,
832 1727 937 1771 iisque⁴

979 105 1195 142 ROMANi
1245 108 1332 144 Liss.
1361 109 1407 145 Π.
1462 109 1501 147 C.
1531 107 1616 147 XV.
1805 110 1852 155 ,59

979 187 1013 234 in
1029 193 1192 234 utrumque
1216 189 1330 220 volere.
1358 188 1455 235 Quod
1471 191 1549 223 dicit
1572 193 1607 223 de
1627 191 1676 223 his
1698 191 1854 227 omnibus.

979 229 1220 271 intelligendum
1237 230 1280 261 est
1295 230 1333 261 de
1348 229 1525 271 speciebus,
1552 243 1627 274 quas
1642 231 1808 276 proposuit
1817 231 1856 264 ad

979 280 1077 316 usque
1100 270 1186 303 Vers.
1235 272 1292 304 Sed
1317 271 1353 306 ἐξ
1366 270 1406 310 fi.
1429 281 1563 344 quaeque
1583 274 1747 307 vei-santur
1768 274 1854 306 circa

977 312 1138 359 dationem
1168 313 1344 354 legatorum
1363 337 1373 353 ,
1411 322 1428 344 a
1479 323 1571 354 quam
1594 317 1689 348 etiam
1712 316 1854 358 pertinet

978 352 1065 402 Vers.
1091 355 1295 387 intermedius
1310 380 1319 395 ,
1345 357 1418 387 item
1434 354 1465 394 fi
1485 366 1522 388 ex
1537 357 1680 397 pluribus
1698 360 1798 396 servis
1824 368 1855 389 e·

975 399 1095 438 jusdem
1115 398 1244 428 nominis
1267 400 1321 429 uni
1341 397 1391 429 vel
1419 399 1598 438 quibusdam
1626 399 1753 430 libertas
1782 400 1856 432 reli-

979 437 1026 469 δία
1041 437 1092 479 est.
1139 437 1236 484 Quod
1254 448 1359 471 autem
1375 438 1455 473 dicit
1470 440 1509 472 de
1523 441 1725 482 ademptione
1739 466 1748 481 ,
1773 440 1854 473 refe-

978 479 1108 526 rendum
1123 489 1164 527 eu
1183 481 1219 512 ad
1238 482 1419 523 exemplum
1438 482 1551 525 iegati,
1568 482 1692 514 duobus
1709 483 1778 514 Sem
1804 493 1854 514 ro-

978 531 1038 553 niis
1055 522 1154 553 rentii
1170 546 1179 561 ,
1192 522 1235 569 ,ἃ
1251 524 1302 555 uni
1321 532 1398 554 mox
1416 525 1539 556 incerto
1554 524 1692 565 adempti
1711 534 1720 563 ;
1744 534 1777 555 re
1795 525 1856 555 erri

981 572 1107 611 quoque
1125 563 1225 605 posset
1242 565 1279 597 ad
1295 568 1478 606 exemplum
1500 566 1652 598 libertatis
1676 567 1856 607 quibusdam

982 609 1114 652 ejusdem.
1139 608 1267 638 nominis
1285 608 1392 648 servis
1417 607 1528 641 relisseiae
1547 631 1558 647 ,
1580 608 1602 641 fi
1626 617 1666 639 cx
1689 607 1855 640 Verficulo

981 657 1131 697 proximo
1153 649 1210 676 οἰπδ
1230 654 1295 679 „ms
1320 660 1460 692 repetas,
1487 651 1517 682 δε
1538 660 1606 682 mox
1628 651 1682 681 uni
1701 652 1854 690 aclemptce.

981 689 1041 721 Sed
1062 689 1126 720 duo
1144 713 1153 729 ‚
1179 700 1216 722 aii
1239 701 1334 723 unuin
1357 692 1568 734 ademptionis
1582 691 1763 733 exemplum
1782 701 1855 732 pro-

978 739 1130 772 ponatur,
1155 741 1263 772 parum
1278 733 1385 768 refert.
1432 734 1467 766 In
1491 743 1530 765 eo
1556 734 1660 765 omnis
1686 733 1857 764 difficultas

977 771 1038 819 esi,
1065 772 1149 819 quod
1167 773 1319 816 Ulpianus
1335 777 1372 808 ad
1390 776 1555 809 secundam
1569 775 1737 817 propositae
1759 774 1855 821 Quae-

979 814 1088 845 slionis
1103 822 1223 855 partein
1241 815 1443 859 respondeat,
1459 820 1672 858 ademptionem
1686 819 1718 849 in
1735 823 1858 849 utrum-

979 856 1172 903 que-volere,
1193 866 1266 903 cum
1292 867 1321 890 in
1345 868 1494 892 neutrum
1508 860 1630 899 valeat,
1656 867 1750 900 atque
1763 858 1856 897 adeo,

980 905 1015 928 ut
1041 898 1104 938 ipse
1128 907 1171 928 ait
1196 908 1226 929 in
1257 900 1287 930 d.
1318 901 1337 932 l.
1363 912 1396 943 53.
1429 902 1457 945 ᾗ.
1485 908 1512 943 7.
1539 902 1581 942 ff.
1611 904 1646 933 de
1672 901 1766 933 Adim
1804 900 1855 931 vel

982 939 1096 978 transf.
1121 940 1177 990 Ιεῃιζζ
1205 941 1329 987 iurique
1359 945 1498 986 legatum
1531 944 1563 976 in
1595 942 1653 975 hac
1677 942 1780 984 specie
1803 942 1854 973 de-

981 979 1100 1026 beatur.
1120 1021 1125 1026 ·
1147 981 1212 1026 Sibi
1240 983 1362 1016 scilicet
1386 986 1430 1017 ita
1453 984 1650 1017 contrarius?
1676 985 1706 1016 ὅ(
1729 991 1854 1016 contra-

980 1024 1045 1052 rius
1068 1028 1201 1068 rationi,
1227 1032 1296 1063 quie
1320 1035 1408 1066 aeque
1432 1026 1523 1058 nihili
1538 1026 1600 1058 effe
1613 1026 1686 1058 vult
1702 1026 1858 1058 incertam

979 1062 1210 1109 ademptionem
1229 1087 1245 1110 ‚⁷
1270 1074 1363 1105 quani
1384 1068 1537 1099 incertam
1560 1067 1721 1100 dationem
1737 1067 1754 1099 ἱ)
1778 1065 1858 1099 Non

981 1105 1057 1136 licet
1075 1112 1118 1135 ita
1133 1105 1300 1146 expedire,
1327 1115 1362 1139 iit
1378 1108 1539 1148 dicamus,
1566 1107 1597 1140 in
1620 1110 1648 1140 d.
1671 1110 1692 1141 l.
1714 1119 1745 1150 3.
1770 1107 1798 1150 §.
1825 1117 1856 1149 7.

968 1144 1145 1187 ‘legendum
1163 1171 1172 1185 ,
1200 1153 1234 1177 ut
1256 1147 1405 1181 Editores
1427 1150 1553 1190 quidam
1569 1149 1678 1192 legunt
1694 1173 1703 1189 ‚
1729 1153 1834 1183 neutri
1845 1156 1857 1186 ς’

980 1187 1174 1233 vitioiiffigra
1196 1188 1280 1220 enim
1300 1200 1336 1222 ea
1358 1191 1453 1223 lectio
1474 1191 1520 1222 est
1536 1216 1546 1231 ,
1573 1199 1607 1223 ut
1623 1190 1713 1233 supra
1727 1191 1856 1223 monui:

979 1238 1049 1260 nam
1067 1236 1193 1276 utrique
1209 1229 1389 1273 ademptum
1401 1232 1463 1264 effe
1477 1242 1542 1265 non
1556 1233 1682 1276 potuit,
1704 1233 1777 1274 quia
1792 1242 1858 1264 non

980 1271 1331 1322 Sprnproniisduobus,
1358 1274 1472 1316 quibus
1487 1275 1624 1317 legavit,
1651 1275 1784 1314 ademit,
1804 1273 1856 1306 sed

981 1314 1150 1359 Sempronio
1172 1322 1191 1344 1.
1210 1323 1236 1345 e.
1259 1324 1311 1346 uni
1328 1315 1501 1356 duntaxat,
1528 1317 1656 1357 utrique
1676 1316 1698 1349 ii
1719 1316 1858 1347 adimere

979 1353 1147 1400 voluisset,
1168 1355 1351 1401 Semproniis
1370 1358 1519 1390 distin-us.
1536 1357 1650 1400 Neque
1665 1358 1766 1390 ullum
1774 1357 1858 1389 obli-

979 1404 1086 1427 Vionis
1101 1396 1244 1436 proderit
1261 1399 1493 1445 velamentum,
1520 1410 1616 1442 quum
1633 1399 1721 1432 datio
1738 1424 1747 1440 ,
1773 1407 1808 1431 ut
1824 1399 1858 1430 in

978 1438 1007 1484 h..
1031 1438 1052 1469 l.
1082 1447 1129 1469 10.
1151 1447 1360 1481 proponitur,
1386 1440 1469 1474 faeta
1489 1441 1589 1473 fuerit
1610 1442 1762 1474 continua
1787 1450 1855 1472 ora-

979 1486 1085 1519 tione,
1112 1480 1141 1511 δε
1163 1490 1230 1512 mox
1252 1480 1358 1514 secuta
1377 1483 1548 1525 ademptio.
1574 1482 1686 1515 Petrus
1704 1483 1804 1515 Faber
1817 1481 1856 1513 ad

977 1522 998 1553 l.
1019 1524 1071 1554 66.
1090 1521 1135 1569 ff,
1158 1524 1192 1554 de
1213 1523 1254 1555 R.
1269 1523 1306 1566 J.
1331 1526 1535 1567 negationem
1551 1524 1655 1565 addit,
1680 1525 1855 1566 ademptio-

977 1573 1049 1596 nem
1069 1563 1191 1596 scilicet
1208 1571 1241 1597 m
1256 1574 1425 1608 utrumque
1447 1577 1507 1600 non
1527 1567 1642 1599 valere.
1667 1566 1717 1598 sed
1733 1567 1795 1599 hoe
1811 1564 1857 1597 est

1208 1644 1215 1649 Ν
1525 1609 1635 1641 Plures
1649 1608 1856 1650 Interpretes,

977 1647 1029 1679 sed
1045 1657 1125 1689 quos
1139 1648 1302 1681 recensere
1317 1649 1396 1682 nihil
1413 1651 1549 1691 attinet,
1575 1649 1790 1692 distinguunt,
1803 1649 1856 1691 se·

973 1692 1108 1739 paratim
1133 1691 1274 1738 legetur,
1300 1699 1336 1723 ut
1356 1692 1388 1724 in
1410 1695 1439 1725 d.
1463 1694 1484 1725 l.
1506 1704 1538 1736 3.
1562 1693 1591 1733 ᾗ.
1615 1702 1646 1733 7.
1670 1702 1709 1724 an
1729 1693 1856 1733 conjun-

978 1733 1067 1780 pizm,
1091 1740 1127 1764 ut
1147 1742 1180 1764 in
1201 1735 1231 1765 cl.
1253 1734 1274 1765 l.
1303 1744 1351 1767 10.
1370 1741 1422 1776 pr.
1449 1735 1471 1768 fi
1489 1735 1594 1777 prius,
1619 1733 1856 1776 ademptionem

976 1774 1125 1818 inutilem
1137 1773 1198 1806 esse
1214 1799 1224 1815 ,
1249 1775 1270 1807 fi
1284 1775 1438 1817 posterius
1452 1801 1462 1816 ‚
1486 1778 1520 1809 in
1536 1783 1708 1818 utrumque
1730 1775 1856 1807 valere:

976 1824 1012 1848 tit
1026 1826 1106 1858 quos
1121 1815 1252 1848 testator
1275 1817 1307 1849 in
1332 1819 1465 1861 legando
1491 1818 1687 1859 disjunxerat
1702 1841 1711 1857 ,
1737 1817 1769 1849 in
1791 1817 1856 1848 adi—

975 1858 1091 1890 mendo
1114 1868 1242 1905 quoque
1264 1859 1447 1900 disjunxisse
1463 1858 1629 1899 videatur,
1656 1860 1686 1892 &
1706 1868 1787 1901 quos
1811 1858 1854 1890 le-

972 1900 1078 1947 gando
1095 1908 1320 1940 conjunxerat,
1346 1902 1378 1933 in
1393 1902 1559 1934 adimendo
1577 1910 1704 1942 quoque
1721 1900 1853 1941 conjun-

975 1941 1062 1989 xisse.
1108 1941 1213 1973 Verba
1228 1942 1342 1982 audiO,
1369 1943 1399 1975 &
1415 1950 1568 1986 praeterea
1581 1942 1670 1974 nihil.
1706 1941 1790 1988 Quis
1809 1941 1854 1973 di-

975 1991 1026 2015 cat
1052 1994 1084 2015 in
1105 1985 1132 2015 cli
1158 1984 1178 2015 l.
1208 1993 1253 2016 10⁷
1278 1990 1325 2023 pr.
1371 1985 1565 2051 Semproniis
1585 1984 1781 2025 conjunffim
1809 1983 1852 2014 le-

974 2032 1111 2072 gantur-iia,
1137 2026 1167 2057 <Sc
1181 2035 1245 2057 non
1261 2025 1425 2067 separatim
1443 2029 1453 2059 ‘.
1483 2027 1594 2068 utique
1610 2026 1690 2058 nihil
1714 2026 1780 2066 eJ'us
1807 2025 1854 2056 rei

974 2068 1018 2098 ibi
1033 2067 1151 2114 dicitur
1167 2077 1177 2106 ;
1202 2077 1262 2099 nec
1278 2069 1425 2109 oportuit
1441 2076 1570 2109 captare
1594 2077 1711 2100 vocem
1723 2068 1853 2108 separa-

974 2111 1029 2140 tim
1049 2119 1081 2140 in
1102 2111 1131 2141 d.
1153 2110 1173 2141 l.
1203 2120 1233 2151 3.
1256 2109 1284 2149 §.
1300 2119 1329 2148 7.
1354 2111 1427 2152 quia
1442 2109 1566 2147 additur
1581 2118 1621 2140 ex
1636 2119 1695 2150 eo,
1713 2108 1799 2151 quod
1814 2108 1852 2141 fit'

975 2151 1018 2182 im>
1042 2155 1068 2179 π·
1091 2154 1214 2191 minoi,
1236 2150 1439 2192 dignoscendi
1456 2151 1566 2194 gratia.
1594 2150 1750 2194 Quamvis
1765 2150 1850 2183 enim

972 2193 1166 2235 conjunctim
1175 2217 1184 2233 ,
1209 2193 1333 2225 duobus
1347 2193 1528 2225 hominibus
1541 2193 1679 2234 ejusdem
1693 2191 1849 2231 nominis,

971 2233 1071 2270 fuerit
1091 2235 1247 2276 legatum,
1272 2235 1453 2275 ponendum
1468 2233 1514 2266 est
1528 2259 1538 2274 ,
1564 2243 1599 2267 ut
1614 2233 1779 2278 quaestioni
1801 2233 1849 2265 lo-

974 2284 1030 2307 cus
1045 2275 1100 2315 sit,
1125 2277 1189 2308 duo
1206 2275 1267 2307 effe
1282 2277 1402 2318 legata,
1414 2286 1484 2319 quae
1502 2276 1620 2318 singula
1633 2277 1665 2308 in
1685 2276 1851 2316 utriusque

973 2316 1105 2365 pei-sona
1120 2316 1301 2357 subsistunt,
1327 2318 1470 2360 alioquin
1486 2317 1524 2350 de
1538 2318 1741 2360 ademptione
1758 2317 1851 2349 unius

973 2358 1088 2391 trustra
1103 2358 1180 2391 essct
1197 2358 1308 2391 sermo.
1356 2359 1400 2392 Et
1412 2367 1493 2401 puto
1509 2368 1672 2401 perperam
1687 2359 1750 2391 dici
1767 2383 1776 2398 ,
1803 2365 1848 2390 te-

975 2400 1141 2440 statorem,
1151 2410 1231 2442 quos
1249 2401 1381 2442 legando
1396 2401 1582 2442 conjunxit,
1595 2401 1761 2434 adimendo
1770 2409 1847 2442 quo-

974 2451 1035 2484 que
1059 2442 1257 2483 conjunxisse
1280 2442 1407 2483 videri,
1432 2452 1506 2475 cuin
1531 2452 1638 2485 aperte
1662 2442 1716 2474 uni
1732 2441 1849 2474 adimat

971 2491 1099 2529 tantuin
1109 2509 1118 2525 ,
1133 2492 1228 2526 atque
1243 2484 1321 2516 adeo
1335 2484 1374 2516 de
1388 2484 1557 2517 voluntate
1570 2485 1637 2526 ejus
1653 2493 1711 2516 nos
1724 2482 1847 2515 dubita-

974 2534 1008 2557 re
1022 2534 1087 2557 non
1101 2527 1261 2568 patiantur
1275 2526 1371 2562 vei-ba
1392 2525 1579 2565 testamenti.
1625 2525 1686 2559 Sed
1706 2525 1736 2557 &
1758 2523 1849 2565 supra

975 2566 1088 2606 docui,
1113 2567 1199 2609 quod
1214 2567 1250 2599 ad
1264 2568 1420 2599 rationem
1434 2567 1533 2608 Juris,
1559 2568 1591 2600 in
1609 2568 1672 2599 hoe
1685 2574 1846 2598 arouinen-

975 2616 1010 2640 to
1029 2608 1108 2641 nihil
1124 2608 1287 2648 interesse,
1312 2609 1524 2649 conjunctim,
1550 2619 1588 2641 an
1606 2590 1784 2649 disjunffim
1803 2605 1845 2637 le-

973 2658 1084 2696 getur,
1110 2652 1139 2683 &
1156 2651 1248 2692 quid,
1275 2658 1310 2681 ut
1325 2651 1356 2682 id
1369 2660 1480 2687 verum
1496 2651 1533 2683 sit
1544 2675 1553 2690 ,
1573 2658 1704 2690 uti-aque
1720 2646 1846 2679 locutio

971 2691 1024 2723 hic
1038 2691 1202 2733 significem
1234 2691 1359 2731 Nihili
1384 2692 1448 2724 itur
1471 2692 1617 2724 haftenus
1640 2689 1843 2722 extricamus.

972 2731 1109 2780 Quidam
1129 2733 1265 2766 Codices
1289 2734 1341 2765 liic
1387 2734 1504 2774 abent,
1533 2734 1715 2772 ademptione
1743 2737 1845 2762 autem

971 2776 1004 2806 in
1022 2782 1185 2816 utrumque
1202 2776 1305 2807 volere
1317 2798 1326 2813 ‚
1347 2785 1441 2817 quarn
1455 2775 1658 2816 scripturam,
1684 2771 1842 2813 posthabi-

972 2823 1003 2848 ta
1032 2816 1240 2857 Florentina,
1271 2816 1412 2858 sequitur
1442 2816 1540 2857 Hugo
1572 2813 1731 2846 Donellus
1761 2813 1846 2846 Com-

968 2860 1050 2890 'ment
1085 2859 1161 2899 Jzir.
1185 2859 1253 2890 Cz'v.
1277 2859 1346 2890 Lib.
1372 2856 1458 2888 VIII.
1484 2857 1516 2887 in
1539 2858 1566 2887 h.
1592 2856 1630 2887 L.
1677 2853 1753 2886 Hoc
1774 2853 1842 2887 seni

970 2897 1031 2932 su:
1057 2901 1180 2942 legata,
1205 2910 1260 2941 per
1284 2898 1437 2939 ejusmodi
1460 2897 1695 2939 ademptionem
1708 2920 1718 2936 ,
1751 2897 1784 2929 in
1807 2906 1841 2928 u—

971 2949 1116 2984 trumque
1139 2942 1359 2981 Sempronium
1383 2938 1505 2978 valere,
1531 2947 1595 2970 non
1607 2934 1729 2970 scilicet
1739 2938 1845 2970 adem«

970 2984 1115 3024 ptionem
1132 2982 1262 3021 valere,
1297 2980 1349 3012 sed
1375 2979 1475 3021 legata
1500 2989 1555 3021 pei·
1580 2989 1648 3011 eain
1666 2977 1840 3021 ademptio-

971 3034 1042 3056 nem
1059 3049 1068 3063 ,
1100 3025 1162 3055 hoc
1184 3022 1230 3054 est
1248 3046 1256 3062 ,
1289 3030 1325 3053 ut
1355 3022 1470 3062 opinor
1484 3045 1494 3060 ,
1515 3028 1598 3054 'non
1629 3020 1773 3053 obstante
1805 3031 1842 3053 ea

969 3065 1181 3105 ademptione,
1205 3063 1411 3096 nihilominus
1433 3061 1565 3101 deberi;
1589 3062 1677 3104 quod
1697 3071 1738 3094 ex
1761 3071 1841 3104 quo-

969 3108 1018 3139 vis
1040 3106 1148 3147 potius
1170 3105 1296 3144 elicias,
1323 3114 1416 3145 quam
1432 3114 1473 3135 ex
1489 3104 1621 3146 simplici
1643 3107 1839 3145 ademptione.

968 3149 1014 3180 Ut
1039 3156 1158 3178 taceam
1173 3170 1183 3186 ,
1215 3147 1317 3187 legata
1340 3146 1450 3187 utique
1472 3156 1536 3178 non
1560 3146 1760 3188 ademptione
1775 3170 1784 3186 ,
1811 3145 1841 3177 δί
1876 3179 1881 3181 ,

969 3190 1040 3230 quia
1063 3188 1208 3229 adempta
1231 3187 1319 3227 sunt,
1345 3188 1468 3227 valere,
1494 3186 1545 3219 sed
1561 3188 1706 3228 datione,
1723 3189 1752 3220 ἃ
1769 3187 1843 3229 quia

968 3231 1050 3262 ret'te
1072 3229 1159 3269 data,
1185 3234 1248 3263 non
1272 3230 1355 3263 reete
1379 3230 1522 3271 adempta
1547 3228 1626 3262 sunt.

1397 3270 1428 3302 H
1454 3281 1470 3303 2
1757 3270 1839 3314 Qua<
