2008 3436
7 250 13 254 .
55 225 154 259 suum.

264 100 355 138 DF.
427 96 630 134 FORO
705 93 1248 140 LEGATORUM,

55 185 79 219 fi
97 184 140 217 ita
157 182 316 221 videatur,
339 180 462 212 vinetos
481 178 622 209 remittet
639 175 676 207 ad
696 173 918 221 Magistratum

209 224 283 257 Scio
314 222 476 264 aegerrime
508 217 661 257 accepisse
700 216 918 257 Pontificem,

56 269 140 309 quod
162 267 280 306 legatus
300 261 501 305 Imperatoris
527 257 856 305 Gerinanorumbaud
875 259 920 304 ita

56 309 176 350 pridem
192 298 308 339 'Romae
333 303 496 345 quemdam
512 311 551 333 ex
568 299 628 333 suis
648 299 847 346 hominibus,
873 309 918 346 ip-

56 349 122 382 sum
144 349 279 390 legatum
305 347 432 386 ejusque
456 344 551 376 filiam
576 350 688 387 nccare
713 340 848 387 voluisse
875 343 920 388 iu:

57 389 193 432 speftuin
205 412 216 427 ,
239 389 323 420 dorni
341 385 401 418 suae
418 385 556 417 vinctum
574 383 762 422 detinuerit,
787 391 882 424 atque
898 383 919 415 ii

55 439 212 463 carcerem
238 429 394 470 privatum
420 423 617 458 exercuiss'ct.
680 424 740 456 Sed
767 424 789 456 si
817 424 918 466 Magi-

56 471 168 505 stratus
193 481 251 503 nec
278 470 510 509 delinquentem
529 465 780 507 apprehendere,
804 475 862 497 nec
878 467 918 498 le-

54 521 145 556 gatus
161 511 317 545 custodire
333 509 423 551 poilit
434 533 442 548 ‚
456 517 491 540 ut
509 507 631 539 scilicet
648 507 799 548 deinceps
818 508 919 538 tradat

54 554 244 597 puniendum
256 575 267 591 ‚
289 552 348 592 jam
365 552 465 582 aetum
482 548 527 582 est
541 550 580 580 dc
596 549 682 580 omni
694 558 804 590 poena,
823 549 862 595 ’ὃς
876 548 919 580 fa-

55 596 143 629 milia
169 594 260 636 legati
286 593 384 630 vitre,
410 591 520 631 bonis,
546 590 772 622 existimationi
800 600 919 622 civium

55 636 234 670 nostrorum
255 641 327 665 tuto
347 632 520 665 insultabit.
546 631 720 665 Cardinalis
737 632 919 664 Bullonicn-

55 677 114 716 fiS‚
134 677 227 716 Regis
246 675 388 706 Franciae
407 675 443 706 ad
462 674 649 707 Pontificem
667 674 787 715 legatus
799 696 810 711 ,
828 673 921 705 Anno

56 722 148 756 1699.
170 710 300 750 alterius
312 715 488 756 famulum,
513 725 605 757 quem
632 715 761 746 domina
780 715 808 746 ei
830 715 921 762 tradi-

55 761 163 798 derat,
187 768 223 790 ut
249 758 429 799 exquireret
457 758 496 789 de
522 757 649 789 auctore
679 757 801 797 injuriae
819 766 921 797 cujus-

55 802 145 841 dam,
168 810 240 832 cum
259 809 299 832 ex
327 799 501 831 Cardinalis
520 799 654 830 arbitrio
674 808 737 830 non
758 797 922 838 responde-

54 851 125 882 ret,
142 842 334 884 aliquamdiu
349 842 436 873 domi
453 840 514 873 suae
530 840 693 881 captivum
710 840 828 871 habuit.
844 839 920 883 Quo

56 895 120 917 non
140 883 299 915 immerito
315 882 480 914 pontificis
498 881 716 914 auftoritatem
735 880 837 913 laesam
855 881 922 922 opi-

56 926 122 958 nati
144 924 214 957 sunt
230 924 312 966 Juris
327 924 450 956 Publici
468 922 637 961 Consulti,
657 922 775 963 duplici
794 922 923 968 deleau-

56 965 106 1007 sa,
131 967 251 1005 altera,
298 966 361 997 uod
391 966 421 997 id
447 964 537 996 ausus
562 963 670 995 fuifl'et
698 964 728 995 in
758 967 919 995 nominem

55 1018 121 1042 non
143 1008 247 1048 suum,
270 1017 286 1038 a
301 1017 386 1045 tera,
408 1006 492 1047 quod
508 1007 541 1038 in
560 1005 692 1050 delicio,
719 1005 804 1044 quod
823 1005 859 1036 ad
880 1004 920 1035 le-

57 1050 216 1092 gationem
251 1058 315 1080 non
348 1048 551 1088 pertinebat,
584 1054 657 1077 cum
679 1045 745 1086 ipse
775 1046 920 1086 legatus,

81 1101 116 1122 ua
135 1089 326 1128 cardinalis,
354 1098 420 1120 tuni
439 1088 506 1128 ejus
524 1088 666 1119 homines
686 1087 779 1128 Papae
796 1087 918 1119 fuerint

55 1100 194 1169 subditi,
217 1139 309 1171 atque
328 1130 405 1161 adeo
427 1129 559 1167 Romae,
583 1129 636 1160 ubi
651 1137 763 1166 erant,
782 1128 920 1170 judicari-

55 1173 97 1206 di.
146 1172 188 1205 Ut
214 1181 252 1203 ue
279 1170 343 1212 ipse
367 1171 395 1203 id
426 1171 589 1212 improbo,
614 1170 656 1202 sic
675 1170 776 1211 probo
801 1169 920 1201 fastum

56 1214 150 1256 legati
215 1212 362 1254 ispanici,
386 1212 566 1244 Emanuelis
583 1212 622 1244 de
642 1211 734 1251 Lira,
759 1212 813 1253 qui
839 1211 921 1250 apud

57 1255 193 1289 Ordines
211 1254 364 1286 Foederati
376 1254 475 1295 Belgii
487 1254 674 1295 legationem
691 1254 840 1294 praeclare
855 1253 922 1284 obi-

55 1298 114 1329 vit.
160 1296 242 1328 Cum
269 1296 392 1336 quidam
416 1296 482 1335 ejus
501 1295 639 1327 famulus
658 1294 795 1336 puellam
815 1304 920 1337 quam-

57 1338 127 1370 dam
150 1347 189 1370 ex
217 1337 311 1378 legati
340 1336 553 1375 Domesticis,
575 1336 629 1377 qui
651 1344 830 1375 vocantur,
855 1334 920 1368 Ha-

57 1389 107 1421 gae
126 1380 156 1411 iii
175 1378 272 1410 domo
290 1378 381 1420 legati
397 1402 406 1417 ‚
431 1378 463 1409 vi
482 1377 685 1418 constuprare
703 1377 858 1419 agoress‘us
874 1387 920 1410 es-

57 1420 104 1453 set
121 1443 133 1460 ,
162 1421 283 1461 legatus
314 1421 471 1451 hominem
500 1419 642 1451 vinctum
677 1419 709 1451 in
738 1402 922 1461 {Iispaniam

59 1462 162 1500 milit,
185 1471 220 1493 ut
240 1461 282 1493 ibi
302 1462 465 1502 puniretur
483 1461 513 1493 &
530 1461 623 1492 remis
641 1461 775 1493 daretur.
821 1461 863 1493 Et
881 1460 922 1493 fic

58 1503 248 1544 oportebats
272 1512 330 1535 nec
349 1502 386 1534 ab
405 1512 439 1533 ea
455 1502 705 1543 jurisprudentia
720 1501 841 1534 recessit
859 1501 922 1543 ipse

59 1544 272 1587 Wicquefort
293 1546 320 1576 d.
354 1543 427 1578 Seri.
454 1549 506 1579 28.
531 1550 563 1585 p.
596 1549 667 1581 889-
703 1544 733 1576 &
763 1548 833 1582 890.
867 1543 923 1576 nisi

82 1587 144 1618 uod
179 1586 392 1627 imprudenter
416 1585 507 1617 addat
528 1607 540 1624 ,
574 1585 669 1626 legati
703 1593 806 1617 tamen
832 1584 921 1626 juris-

83 1628 230 1659 {ctionem
244 1627 306 1659 effe
324 1628 356 1659 in
372 1627 513 1659 homines
525 1650 534 1666 ,
560 1637 639 1668 quos
657 1626 711 1659 fibi
732 1625 866 1658 adscivit
884 1636 924 1659 ex

60 1667 192 1701 subditis
210 1667 343 1706 nostris,
365 1669 416 1701 sed
434 1668 490 1700 hos
507 1669 545 1700 ab
567 1669 636 1700 aliis
653 1668 734 1700 nihil
758 1668 924 1710 quicquam

59 1708 184 1742 differre
206 1711 277 1751 Cap.
302 1709 376 1742 XV.
402 1709 566 1751 exsequuti
582 1709 696 1742 sumus.

60 1770 65 1775 ·
101 1751 272 1793 Saepissime
297 1759 402 1784 tamen
429 1752 524 1792 legati
550 1759 664 1783 contra
688 1752 832 1784 homines
851 1750 923 1784 suos

58 1791 245 1826 sententiam
264 1793 423 1825 dixerunt.
454 1793 547 1834 Apud
565 1793 608 1823 W
614 1792 776 1833 icquefort
795 1795 834 1831 d„
846 1792 920 1825 Seet.

60 1839 111 1869 28.
133 1840 164 1875 p.
189 1837 263 1869 886.
289 1836 319 1867 ἃ
336 1840 408 1875 887.
432 1835 553 1877 legatus
571 1835 740 1880 Francicus
758 1835 838 1875 apud
858 1835 920 1868 An-

60 1876 129 1916 glos
159 1876 272 1915 capitis
303 1875 489 1908 sententiam
520 1877 602 1908 dixit
634 1885 746 1908 contra
769 1877 922 1908 comitem

61 1917 168 1955 suum,
193 1916 358 1948 homicidii
373 1927 459 1949 reum
471 1941 481 1957 ,
499 1916 550 1949 sed
566 1918 689 1957 Angliae
707 1918 777 1949 Rex
794 1918 925 1958 gratiam

61 1957 203 1990 criminis
229 1956 319 1990 fecit.
376 1958 527 1991 Probavit
555 1959 586 1990 id
613 1958 731 1990 fastum
768 1959 926 1991 Henricus

59 1997 116 2033 IV.
143 1998 282 2030 Franciae
305 1999 393 2037 Rex,
417 1998 467 2032 sed
488 2000 669 2042 indignante
691 1999 832 2032 Consilio
850 1999 925 2040 suo,

60 2040 148 2082 quod
173 2040 269 2082 Regis
285 2041 420 2083 vAnglici
447 2042 509 2074 esse
524 2052 588 2073 non
614 2041 762 2083 putabat,
787 2041 852 2081 ejus
868 2041 926 2072 cri-

59 2083 155 2114 minis
172 2081 302 2122 gratiam
328 2082 442 2114 faeere.
488 2083 531 2115 Et
547 2081 611 2124 ipse
630 2091 728 2124 puto,
752 2082 783 2114 id
798 2082 925 2114 certiffi-

61 2131 148 2155 mum
168 2122 251 2161 esse,
275 2123 297 2155 fi
316 2123 354 2155 de
367 2124 436 2164 iure
475 2134 646 2164 uaeramus,
669 2125 743 2164 quia
762 2133 870 2155 comes
888 2124 924 2155 il-

60 2164 93 2196 le
109 2162 250 2195 subditus
266 2173 333 2196 erat
349 2165 444 2206 Regis
474 2166 619 2205 ¹ranciae,
635 2166 664 2198 ὅ(
681 2165 824 2198 lubditus
839 2174 924 2197 man-

61 2203 164 2243 serat,
188 2204 284 2236 etiam
301 2205 334 2238 in
350 2206 397 2238 An
423 2207 472 2238 lia.
518 2207 698 2248 JurisdiCtio
739 2216 843 2248 uoque
859 2214 925 2238 erat

61 2246 204 2277 exercita
219 2255 238 2278 a
255 2245 378 2288 legato,
416 2248 454 2279 ed
477 2249 566 2281 nullo
580 2248 664 2288 jure,
689 2248 721 2280 ni
737 2259 746 2280 i
762 2248 927 2290 postquam

63 2287 144 2319 hanc
167 2286 238 2319 Rex
264 2286 413 2320 habuerat
439 2297 550 2321 ratam.
595 2289 744 2331 Legimus
777 2299 926 2330 quoque,

63 2327 240 2360 'I'urcicum
268 2328 405 2370 legatum
422 2329 516 2362 Anno
538 2340 625 2372 1700.
671 2331 804 2363 Viennae
820 2340 926 2372 quern-

62 2369 131 2401 dam
157 2378 198 2400 ex
220 2368 342 2403 familia
368 2369 440 2410 sua,
464 2372 517 2413 qui
540 2381 612 2403 cum
630 2372 698 2404 aliis
725 2372 865 2412 ejusdem
883 2370 928 2403 fa-

61 2411 157 2443 miliae
174 2409 206 2442 se
221 2411 409 2451 inebriarat,
434 2413 599 2454 multaque
615 2413 786 2444 insolenter
801 2421 928 2454 egei-at,

62 2459 134 2484 ante
158 2452 240 2483 aedes
269 2451 335 2485 suas
360 2463 401 2485 ex
427 2454 558 2492 arbore,
592 2453 725 2495 appensa
747 2454 867 2495 pectori
886 2454 928 2485 la-

64 2501 141 2536 gena
149 2498 169 2532 ,·
188 2492 375 2535 suspendiss'e
383 2517 395 2534 ,
417 2495 449 2528 δι
477 2502 611 2528 caeteros
637 2505 689 2536 50.
714 2494 844 2528 fustium
859 2494 928 2528 isti-

654 2602 929 2638 CAPU

1323 96 1362 131 C.
1388 96 1465 132 XX.
1493 98 1589 136 XXL
1756 111 1821 146 177

962 175 1021 208 bus
1045 174 1200 206 multasse.
1247 174 1320 206 Alia
1347 175 1522 220 legatorum
1552 179 1581 209 in
1599 179 1740 212 homines
1759 179 1831 211 suos

962 217 1102 248 exercita
1136 217 1253 256 judicia
1277 218 1418 248 receniet
1443 217 1515 257 Jean
1548 218 1689 253 Hotman
1720 233 1754 253 cri
1776 223 1833 263 sim

967 258 1070 290 Traite'
1097 260 1130 289 de
1158 257 1177 288 ὶ·
1197 257 1409 299 Ambaffadeur
1429 259 1460 290 C.
1485 269 1514 299 4.
1540 269 1570 290 n.
1601 270 1647 301 ¹4-
1671 265 1701 294 ὅς
1719 264 1778 294 alia
1799 273 1829 294 c-

965 301 1039 332 tiam
1065 299 1129 331 alii.
1173 299 1233 331 Sed
1258 299 1345 332 haec.
1373 300 1403 331 &
1430 300 1493 331 duo
1522 301 1623 332 adliuc
1651 305 1735 343 alia,
1762 315 1832 345 quae

963 341 1149 374 Mornacius
1178 341 1307 379 attulit,
1332 351 1422 373 exem
1450 342 1476 372 la
1505 351 1568 372 non
1587 352 1636 373 me
1653 354 1833 384 moverint,

963 390 998 414 ut
1027 382 1098 414 inde
1123 382 1172 422 jus
1201 380 1355 414 Gentium
1387 384 1426 414 aei
1446 383 1588 415 imemus.
1635 383 1833 418 Huberuscle

964 423 1041 465 Jure
1071 424 1214 455 Civitatis
1241 423 1312 455 Lib.
1341 424 1396 456 111.
1433 423 1508 456 Seii.
1541 435 1570 465 4.
1608 425 1639 456 C.
1668 436 1695 458 2.
1721 437 1751 458 π.
1778 438 1828 469 30.

963 475 1004 498 ex
1029 475 1068 497 eo
1084 487 1094 503 ,
1124 465 1209 506 quod
1233 466 1369 498 comites
1393 467 1569 507 legatorum
1598 469 1738 509 exempti
1764 468 1835 501 suxit

963 517 1092 546 corum,
1119 507 1156 538 ad
1180 516 1260 548 quos
1285 508 1483 547 mittuntur,
1515 510 1672 549 pote'''⁵ate
1689 533 1698 548 ‚
1727 514 1836 549 parum

962 547 1025 590 eft,
1050 548 1172 589 inquit,
1189 549 1260 589 quin
1275 549 1442 590 juriscii'fflo
1462 550 1570 592 legatis
1587 552 1619 581 in
1636 552 1751 582 comites
1763 551 1832 591 ,iios

964 592 1053 622 tribui
1067 588 1168 631 poffit‚
1196 589 1247 621 sed
1274 600 1349 622 mox
1378 590 1553 632 resipiscit,
1576 592 1733 624 modicam
1755 594 1833 625 dun-

966 639 1053 664 taxat
1083 631 1192 672 legatis
1219 631 1359 664 tribuens
1385 633 1638 672 coercitionem,
1664 633 1701 664 ad
1727 644 1834 666 exem-

964 674 1052 715 plum
1075 672 1328 714 patrisfamilias,
1355 682 1488 712 caetera,
1513 675 1542 706 ὅ(
1571 675 1674 714 recle,
1699 685 1833 708 conten-

965 716 1062 752 dens,
1086 714 1273 755 ablegandos
1297 715 1360 747 effe
1387 725 1522 747 comites
1540 740 1549 755 ,
1582 725 1616 748 ut
1640 717 1833 758 puniantur,

967 757 1004 789 ad
1023 756 1201 797 Principem
1227 756 1342 797 legati,
1366 756 1430 789 five
1449 765 1483 789 ut
1504 767 1564 799 ego
1585 759 1712 797 malim,
1734 759 1834 791 adfo-

965 808 1034 830 rum
1062 797 1092 829 le
1114 797 1178 835 ati,
1203 798 1288 839 quod
1310 797 1375 840 ipse
1399 805 1472 831 ante
1502 798 1677 841 susceptam
1706 801 1837 842 legatio-

966 849 1037 872 nem
1061 839 1098 870 ha
1124 839 1180 870 uit.
1227 838 1266 870 Et
1288 838 1358 871 sane
1380 840 1409 871 id
1431 841 1480 880 jus
1500 840 1597 872 facilc
1618 842 1748 878 vincet,
1771 842 1835 874 sive

965 881 1122 913 rationem
1140 903 1151 919 ,
1182 880 1245 912 five
1280 891 1384 913 mores
1410 880 1563 914 Gentium
1592 883 1834 916 confideremus.

967 923 1049 955 Cum
1075 923 1158 954 enim
1175 923 1278 954 omnis
1300 922 1475 962 jurisdictio
1494 922 1530 955 sit
1549 933 1566 955 a
1592 924 1760 965 Principe,
1782 935 1835 957 ne-

963 974 1041 1002 mo,
1066 964 1116 995 cui
1144 973 1208 995 non
1236 964 1454 1003 mandaverit,
1481 964 1560 996 hanc
1587 966 1669 997 recte
1685 975 1835 1005 exercet,

965 1005 995 1037 &
1013 1005 1092 1036 cedo
1110 1005 1187 1036 mihi
1209 1005 1350 1045 levatos,
1375 1015 1511 1047 quorum
1536 1007 1691 1039 mandatis
1711 1008 1741 1040 id
1756 1018 1833 1040 con-

964 1047 1084 1077 tinetur
1102 1069 1112 1085 ,
1144 1046 1175 1077 &
1197 1069 1206 1085 ‚
1239 1029 1263 1077 ᾗ
1285 1046 1338 1078 vel
1365 1047 1608 1086 contineretur,
1646 1049 1726 1081 cedo
1757 1050 1836 1082 mihi

963 1088 1102 1129 plurium
1136 1087 1328 1128 populorum
1358 1087 1542 1120 censensum
1563 1111 1574 1126 ‚
1607 1090 1659 1130 qui
1692 1091 1837 1132 legatos,

964 1130 1079 1170 quibus
1106 1137 1144 1159 ne
1170 1138 1208 1160 ue
1233 1129 1355 1170 imperii
1373 1153 1383 1167 ,
1412 1139 1514 1170 neque
1550 1131 1704 1162 territorii
1737 1133 1838 1165 ullum

963 1171 1012 1211 jus
1044 1168 1117 1208 est,
1163 1170 1282 1202 cientes
1308 1171 1454 1203 volentes
1485 1171 1558 1212 paffi
1594 1173 1664 1204 sunt
1693 1173 1837 1205 homines

965 1211 1036 1244 suos
1062 1213 1143 1243 intra
1170 1212 1312 1252 privatos
1336 1213 1472 1253 parietes
1497 1213 1654 1245 trucidare
1673 1237 1684 1253 ,
1714 1215 1764 1246 vel
1781 1225 1836 1246 ex-

967 1254 1084 1286 struere
1107 1252 1207 1285 ferale
1231 1263 1340 1295 pegma
1368 1263 1442 1286 ante
1470 1254 1551 1286 aedes
1577 1254 1662 1294 suas,
1687 1256 1738 1288 vel
1761 1258 1837 1289 alibi

965 1295 997 1327 in
1016 1295 1091 1327 loco
1110 1294 1264 1335 publico,
1277 1296 1307 1326 in
1322 1305 1386 1336 quo
1405 1296 1444 1327 de
1461 1295 1508 1327 his
1526 1295 1679 1338 supplicia
1695 1296 1836 1338 sumant,

964 1337 1019 1369 vel
1036 1345 1092 1378 per
1111 1335 1200 1375 suos,
1224 1337 1277 1368 vel
1301 1336 1455 1368 conducta
1474 1337 1512 1368 ad
1536 1338 1567 1370 id
1590 1338 1746 1371 carnificis
1761 1350 1836 1381 ope-

963 1388 1006 1410 ra.
1054 1377 1265 1419 Refragantur
1290 1378 1385 1410 etiam
1414 1387 1539 1417 mores,
1562 1379 1735 1412 dummodo
1762 1391 1835 1422 pau-

964 1429 1019 1494 (1309
1036 1420 1177 1460 excipias
1191 1441 1203 1459 ,
1216 1429 1257 1452 ex
1273 1419 1387 1462 quibus
1400 1421 1449 1461 ius
1463 1418 1618 1453 Gentium
1627 1421 1755 1454 efficere
1772 1432 1837 1458 non

984 1469 1058 1494 icet.

1009 1503 1144 1536 Carolus
1169 1503 1348 1536 Paschalius
1365 1505 1396 1538 in
1414 1504 1533 1548 Legata
1557 1506 1589 1537 C.
1615 1510 1666 1547 76.
1689 1506 1838 1549 singulari

965 1545 1040 1577 loco
1076 1547 1161 1587 egit,
1186 1556 1226 1577 an
1257 1546 1373 1589 legatus
1407 1548 1511 1579 haheat
1540 1547 1774 1590 jurisdifflonem
1802 1551 1837 1580 in

957 1587 1046 1628 suam
1063 1587 1248 1627 familiam?
1274 1588 1329 1620 ille
1357 1588 1469 1629 legatis
1487 1598 1550 1621 non
1570 1590 1730 1630 permittit
1751 1600 1838 1633 erga-

967 1627 1045 1660 stula
1061 1652 1070 1668 ‚
1104 1638 1205 1670 neque
1229 1629 1358 1661 vincula
1381 1631 1412 1661 <Sc
1439 1631 1609 1672 compedes
1628 1654 1638 1669 ‚
1674 1632 1841 1673 multoque

967 1670 1070 1702 minus
1099 1670 1278 1703 carnificem
1309 1671 1338 1703 ὅς
1364 1671 1520 1712 laqueum.
1565 1672 1636 1714 Ego
1656 1673 1782 1704 vincula
1808 1673 1841 1706 &

968 1712 1138 1753 compedes
1153 1712 1326 1753 permitto,
1351 1722 1387 1755 ut
1405 1713 1548 1745 homines
1568 1713 1640 1746 suos
1659 1713 1840 1746 custodiant

968 1752 1260 1792 &Vtransmittanss
1282 1764 1346 1786 non
1375 1761 1412 1786 ut
1440 1756 1572 1795 puniant
1598 1756 1765 1796 temporali
1786 1757 1841 1788 vel

966 1803 1121 1842 perpetuo
1141 1804 1276 1826 carcere.
1317 1794 1375 1827 Ille
1393 1805 1470 1833 mox
1488 1795 1651 1844 distinguit
1671 1800 1753 1829 inter
1774 1807 1838 1829 ma-

966 1845 1050 1876 Jores
1066 1836 1096 1868 δι’.
1112 1837 1249 1868 minores
1268 1837 1409 1878 legatos,
1435 1837 1499 1870 illis
1517 1838 1561 1869 lar
1586 1848 1630 1870 ies
1650 1846 1840 1880 poteuatem

970 1878 1002 1908 in
1024 1876 1119 1916 suos,
1141 1878 1292 1919 aequalem
1314 1877 1445 1919 priscae3
1469 1889 1529 1920 quae
1546 1848 1614 1919 ἐπὶ*
1641 1880 1729 1911 civili
1748 1890 1781 1911 ac
1797 1891 1857 1919 re-iN

992 1918 1035 1949 ali
1058 1920 1178 1960 imperio
1203 1920 1330 1960 praedz'ta
1345 1943 1355 1959 ,
1379 1920 1427 1952 his
1446 1930 1510 1952 non
1531 1921 1619 1953 item.
1664 1921 1735 1962 Ego
1757 1920 1861 1960 inter‘

984 1968 1114 2000 egatos,
1138 1959 1194 1992 nifi
1222 1961 1366 1992 mandata
1393 1960 1562 2000 differant,
1585 1961 1644 1994 hac
1669 1969 1759 2004 parte
1776 1973 1842 1996 non

969 2000 1150 2043 distinguo,
1173 2010 1233 2033 nec
1247 2023 1257 2040 ,
1279 2000 1342 2034 fine
1370 2002 1582 2042 auctoritate,
1606 2003 1740 2036 admitto
1762 2005 1843 2037 illud

970 2043 1100 2074 incertae
1130 2043 1158 2074 ὅ(
1187 2042 1342 2084 ambiguae
1371 2045 1525 2076 orationis
1546 2045 1723 2086 imperium.
1768 2046 1841 2079 Ma-

968 2084 1018 2124 jor
1045 2083 1077 2115 in
1106 2082 1271 2115 Paschalio
1300 2083 1346 2116 est
1370 2085 1558 2117 eruditionis
1583 2095 1750 2127 apparatus
1769 2110 1781 2126 ,
1811 2089 1844 2121 δε

969 2134 1086 2167 pompa
1110 2125 1298 2164 verborum,
1324 2135 1417 2166 quarn
1439 2137 1456 2158 a
1479 2126 1580 2174 posita
1596 2129 1633 2159 ad
1652 2137 1718 2159 rem
1739 2128 1843 2171 dispu-

969 2167 1071 2204 tati0,
1095 2166 1125 2198 &
1142 2166 1252 2207 Judicii
1272 2166 1352 2199 bene
1374 2167 1446 2200 suba
1480 2178 1489 2200 i
1508 2168 1640 2209 pondus.
1687 2168 1845 2214 Quamvis

969 2217 1075 2240 autem
1114 2208 1250 2240 comites
1291 2209 1328 2240 ad
1360 2207 1468 2242 forum
1506 2211 1604 2252 legati
1639 2218 1817 2252 pertineant
1832 2237 1843 2252 ,

971 2259 1035 2282 non
1065 2256 1170 2281 tamen
1192 2258 1232 2281 eo
1259 2250 1420 2291 pertinent
1438 2250 1555 2283 subditi
1571 2250 1692 2291 nostri,
1717 2255 1771 2294 qui
1789 2254 1841 2286 ad-

971 2289 1079 2322 versus
1109 2290 1139 2322 le
1161 2299 1270 2330 atum,
1293 2291 1403 2332 ejusve
1434 2292 1580 2325 homines
1609 2294 1773 2366 deliquisse
1795 2295 1843 2327 di-

971 2340 1096 2363 cuntur.
1150 2341 1257 2364 *orum
1276 2333 1360 2373 ejus,
1384 2334 1436 2373 qui
1461 2335 1614 2376 deliquit,
1639 2335 1671 2366 in
1688 2336 1843 2376 picimus;

971 2382 1032 2405 nec
1058 2373 1161 2405 adhuc
1188 2374 1280 2414 potui
1299 2375 1570 2414 animadvertere,
1596 2386 1660 2416 quo
1678 2377 1746 2416 jure
1766 2387 1842 2409 con-

973 2414 1160 2446 tradixerint
1181 2415 1294 2446 Franci
1313 2416 1394 2456 apud
1412 2415 1654 2448 Aitzema‘Lz‘b.
1674 2417 1729 2449 VI.
1745 2424 1776 2458 p.
1802 2428 1842 2450 m.

971 2460 1025 2492 98.
1048 2455 1103 2487 nisi
1118 2454 1206 2487 forte
1222 2455 1291 2496 jure
1309 2456 1441 2497 antiquo
1459 2457 1725 2499 deditionis,quo
1742 2459 1839 2492 hodie

971 2503 1076 2532 tamen
1093 2494 1214 2529 Gentes
1231 2506 1296 2529 non
1312 2504 1455 2529 utuntur.

978 2603 1014 2638 T
1086 2603 1226 2640 XXI.

619 2690 720 2726 AEdes
745 2692 846 2738 legati
870 2703 912 2728 an
937 2692 1101 2738 praebeant
1127 2691 1282 2740 asylum?

73 2797 78 2801 ,
119 2792 168 2815 am
188 2782 227 2814 de
242 2782 339 2814 domu
356 2783 449 2827 legati
466 2787 639 2820 videamus.
683 2788 781 2821 Recte
801 2787 935 2822 Grotius

57 2836 70 2851 τ
133 2824 217 2872 dixit
236 2824 340 2871 magni
359 2825 474 2866 Operis
491 2829 561 2861 Lib.
587 2829 631 2862 11.
657 2829 689 2863 C.
718 2835 766 2865 18.
792 2830 819 2872 §.
846 2836 874 2866 8.
897 2841 934 2863 an

131 2876 181 2906 Jus
194 2864 296 2913 ‘Asyli
325 2864 436 2898 habeat
462 2869 591 2918 legatus·
607 2880 665 2912 pro
684 2871 874 2919 quibusvis,
895 2882 935 2904 eo

70 2906 331 2950 confugientibus
349 2930 359 2946 ,
391 2916 432 2939 ex
459 2911 816 2959 concessionependere
844 2923 934 2954 ejus,

70 2948 152 3023 Pmd
172 2957 265 2990 quem
284 2948 368 2989 agit,
392 2958 494 2995 neque
518 2953 601 2984 enim
613 2953 694 2993 Juris
718 2953 871 2986 Gentium
889 2964 934 2986 es-

85 2999 113 3022 e.
157 2989 315 3030 Legatus,
338 2998 473 3023 comites
487 2991 518 3023 le
539 2994 581 3024 ati
598 2993 692 3026 sanEti
713 2995 804 3034 sunt,
829 2995 880 3027 sed
899 3006 936 3028 an

71 3031 103 3063 &
125 3030 238 3061 domus
263 3029 389 3062 saneta?
412 3031 479 3063 imo
521 3034 626 3074 anCta,
648 3036 752 3077 inquit
779 3037 934 3078 Wicque-

71 3071 142 3104 fort
167 3070 237 3103 Lib.
270 3070 297 3118 1..
318 3071 395 3118 βεὲἶ.
420 3078 472 3108 28.
497 3079 530 3114 p.
565 3080 637 3116 875.
661 3076 713 3109 sed
742 3077 801 3110 soli
828 3078 934 3120 legato

23 3143 34 3150 Δ
72 3112 200 3152 ejusque
216 3113 385 3144 comitibus
395 3136 407 3152 ,
419 3113 602 3148 facinorosis
617 3117 746 3150 domurn
762 3119 858 3161 legati
872 3128 936 3151 non

73 3151 238 3199 prodesse,
260 3154 332 3194 quia
361 3154 506 3187 subditos
533 3155 711 3198 Principis,
736 3161 817 3200 apud
844 3169 937 3201 quem

73 3194 181 3268 όεῗε,
202 3193 292 3268 nillllo
307 3195 375 3236 jure
401 3197 468 3237 ejus
492 3197 706 3238 jurisdictione
724 3200 849 3234 eximit.
894 3201 939 3234 At

145 3244 199 3268 om·
255 3258 263 3268 Ο

974 2789 1054 2822 scire
1080 2789 1199 2829 velim,
1223 2789 1299 2832 quid
1325 2797 1401 2822 tunc
1429 2790 1556 2831 praestet
1587 2791 1641 2823 illa
1668 2790 1844 2825 sanctitas?

976 2840 1013 2863 ut
1031 2831 1157 2863 scilicet
1176 2831 1281 2873 legato
1308 2832 1437 2872 eiusque
1456 2831 1636 2864 hominibus
1660 2832 1773 2864 domus
1791 2832 1843 2865 sua

972 2873 1163 2905 ‚tutissimum
1194 2873 1233 2905 fit
1264 2872 1423 2914 refugium
1450 2881 1543 2914 atque
1569 2874 1805 2914 receptaculum
1826 2875 1845 2907 ἶ)

978 2915 1066 2955 atqui
1093 2923 1205 2946 omnes
1228 2913 1329 2953 aedes,
1354 2913 1460 2945 omnia
1477 2914 1548 2945 loca
1567 2914 1598 2946 id
1618 2913 1717 2954 ipsum
1739 2915 1845 2956 legato

978 2955 1143 2996 praebent,
1164 2965 1236 2987 nam
1255 2955 1308 2995 qui
1325 2964 1384 2986 nec
1401 2955 1584 2993 conveniri,
1606 2964 1666 2986 nec
1683 2957 1819 2990 accusari
1833 2981 1843 2996 ,

978 3006 1036 3028 nec
1065 2997 1168 3038 puniri
1192 2995 1316 3037 potest,
1342 2996 1424 3027 inter
1443 2996 1564 3028 medios
1583 2996 1776 3030 Officialium
1792 3008 1846 3030 co-

979 3037 1088 3069 hortes
1111 3045 1200 3069 tutus
1217 3036 1410 3068 obambulat.
1443 3035 1494 3067 Eo
1510 3037 1629 3078 igitur,
1650 3047 1691 3069 ex
1706 3039 1845 3080 plurium

979 3077 1133 3110 sententia
1151 3102 1160 3117 ,
1184 3078 1240 3109 illa
1269 3076 1412 3109 sanctitas
1437 3086 1500 3109 non
1533 3079 1672 3120 pertinet
1733 3080 1784 3112 sed
1809 3091 1850 3113 ne

981 3129 1022 3151 ex
1048 3118 1168 3151 aedibus
1196 3119 1293 3159 legati
1316 3118 1410 3149 liceat
1429 3119 1580 3151 exrahere
1604 3121 1657 3152 vel
1676 3103 1847 3154 scelestifli-

981 3170 1069 3193 mum
1097 3168 1265 3200 quemque.
1318 3158 1497 3191 paschalius
1529 3161 1559 3192 in
1590 3160 1706 3204 Legato
1732 3164 1763 3195 C.
1796 3166 1846 3204 76.

983 3202 1126 3273 τἠψνοὺὲι
1154 3210 1245 3238 eum,
1268 3200 1318 3241 qui
1341 3202 1419 3242 apud
1441 3201 1589 3244 plerosque
1618 3204 1766 3244 adolevit,
1791 3214 1848 3235 mo-
1871 3203 1876 3206 “

1768 3255 1848 3284 rem,
