2008 3436
197 105 484 154 QUAEST-
539 97 767 154 JURIS
817 104 1173 149 1³1t1VAT1,
1223 106 1697 158 Liss.111.c.xiii.X1v.

58 192 251 233 praecipimnr
277 193 526 234 praerogativum
551 192 674 225 tribuit.
722 192 804 225 Cum
830 203 930 226 remo-

57 236 121 265 tior
137 234 274 273 petiisset
292 236 321 266 ἅ
337 234 581 273 obtinuiss'et,&
599 233 670 275 post
684 235 931 274 appellationem

59 275 156 308 Cui-ia
174 276 356 309 Hollandiae
376 275 561 309 sententiam
577 275 760 308 declarallet
778 276 839 308 effe
863 279 929 310 nul-

57 317 140 355 lam,
166 320 194 350 ἃ
213 318 252 349 dc
273 318 398 358 integro
422 317 502 360 apud
524 316 555 349 se
582 317 629 358 agi
651 317 796 357 juffiffet,
824 320 930 359 proxi-

47 360 153 392 “miori
170 359 287 392 salvum
311 361 373 392 esse
396 359 554 391 retrahere
577 358 791 391 &remotiori
818 362 928 401 praese-

56 403 187 434 rendum
206 425 215 440 ‚
239 401 310 442 quia
324 401 409 433 nulla
424 400 470 433 est
490 399 662 438 sententia,
685 401 864 442 responsum
886 403 931 435 cst

60 444 165 484 Confil.
189 444 234 476 H.
261 444 294 476 T.
318 443 373 476 IV.
401 441 503 481 Consti.
522 445 597 485 386.
642 442 787 481 Dubito,
822 454 858 475 aii
884 456 929 477 re-

56 486 106 518 ete
119 495 226 525 ,cei-te
242 486 294 518 ubi
314 485 379 517 sola
390 485 505 526 petitio
520 485 749 526 proximiorem
764 487 926 528 excludit,

55 529 196 571 alioquin
213 527 382 560 dicendum
399 526 497 562 effet,
515 536 554 558 ne
575 527 701 568 quidem
727 527 927 570 sententiam,

55 582 73 605 a
92 581 152 612 qua
168 570 360 612 appellatum
375 568 440 607 est,
463 568 630 611 quicquam
651 570 776 600 cilice-re
792 593 802 609 ,
827 580 929 614 neque

56 615 141 646 enim
154 636 163 652 ,
188 613 210 646 si
226 610 352 653 proprie
366 610 550 652 loquamur,
576 610 746 650 sententia,
769 622 785 643 a
801 622 860 652 qua
876 623 928 654 ap-

55 656 204 698 pellatum
225 652 292 692 est,
317 652 494 684 adhucdum
520 651 674 685 sententia
694 653 749 685 cll.
773 678 777 683 ,
795 655 860 700 Qui
878 665 927 686 au-

55 700 120 730 te‘in
136 696 254 737 duplex
269 696 318 736 jus
339 695 454 733 habet,
476 693 560 725 unde
576 695 725 727 retizrtlris·
752 697 927 736 competit,

54 740 82 771 ei
99 738 284 780 przefertum
304 737 355 778 qui
376 746 469 768 unum
494 736 647 768 duntaxat
674 737 700 778 (3.
719 748 770 778 534.
798 738 927 778 Confines.

59 781 213 823 Rynland.
249 779 366 820 <Atque
389 779 434 810 ita
457 777 551 810 Curia
577 779 760 812 Ilollaiidia:
788 790 818 816 9·
844 782 928 821 Sept.

639 879 914 915 CAPU

1763 116 1834 168 419?

979 197 1069 231 1619.
1093 203 1166 226 cum
1191 194 1295 228 socius
1317 196 1348 228 δι
1373 200 1525 240 cegnatus
1547 197 1684 246 emisset,
1708 210 1737 242 ὅ(
1761 210 1841 242 alius

975 244 1127 283 cognatus
1154 239 1322 270 retractum
1347 249 1470 280 peteret
1487 265 1495 277 ‚
1523 243 1688 281 secundum
1717 260 1841 291 empto-

973 288 1040 310 rem
1068 279 1157 325 litem
1181 280 1268 312 dedit
1285 304 1295 319 ,
1320 282 1352 312 ob
1377 283 1484 324 duplex
1502 287 1670 328 vinealium,
1703 292 1746 322 ait
1770 292 1841 323 seri-

974 329 1048 366 ptoi·
1076 330 1140 359 ejus
1166 321 1328 355 sententiae
1354 323 1392 364 (ε
1418 325 1443 366 ).
1499 325 1605 369 Quum
1636 331 1780 364 dominus
1809 335 1841 365 in

974 361 1233 395 IX‘Iiddelliamisse
1249 367 1278 397 ὅ(
1300 373 1372 396 ante
1390 366 1551 408 Cognatos
1572 371 1735 403 reti-atrum
1754 380 1840 414 perc-

973 413 1039 443 ret,
1063 405 1142 445 apud
1163 404 1289 438 Curiam
1308 405 1489 440 Hollandiae
1504 409 1656 448 repulsum
1679 413 1771 451 tulit,
1795 416 1841 446 iii-

973 454 1034 492 que
1055 446 1182 478 eandem
1209 446 1395 482 sententiam
1411 451 1505 482 ctiam
1527 453 1694 492 supi-emus
1714 455 1842 487 sentitus

972 488 1249 535 inclinavitqoej).
1296 490 1326 521 si
1352 491 1430 523 scire
1453 493 1565 533 cupis,
1589 502 1658 533 quae
1680 494 1732 525 alii
1757 499 1842 527 dixe-

972 538 1035 561 rint
1060 530 1111 560 vel
1137 531 1316 572 ici-ipserint
1341 533 1381 564 de
1410 533 1485 564 foro
1509 535 1728 574 praeccdentiae
1762 545 1845 568 inter

972 571 1074 612 plur-cs
1100 573 1295 605 retrahentes
1313 597 1323 611 ,
1357 574 1404 606 adi
1424 574 1573 608 Grotium
1594 576 1706 608 snm-od.
1725 580 1762 608 ad
1784 577 1843 618 Ju-

970 614 1057 653 ri'spr.
1083 612 1166 644 Hali.
1195 614 1234 646 L.
1259 615 1312 647 lll.
1339 617 1372 648 C.
1397 617 1498 658 16.vJ.'
1523 617 1618 648 Μααν
1636 619 1747 649 r’ncc‘i‘en.
1771 619 1842 651 Van

972 656 1130 686 Lceuwen
1156 655 1195 687 R.
1222 656 1264 688 H.
1295 657 1336 689 R.
1361 658 1399 690 L.
1423 658 1476 689 iv.
1507 660 1537 690 C.
1562 669 1607 696 ¹9·
1632 669 1661 691 η.
1684 670 1731 701 13.
1757 661 1786 692 ὅ(
1803 660 1842 691 ad

972 697 1001 727 d.
1030 695 1071 736 ‘§.
1088 697 1227 741 ’Consum
1249 698 1402 740 Rynland.
1453 700 1616 732 &uberum
1634 701 1704 742 post
1723 701 1782 733 Tit.
1797 701 1840 741 ff.

972 739 1006 768 a'e
1057 740 1164 778 cyciml.
1183 742 1299 771 vendit.
1319 751 1350 772 n.
1370 745 1416 775 18.
1444 742 1473 774 δι
1493 741 1644 775 Voetiuin
1659 743 1698 775 ad
1722 742 1780 775 Tic.
1799 743 1840 785 ff.

972 780 1006 810 de
1023 779 1107 822 Lege
1126 781 1321 822 Commiffuria
1342 792 1372 814 n.
1391 793 1441 825 30.

965 879 1001 914 T
1099 877 1250 918 XIV.

572 967 631 1002 De
668 967 825 1002 Retrac‘Zu
864 967 937 1002 aliae
977 967 1079 1002 adhuc
1114 967 1326 1016 ,Qgiaestionen

159 1067 234 1107 ulgo
252 1066 403 1106 inflatur,
427 1065 480 1105 qui
498 1064 648 1102 retrahit,
669 1065 702 1096 in
719 1065 868 1106 emptoris
884 1065 930 1097 lo-

169 1117 241 1140 cum
273 1106 449 1139 succedere.
505 1105 597 1137 Unde
616 1107 778 1146 quaesitum
795 1131 805 1146 ‚
837 1117 874 1138 an
901 1108 930 1139 δε

58 1151 168 1192 adjefti
192 1149 284 1190 pretii
311 1151 475 1189 praemium
492 1170 502 1186 ,
534 1148 618 1189 quod
644 1157 770 1189 emptor
797 1149 928 1187 habuit,

55 1192 226 1226 reti-alienu
255 1198 398 1221 teneatur
423 1189 586 1221 restituere
605 1189 620 1220 ‚9
653 1190 694 1221 Et
718 1199 779 1221 non
808 1190 928 1228 teneri,

54 1235 108 1269 sed
128 1232 265 1274 emptori
282 1231 412 1269 cedere,
448 1232 543 1262 etiam
560 1231 610 1261 alii
634 1232 717 1262 recle
743 1231 927 1273 scripserunt

56 1277 133 1318 (1):
165 1285 228 1307 non
257 1273 340 1305 enim
364 1272 521 1309 succedit,
550 1272 606 1304 nisi
624 1273 654 1304 in
668 1274 887 1313 emptionem,
912 1283 929 1304 a

56 1328 114 1359 qua
145 1317 316 1357 separatum
342 1313 386 1345 est
411 1315 442 1346 id
465 1314 628 1355 pra-‘mium
644 1338 653 1353 ,
685 1316 767 1356 quod
797 1323 859 1346 non
885 1313 929 1346 cst

56 1359 112 1392 nisi
140 1357 270 1389 donatio
296 1356 437 1396 quaedam
452 1378 464 1394 ,
495 1355 524 1386 in
543 1364 614 1386 eum
636 1356 771 1394 collata,
796 1357 848 1397 qui
866 1365 931 1397 pre-

55 1401 135 1432 tium
154 1398 296 1432 licitandi
313 1397 411 1428 auxit.
458 1396 625 1429 Inventum
647 1396 692 1428 est
717 1397 745 1428 id
767 1400 931 1439 praemium

57 1442 96 1474 ad
114 1440 311 1477 incitandos,
333 1438 401 1478 eius
416 1438 601 1476 dulcedine,
624 1439 881 1480 empturicntium
900 1449 930 1470 a·

55 1484 160 1517 nimos
176 1504 187 1521 ,
216 1490 276 1513 nec
302 1481 469 1523 quicquam
497 1479 614 1519 refert,
640 1480 743 1520 quiid
769 1481 930 1518 obtinuit,

56 1534 124 1558 rem
151 1530 263 1555 emerit
291 1532 329 1554 an
357 1532 421 1554 non
450 1529 572 1554 emerit.
652 1532 698 1553 uae
715 1530 841 1560 omnia,
865 1532 928 1554 em-

56 1566 169 1608 ptione
193 1565 253 1605 jam
281 1572 350 1595 tota
372 1562 532 1602 absoluta,
565 1563 598 1594 in
625 1563 692 1605 ipso
715 1562 851 1602 cessant,
873 1564 928 1604 qui

56 1607 166 1647 nullo,
190 1615 230 1639 ne
244 1605 308 1647 spei
326 1605 452 1647 quidem
466 1605 641 1645 beneficio,
673 1605 870 1637 venditorem
884 1607 930 1647 ju-

57 1657 117 1682 vit.
439 1661 442 1664 >

102 1689 265 1731 Disputari
289 1689 386 1721 video
404 1711 416 1728 ,
443 1699 527 1732 quae·
544 1689 576 1722 in
602 1688 757 1721 astionem
779 1689 931 1721 reti-astus

58 1733 199 1764 veniant.
236 1731 288 1763 Ex
310 1730 338 1771 §.
357 1740 410 1773 31.
436 1730 565 1772 Confitet.
585 1730 740 1772 Ryniansl.
766 1733 930 1772 quodcun-

58 1783 120 1816 que
141 1781 267 1814 emptor
288 1774 492 1811 diminuerit,
524 1780 690 1813 :intequam
706 1773 856 1805 retractus
876 1773 929 1804 fie-

56 1824 125 1854 ret,
156 1815 269 1855 judicis
285 1815 418 1846 arbitrio
434 1813 572 1847 restituit
588 1838 596 1852 ‚
629 1813 679 1846 sed
697 1823 737 1846 ex
761 1814 790 1854 §.
819 1818 866 1846 16.
895 1814 928 1845 Τ.

58 1857 119 1889 ΧΙ.
147 1855 276 1895 Conliaeec.
297 1855 501 1898 Middelburg.
527 1856 652 1888 arbores
669 1855 756 1887 caesae
777 1856 807 1887 δε
823 1857 929 1887 omnia

56 1907 126 1930 ruta
143 1897 242 1936 caesa,
275 1896 448 1928 dummodo
476 1904 550 1928 ante
574 1897 740 1928 retr-aecum
760 1897 927 1929 denuncia-

58 1948 123 1972 tum
145 1939 253 1971 evecta
268 1962 276 1973 .
303 1938 341 1970 ad
360 1946 536 1980 emptorem
556 1939 739 1979 pertinent,
764 1947 798 1970 ut
820 1939 862 1970 ibi
883 1948 928 1970 re-

58 1982 173 2013 tractus
196 1980 332 2013 resolvat
354 1981 550 2021 emptionem
567 2003 578 2018 ,
611 1989 681 2020 quae
707 1979 771 2011 fuit
790 1979 928 2018 perfetta

57 2023 88 2055 ὃ(
109 2031 184 2063 pure
203 2021 384 2060 contracta,
406 2023 438 2054 in
458 2021 634 2065 Rynlandia
658 2029 761 2053 autem
781 2021 836 2053 sub
853 2031 928 2054 con-

56 2065 189 2096 ditione.
236 2062 353 2096 Rursus
383 2072 424 2095 ex
454 2063 484 2104 §.
515 2073 566 2105 30.
604 2063 734 2104 Confiter.
771 2063 929 2104 Rynland.

57 2105 296 2137 meliorationes
310 2105 450 2145 emptori
467 2105 631 2143 refundit,
652 2105 704 2146 qui
718 2106 869 2144 retrahit,
890 2114 930 2138 ex

57 2146 87 2188 §.
117 2156 164 2187 17.
190 2146 225 2178 Τ.
246 2146 306 2178 XI.
333 2146 463 2188 Consuet.
494 2146 640 2178 Mia'ilelb.
670 2146 850 2179 necessarias
874 2148 930 2179 irn-

57 2188 167 2229 pensas
198 2187 353 2219 duntaxat
367 2210 378 2226 ,
407 2188 492 2220 nulla
515 2187 642 2220 admissa
664 2187 818 2220 fruetuum
840 2198 927 2220 coin-

55 2229 239 2271 pensatione
254 2237 363 2261 contra
387 2230 406 2261 l.
425 2234 477 2269 48.
497 2230 537 2271 ff.
563 2231 596 2260 (le
621 2230 680 2261 Rei
702 2231 816 2262 vindic.
849 2231 927 2263 Sunt

57 2270 129 2303 sane
146 2271 193 2302 illi
212 2269 261 2312 §§.
275 2271 328 2313 qui
345 2279 409 2303 non
424 2271 495 2302 satis
508 2271 634 2303 defendi
654 2271 797 2312 poll‘unt,
808 2281 902 2312 quum
916 2295 927 2311 ,

55 2313 109 2354 qui
129 2314 278 2351 retrahit,
300 2312 411 2351 utique
427 2314 458 2344 jn
476 2314 629 2353 emptoris
644 2313 748 2345 locum
768 2313 925 2352 succedat,

55 2363 151 2396 atque
167 2353 190 2386 fi
205 2352 270 2395 ipse
288 2353 431 2392 emisset,
446 2353 593 2385 subduc‘ta
611 2363 722 2394 nempe
742 2355 927 2394 priorisem-

54 2396 157 2438 ptoris
173 2394 319 2437 persona:
344 2395 469 2427 defendi
482 2417 491 2432 ,
517 2396 642 2435 inquam
654 2417 664 2432 ,
690 2395 763 2426 satis
780 2405 843 2427 non
859 2405 928 2437 pos-

56 2438 148 2476 sunt,
172 2436 228 2469 nifi
240 2436 406 2469 retractum
424 2436 593 2468 addifnoni
614 2436 644 2467 iii
664 2436 746 2467 diem
768 2446 927 2477 eompara-

55 2479 160 2519 veris,
185 2478 216 2511 &
231 2478 275 2510 fic
294 2487 431 2510 errorem
446 2487 553 2509 errore
584 2477 831 2510 dillimulaveri's.
877 2477 928 2509 De

54 2519 216 2552 fruetuum
230 2518 431 2551 restitutione
446 2519 487 2551 sic
505 2518 678 2559 judicatum
700 2520 838 2551 invenio.
863 2519 927 2551 Cu-

55 2562 104 2594 ria
130 2561 312 2593 Hollandi'ae
341 2570 390 2602 14.
414 2561 511 2592 Mai-t.
544 2569 634 2601 1537.
671 2560 730 2601 (2)
754 2569 928 2602 eii-«prorem

52 2603 176 2635 fruetus
195 2612 214 2634 a
230 2610 375 2643 tempore
399 2602 465 2634 litis
494 2601 677 2633 contestatae
696 2602 860 2633 restituere
875 2603 927 2633 da-

55 2645 197 2682 mnavit,
217 2644 248 2675 &
262 2643 366 2675 rursus
385 2647 436 2675 26.
453 2643 529 2685 Apr.
543 2647 633 2686 1563.
648 2643 707 2685 (3)
719 2643 770 2675 scd
781 2644 839 2676 ult.
853 2643 924 2676 Oct.

56 2696 149 2727 1550.
180 2684 240 2726 (4)
269 2684 429 2716 damnavit
453 2686 486 2717 in
510 2685 656 2723 fructus,
698 2694 775 2726 quos
801 2694 927 2726 emptor

54 2733 237 2769 perceperat
260 2736 278 2757 a
311 2734 479 2767 ternpore,
512 2736 577 2766 quo
609 2727 760 2759 reti-attor
790 2728 926 2767 pretium

56 2767 275 2810 consignasset.
327 2766 424 2798 Plane
455 2768 642 2800 videbantur
671 2778 780 2800 omnes
805 2768 926 2800 fruetus

55 2809 258 2849 restituendi,
283 2807 357 2850 quia
373 2809 523 2841 tetradus
537 2809 679 2851 quaedam
699 2809 745 2842 est
763 2808 925 2842 restituen-

55 2853 87 2883 di
108 2851 223 2892 speeies
235 2873 246 2888 ,
267 2848 416 2889 factoque
430 2851 565 2883 retraCtu
590 2850 736 2883 constitit
751 2876 760 2891 ,
784 2861 823 2882 ex
840 2852 926 2883 nulla

55 2893 146 2926 causa
168 2890 335 2935 poffedlffe
356 2897 542 2931 emptorem.
594 2892 646 2924 Ex
669 2893 755 2925 bono
774 2893 805 2925 &
831 2902 924 2934 aequo

95 3026 178 3064 (24)
198 3025 291 3064 Confil.
299 3025 341 3055 H.
357 3023 390 3054 T.
399 3025 451 3054 111.
468 3023 728 3063 ΑνηβενιίΛρρεηά.
745 3035 774 3065 p.
785 3025 920 3063 51.&52.

101 3065 177 3104 (25)
197 3065 292 3093 Coren
315 3063 426 3102 Obstru.
447 3063 570 3093 XXXII.

95 3105 158 3142 (1)
178 3103 301 3140 jacobus
322 3103 437 3131 Curtius
456 3103 552 3132 Εἰκοις.
571 3102 607 3131 L.
627 3103 664 3131 11.
684 3102 715 3132 C.
736 3109 765 3134 6.

95 3142 159 3180 (2)
179 3141 270 3179 Decis.
289 3140 376 3171 Mixt.
401 3140 492 3169 XCII.
707 3145 711 3150 ’

95 3181 160 3218 (3)
179 3178 270 3218 DeciJI
291 3179 384 3209 Mixr.
405 3179 580 3209 CXXXVII.

99 3218 159 3259 (4)
177 3218 317 3251 Neostad.
336 3218 440 3255 Duad.
458 3219 496 3251 u.
517 3219 629 3258 observ.
648 3217 731 3250 Feud.
752 3217 782 3250 C.
801 3226 832 3255 9.

975 1071 1076 1095 tamen
1104 1064 1259 1098 rationem
1289 1066 1404 1105 habet,
1427 1076 1489 1099 non
1509 1071 1562 1102 nisi
1580 1080 1596 1102 a
1611 1078 1752 1112 tempore
1767 1082 1842 1104 con-

972 1105 1153 1146 signationis
1170 1107 1291 1139 fruCtus
1309 1107 1450 1144 restitui,
1471 1109 1512 1140 iic
1529 1113 1611 1142 enini
1631 1118 1780 1144 retracter
1793 1114 1842 1144 lia--

973 1147 1025 1177 bet
1045 1147 1184 1191 fruetus,
1216 1158 1256 1180 ex
1282 1159 1346 1190 quo
1372 1159 1502 1191 pecunia
1517 1153 1638 1192 caruit,
1665 1157 1693 1186 o.
1713 1155 1755 1186 ita
1776 1156 1845 1187 fere

971 1187 1043 1228 JCti
1065 1189 1202 1221 lentium
1225 1190 1295 1231 (5).

1017 1230 1221 1262 Memoratur
1247 1232 1326 1272 apud
1362 1232 1528 1273 Cujacium
1562 1237 1720 1279 Conficitur.
1753 1238 1845 1271 CIX.

974 1270 1043 1302 Lex
1068 1272 1210 1319 quaedam
1237 1273 1365 1314 Belgica
1383 1297 1395 1312 ‚
1428 1284 1487 1315 qua
1510 1279 1597 1310 nullo
1627 1289 1769 1319 tempore
1799 1280 1845 1318 jus

974 1314 1124 1344 reti-aetus
1144 1323 1361 1354 perimeretur.
1406 1316 1503 1356 Quod
1525 1327 1587 1350 non
1606 1321 1844 1358 aniiiiadvertQ

974 1355 1236 1393 quemadmodum
1264 1358 1434 1389 commode
1462 1360 1679 1401 intelligatur,
1721 1363 1773 1394 nisi
1805 1363 1845 1393 de

974 1396 1066 1427 simili
1093 1396 1205 1438 Lege,
1235 1407 1328 1439 atque
1355 1397 1400 1430 est
1423 1408 1459 1430 ea
1478 1400 1643 1434 Friliorum
1668 1403 1742 1435 LI..
1767 1403 1843 1444 Fris.

974 1437 1016 1482 L.
1037 1437 1059 1468 I.
1088 1438 1120 1470 C.
1143 1438 1272 1485 Xli.·§.
1289 1449 1321 1480 5.
1351 1450 1390 1472 ex
1419 1451 1478 1481 qua
1503 1450 1574 1475 urite
1594 1454 1654 1477 tres
1670 1446 1845 1485 procl-„iina-

975 1486 1078 1511 tiones
1099 1479 1197 1525 fatlas
1224 1491 1380 1522 integrum
1406 1491 1510 1515 manet
1531 1485 1578 1524 jus
1596 1489 1761 1518 reti-attus:
1787 1486 1846 1518 Le-

972 1529 1042 1566 gem
1058 1527 1162 1560 enim,
1186 1532 1246 1563 qua
1267 1525 1355 1555 nullo
1371 1533 1496 1564 penitus
1513 1527 1607 1558 modo
1625 1527 1674 1568 jus
1696 1528 1847 1560 retl'afltls

972 1562 1139 1603 aliquando
1164 1565 1289 1596 excludi
1312 1566 1411 1606 pollet
1429 1588 1440 1604 ,
1474 1577 1573 1608 neque
1593 1567 1714 1601 exstare
1739 1569 1846 1607 novi,

973 1612 1075 1644 neque
1091 1604 1152 1636 effe
1174 1605 1268 1638 facile
1285 1608 1481 1640 crediderim.
1505 1610 1628 1642 Statuta
1644 1618 1747 1642 autem
1768 1619 1845 1641 tem·
1872 1606 1874 1610 ’

972 1653 1068 1691 pora,
1092 1647 1205 1686 quibus
1221 1649 1396 1680 reti-aliendi
1411 1649 1545 1682 facultas
1561 1650 1846 1689 circumscribitur,

974 1696 1059 1733 vai-ia
1078 1686 1170 1726 sunt,
1195 1688 1225 1720 &
1241 1691 1367 1730 quidam
1384 1690 1535 1723 Hollandi
1553 1692 1753 1731 existimant,
1777 1692 1844 1725 fim-

974 1729 1101 1768 pliciter
1116 1729 1227 1761 durare
1244 1741 1356 1763 annum
1383 1733 1434 1764 vel
1463 1743 1575 1765 annum
1595 1735 1740 1775 diemque
1762 1733 1845 1775 (6),

974 1768 1028 1801 sed
1050 1771 1202 1803 retractus
1229 1773 1426 1816 praescriptio
1449 1775 1576 1807 diversis
1593 1776 1674 1808 locis
1695 1775 1846 1807 vaidedi-

973 1810 1060 1843 versa
1080 1811 1146 1851 est,
1179 1814 1208 1845 &
1237 1822 1381 1856 teinpus,
1412 1817 1494 1847 unde
1509 1825 1634 1856 currat,
1657 1826 1783 1858 quoque
1798 1817 1845 1848 di-

973 1853 1108 1886 versum.
1152 1854 1331 1896 Utrumque
1347 1857 1530 1898 probarem,
1557 1858 1578 1890 fi
1597 1860 1676 1890 tanti
1695 1857 1771 1889 ess'et
1788 1858 1845 1890 fin-

972 1895 1122 1978 gulgrijm
1154 1895 1299 1930 locorum
1327 1899 1411 1940 leges
1443 1899 1591 1941 speciales
1615 1909 1844 1932 commemora-

972 1945 1005 1967 re
1049 1946 1065 1979 7
1089 1962 1096 1968 .

1014 1977 1168 2025 Hollandi
1199 1980 1383 2022 simpliciter
1410 1983 1497 2023 ajunt
1517 2007 1526 2020 ,
1568 1992 1680 2016 conti-a
1697 1983 1847 2015 retractus

972 2022 1241 2067 praelcriptionem
1264 2033 1365 2064 neque
1392 2033 1432 2055 ex
1449 2025 1613 2065 absentiae,
1637 2034 1737 2066 neque
1757 2034 1797 2057 ex
1822 2026 1845 2056 i-

971 2070 1144 2102 gnorantiae
1155 2085 1163 2100 ‚
1188 2073 1292 2104 neque
1308 2065 1403 2097 etiam
1420 2076 1461 2098 ex
1477 2066 1569 2098 causa
1581 2067 1709 2099 minoris
1729 2066 1843 2105 aetatis‚

971 2103 1067 2135 ullam
1096 2104 1329 2137 restitutionem
1352 2107 1430 2140 dari.
1485 2108 1572 2140 Inter
1605 2109 1743 2149 regulas,
1768 2117 1844 2149 quas

972 2145 1119 2177 retr-atini
1145 2146 1241 2177 dietat
1264 2146 1453 2182 Neostadius
1478 2172 1488 2188 ,
1521 2150 1615 2181 etiam
1635 2150 1703 2180 haec
1721 2148 1764 2179 est
1782 2148 1845 2180 De—

972 2188 1023 2227 cis:
1054 2187 1148 2218 Curiae
1172 2188 1256 2228 Supr.
1283 2189 1413 2222 XXIX.
1451 2191 1482 2222 ὅτ.
1503 2191 1556 2221 alii
1583 2199 1707 2231 quoque
1731 2190 1771 2221 lic
1798 2188 1841 2220 sa-

971 2230 1063 2270 piunt
1089 2227 1193 2267 Confil.
1219 2229 1303 2260 Holl.
1341 2230 1374 2261 T.
1399 2231 1453 2263 IV.
1489 2230 1592 2270 Confil.
1619 2240 1687 2271 125.
1715 2231 1745 2262 δι
1769 2231 1842 2262 Con-

945 2286 950 2291 ·
963 2270 1014 2309 fil.
1038 2269 1123 2301 Holl.
1153 2270 1186 2302 T.
1204 2270 1243 2302 V.
1270 2270 1373 2310 Corifil.
1394 2276 1462 2304 160.
1495 2273 1525 2305 &
1549 2282 1587 2306 ex
1604 2271 1778 2304 Neostadio
1801 2272 1844 2304 fic

972 2321 1100 2352 quoque
1125 2312 1213 2343 Voet
1241 2312 1279 2343 ad
1315 2313 1375 2344 Tz‘c.
1397 2313 1437 2354 ff.
1472 2314 1525 2345 Ex
1548 2315 1625 2356 quib.
1644 2313 1719 2354 caus
1738 2313 1842 2355 major.

971 2363 1002 2384 n.
1025 2362 1074 2392 14.
1120 2353 1218 2399 Quod
1245 2362 1354 2393 pai-uin
1380 2355 1511 2386 rationis
1527 2355 1641 2392 habet,
1664 2363 1765 2395 neque
1781 2353 1844 2385 effe

971 2403 1114 2435 putarem
1138 2396 1305 2434 quicquam
1323 2418 1333 2433 ,
1370 2396 1450 2426 unde
1474 2396 1597 2436 probari
1615 2395 1708 2435 poffit
1725 2418 1735 2433 ,
1769 2405 1843 2428 nam

971 2435 1057 2476 quod
1081 2433 1269 2466 Neostadius
1292 2436 1323 2467 d.
1350 2435 1452 2477 Decis.
1478 2436 1607 2468 XXIX.
1633 2436 1664 2467 id
1680 2445 1720 2468 ex
1735 2446 1775 2468 eo
1794 2436 1841 2468 ef-

971 2477 1064 2514 ficit,
1088 2477 1161 2517 quod
1183 2475 1343 2508 Retratrus
1366 2484 1469 2509 contra
1486 2483 1624 2509 naturam
1643 2477 1679 2513 {9⁹
1697 2479 1840 2509 rationem

966 2518 1045 2560 juris
1060 2517 1102 2556 fic
1126 2516 1305 2549 introcluffus
1325 2541 1336 2556 ,
1367 2528 1465 2558 cave,
1498 2527 1533 2551 ut
1562 2528 1620 2559 pro
1635 2519 1760 2551 ratione
1781 2519 1841 2551 tibi

971 2559 1098 2591 obtrudi
1124 2559 1270 2599 patiaris,
1301 2559 1357 2592 nisi
1383 2560 1582 2593 constitueris
1604 2560 1635 2592 in
1653 2560 1789 2593 retractu
1808 2569 1840 2591 on

970 2601 1054 2632 mnia
1077 2601 1145 2640 jura
1167 2601 1303 2632 abolere.
1361 2600 1430 2643 Ipse
1447 2603 1502 2634 ille
1517 2600 1708 2633 Neostadi'us
1723 2602 1838 2633 Decad.

970 2641 1026 2674 IV.
1065 2643 1223 2683 observat.
1251 2642 1374 2675 Feudcil.
1407 2644 1439 2675 C.
1466 2649 1495 2678 8.
1527 2642 1689 2682 postquam
1709 2642 1840 2675 eandem

969 2684 1109 2725 regulam
1131 2684 1302 2725 repetiisset
1327 2692 1439 2716 contra
1467 2684 1584 2725 lapsum
1602 2683 1766 2722 fatalium,
1791 2692 1839 2714 re-

969 2725 1078 2758 traetui
1112 2725 1369 2766 praesei·iptorum
1386 2748 1397 2764 ,
1431 2726 1549 2757 nullam
1577 2723 1639 2755 esse
1664 2723 1838 2755 restitutio-

968 2776 1061 2805 nem,
1094 2767 1126 2799 in
1148 2767 1228 2798 hane
1254 2776 1319 2798 rem
1345 2766 1450 2798 adfert
1468 2765 1653 2798 sententiam
1671 2765 1838 2806 quamdam

968 2808 1076 2840 Curiae
1091 2808 1254 2847 Feudalis‚
1278 2808 1371 2839 latam
1392 2818 1441 2840 12.
1457 2808 1544 2848 Sept.
1565 2809 1656 2846 1562.
1680 2807 1710 2838 ὅ(
1726 2806 1768 2837 ibi
1783 2806 1837 2838 de-

966 2849 1129 2891 scriptam,
1154 2850 1184 2880 &
1199 2858 1235 2880 ea
1249 2858 1374 2889 quoque
1401 2848 1588 2880 auetoritate
1614 2847 1714 2878 utitur
1730 2848 1835 2879 Boxe-

967 2892 1026 2925 lius
1048 2891 1123 2923 Not.
1147 2892 1186 2922 ad
1207 2887 1348 2931 Neostad.
1372 2890 1406 2922 de
1431 2888 1550 2930 Succeffi
1573 2887 1663 2920 Feud.
1687 2887 1772 2920 Holl.
1792 2891 1834 2962 ε.

1003 3023 1066 3061 (5)
1085 3022 1266 3053 Wiffenbach
1292 3022 1328 3051 ad
1344 3022 1384 3061 ff.
1420 3021 1554 3060 Disputat.
1575 3021 1712 3052 XXXVI.
1739 3031 1766 3050 η.
1788 3024 1833 3052 16.

965 3062 991 3092 ὅτ
1011 3063 1107 3094 ὃῑῐυν,
1129 3062 1163 3090 ad
1175 3061 1215 3100 ff.
1236 3061 1354 3090 Exercit.
1373 3061 1481 3090 XXIII.
1502 3071 1529 3090 n.
1551 3063 1596 3095 63.

1003 3100 1067 3145 (6)
1087 3099 1226 3129 Neostad.
1255 3099 1348 3137 Decus.
1374 3099 1452 3152 §urm
1474 3099 1538 3129 Cur.
1557 3099 1666 3128 XXIX.
1686 3096 1724 3133 ὅ)
1741 3097 1833 3137 Βσεῂζ
1850 3139 1856 3142 .

965 3139 1065 3214 Μέκζ)
1078 3139 1172 3206 (gig-t.
1193 3177 1294 3206 Introd.
1323 3176 1358 3205 L.
1380 3177 1416 3206 11.
1437 3176 1468 3207 C.
1491 3179 1536 3207 16.
1555 3175 1594 3214 vs.
1616 3176 1648 3205 de
1664 3173 1828 3213 plaatftlyke.

968 3216 1186 3256 Groenewegen
1204 3215 1239 3248 ad
1253 3217 1286 3297 ὃ
1301 3219 1346 3246 16.
1358 3214 1401 3254 ff.
1421 3215 1452 3247 cle
1469 3217 1524 3249 reb.
1545 3215 1643 3248 anaor.
1659 3213 1720 3253 jud.
1738 3210 1804 3250 roff·

1293 3271 1343 3306 gg
1361 3273 1382 3297 2
