2008 3436
217 111 784 163 QUAEST.JUR18
832 111 1190 155 PRIVATI,
1241 113 1599 157 mannitur.

23 200 84 231 que
100 191 201 224 adlata
219 199 308 225 erant
320 215 330 230 ,
348 193 479 225 minime
489 201 568 224 vero
587 193 624 224 ad
641 194 783 232 lucrum,
804 193 890 234 quod

23 234 122 271 stante
139 234 346 266 matrimonio
374 235 570 272 obvenerat,
594 234 742 276 quodque
758 236 889 266 omnino

22 283 87 309 erat
111 284 279 307 commune
295 299 305 315 ‚
340 276 411 318 quia
437 275 476 307 de
498 285 539 307 eo
562 276 641 308 nihil
667 284 796 308 cautum
814 275 888 308 fuit.

22 316 201 349 Commune
223 324 329 349 autem
358 317 583 359 patrimonium
611 325 733 348 tantum
760 327 823 349 non
849 326 891 350 ex

21 358 112 391 lucro
138 357 301 390 constabat
322 382 332 398 ,
365 357 562 400 polsederant
589 359 674 390 enim
707 358 889 399 Conjugcs‚

22 399 178 435 moriente
205 399 302 439 Cain,
330 410 484 432 1200000.
509 399 666 438 florenos,
691 400 782 440 cujus
809 400 889 433 sum-

18 451 78 474 mae
113 441 168 473 vix
205 442 433 482 sesquiunciam
467 440 504 472 ad
541 441 666 482 nuptias
698 442 886 474 adtulcrant.

57 482 139 514 uidni
168 483 265 524 igitur
287 482 373 523 Cajae
401 491 442 515 ex
466 491 506 513 eo
535 483 625 513 lucro
655 483 746 514 cedat
769 483 888 516 semis?

56 523 108 556 uin
130 524 213 556 inter
227 525 394 557 Senatores
409 532 492 556 nunc
514 533 622 556 omnes
639 523 820 565 constabat,
837 526 887 565 jus

18 564 126 606 fasque
151 565 214 597 effe
238 566 394 597 bonorum
421 565 699 602 communionem,
725 575 795 607 quae
820 567 888 607 jure

19 607 123 649 patrio
152 607 278 639 obtinet
297 629 307 644 ‚
338 607 434 638 etiam
467 606 564 647 pastis
602 606 739 648 stipulari
768 608 886 649 absque

18 655 105 682 metu
123 648 144 680 l.
159 648 230 680 Hac
248 647 400 683 Eii'i'chili.
419 647 513 689 idque
531 648 626 680 etiam
644 650 760 688 licere,
777 650 886 681 etiam-

19 688 42 725 fi
61 699 124 721 non
154 689 360 731 simpliciter,
384 688 434 720 sed
454 690 559 721 addita
581 692 774 732 exceptione
797 700 886 723 com-

19 731 127 765 munio
150 731 335 772 placuerit,
364 731 497 763 Senatus
526 731 682 771 judicavit
716 736 764 764 16.
795 732 886 764 Νον.

22 776 112 813 1728.
139 780 174 804 ut
194 773 370 813 praecedenti*
397 772 440 813 ‘tjsL
465 773 572 805 retuli.
619 773 690 806 Alia
718 782 823 806 autem
843 773 886 806 ibi

17 814 170 855 exceptio
192 823 279 852 erat,
301 814 361 845 alia
386 813 437 845 1116
464 813 518 846 est.
565 814 658 847 Hanc
677 824 741 848 tres
758 816 887 848 Senato-

17 865 66 889 tes
99 855 283 895 rejiciebant
303 878 314 895 ‚
342 864 436 897 :itque
470 855 491 888 fi
525 857 658 893 omnino
683 856 761 889 ess'et
782 857 813 889 in
834 865 887 888 116-

19 906 90 930 66111
110 897 283 930 liberorum
306 907 344 930 ex
361 898 457 939 priori
477 898 703 938 matrimonio,
733 899 806 940 quia
822 907 887 930 non

17 939 65 975 is.
89 939 142 980 qui
171 939 290 971 liberos
314 938 465 977 habebat,
492 939 545 971 sibi
569 940 711 981 quaedam
727 940 885 982 praecipua

17 979 223 1021 stipulabatur
239 1002 250 1019 ,
287 989 322 1013 ut
348 988 415 1011 erat
440 980 472 1012 in
499 981 558 1013 alia
582 980 686 1022 specie
706 1005 716 1020 ‚
748 989 780 1012 at
806 981 883 1019 1116,

18 1022 73 1064 qui
90 1031 154 1054 non
173 1021 327 1059 habebat,
349 1021 667 1063 quod,inquiebant,
689 1021 808 1060 semper
828 1022 883 1053 ob-

16 1063 89 1101 est,
121 1062 281 1104 prioribus
310 1063 434 1101 liberis,
467 1071 563 1103 atque
591 1064 636 1094 ita
661 1062 780 1103 semper
805 1063 883 1094 inci-

15 1106 64 1139 dit
91 1104 123 1136 in
147 1105 168 1136 1.
192 1103 262 1136 Hac
286 1103 431 1135 Ediczaci.
477 1104 537 1135 Sed
557 1104 611 1135 alii
635 1104 689 1136 sex
716 1105 884 1137 Senatores

15 1145 193 1189 putabant,
224 1145 332 1185 (unus
356 1145 440 1176 enim
467 1145 601 1187 aberat)
631 1145 711 1178 hanc
736 1145 884 1187 quaestio-

15 1196 88 1222 nem
103 1185 178 1218 fasti
202 1187 309 1228 potius
325 1185 408 1225 esse,
436 1196 529 1228 quam
552 1186 648 1226 J'uris‚
673 1198 713 1220 ex
736 1197 776 1219 eo
799 1187 885 1220 enim

15 1227 172 1271 pendere,
200 1237 238 1259 an
263 1226 346 1259 faeta
373 1228 590 1269 exceptione,
623 1229 648 1262 is
665 1253 674 1269 ,
715 1229 768 1270 qui
799 1238 884 1269 quae·

15 1270 86 1303 dam
114 1269 243 1311 excepit
261 1292 271 1308 ‚
302 1269 408 1301 omnia
430 1269 550 1310 reliqua
572 1270 604 1301 in
626 1270 884 1302 communionem

16 1310 180 1350 adferens,
204 1320 269 1342 non
286 1311 381 1342 etiam
400 1311 503 1342 adhuc
531 1311 604 1351 plus
629 1311 769 1350 adferat,
793 1321 885 1353 quam

15 1351 119 1385 adfert
146 1353 191 1391 is,
213 1353 267 1392 qui
290 1352 407 1384 liberos
433 1352 526 1383 habet
546 1362 594 1388 ,ex
619 1353 776 1394 prioribus
806 1362 884 1394 nup-

15 1395 70 1427 tiis
79 1393 96 1426 ἱ)
121 1393 273 1425 Prohibet
291 1394 321 1425 d.
344 1393 366 1426 l.
390 1392 461 1425 Hac
480 1393 615 1425 Edifflzli·
628 1418 638 1433 ,
659 1404 698 1426 ne
714 1404 755 1426 ex
772 1395 884 1436 03610,

15 1434 227 1474 testamento,
251 1435 354 1466 aliave
381 1444 568 1476 quacunque
592 1436 715 1468 ratione
732 1447 748 1468 a
767 1437 887 1477 Conju-

14 1486 75 1518 ge,
97 1477 150 1518 qui
167 1477 284 1508 liberos
303 1476 416 1515 habet,
441 1476 511 1518 plus
528 1478 692 1517 perveniat
712 1479 748 1510 ad
767 1478 885 1518 Conju-

56 1528 86 1550 ’11
117 1517 285 1550 secundum
306 1541 316 1557 ,
345 1526 437 1559 quam
469 1518 617 1557 pervenit
648 1519 686 1550 ad
718 1529 815 1552 unum
842 1528 885 1550 611

31 1559 152 1598 iberis,
205 1559 238 1590 ui
268 1568 358 1599 quam
390 1559 556 1591 minimum
593 1559 799 1594 nanciscitur.
849 1560 884 1593 ld

14 1600 113 1634 modo
129 1610 171 1633 ne
211 1609 262 1640 at,
281 1601 389 1640 nulla,
413 1600 498 1642 quod
521 1599 636 1642 sciam,
658 1603 747 1643 pasta
767 1603 883 1646 impro-

648 1701 1002 1738 CAPUT

1728 132 1795 168 343

933 193 1057 224 bantur.
1102 191 1189 233 Ergo
1204 192 1343 231 conjux,
1368 195 1421 234 qui
1443 197 1536 237 longe
1558 201 1627 241 plus
1652 200 1745 231 habet
1770 200 1802 232 in

932 235 1043 273 bonis,
1067 242 1158 274 quam
1185 234 1322 273 conjux,
1346 236 1399 274 qui
1423 232 1537 272 liberos
1559 243 1661 274 adfert
1678 265 1688 280 2
1710 250 1800 283 potc-

933 276 976 308 rit
992 275 1130 317 pacisci,
1153 283 1187 305 ut
1203 274 1256 306 libi
1276 276 1416 315 quaedum
1444 277 1553 312 habeat
1579 285 1752 324 praecipua,
1779 281 1800 314 fi

933 317 1018 350 enim
1036 316 1127 357 poilit
1145 315 1236 357 patio
1254 317 1461 358 aiitcnuptiali
1488 324 1653 354 excludere
1672 333 1800 355 omnem

933 358 1189 390 communionem
1217 357 1394 396 bonorum,
1418 367 1453 391 tit
1479 363 1583 401 potest
1611 365 1725 405 absque
1741 365 1796 395 du-

933 401 1008 438 bio,
1030 409 1087 431 cui·
1113 409 1176 430 non
1201 399 1231 431 δι
1257 399 1349 441 poilit
1374 400 1516 441 quiedam
1545 404 1716 444 excipere?
1740 405 1800 436 Sed

932 442 1044 479 audio,
1066 439 1129 472 effe
1147 441 1177 472 id
1195 441 1318 481 pastum
1338 442 1368 473 in
1391 442 1608 482 praejudiciiim
1630 446 1801 478 llbcrorurn

931 494 971 515 ex
991 483 1088 525 priori
1117 483 1341 521 matrimonio,
1364 492 1460 524 quum
1474 507 1484 523 ,
1509 485 1528 517 ii
1548 486 1578 517 id
1595 487 1717 527 patrum
1734 497 1796 518 non

931 524 1026 565 cil'et,
1051 524 1097 556 illi
1117 523 1209 555 liberi
1228 534 1266 556 cx
1284 525 1467 557 omnimoda
1486 529 1710 559 communione
1727 528 1797 567 plus

931 566 1031 598 ess'cnt
1048 565 1202 604 habituri,
1226 575 1319 606 quain
1345 576 1429 598 nune
1454 568 1580 600 habent.
1627 568 1796 609 intelligo,

929 612 962 640 at
975 608 998 640 fi
1012 607 1196 639 communio
1223 607 1378 639 bonorum
1404 608 1494 648 plane
1518 609 1627 642 fiiiss'et
1652 609 1797 648 exclusa,

929 649 1030 682 adhuc
1049 649 1152 680 minus
1170 648 1346 681 habuiss'cnt
1368 649 1478 690 liberi,
1503 653 1532 684 <Sc
1549 652 1598 683 cui
1620 652 1688 692 plus
1708 651 1797 688 licet,

929 701 993 724 non
1012 690 1106 722 debet
1126 699 1189 723 11011
1210 690 1324 729 licere,
1347 691 1431 731 quod
1450 692 1551 725 minus
1577 692 1630 724 est.
1678 692 1711 724 Id
1732 693 1799 724 uni-

932 742 971 764 ce
984 732 1158 774 quaeritur,
1183 741 1221 763 an
1244 731 1274 763 id
1302 732 1426 773 pastum
1451 742 1560 776 vergat
1587 735 1617 766 in
1638 744 1748 766 necem
1766 734 1802 765 li-

930 775 1078 806 berorum
1104 782 1218 804 contra
1242 774 1261 805 l.
1299 773 1369 805 Hac
1402 774 1537 807 Edz'c'taii·
1559 776 1576 808 ἵ)
1606 777 1637 809 61
1658 776 1708 816 ajo
1734 785 1798 807 non

930 824 1081 856 vergere,
1104 814 1204 847 finon
1220 824 1259 846 eo
1280 815 1372 856 patto
1391 816 1437 855 is,
1463 818 1516 858 qiii
1545 817 1663 850 liberos
1685 817 1800 855 habet,

931 859 999 899 plus
1027 855 1172 888 conferat
1197 856 1229 888 in
1253 856 1420 898 conjugem
1429 880 1439 896 ,
1465 868 1557 900 quam
1581 869 1636 900 pei·
1661 860 1689 891 d.
1715 860 1736 891 l.
1762 859 1797 890 li-

931 907 993 931 cet.
1039 898 1137 943 Quod
1162 897 1240 929 adeo
1266 898 1297 929 in
1324 896 1428 939 specie
1457 902 1615 948 proposita
1632 911 1696 933 non
1717 900 1800 932 obti-

930 948 1059 979 nuerat,
1086 947 1139 978 ut,
1164 938 1247 970 salva
1273 939 1369 970 etiam
1398 950 1589 983 exceptione
1609 965 1620 981 ,
1652 951 1734 974 uxor
1760 941 1798 973 ad

927 981 1186 1013 communionem
1213 980 1389 1021 quadruplo
1416 983 1486 1024 plus
1512 983 1679 1024 adtulerit,
1705 994 1799 1025 quaxn

927 1023 1040 1054 adtulit
1058 1022 1195 1054 maritus.
1241 1021 1284 1053 Et
1307 1022 1459 1064 quicquid
1484 1026 1581 1065 pat‘tis
1598 1026 1797 1067 antenuptia-

927 1064 1010 1096 libus
1029 1071 1198 1103 exceptum
1222 1071 1286 1094 non
1312 1062 1375 1102 cst,
1400 1074 1570 1098 commune
1596 1065 1678 1105 esse,
1701 1067 1798 1098 etiam

928 1104 1060 1136 Grotius
1080 1103 1241 1144 respondit
1264 1103 1369 1142 Corzfil.
1386 1105 1432 1137 H.
1458 1106 1492 1138 T.
1517 1107 1572 1140 ΙΙΙ,
1599 1108 1704 1148 Confil.
1727 1118 1795 1150 132.

928 1157 960 1179 n.
983 1146 1037 1178 ult.
1063 1146 1148 1186 quod
1167 1143 1273 1176 nescio
1288 1155 1326 1177 an
1352 1148 1502 1188 componi
1527 1148 1618 1189 poffit
1637 1159 1709 1182 cuin
1735 1150 1795 1181 alia

929 1189 995 1228 eius
1025 1187 1180 1219 sententia
1199 1209 1209 1224 ,
1242 1196 1311 1228 quae
1339 1186 1441 1220 exstat
1471 1188 1583 1222 Introd.
1609 1192 1646 1221 acl
1674 1191 1792 1233 Jurisp.

930 1230 1014 1263 Holl.
1041 1229 1081 1261 L.
1111 1227 1151 1260 Π.
1186 1228 1217 1259 C.
1248 1237 1296 1260 12.
1327 1230 1368 1271 ‘vs'
1405 1230 1493 1262 Staat
1518 1236 1544 1263 te
1567 1232 1667 1264 lette-n.
1715 1232 1797 1264 Haec

931 1273 960 1304 ἃ
980 1272 1074 1309 aliae,
1098 1279 1168 1311 quae
1181 1271 1523 1312 controvertebantur,
1547 1273 1737 1314 quaestiones
1751 1274 1797 1313 Ju-

929 1314 1043 1345 dicatae
1070 1313 1141 1343 sunt
1168 1316 1218 1346 28.
1244 1321 1294 1349 29.
1326 1313 1356 1345 ὅς
1378 1323 1430 1355 30.
1454 1314 1525 1354 Jun.
1552 1324 1643 1357 1731.
1688 1315 1797 1359 Quum

929 1362 1034 1386 autem
1060 1354 1099 1385 ab
1125 1353 1184 1384 hac
1211 1352 1364 1386 sententia
1384 1355 1483 1396 petita
1504 1355 1580 1388 ess'et
1600 1356 1739 1398 revisio}
1757 1365 1799 1389 ex

929 1395 1038 1429 XVII.
1063 1394 1224 1435 judicibus
1240 1417 1249 1433 ‚
1274 1396 1327 1436 qui
1357 1396 1432 1428 huic
1457 1397 1578 1437 Judicio
1602 1398 1795 1438 intererant,

928 1438 1013 1478 quod
1034 1438 1072 1468 ad
1096 1437 1158 1467 hoc
1182 1444 1278 1477 caput
1299 1437 1337 1468 de
1364 1438 1452 1479 pasta
1480 1439 1706 1471 communione
1726 1449 1796 1472 non

928 1479 984 1510 nisi
1003 1488 1081 1510 unus
1099 1487 1141 1509 ex
1163 1477 1366 1511 Revisoribus
1390 1489 1408 1510 a
1429 1480 1557 1521 reliquis
1570 1481 1717 1513 omnibus
1735 1481 1794 1512 dis—

928 1519 1037 1559 sensit,
1061 1520 1103 1551 fic
1120 1527 1155 1551 ut
1173 1528 1255 1557 tres,
1282 1521 1469 1560 quosdixi,
1492 1522 1658 1554 Senatores
1680 1523 1711 1553 in
1735 1522 1798 1553 hoc

927 1561 1048 1602 judicio
1071 1561 1167 1594 etiam
1190 1559 1359 1595 sententias
1384 1564 1588 1595 mutaverint.

928 1605 961 1635 in
978 1602 1149 1635 Revifione
1168 1603 1230 1635 lata
1247 1602 1291 1634 est
1314 1608 1362 1637 16.
1385 1603 1475 1637 Νον.
1506 1614 1597 1648 1734.

1634 1563 1798 1597 Sententia

1099 1702 1192 1738 111.

533 1788 592 1825 De
616 1789 822 1838 Sponsalibus
846 1793 1002 1829 minorum
1029 1792 1062 1827 in
1089 1790 1275 1830 Hollandia.

85 1887 94 1918 i
111 1886 180 1928 quis
205 1895 320 1928 quaeve
343 1886 447 1919 minor
468 1887 562 1919 alteri
581 1886 675 1920 fidem
691 1889 886 1922 matrimonii

96 1929 239 1966 dederit,
262 1937 301 1959 an
317 1927 390 1968 Jure
409 1928 605 1960 Hollandico
624 1930 661 1961 ad
678 1931 800 1971 nuptias
815 1933 889 1973 cogi

20 1970 115 2014 poffit
124 1993 136 2010 ,
157 1979 205 2002 res
221 1968 352 2010 quaefitu
377 1970 471 2011 digna
487 1969 540 2001 est.
586 1969 716 2012 Loquor
732 1972 770 2003 de
786 1974 888 2006 mino-

20 2022 76 2051 re,
96 2011 150 2053 qui
167 2011 324 2044 duntaxat
343 2020 462 2043 tutores
477 2011 593 2050 habet,
616 2022 680 2044 non
698 2013 736 2044 de
753 2023 812 2054 eo,
837 2015 891 2056 qui

21 2062 187 2096 parentes,
207 2061 300 2091 nam,
324 2053 346 2084 si
373 2061 535 2094 pai-entes,
561 2063 610 2085 res
633 2053 676 2086 fic
699 2054 773 2087 satis
792 2055 837 2088 est
854 2056 890 2088 li-

21 2095 114 2138 quida
141 2103 182 2126 ex
209 2093 237 2135 ἓ.
262 2104 293 2136 3.
317 2093 353 2129 &³
377 2094 403 2136 §.
445 2104 493 2135 13.
526 2094 618 2127 Polft.
647 2096 781 2128 Ordonn.
806 2097 892 2130 Holl.

19 2137 99 2170 Sane
114 2135 187 2177 Jure
202 2135 347 2168 Romano
361 2137 400 2167 ad
416 2136 558 2168 officium
572 2138 727 2170 curatoris
742 2148 804 2170 non
823 2149 890 2181 per-

20 2178 123 2216 tinet,
146 2177 245 2210 nubat
261 2177 386 2218 puella,
410 2188 449 2210 an
465 2178 565 2210 nonl.
591 2189 641 2210 20.
654 2179 695 2221 ff.
720 2181 753 2211 de
773 2181 815 2212 R.
842 2181 887 2213 N.

19 2218 72 2252 sed
89 2228 154 2251 non
169 2218 229 2250 alia
244 2216 387 2258 ratione,
412 2229 502 2260 quam
518 2220 622 2261 quod,
646 2228 681 2253 ut
700 2221 887 2262 ibiaddstur,

23 2258 148 2301 qfficium
163 2261 305 2291 curatoris
320 2261 353 2291 in
369 2260 622 2302 administratione
637 2265 892 2306 negociorumcon-

15 2303 91 2345 Jtat.
136 2301 274 2341 Atquin,
299 2301 444 2342 inquies,
477 2312 511 2333 ea
535 2304 618 2335 ratio
641 2304 737 2336 hodie
763 2305 861 2338 ceffat
881 2329 891 2345 ,

21 2353 113 2381 cum,
135 2342 255 2375 sublata
278 2342 362 2374 111161·
387 2351 526 2376 tutorem
552 2344 582 2376 &
607 2353 784 2379 curatorem
804 2346 892 2379 diffe-

20 2385 144 2423 rentia,
169 2393 278 2416 omnes
301 2393 445 2425 peraeque
469 2386 624 2426 minores,
651 2395 714 2419 tam
739 2389 824 2430 quod
852 2390 890 2421 ad

21 2425 186 2469 personas,
208 2435 301 2466 quam
314 2427 399 2467 quod
414 2426 452 2457 ad
468 2427 568 2466 bona,
594 2430 755 2461 tutoribus
772 2430 890 2463 subfint

23 2468 62 2503 ad
88 2476 184 2508 usque
220 2477 335 2499 annum
373 2467 553 2509 vigesimum
585 2470 739 2510 quintum.
785 2472 839 2504 Sic
856 2482 889 2503 o-

21 2509 130 2543 mnino
138 2507 183 2540 est
192 2531 202 2547 ,
216 2507 267 2541 sed
277 2517 440 2550 parentum
450 2533 459 2549 ,
469 2519 532 2541 non
554 2518 696 2544 tutorum
707 2512 891 2546 consensum

22 2550 172 2584 desiderat
193 2549 221 2592 §.
245 2561 276 2592 3.
299 2552 328 2582 d.
352 2550 446 2583 Polic.
472 2551 548 2584 Orci.
574 2551 660 2584 Holl.
685 2554 715 2585 ὅ(
743 2564 779 2585 63
807 2554 890 2586 ratio

21 2591 86 2631 est,
111 2591 198 2633 quod
219 2591 250 2623 δι
274 2599 414 2624 1111016111
429 2593 635 2627 excludamus
661 2594 734 2635 Jure
752 2594 888 2628 Hollan-

22 2633 118 2671 dico,
142 2640 178 2665 ut
207 2633 342 2666 exclusit
359 2632 492 2666 Grotius
520 2634 633 2667 Introd.
658 2638 697 2667 acl
713 2636 886 2677 Jurz'sprud.

25 2674 111 2708 Holl.
135 2673 176 2706 L.
200 2673 224 2706 Ι.
250 2675 282 2706 C.
307 2679 336 2709 8.
361 2675 404 2716 vJI
429 2677 451 2706 ’t
470 2675 641 2717 Plu-welfi,
667 2678 698 2710 &
715 2678 888 2710 excludunt

21 2724 150 2754 omnes,
175 2715 226 2756 qui
256 2715 537 2757 jurisprudentiam
564 2718 789 2751 Hollandicam
817 2729 887 2761 pro-

21 2756 91 2790 feffi
106 2756 180 2789 sunt
203 2756 221 2797 (
238 2766 252 2788 1
264 2757 283 2798 )
295 2781 304 2795 ,
328 2766 431 2799 neque
447 2760 531 2791 enim
549 2760 714 2792 Parentum
729 2761 890 2794 vocabulo

21 2798 101 2830 ind.
125 2797 155 2839 §.
178 2808 208 2839 3.
242 2806 362 2830 tutores
385 2800 542 2833 contineri
568 2812 601 2839 9.
634 2802 714 2844 Aug.
743 2806 833 2844 1646.
859 2803 890 2835 ἀ

48 2848 74 2873 1.
97 2839 157 2880 Jul.
186 2842 277 2880 1671.
323 2839 457 2873 Ordines
472 2841 654 2875 Hollandiae
668 2844 889 2877 decreverunt.

52 2890 72 2912 o
97 2890 155 2912 uor
171 2880 210 2912 de
226 2882 313 2922 jure,
336 2889 401 2913 non
417 2882 457 2913 de
476 2883 659 2924 honestate,
685 2886 785 2918 multa
803 2887 891 2928 quip-

23 2931 64 2968 pe
87 2921 210 2954 ioneste
227 2921 432 2963 praestantur,
457 2934 527 2965 quae
544 2925 708 2959 inhoneste
726 2935 890 2968 petuntur,

21 2971 167 3004 interque
190 2973 228 2994 ea
248 2963 295 2996 est
322 2962 490 2997 consensus
515 2974 657 3000 tutorum
681 2969 713 3000 in
731 2969 890 3002 minorum

22 3005 150 3046 nuptiis.
195 3005 271 3037 Scio
288 3028 301 3045 ,
336 3005 370 3039 in
396 3005 512 3037 Canone
541 3012 592 3042 81.
622 3004 742 3052 Synodi
757 3033 770 3050 ,
805 3011 890 3044 Dor-

67 3139 125 3178 (1)
148 3139 363 3176 Groenewegen
384 3139 416 3168 de
437 3139 501 3169 LL.
522 3140 625 3179 Abrog.
651 3143 686 3171 ad
714 3144 733 3172 1.
756 3146 782 3174 8.
810 3143 840 3173 C.
861 3144 893 3173 de

26 3177 112 3216 Nupz.
132 3178 198 3206 Van
214 3177 358 3206 Leeuwen
377 3178 490 3216 Censura
505 3178 606 3219 Forens.
626 3180 705 3209 Part.
719 3183 744 3210 1.
764 3181 800 3210 L.
817 3184 839 3211 Ι.
861 3183 891 3212 C.

28 3224 72 3252 13.
92 3225 120 3246 n.
136 3224 183 3245 10.
201 3215 281 3246 Idem
295 3216 330 3246 R.
347 3217 388 3247 H.
404 3216 441 3247 R.
462 3216 499 3247 L.
513 3218 538 3247 1.
557 3218 586 3248 C.
604 3227 649 3256 ¹4·
671 3229 699 3249 n.
712 3226 738 3255 7.
761 3221 840 3251 Voet
858 3221 893 3251 ad

931 1890 1056 1923 drechti
1080 1889 1195 1922 habitae
1223 1900 1307 1924 anno
1335 1896 1425 1933 1578.
1451 1892 1602 1936 sponsalia
1623 1895 1804 1936 minorum,

933 1933 1029 1964 etiam
1054 1932 1117 1964 fine
1144 1932 1297 1965 consensu
1326 1941 1468 1966 tutorum
1495 1936 1575 1969 fana
1595 1960 1604 1976 ,
1635 1937 1805 1977 damnari,

933 1981 970 2005 ut
985 1974 1090 2013 irrita,
1116 1973 1167 2006 sed
1184 1974 1264 2006 bene
1279 1974 1344 2013 est,
1368 1977 1453 2016 quod
1468 1977 1678 2011 Ecclesiastici
1697 1979 1803 2019 legum

933 2015 1135 2048 ferendarum
1160 2015 1318 2055 potestate
1337 2016 1548 2051 destituantur
1563 2042 1575 2058 ,
1605 2019 1745 2060 alioquin
1772 2020 1804 2052 ὅ(

936 2056 1110 2098 sequendus
1127 2057 1204 2089 esset
1221 2058 1321 2089 Canon
1345 2067 1395 2100 79.
1419 2059 1558 2100 ejusdem
1584 2061 1724 2103 Synodi,
1749 2061 1805 2103 qui

936 2099 1043 2130 omnia
1061 2097 1232 2139 sponsalia,
1256 2099 1278 2132 fi
1302 2109 1366 2132 non
1390 2101 1454 2132 duo
1475 2102 1570 2134 testes
1587 2101 1719 2135 adhibiti
1734 2102 1804 2135 fue-

932 2140 997 2172 rint
1009 2164 1018 2179 ,
1044 2139 1140 2171 habet
1154 2149 1211 2181 pro
1224 2141 1422 2174 clandestinis
1438 2143 1468 2176 &
1486 2144 1591 2176 nullis.

975 2181 1085 2223 Magis
1108 2182 1234 2220 turbat,
1266 2183 1349 2224 quod
1371 2192 1412 2215 ex
1439 2184 1469 2226 §.
1498 2194 1546 2226 17.
1571 2185 1675 2218 Edisti
1703 2187 1803 2219 Caroli

932 2223 978 2270 V..
996 2233 1027 2264 4.
1064 2222 1133 2255 052².
1158 2232 1260 2270 1540.
1285 2225 1312 2256 13
1330 2248 1340 2264 ,
1370 2226 1423 2266 qui
1448 2227 1584 2267 puellam
1609 2227 1689 2260 XX.
1715 2228 1803 2260 annis

936 2274 1112 2304 minorem,
1136 2273 1218 2297 citra
1232 2275 1398 2308 parentum
1420 2277 1484 2299 non
1502 2268 1671 2307 duntaxat,
1696 2268 1748 2301 sed
1768 2269 1801 2302 &
1851 2275 1854 2279 “

936 2307 1015 2338 citra
1046 2314 1253 2348 cognatorum
1289 2314 1342 2340 aut
1378 2308 1583 2350 Magistratus
1613 2309 1801 2343 consensum

935 2357 1065 2381 uxorem
1090 2349 1209 2387 duxit,
1240 2349 1321 2381 nihil
1351 2349 1389 2381 ab
1424 2359 1460 2381 63
1489 2351 1652 2392 acquirere
1675 2351 1767 2393 possit
1786 2376 1798 2391 ,

933 2390 1082 2431 quodque
1103 2390 1185 2422 idem
1209 2390 1247 2422 fit
1268 2391 1301 2423 in
1328 2391 1481 2431 muliere,
1503 2401 1572 2432 quae
1596 2393 1706 2425 iisdem
1734 2403 1800 2425 non

933 2431 1202 2463 consentientibus
1232 2432 1367 2473 juveni,
1398 2434 1486 2465 annis
1511 2433 1621 2465 XXV.
1654 2434 1799 2473 minori,

932 2472 1045 2513 nupsit.
1090 2472 1143 2504 De
1159 2473 1319 2504 tutoribus
1333 2473 1457 2514 quidem
1475 2474 1516 2505 ibi
1534 2473 1635 2506 sermo
1650 2484 1714 2507 non
1732 2474 1799 2514 est,

933 2513 984 2546 sed
1003 2514 1042 2545 de
1057 2514 1243 2555 propinquis
1260 2514 1290 2545 &
1316 2513 1573 2555 Magistratibus,
1618 2525 1728 2547 uorum
1746 2526 1800 2548 ne-

932 2564 993 2596 que
1009 2555 1092 2587 ullus
1108 2554 1274 2587 consensus
1292 2554 1482 2588 desideratur
1498 2557 1529 2588 in
1547 2558 1576 2589 d.
1595 2525 1627 2598 ξ.
1651 2567 1680 2599 3.
1706 2557 1800 2589 Unde

931 2597 1052 2628 diceres
1073 2605 1113 2627 eo
1137 2596 1166 2638 §.
1200 2607 1230 2639 3.
1264 2596 1448 2639 abrogatum
1471 2597 1533 2629 ess'e
1559 2599 1587 2630 d.
1620 2597 1649 2640 ᾗ.
1685 2608 1732 2640 17.
1764 2607 1798 2631 111

932 2637 1004 2670 sunt
1020 2638 1074 2678 qui
1099 2637 1297 2677 existimant,
1320 2636 1372 2670 sed
1399 2639 1431 2671 id
1448 2647 1538 2671 vetat
1565 2640 1669 2671 dicere
1693 2640 1722 2682 §.
1750 2649 1798 2682 13.

931 2681 960 2711 d.
987 2679 1062 2711 Ord.
1088 2679 1155 2711 Pol.
1178 2679 1264 2712 Holl.
1288 2689 1328 2711 ex
1350 2690 1415 2722 quo
1441 2681 1550 2714 eadem
1573 2691 1665 2722 poena
1688 2689 1796 2713 manet

930 2721 1091 2759 minores,
1115 2723 1268 2753 contrad.
1293 2720 1321 2763 §.
1350 2731 1399 2764 17.
1422 2724 1546 2764 nuptias
1562 2722 1796 2754 contrahentes.
1815 2723 1819 2729 '

933 2763 997 2795 Alii
1014 2763 1051 2795 ad
1068 2762 1211 2795 absurdas
1230 2765 1259 2795 d.
1284 2763 1311 2805 §.
1341 2773 1389 2804 17.
1413 2763 1686 2804 interpretationes
1712 2763 1796 2795 dela-

932 2804 1058 2837 buntur.
1104 2805 1300 2846 Simpliciter
1323 2805 1417 2844 dico,
1441 2814 1480 2837 ex
1507 2805 1535 2836 d.
1560 2803 1588 2845 ἓ.
1617 2814 1664 2846 13.
1689 2804 1797 2836 locum

932 2845 1046 2877 habere
1064 2845 1156 2878 illum
1182 2846 1210 2888 ἓ.
1239 2856 1287 2887 17.
1311 2846 1344 2878 111
1369 2845 1588 2883 matrimonio,
1609 2846 1662 2877 cui
1687 2854 1796 2886 paren-

933 2894 1002 2919 tum
1028 2888 1178 2920 voluntas
1203 2897 1268 2919 non
1296 2888 1442 2926 acceffit,
1472 2887 1511 2918 de
1543 2885 1616 2918 solis
1635 2887 1719 2918 enim
1743 2897 1795 2928 pa-

931 2929 1072 2961 rentibus
1086 2929 1234 2970 intelligo
1249 2930 1278 2960 d.
1304 2928 1331 2970 §.
1361 2939 1409 2970 13.
1431 2928 1502 2969 quia
1520 2937 1629 2959 eorum
1652 2936 1796 2968 tantum,

932 2979 996 3002 non
1027 2971 1125 3002 etiarn
1158 2978 1369 3010 cognatorum
1399 2970 1575 3001 aliorumve
1610 2969 1797 3003 consensum

931 3011 1082 3044 desiderat
1106 3013 1135 3043 d.
1160 3011 1190 3052 §.
1213 3021 1244 3053 3.
1267 3012 1340 3043 ibid.
1384 3011 1485 3043 Aliter
1509 3010 1635 3051 quidem
1657 3011 1752 3043 habet
1765 3013 1794 3043 d.

1700 3053 1728 3096 ς.
1748 3062 1797 3095 17.

937 3143 991 3173 Tit.
1001 3143 1042 3181 ff.
1059 3144 1090 3173 de
1105 3144 1182 3182 Nupn
1200 3147 1245 3173 16.
1265 3144 1329 3173 Van
1345 3143 1440 3174 Zurck
1464 3143 1526 3172 Cod.
1541 3144 1606 3173 Bac.
1628 3145 1705 3173 verbo
1724 3143 1801 3173 Hou-

934 3183 1019 3218 welyk
1039 3182 1063 3219 §-
1080 3190 1106 3217 5·
1127 3183 1156 3210 in
1169 3189 1222 3213 not.
1243 3192 1270 3213 n.
1287 3190 1314 3212 2.
1335 3183 1362 3213 ἃ
1376 3181 1446 3213 Βο61
1461 3182 1498 3212 ad
1513 3183 1654 3215 Loenium
1668 3183 1735 3222 Casu
1746 3184 1798 3213 iv.

934 3228 962 3257 p·
981 3223 1025 3251 18·
1043 3219 1080 3256 &⁹
1093 3219 1165 3260 seqq·
