2008 3436
179 133 248 176 358
423 123 824 162 CORNELII

176 215 304 257 patitur.
352 213 438 259 Quid
463 214 544 245 enim
559 237 568 249 ,
603 222 721 244 nocens
744 210 774 241 &
799 209 951 240 innocens
975 205 1041 246 pari

182 255 269 297 pass'u
289 255 518 287 ambulabunt?
542 255 584 286 Et
602 254 674 294 quid
695 252 715 284 fi
735 251 889 291 separatio
907 248 987 280 facia
1005 247 1042 278 sit

182 298 225 328 ob
244 296 348 328 causas
365 296 528 328 leviffimas
541 321 549 332 ,
572 297 620 326 vel
641 293 747 334 potius
764 291 865 322 nullas
881 315 890 327 ‚
912 298 981 321 nain
1002 297 1042 318 eo

180 337 249 369 fere
274 338 367 369 hodie
394 339 558 369 diventum
585 334 630 366 cst
649 358 657 370 ,
695 341 730 364 ut
756 333 792 363 ad
820 331 1042 372 separationem

183 379 270 410 thori
290 380 320 411 ὃς
342 379 453 411 inensae
471 378 599 410 sufficiat
618 373 777 412 utriusque
797 372 949 412 Coniugis
970 379 1045 401 con-

181 419 287 453 sensus
300 444 308 455 ,
335 421 417 461 quod
438 419 570 452 Romani
589 419 661 448 bona
677 415 780 457 gratia
795 415 962 445 vocabant.
1003 411 1044 456 E-

183 471 225 502 go
252 462 389 493 desidero
415 460 536 492 causam
556 482 565 498 ,
597 466 726 497 eamque
751 455 977 496 gravrssiniam,
1002 461 1044 482 ei-

183 512 244 543 que
261 502 318 534 soli
334 501 545 540 imputandam
559 524 567 537 ,
590 499 642 540 qui
663 498 787 537 culpam
805 494 955 527 admisisse
975 502 1046 533 pro--

184 544 319 576 habitur.
366 544 480 574 Omnia
508 543 576 572 loca
597 563 606 577 ‚
648 548 718 579 quae
741 547 782 568 ex
805 538 877 577 jure
902 536 1046 566 Romano

185 584 364 616 Hollandus
392 584 499 615 attulit
517 606 525 619 ‚
565 583 736 622 loquuntur
759 579 797 609 de
818 577 957 608 divortio
975 597 986 613 ,
1018 576 1048 606 δε

184 627 273 667 plura
292 627 363 657 loca
384 627 414 656 iii
437 626 514 655 lianc
533 633 597 654 rem
613 621 715 653 extuli
739 620 807 660 Cap.
824 619 964 659 froxiiiio.
1001 615 1048 662 Ad

185 667 412 707 separationem
441 665 524 696 thori
551 666 581 695 ὀί
603 660 716 695 mensae
741 670 804 692 non
822 659 975 691 transfero
993 658 1049 688 nili

188 709 312 744 causas,
338 717 409 748 quie
432 706 614 738 tantundem
634 703 763 741 valent,
787 711 825 733 ac
847 701 919 741 Jure
937 700 1049 731 Roma-

187 759 229 782 no
248 748 343 780 causa:
362 748 503 779 divortii.

230 791 279 822 An
297 789 460 821 sententiae
480 787 592 820 nostrae
609 785 722 827 aliquid
747 783 943 816 ausim-itatis
962 791 1049 813 acce-

187 831 260 863 dere
277 831 367 871 possit
390 840 428 861 ex
446 830 536 862 rebus
548 854 555 867 ‚
580 838 630 860 ire
650 830 820 865 senatore,
841 835 857 856 a
875 827 992 857 Senatu
1005 824 1050 863 ju-

188 873 320 910 dicatis,
346 881 429 904 nunc
448 871 566 911 accipe.
593 870 690 901 Paetis
710 867 977 907 antenuptialibus
1002 874 1048 904 14.

188 914 248 954 jul.
271 918 358 955 1508.
385 914 466 944 inter
489 912 600 952 Cajum
625 914 654 942 et
677 909 784 948 Cajain
808 908 960 939 convenit
979 929 988 942 ‚
1012 916 1051 937 ne

187 957 270 987 inter
290 965 344 986 eos
362 955 437 986 ell'et
458 953 640 985 communio
657 952 809 982 bonorum
824 973 831 985 ,
857 948 909 980 sed
926 947 1005 979 lucri
1022 948 1053 978 ὃς

189 997 293 1028 damni
310 996 481 1034 duntaxat,
508 996 551 1027 ita
567 1003 670 1025 tamen
685 1016 692 1029 ‚
718 1001 753 1023 ut
771 991 902 1028 mulier,
921 999 989 1030 quae
1005 989 1051 1019 vi-

189 1048 227 1069 ro
246 1039 338 1079 longe
357 1045 420 1069 erat
438 1036 651 1078 locupletior.
675 1043 715 1064 ex
740 1033 891 1063 reditibus
919 1030 979 1062 suis
999 1029 1053 1061 sibi

188 1081 364 1121 praecipuos
387 1079 512 1110 haberet
534 1082 607 1109 600.
631 1075 767 1106 florenos
787 1098 794 1109 .
825 1081 859 1104 ut
879 1081 975 1113 porro
993 1070 1054 1111 ipsa

191 1120 305 1152 mulier
325 1119 551 1151 administraret
566 1119 650 1149 bona
667 1114 735 1153 sua,
754 1114 872 1146 fructus
884 1123 921 1146 ex
935 1113 980 1144 his
990 1112 1053 1143 exi-

193 1170 281 1203 geret
299 1185 307 1198 ,
343 1162 372 1193 &
392 1162 430 1192 de
455 1162 492 1192 iis
510 1160 657 1191 statueret
673 1166 729 1198 pro
743 1155 872 1186 arbitrio
891 1154 947 1185 suo
961 1177 970 1190 ,
995 1161 1055 1184 nce

192 1203 358 1243 quicquain
380 1212 487 1234 eorum
514 1202 563 1232 vir
588 1199 640 1231 fibi
670 1198 843 1237 adrogaret.
889 1196 923 1226 Id
952 1193 1056 1225 matri-

193 1245 336 1275 monium
361 1254 424 1275 non
447 1244 500 1274 diu
524 1243 586 1274 suit
613 1248 748 1270 concors
767 1260 776 1276 ,
810 1236 860 1268 sed
879 1235 1056 1281 acleojntei·

193 1293 362 1324 utrumque
380 1286 537 1316 turbatum
557 1281 621 1319 est,
646 1287 681 1310 ut
705 1288 721 1309 a
739 1279 844 1309 verbis
860 1278 940 1308 itum
962 1278 998 1307 iit
1020 1275 1057 1306 ad

194 1327 325 1358 verbera
337 1350 345 1364 ‚
370 1326 481 1356 deinde
497 1324 533 1355 ad
551 1324 630 1354 lites.
677 1320 816 1352 Maritus
835 1319 916 1359 apud
932 1317 1058 1349 Curiam

194 1367 312 1408 signum
331 1367 447 1398 extulit
464 1389 472 1403 ,
509 1365 539 1396 ἃ
566 1363 684 1405 petiit,
721 1360 882 1393 fiduciaria
909 1358 1060 1390 sententia

194 1409 279 1449 quod
305 1408 342 1439 ad
366 1407 493 1439 thorum
520 1408 549 1437 ἃ
577 1404 711 1436 mensam
730 1412 746 1433 a
762 1402 892 1434 muliere
909 1400 1060 1441 separare-

197 1459 267 1488 tur,
293 1449 322 1480 &
345 1449 448 1480 donec
472 1449 543 1480 lites
565 1446 712 1477 durarent
730 1468 739 1481 ,
769 1444 882 1475 mulier
908 1440 1061 1474 semissem

195 1490 356 1523 fruetuum
374 1490 645 1525 communicaret,
670 1486 699 1517 &
715 1484 778 1526 ipse
797 1493 851 1516 eos
875 1481 1061 1515 administra-

197 1540 255 1563 ret.
301 1532 442 1571 Mulier,
466 1530 607 1562 instituta
635 1526 884 1559 reconventione
901 1547 911 1563 ,
935 1523 1062 1556 fiducia-

197 1574 244 1605 ria
265 1573 417 1605 sententia
432 1573 527 1604 etiam
545 1571 597 1603 sibi
617 1569 756 1610 quaedam
775 1566 975 1607 adjudicanda
989 1574 1061 1596 cen-

179 1614 285 1654 suit,
308 1615 452 1655 interque
478 1614 562 1650 alia,
594 1621 658 1643 non
685 1617 806 1641 tantum
836 1607 1063 1648 separationem

199 1656 330 1687 thori&
353 1655 465 1687 mensae
479 1680 488 1694 ‚
513 1654 563 1688 secl
589 1655 618 1685 ὃ(
640 1650 907 1688 cohabitationis,
936 1648 1064 1680 maritus

199 1698 307 1735 enim,
339 1698 391 1739 qui
414 1698 498 1728 laute
521 1696 622 1727 adhuc
644 1693 724 1734 apud
751 1700 885 1722 uxorem
913 1690 1065 1726 vivebat,

198 1738 312 1779 sponte
331 1739 381 1771 sua
400 1737 553 1770 abstinens
569 1747 584 1768 a
600 1734 824 1767 communione
845 1732 927 1764 thori
942 1732 1064 1762 &men-

201 1780 244 1812 sae
262 1802 274 1818 ,
296 1789 359 1811 non
384 1787 455 1811 ante
471 1790 488 1810 a
504 1777 742 1810 cohabitatione
765 1775 897 1805 volebat
914 1772 1064 1813 separari,

202 1831 298 1862 quam
318 1819 480 1861 postquam
513 1819 627 1851 decisae
651 1817 748 1849 ess'ent
773 1816 845 1847 lites
863 1838 874 1854 ,
897 1824 973 1856 quas
993 1822 1064 1854 pro-

201 1864 281 1895 lixas
307 1862 441 1893 habebat
465 1862 503 1893 de
530 1860 723 1902 separatione
750 1857 909 1889 fructuum
936 1865 1008 1886 cum
1034 1854 1066 1885 in

173 1923 176 1927 ›
199 1904 413 1946 praeteritum,
441 1912 506 1935 tum
525 1904 555 1934 in
573 1902 725 1934 futurum.
761 1899 836 1938 Egit
854 1897 966 1930 mulier
986 1897 1014 1928 ἃ
1031 1895 1068 1926 ad

203 1946 294 1987 plura
309 1945 387 1982 alia,
412 1946 442 1976 (Sc
464 1954 536 1976 cuin
553 1944 705 1980 maxime,
730 1948 765 1972 ut
781 1939 851 1971 suos
869 1938 932 1980 ipsa
948 1937 1069 1970 fruCtus

204 1986 443 2018 administraret.
496 1985 592 2017 Curia
614 1995 643 2026 4.
669 1984 767 2016 Mart.
794 1990 883 2022 1711.
909 1978 1070 2012 fiduciaria

203 2028 359 2060 sententia
374 2028 404 2059 in
427 2028 491 2066 his,
515 2037 583 2068 quae
606 2025 699 2064 dixi,
731 2022 900 2057 secundum
922 2023 1070 2052 maritum

206 2070 237 2101 ὃ(
264 2076 373 2101 contra
404 2078 532 2100 uxorem
561 2068 723 2108 judicawt.
768 2064 850 2096 Cum
878 2062 1071 2106 appellatum

207 2110 286 2142 esset
313 2119 328 2140 a
349 2109 479 2141 muliere
494 2133 502 2148 ‚
537 2108 607 2141 satis
632 2107 793 2139 constabat
811 2128 822 2144 ,
852 2114 903 2136 eas
927 2104 978 2135 liic
1010 2101 1072 2133 elle

206 2150 395 2188 discordias,
420 2160 459 2181 ne
486 2150 560 2191 quid
586 2151 673 2190 pejus
699 2149 827 2185 dicam,
852 2154 887 2177 ut
913 2143 1072 2184 Utriusque

207 2192 305 2234 partis
319 2191 600 2232 interesset,quam
619 2190 762 2222 citiffime
782 2186 1072 2228 separaretur-ctiam

209 2245 227 2265 a
243 2232 478 2264 cohabitatione
494 2240 609 2273 praeter
626 2232 750 2263 thorum
767 2230 797 2262 ὅς
813 2228 960 2261 mensam.
1007 2226 1071 2258 De-

208 2275 281 2307 inde
312 2275 341 2306 &
364 2274 495 2306 Senatus
527 2274 675 2314 putavit,
709 2273 779 2304 lites
807 2271 846 2302 de
879 2268 1073 2310 separatione

208 2316 369 2348 fruCtuum
391 2315 470 2346 nihil
491 2324 659 2347 commune
684 2313 798 2344 habere
820 2322 892 2343 cum
914 2310 1074 2342 fiduciaria

208 2356 404 2398 separatione
425 2357 506 2397 quod
531 2357 567 2387 ad
591 2356 717 2387 thorum
743 2355 771 2386 ἃ
792 2353 928 2385 mensam
948 2374 958 2390 ,
989 2349 1075 2392 poss'e

209 2400 263 2431 has
278 2397 438 2436 exerceri,
461 2397 623 2438 postquam
645 2396 773 2438 separati
793 2395 890 2427 essent
906 2416 916 2432 ,
941 2394 994 2433 qui
1014 2391 1076 2424 sine

211 2439 357 2482 periculo
384 2438 472 2470 fiiiiul
499 2438 638 2470 habitare
657 2447 719 2469 non
743 2444 899 2478 poterant.
945 2435 1076 2466 Senatus

212 2482 307 2512 etiam
328 2489 529 2520 concoquere
545 2490 608 2511 non
628 2487 770 2521 poterat,
795 2487 854 2518 qua
870 2477 991 2510 ratione
1013 2485 1076 2506 ina-

209 2523 293 2554 :ritus
312 2522 392 2561 apud
412 2521 539 2553 Curiam
557 2521 755 2558 obtinuerat,
780 2528 814 2551 ut
830 2519 951 2551 fructus
971 2516 1078 2548 uxoris

213 2564 248 2595 in
271 2563 429 2603 posterum
454 2562 517 2602 ipse
540 2561 765 2593 administraret
782 2583 794 2599 ,
818 2569 930 2592 contra
961 2559 1080 2590 tabulas

214 2603 442 2644 antenuptiales
458 2626 467 2641 ,
499 2612 571 2634 eum
598 2612 637 2633 ne
658 2610 779 2633 certum
803 2602 927 2642 quidem
951 2599 988 2632 sit
1004 2623 1014 2638 ,
1042 2608 1080 2630 an

215 2644 287 2687 post
303 2644 526 2685 separationem
544 2644 635 2674 duret
653 2643 802 2674 maritalis
818 2641 971 2683 potestas,
990 2650 1079 2681 quae,

215 2685 301 2727 quod
327 2685 364 2716 ad
386 2684 685 2716 administrationem
703 2707 712 2722 ,
745 2683 796 2714 liic
821 2684 968 2723 abrogata
995 2689 1078 2719 erat,

216 2727 336 2759 etiamsi
354 2726 588 2757 matrimonium
609 2734 700 2766 quani
724 2723 858 2755 maxime
877 2722 984 2754 fuisset
1002 2731 1078 2753 coii-

216 2779 297 2801 cors.
342 2768 473 2799 Senatus
493 2767 588 2807 igitur
605 2788 615 2804 ‚
637 2764 758 2797 rescissa
774 2764 879 2796 Cui-iae
900 2763 1076 2802 sententia,

219 2819 268 2850 14.
294 2809 354 2849 Jul.
377 2818 466 2849 1311.
492 2809 521 2839 in
538 2807 761 2839 Conventione
781 2814 891 2838 contra
914 2804 1076 2841 maritum,

218 2851 250 2882 o&
268 2851 298 2896 in
317 2849 565 2931 re(conventione
576 2871 587 2887 ,
609 2851 645 2891 by
660 2846 782 2890 pruvifie
808 2857 866 2890 pro
885 2855 984 2878 uxore
1004 2845 1079 2885 judi-

217 2900 316 2925 cavit.

262 2901 386 2964 Deinzss
397 2891 569 2973 >litigatum
595 2930 641 2963 est
664 2931 746 2963 inter
767 2929 845 2971 ipsas
871 2936 973 2971 partes
999 2926 1080 2970 apud

218 2974 366 3006 Senatum
385 2972 503 3012 judicio
519 2973 684 3014 principali
698 2997 707 3010 ,
732 2974 761 3004 o’c
781 2971 823 3003 ibi
838 2971 877 3002 de
893 2971 985 3003 variis
1005 2979 1078 3001 con-

220 3013 380 3045 troversiis
401 3013 584 3045 transactum
598 3037 607 3052 ,
632 3016 660 3046 ὅ(
675 3015 713 3046 de
729 3013 844 3050 variis,
866 3021 934 3054 quae
952 3011 988 3042 ad
1009 3019 1079 3051 pro-

218 3055 350 3099 positam
372 3054 576 3096 quaestionem
603 3066 665 3087 non
693 3055 851 3096 pertinent
868 3077 877 3092 ,
909 3053 1080 3093 judicatum

219 3096 292 3127 ruit.
337 3096 397 3127 Sed
418 3097 510 3128 ardua
528 3119 539 3135 ,
563 3106 621 3128 nce
639 3098 740 3129 minus
756 3104 867 3135 anceps
883 3092 1014 3135 quaestio
1030 3093 1081 3125 Se-

898 129 1008 157 VAN

259 3214 319 3253 (3)
340 3215 447 3254 Observ.
469 3216 585 3246 Twnult.
609 3217 640 3247 T.
661 3219 712 3248 111.
729 3228 758 3250 η.
780 3225 842 3253 753.

1081 116 1682 156 BYNKERSHOEK

1086 214 1192 239 natum
1209 205 1339 243 collisit,
1354 213 1429 236 num
1446 203 1567 235 scilicet
1583 202 1702 235 fruCtus
1717 204 1874 244 utriusque
1889 206 1944 238 bo-

1087 257 1221 286 norum,
1244 247 1312 287 post
1331 245 1555 287 separationem
1567 267 1577 282 ,
1597 244 1731 276 invicem
1750 245 1846 277 ess'ent
1857 256 1941 280 com-

1087 289 1264 321 municandi
1282 312 1291 326 ,
1317 297 1354 319 an
1376 286 1506 328 quisque
1527 285 1598 317 suos
1615 285 1669 317 sibi
1690 285 1826 318 haberet.
1861 287 1944 328 Vir,

1087 331 1158 371 quia
1176 329 1265 361 Uxor
1282 330 1375 369 longe
1394 337 1459 359 erat
1478 327 1691 367 locupletior,
1716 329 1944 362 communican-

1087 373 1144 403 dos
1160 371 1220 402 ess'e
1236 370 1466 406 contendebat,
1490 368 1569 399 stare
1592 368 1674 398 enim
1695 369 1945 409 matrimonium,

1089 421 1183 452 atque
1197 412 1273 442 adeo
1291 410 1368 442 stare
1386 411 1469 441 hune
1481 408 1674 441 matrimonii
1685 407 1843 448 effectum,
1853 411 1947 444 etiam

1089 453 1186 494 pactis
1206 451 1471 491 antenuptialibus
1497 451 1634 482 invicem
1652 449 1842 490 promissum.
1885 451 1956 484 Ad-.

1089 495 1182 525 debat
1206 493 1299 524 etiam
1325 491 1394 532 post
1417 491 1643 532 separationem
1673 491 1783 522 durare
1811 501 1946 525 commu-

1089 536 1216 566 nionem
1244 533 1320 565 lucri
1350 534 1379 565 ὅ(
1399 533 1501 564 damni
1530 541 1693 572 utramque
1723 531 1848 564 Curiam
1869 533 1946 573 judi-

1090 575 1170 607 casse
1196 575 1274 614 apud
1301 572 1505 605 Ncostadium
1539 574 1661 614 Obse'erv.
1686 572 1851 614 Ancenupt.
1875 573 1944 608 Vll.

1092 617 1128 652 ὅ)
1150 615 1236 647 viii.
1264 616 1294 647 &
1315 616 1463 647 Senatum
1490 613 1639 645 Friiicum
1664 614 1745 655 apud
1766 615 1864 646 Sande
1886 615 1945 648 De-

1092 657 1141 699 cist
1169 656 1244 697 Fris.
1271 657 1309 688 L.
1336 656 1376 687 11.
1406 655 1440 687 T.
1462 664 1492 695 5.
1519 654 1646 695 Defirzit.
1666 665 1695 696 7.
1721 658 1750 687 Gt
1767 655 1809 687 fic
1826 655 1878 687 res
1912 667 1946 689 n-

1092 699 1167 731 diss'e
1194 707 1334 739 magnam
1359 697 1626 738 Pragmaticorum
1649 696 1763 729 nubem
1789 696 1888 736 Confi.
1911 697 1946 731 Β.

1095 741 1128 772 Τ.
1157 740 1180 771 Ι.
1218 738 1322 777 Consti.
1353 748 1403 779 73.
1433 748 1483 779 74.
1510 737 1545 771 ὃ)
1567 747 1618 778 75.
1664 737 1754 770 Uxor
1782 739 1948 772 contende·

1091 783 1163 818 bat,
1189 791 1252 812 non
1277 781 1342 811 alio
1364 782 1426 811 nne
1449 779 1672 810 communicari
1695 779 1836 819 fructus,
1860 790 1949 822 quam

1093 825 1131 855 ad
1156 821 1412 855 sustentationem
1437 820 1629 852 matrimonii
1652 842 1662 858 ,
1693 821 1753 851 boc
1775 820 1840 859 est,
1869 822 1950 854 illius

1093 863 1325 904 conjunctionis
1341 884 1353 901 ,
1382 872 1449 903 quse
1475 862 1667 892 individuam
1693 862 1775 893 inter
1797 863 1898 895 virum
1920 862 1951 895 δε

1095 914 1224 938 uxorem
1244 905 1320 935 vitae
1339 902 1596 935 consuetudinem
1618 904 1762 935 continet
1781 927 1791 942 ,
1815 904 1881 936 haec
1902 903 1954 936 ubi

1094 947 1208 985 cessat,
1233 945 1348 977 cessare
1367 944 1466 990 videri
1492 945 1577 976 illam
1598 943 1757 977 fruetuum
1782 945 1954 977 communi·

1095 989 1275 1025 cationem;
1302 995 1377 1017 tunc
1393 995 1477 1017 enim
1495 995 1649 1026 quemque
1673 987 1840 1028 conjugem
1864 995 1955 1027 opor-

1097 1038 1165 1061 tere
1189 1028 1276 1060 suum
1305 1028 1398 1068 ipsius
1420 1036 1500 1058 onus
1521 1027 1625 1065 ferre,
1650 1028 1678 1059 ἀ
1697 1027 1747 1059 sua
1763 1027 1853 1069 ipsius
1871 1027 1954 1060 luci-a

1096 1071 1275 1112 percipere,
1300 1069 1330 1101 se
1351 1068 1468 1108 alioqui
1489 1090 1498 1105 ‚
1523 1078 1593 1109 (με
1617 1077 1706 1100 antea
1733 1079 1820 1101 inore
1848 1068 1957 1100 beato-

1096 1122 1165 1144 rum
1192 1112 1355 1142 hominum
1379 1110 1524 1148 vixerat,
1549 1109 1585 1140 ad
1606 1109 1758 1150 angustias
1784 1110 1904 1151 redigi,
1928 1110 1959 1142 &

1097 1154 1153 1184 vix
1177 1153 1207 1183 ὃς
1229 1161 1268 1183 ne
1288 1152 1344 1182 vix
1369 1151 1494 1191 quidem
1517 1160 1573 1192 pro
1592 1150 1746 1190 dignitate
1764 1150 1793 1182 se
1810 1151 1959 1184 exhibere
1984 1175 1986 1177 >

1099 1193 1202 1234 posse3
1226 1193 1256 1224 ὅς
1273 1191 1465 1232 separatione
1480 1191 1564 1222 thori
1583 1192 1611 1223 &
1630 1191 1740 1223 mensae
1758 1193 1852 1223 ctiam
1876 1191 1960 1233 sepa-

1099 1235 1158 1266 rari
1175 1233 1431 1264 communionem
1458 1232 1536 1263 lucri
1560 1233 1588 1263 ὅ(
1607 1232 1727 1270 damni,
1752 1233 1963 1271 plurimorum

1101 1275 1254 1307 sententia
1270 1295 1280 1311 ‚
1312 1273 1444 1314 probata
1467 1272 1652 1312 Argenti-aeo
1675 1274 1712 1303 acl
1740 1273 1868 1314 Coiistiet.
1893 1273 1960 1306 Bri-

1102 1323 1186 1347 tann.
1210 1314 1365 1355 Art.418.
1394 1313 1491 1354 leffa
1503 1323 1532 1349 4.
1558 1323 1630 1355 72.3.
1653 1312 1782 1356 aliisque
1801 1324 1880 1356 quos
1897 1315 1961 1348 lau-

1102 1359 1153 1389 dat
1169 1357 1268 1389 Sande
1289 1358 1317 1387 d.
1344 1354 1444 1395 Defin.
1463 1365 1494 1396 7.

1146 1399 1290 1439 Plerique
1312 1397 1477 1429 Senatores
1500 1395 1729 1437 distinguebant
1743 1420 1752 1434 ‚
1776 1407 1834 1430 nec
1856 1398 1962 1431 imme-

1103 1441 1191 1479 rit0,
1215 1448 1285 1470 utra
1306 1448 1375 1479 pars
1399 1437 1552 1470 familiam
1577 1438 1771 1470 concusserat
1796 1440 1826 1472 &
1848 1439 1963 1481 separa-

1105 1482 1186 1513 tioni
1211 1480 1335 1512 causam
1357 1480 1485 1511 dederat
1501 1503 1511 1518 ,
1542 1487 1640 1521 utque
1664 1490 1732 1520 pars
1757 1490 1874 1513 nocens
1894 1481 1978 1522 Jure<

1104 1523 1250 1555 Romano
1273 1522 1304 1553 in
1325 1520 1413 1553 causa
1434 1521 1584 1560 divortii,
1608 1521 1726 1553 amittit
1751 1522 1803 1554 vel
1823 1522 1964 1554 donatio-

1105 1574 1177 1596 nem
1194 1570 1322 1605 propter
1341 1562 1486 1603 nuptias,
1511 1562 1562 1593 vel
1582 1562 1688 1593 dotem
1703 1585 1711 1601 ‚
1736 1563 1773 1594 ad
1797 1562 1887 1595 instar
1901 1563 1965 1604 ejus

1106 1606 1199 1647 juris,
1223 1606 1273 1646 qui
1294 1612 1412 1636 nocens
1433 1603 1502 1641 est,
1525 1604 1673 1635 amittere
1691 1612 1839 1644 oportere
1862 1607 1967 1637 omnia

1107 1650 1216 1685 lucra,
1241 1656 1309 1687 quae
1325 1655 1365 1677 ex
1379 1645 1579 1676 matrimonio
1603 1644 1632 1676 ὅ(
1661 1645 1772 1677 habere
1798 1646 1827 1677 δε
1850 1645 1970 1688 sperare

1107 1695 1229 1731 poterat
1244 1710 1255 1726 ,
1278 1686 1396 1718 cessura
1421 1686 1543 1718 scilicet
1571 1686 1651 1727 parti
1676 1687 1858 1718 innocenti:
1891 1687 1968 1719 alio-

1108 1730 1183 1771 quin
1205 1751 1215 1767 ‚
1248 1729 1269 1760 ii
1295 1737 1403 1760 omnes
1429 1727 1547 1760 fructus
1571 1728 1666 1768 aequis
1688 1727 1824 1769 partibus
1851 1726 1970 1771 semper

1109 1771 1207 1803 essent
1224 1769 1406 1807 dividendi,
1428 1768 1515 1809 poss'e
1535 1770 1639 1800 virum
1658 1770 1708 1801 vel
1724 1778 1853 1802 uxorem
1867 1769 1906 1801 de
1923 1770 1969 1802 in-

1108 1811 1225 1844 dustria
1240 1811 1369 1842 domuin
1393 1810 1491 1849 rixis,
1516 1808 1718 1843 seditionibus
1737 1811 1767 1842 ὃ(
1788 1811 1970 1842 vulneribus

1109 1854 1240 1895 implere
1255 1875 1265 1891 ,
1288 1861 1365 1884 mox
1383 1851 1609 1898 separationem
1626 1853 1793 1893 implorare
1807 1875 1817 1891 ,
1841 1853 1871 1884 ὀί
1896 1861 1970 1884 cum

1110 1896 1175 1927 iise
1195 1895 1246 1925 vel
1272 1893 1334 1935 ipsa
1356 1893 1436 1924 nihil
1464 1892 1591 1924 haberet
1605 1916 1614 1932 ,
1644 1893 1734 1925 illico
1755 1892 1903 1925 semiss'em
1919 1901 1971 1925 au-

1128 1945 1196 1968 erre
1213 1943 1252 1967 ex
1270 1935 1398 1966 alterius
1423 1934 1600 1966 innocentis
1619 1935 1671 1966 vel
1687 1934 1777 1966 bonis
1798 1935 1848 1966 vel
1866 1934 1973 1967 frusti-

1113 1980 1181 2010 bus.
1225 1977 1260 2008 ln
1286 1977 1343 2007 liae
1367 1975 1457 2007 causa
1477 1976 1557 2006 alter
1580 1976 1610 2006 in
1629 1976 1761 2007 alterum
1782 1975 1904 2017 prolixe
1917 1975 1971 2007 de-

1113 2019 1234 2052 rivabat
1252 2017 1373 2049 causam
1391 2017 1562 2054 malorum,
1587 2017 1617 2048 δε
1638 2017 1668 2048 in
1687 2017 1765 2048 hanc
1783 2025 1845 2048 rein
1864 2017 1971 2058 ingen-

1114 2061 1158 2093 tia
1179 2060 1401 2101 probationum
1427 2058 1588 2089 volumina
1616 2058 1784 2090 edebantur
1801 2079 1812 2096 ,
1836 2056 1887 2090 sed
1907 2057 1973 2098 qui-

1113 2103 1170 2133 bus
1187 2123 1197 2139 ,
1222 2109 1257 2132 ut
1283 2109 1365 2131 nunc
1390 2107 1498 2138 erant,
1532 2107 1604 2130 tuto
1626 2099 1714 2130 ‘credi
1746 2107 1806 2130 non
1837 2105 1974 2140 poterat.

1115 2144 1257 2183 Plerique
1276 2150 1378 2173 tamen
1395 2141 1559 2173 Senatores
1574 2140 1606 2172 in
1623 2141 1768 2172 maritum
1789 2140 1913 2181 culpam
1929 2148 1975 2172 re-

1114 2184 1282 2225 jiciebant,
1308 2183 1337 2214 &
1355 2182 1522 2214 secundum
1540 2192 1610 2213 eum
1627 2180 1786 2213 cecidisset
1804 2181 1973 2220 sententia,

1115 2226 1137 2258 ii
1161 2235 1224 2257 non
1241 2224 1294 2256 alii
1312 2222 1504 2265 excepissent
1518 2246 1529 2262 ,
1550 2224 1588 2255 de
1605 2223 1698 2265 culpa
1715 2223 1818 2254 mariti
1837 2222 1889 2254 sibi
1906 2221 1977 2254 satis

1116 2276 1179 2299 non
1203 2267 1321 2307 liquere
1338 2289 1347 2304 ,
1373 2265 1426 2297 alii
1450 2265 1551 2296 minus
1577 2265 1718 2304 liquere,
1745 2273 1781 2296 an
1799 2264 1887 2304 culpa
1905 2262 1976 2296 satis

1116 2308 1154 2341 fit
1176 2307 1308 2345 idonea,
1340 2307 1380 2338 ob
1399 2316 1489 2346 quain
1508 2306 1632 2337 caderet
1650 2306 1718 2346 jure
1743 2304 1976 2336 consuetudina-

1118 2351 1165 2381 rio
1185 2349 1214 2380 &
1240 2349 1335 2389 pastis
1355 2348 1630 2388 antenuptiali'bus.
1679 2345 1768 2378 Unde
1786 2347 1815 2377 δι
1833 2345 1976 2377 nonnulli

1117 2391 1156 2422 de
1175 2390 1422 2422 interlocutione
1437 2397 1524 2420 erant
1546 2388 1684 2420 solliciti.
1730 2387 1820 2418 Unde
1840 2385 1869 2417 ὅ(
1893 2385 1974 2417 nihil

1118 2431 1283 2464 definitum
1309 2430 1354 2462 cst
1372 2453 1382 2469 ,
1406 2439 1497 2469 quani
1523 2438 1558 2461 ut
1585 2427 1747 2459 transtiftio
1772 2427 1853 2458 inter
1874 2434 1976 2468 partes

1121 2481 1324 2512 tentaretur,
1355 2474 1385 2504 ὀί
1408 2471 1519 2502 deinde
1545 2469 1728 2502 statueretur
1755 2476 1812 2514 pro
1837 2477 1871 2498 re
1894 2475 1976 2500 nata.

1121 2514 1169 2546 Ita
1191 2514 1311 2555 placuit
1341 2523 1385 2550 19.
1409 2512 1489 2544 Dec,
1517 2513 1604 2552 1716.
1635 2509 1710 2549 (4)
1733 2507 1902 2540 'inunctio
1924 2517 1976 2540 au-

1123 2564 1205 2595 tem,
1229 2565 1296 2597 quae
1321 2552 1482 2593 successit,
1506 2551 1648 2584 omnibus
1673 2549 1779 2581 litibus
1804 2549 1898 2582 finem
1924 2549 1976 2582 de-

1121 2598 1178 2630 dit.
1303 2594 1307 2599 ’

1164 2639 1241 2671 Duo
1259 2638 1434 2679 Conjugcs,
1458 2634 1508 2676 qui
1525 2632 1656 2679 plurima
1673 2632 1753 2663 bona
1775 2631 1976 2673 possidebant,

1122 2691 1161 2712 cx
1179 2680 1294 2712 ssatuto
1313 2678 1509 2711 communia.
1536 2684 1564 2705 m
1583 2674 1750 2704 discordias
1768 2677 1797 2705 cc
1823 2674 1892 2707 litcs
1908 2683 1979 2716 pro-

1122 2721 1193 2764 lapsi
1218 2721 1296 2752 sunt.
1342 2720 1475 2752 Maritus
1500 2716 1537 2748 ab
1567 2724 1665 2746 uxore
1691 2714 1720 2746 se
1738 2713 1866 2755 separari
1884 2715 1977 2757 petiit

1121 2762 1201 2803 apud
1217 2761 1340 2801 judices
1362 2760 1517 2800 Haganos.
1566 2756 1655 2787 Uxor
1675 2756 1704 2786 iii
1727 2765 1793 2788 eain
1815 2755 1978 2797 separatio-

1121 2813 1192 2835 nem
1209 2801 1382 2839 consentit,
1408 2799 1503 2832 iiiodo
1523 2799 1551 2830 ἃ
1568 2797 1649 2829 bona
1667 2797 1844 2828 communia
1861 2797 1979 2829 divide·
2004 2823 2008 2827 .

1120 2852 1242 2883 rentur,
1267 2845 1297 2875 ἃ
1311 2842 1437 2882 quisque
1455 2839 1604 2873 sciiiiss'cin
1625 2838 1772 2869 auser-ret.
1803 2838 1978 2871 Secundum

1123 2893 1251 2920 uxorein
1268 2885 1446 2924 judicarunt
1462 2882 1584 2923 Judiccs
1601 2879 1732 2920 llagiini.
1777 2879 1911 2912 Maritus
1927 2889 1978 2921 ap-

1123 2927 1220 2968 pellat
1234 2927 1270 2956 ad
1292 2925 1416 2957 Curiam
1429 2946 1438 2961 ‚
1462 2926 1490 2955 dc
1507 2923 1548 2954 ibi
1567 2922 1665 2963 petit,
1693 2928 1724 2950 ut
1743 2919 1898 2952 fiduciaria
1915 2920 1977 2953 sen-

1125 2968 1222 3000 tentia
1243 2966 1452 3007 separarentur
1468 2964 1552 3005 quod
1573 2963 1609 2994 ad
1627 2961 1751 2993 thorum
1776 2963 1804 2992 δε
1826 2960 1976 3003 inensam,

1126 3009 1173 3041 sed
1188 3007 1300 3048 absque
1320 3006 1513 3047 separatione
1530 3005 1683 3035 bonorum
1695 3024 1705 3040 ‚
1728 3002 1769 3032 ita
1798 3011 1898 3035 tamen
1922 3011 1976 3042 ut.

1124 3049 1278 3091 pcrdsnte
1296 3048 1373 3086 lite,
1398 3047 1487 3079 uxori
1509 3046 1654 3077 alimenta
1680 3052 1778 3074 annua
1800 3044 1975 3084 praestarem

1123 3091 1175 3124 sed
1193 3089 1345 3131 repulsam
1365 3089 1440 3120 tulit
1469 3092 1515 3122 18.
1533 3086 1628 3118 Mart.
1651 3089 1740 3123 1715.
1765 3086 1794 3116 ἀ
1816 3095 1907 3126 quum
1929 3094 1976 3125 ap·

1915 3125 1977 3169 rel·

1167 3211 1222 3250 (4)
1243 3210 1351 3251 Olfirv.
1375 3209 1491 3240 Tumulc.
1516 3207 1547 3239 T.
1569 3209 1618 3238 VI.
1642 3222 1670 3241 η.
1693 3215 1771 3244 1305.
