2008 3436
297 107 583 161 QUAEST.
658 105 812 154 JUR.

57 203 110 234 to,
134 192 166 225 in
184 189 312 240 speciali
329 188 419 222 causa
434 187 511 220 ess'et
528 187 704 221 habendum
716 210 727 227 ,
752 186 837 231 quod
854 187 924 220 aliis

53 245 118 271 non
132 232 324 276 praeJudicat.
704 272 710 278 ι
737 272 743 278 .

96 275 283 309 Generalem
304 274 406 315 legem
429 282 467 305 ea
491 272 531 304 de
553 280 588 303 re
603 281 663 305 nec
677 272 764 312 Vidi,
788 280 849 318 nec
868 281 923 313 pu-

52 328 115 354 tem
144 315 267 349 exstare
282 337 294 354 ,
323 325 364 347 ex
386 314 452 347 sola
477 315 602 347 ratione
627 313 720 346 causa
747 312 923 345 definienda

51 360 106 395 est.
152 359 211 397 Et,
235 357 288 400 qui
306 356 387 398 Jove
403 357 524 398 judicat
547 365 656 398 aequo,
681 355 818 397 praedam
838 356 921 398 adjus

50 401 168 436 dicabit
188 398 335 441 magistro
363 399 395 431 δι
411 398 563 440 epibatis,
589 397 642 438 qui
663 407 700 429 ce
723 404 836 434 erunt,
861 397 919 429 mi-

50 445 135 479 nime
152 451 229 473 vero
246 441 296 472 vel
312 440 425 480 navis,
452 440 503 472 vel
524 439 675 472 mercium
713 438 842 471 ominis.
866 439 917 485 Sa>

50 495 90 520 ne
113 485 152 516 de
178 482 330 516 mercium
358 482 497 514 dominis
522 489 619 513 nemo
650 481 807 522 cogitabit
824 504 834 520 ,
861 481 916 514 nisi

49 525 244 560 tardiffimus.
291 523 424 556 Domini
453 523 544 556 navis
568 521 660 554 eausa
687 522 765 555 esset
788 523 916 563 potior,

47 567 101 604 sed
131 568 161 600 ὅ(
182 567 256 600 huic
280 565 475 607 praetulerim
505 563 686 606 magistrum
715 565 745 597 δι
763 563 914 605 epibatas.

46 609 198 651 comperi
217 616 320 640 tamen
337 607 417 639 alios
434 607 527 639 aliter
545 606 666 639 sensisse
685 606 718 639 in
737 606 801 638 hoc
818 605 914 638 fatto:

46 653 159 690 navis,
180 651 232 682 cui
258 648 410 681 mercium
428 648 550 680 domini
568 656 756 680 curaverant
770 659 822 679 een
840 658 912 679 com-

18 720 23 726 .
45 693 136 735 mzffie
154 702 217 724 van
240 693 274 722 a'e
295 690 533 731 Neclerlandjche
552 701 588 722 en
610 690 755 732 Fransche
784 689 911 730 llfestin-

45 736 140 778 dist-he
167 734 364 776 Compczgnie‚
390 741 473 764 anno
501 735 592 773 1667.
616 732 698 764 intra
717 732 834 765 limites
855 732 911 763 So-

45 776 170 811 cietatis
196 775 391 807 Americanae
410 775 583 815 occupavit
603 783 715 806 navem
734 773 909 814 Anglicam.

11 830 15 834 ·
41 816 196 860 Magister
217 817 248 849 ὅ(
269 816 405 858 epibatae
422 815 558 847 vitilores
575 817 770 855 decernunt,
796 815 911 846 vitiam

41 869 176 898 navem,
199 857 255 890 etsi
274 857 411 895 tardius,
436 866 527 897 quam
544 856 595 890 sua
608 884 617 895 ‚
642 858 840 899 navigantem
860 865 911 896 pe-

41 913 98 935 nes
118 901 147 933 se
162 901 317 938 retinere,
343 900 374 931 id
389 898 472 930 enim
490 900 662 931 convenire
677 909 735 930 acm
752 899 820 930 hare
836 897 912 934 Ret-

41 947 108 976 a'ers
126 953 161 975 en
183 942 382 984 Bevragters,
407 940 451 971 als
474 942 552 972 mede
571 952 630 972 aun
647 941 720 971 haar
740 939 909 976 ZeeliecIen,

0 991 2 994 '
39 996 78 1018 en
98 991 146 1016 cet
173 984 262 1024 Sceip
281 989 314 1024 op
339 988 366 1014 te
386 984 514 1024 brengen
536 992 594 1014 aim
614 984 648 1014 (le
679 982 857 1023 Eylanden,
879 988 909 1012 te

39 1028 199 1066 verkoopen
213 1047 224 1063 ,
246 1035 282 1056 en
301 1026 375 1055 daur
393 1033 454 1054 van
473 1025 560 1066 goede
578 1024 719 1069 rekening
739 1029 766 1053 te
786 1023 907 1054 hoznien.

42 1066 218 1114 Quaefitum
238 1065 284 1097 est
304 1065 417 1096 deinde
433 1064 472 1095 de
496 1065 602 1105 praeda
630 1063 841 1095 erciicnnda?
865 1063 909 1094 Et

41 1107 145 1147 Confil.
172 1107 257 1149 Belg.
287 1106 321 1138 T.
350 1105 371 1137 Ι.
398 1104 502 1144 Confil.
531 1109 601 1137 162.
627 1106 663 1140 ὅ)
686 1109 754 1147 163.
781 1104 909 1146 respon-

37 1151 104 1187 sum
122 1148 187 1188 est,
213 1152 264 1180 [tat
280 1148 328 1178 het
344 1147 432 1184 volk‚
455 1157 499 1177 om
517 1147 569 1178 dac
589 1147 638 1179 hec
655 1153 688 1188 op
708 1146 885 1189 maumlgaeld
895 1171 905 1187 ‚

31 1203 75 1235 ,pn
96 1193 158 1223 niet
174 1197 208 1231 op
224 1197 296 1231 prys
318 1199 408 1228 voer,
431 1189 565 1220 hehoorcie
596 1199 647 1220 een
675 1189 791 1220 thiende
810 1195 837 1220 ze
855 1198 905 1231 ge-

11 1236 177 1270 ‘*⁴w0ra³en,
201 1242 238 1263 en
265 1233 299 1262 (Ie
321 1227 380 1271 rest
408 1229 535 1270 tuffchen
558 1231 592 1262 de
615 1231 742 1262 Reeclers
766 1242 801 1262 en
822 1230 904 1263 Inla-

22 1277 101 1312 ³1ers
124 1275 170 1307 elle
192 1283 261 1305 voor
287 1274 321 1304 de
348 1272 425 1312 helst
451 1272 567 1314 gecieelt
596 1278 623 1303 te
650 1274 781 1304 wzara'en.
829 1271 906 1319 Quo

33 1318 101 1361 iure
116 1317 162 1349 illi
182 1313 391 1347 Consultores
407 1314 540 1353 epibatis
557 1313 710 1345 decimam
724 1315 903 1354 tribuerint,

9 1358 143 1398 ‹ynescio
155 1381 165 1398 ,
190 1367 249 1388 nec
267 1354 356 1387 forte
378 1355 433 1394 ipsi
451 1354 564 1386 sciunt.
611 1354 659 1387 Ad
677 1354 832 1387 seniiss'cm
853 1366 904 1388 eo-

15 1392 103 1436 t,l'um
123 1423 131 1433 .
165 1409 235 1440 quae
258 1421 268 1436 ,
299 1397 431 1428 deducta
457 1396 512 1428 illa
540 1397 662 1428 decima
678 1421 687 1435 ,
718 1395 901 1438 supersunt,

12 1448 96 1476 <non
114 1440 287 1473 difficulter
305 1438 431 1480 quidem
451 1438 623 1470 admittunt
640 1438 728 1470 navis
745 1440 901 1479 dominos,

14 1483 86 1520 [sed
111 1482 197 1524 quod
224 1481 262 1512 ad
288 1481 421 1512 alterum
449 1478 600 1511 semissem
630 1481 725 1512 etiam
749 1482 902 1514 mercium

31 1525 180 1559 dominos
202 1522 389 1559 admittant,
413 1520 484 1552 inde
515 1520 576 1552 esse
596 1522 703 1562 ajunt,
728 1523 811 1565 quod
838 1533 902 1555 non

31 1575 141 1610 parum
165 1565 364 1597 contulerint
391 1562 429 1594 ad
448 1562 606 1604 praedam,
632 1572 747 1604 utpote
767 1565 821 1605 qui
845 1565 903 1597 illo

30 1609 209 1650 diplomate
231 1604 404 1638 effecerant
426 1628 433 1639 .
468 1613 503 1635 ut
529 1605 558 1636 ei
588 1605 661 1637 navi
685 1605 727 1636 ibi
754 1606 902 1648 navigare

29 1650 147 1684 liceret
163 1671 175 1688 ,
198 1648 330 1690 ideoque
356 1644 538 1678 existimant
554 1669 563 1685 ,
596 1646 764 1679 deterioris
791 1648 899 1680 condi-

26 1689 214 1724 tionis-esse
237 1699 302 1721 non
325 1696 475 1730 oportere
498 1687 670 1728 mercium,
695 1698 787 1730 quam
811 1690 901 1722 navis

27 1733 185 1766 dominos.
233 1731 268 1764 Id
284 1731 380 1762 etiam
399 1729 534 1771 probant
553 1739 593 1761 ex
609 1730 687 1770 iilo,
713 1730 796 1771 quod
819 1740 900 1764 retu-

27 1774 73 1814 li,
99 1773 296 1816 epibatarum
315 1771 556 1812 Decret0,quo
573 1771 767 1813 significant,
780 1771 811 1804 se
824 1782 900 1813 prae-

25 1815 98 1849 dam
117 1825 180 1848 non
201 1815 289 1847 navis
305 1813 480 1853 duntaxat,
506 1812 557 1845 sed
577 1814 606 1845 &
626 1814 779 1846 mercium
796 1815 897 1846 domi-

26 1858 78 1892 nis
95 1855 221 1898 cepiss‘e.
268 1854 426 1888 Adferunt
450 1855 498 1887 illi
524 1854 734 1887 Consultores
762 1856 897 1888 nonnul-

26 1899 74 1932 las
94 1899 189 1931 etiam
208 1897 286 1938 juris
304 1897 516 1934 ratiunculas,
538 1906 571 1928 at
591 1906 763 1938 perquam,
790 1905 825 1929 ut
843 1898 899 1929 mi-

27 1941 60 1973 hi
84 1940 211 1982 quidem
235 1938 385 1978 videtur,
412 1938 562 1970 inutiles:
585 1946 699 1979 utputa
719 1948 781 1971 non
801 1939 898 1971 modo

25 1991 83 2025 per
110 1982 234 2014 nosmet
260 1978 364 2022 ipsos,
390 1979 440 2012 sed
465 1980 495 2011 &
511 1988 585 2025 eos,
610 1989 743 2020 quorum
760 1979 897 2012 ministe-

25 2026 77 2056 rio
93 2024 230 2061 utimur,
255 2031 303 2053 res
322 2023 414 2054 nobis
437 2030 577 2061 acquir-13
601 2021 685 2063 ipsos
702 2031 828 2063 quoque
848 2032 898 2054 na-

26 2065 78 2097 vis
91 2065 260 2103 dominos,
282 2073 356 2095 curn
373 2063 462 2096 navis
479 2062 601 2094 hostilis
624 2071 804 2104 caperetur,
822 2073 897 2105 prae-

27 2105 134 2139 sentes
150 2115 213 2138 non
231 2104 384 2143 adfuiss'e3
402 2105 422 2137 si
440 2114 488 2136 res
504 2103 606 2136 secius
623 2104 784 2137 cecidisset
795 2127 806 2143 ,
821 2115 900 2138 mer—

31 2157 86 2180 ces
103 2148 196 2179 etiam
214 2147 391 2188 periculum
407 2145 499 2179 fuisse
516 2144 681 2178 subituras.

74 2188 135 2220 Sed
155 2188 204 2220 hae
229 2189 366 2221 rationes
381 2188 462 2221 nihil
477 2197 528 2219 me
545 2196 697 2227 movent,
720 2196 755 2221 ut
782 2198 842 2222 nec
860 2189 896 2221 il-

30 2231 90 2268 lae,
113 2239 188 2271 quas
211 2227 299 2270 supra
326 2230 421 2262 attuli
443 2239 501 2271 pro
524 2230 614 2262 navis
638 2230 781 2263 vistricis
797 2231 897 2263 domi-

23 2273 99 2310 'nis,
121 2281 192 2303 nam
212 2270 354 2310 constat,
377 2271 535 2311 praedam,
558 2271 739 2314 quicunque
756 2273 896 2314 ceperit,

30 2313 128 2347 solius
151 2312 305 2354 capientis
335 2311 399 2344 esse
416 2336 426 2352 ‚
457 2311 515 2345 nisi
544 2321 586 2344 ex
617 2315 840 2356 praepositione
867 2315 897 2347 ὃς

24 2355 180 2394 mandato
208 2354 342 2386 aliorum
370 2354 500 2396 ceperit.
555 2353 638 2399 Quis
662 2357 759 2398 igitur
783 2356 898 2398 cepisse

23 2397 195 2435 -videatur,
220 2396 313 2428 unice
329 2395 551 2435 laborandum
574 2400 605 2430 est
624 2398 805 2440 magistrum
821 2407 896 2430 nau-

23 2442 139 2479 'tasque
154 2437 282 2479 cepisse,
295 2438 357 2470 sine
377 2438 440 2470 ulla
457 2438 590 2471 aliorum
606 2439 831 2480 praepositione
843 2439 896 2471 vel

20 2479 196 2519 visandam,
222 2489 271 2512 res
296 2479 342 2511 est
370 2477 544 2511 manifesta.
586 2480 753 2513 eonducta
769 2480 896 2522 quidem

16 2519 136 2562 'Jeorum
154 2530 251 2563 opera
263 2519 349 2561 fuit,
375 2520 426 2552 sed
448 2520 487 2552 ad
502 2530 622 2554 merces
641 2521 894 2561 transvehendas,

25 2585 29 2589 ν
51 2572 132 2605 eque
158 2563 195 2595 ad
219 2563 303 2594 aliud
323 2563 512 2603 quicquam:
532 2573 727 2605 quaecunque
742 2564 838 2606 igitur
854 2573 896 2595 ex

3 2573 64 2642 ’liga
82 2604 313 2638 transvectione
322 2603 510 2636 redundabit
522 2606 645 2638 utilitas
655 2628 665 2644 ,
681 2605 808 2637 illorum
822 2605 896 2644 erit,

0 2659 5 2666 ·
49 2646 80 2678 ui
98 2655 207 2678 eorum
222 2654 318 2686 opera
335 2645 394 2678 hac
411 2645 444 2677 in
463 2654 497 2676 re
516 2646 560 2679 ufi
580 2646 670 2686 sunt,
696 2645 747 2678 sed
761 2647 800 2678 de
820 2656 897 2687 prae-

51 2698 68 2719 a
89 2687 168 2719 nihil
188 2687 357 2728 quicquam
383 2686 544 2720 habebunt
567 2689 620 2721 vel
647 2688 714 2728 illi,
739 2688 791 2720 vel
807 2688 896 2720 navis

29 2760 32 2763 ,
51 2729 150 2760 omini
167 2752 176 2767 ‚
199 2729 272 2769 quia
296 2737 364 2760 eam
389 2737 522 2770 propter
537 2739 602 2762 non
620 2730 811 2771 navigabant
829 2731 894 2771 epi-

0 2778 20 2813 ‘³⁹
38 2770 129 2810 atae,
152 2769 224 2808 sed,
246 2769 319 2801 dum
341 2770 392 2802 alii
412 2771 478 2809 rei,
499 2769 557 2813 soli
577 2771 699 2805 scilicet
717 2772 893 2813 navigatio-

0 2812 62 2853 *g‘ni
89 2821 216 2853 operam
241 2809 454 2852 insumebant,
478 2811 608 2846 fortuna
621 2813 706 2845 aliud
722 2813 832 2850 dedit,
858 2822 894 2846 ut

3 2853 63 2891 ²'3²:311
89 2851 182 2886 causa
200 2862 264 2884 non
286 2852 415 2885 absimili
443 2854 568 2896 elegans
584 2855 792 2897 Tryphonini
810 2855 893 2887 ratio

0 2886 76 2931 ’(ἶῖεῆ
100 2896 132 2927 in
155 2895 177 2927 l.
201 2898 255 2926 6⁰.
280 2893 307 2936 ᾗ.
332 2903 364 2936 3.
383 2894 425 2935 ff.
448 2897 482 2926 de
503 2895 630 2938 Aequir.
653 2907 711 2929 rer.
735 2898 808 2929 dom.
835 2896 891 2928 At-

9 2935 92 2978 “Jque
108 2946 144 2968 ea
175 2917 242 2978 ips)
257 2935 381 2967 ratione
405 2939 618 2977 mercenario,
641 2939 717 2980 qui,
739 2939 814 2970 dum
832 2947 892 2970 ter-

11 2986 94 3010 -erarn
106 2977 267 3016 fodiebat,
293 2975 469 3009 thesaurum
485 2977 628 3017 invenit,
646 2979 824 3012 thesaurum
841 2979 892 3011 ad-

21 3018 202 3060 *iudicabam
223 3019 263 3051 L.
287 3018 326 3051 II.
355 3018 479 3060 Olfferv.
503 3019 575 3061 Juri
591 3021 677 3053 Rom.
701 3022 734 3054 C.
757 3031 788 3062 4.
805 3022 893 3054 Mer-

22 3061 146 3092 cenarii
170 3060 315 3092 conditio
341 3061 423 3092 ultra
450 3060 482 3091 id
498 3083 510 3099 ,
542 3061 580 3092 ad
606 3063 692 3104 quod
722 3063 896 3095 conductus

2 3120 8 3126 ·
30 3102 76 3139 est
95 3126 104 3137 ,
135 3110 200 3134 non
223 3103 416 3144 porrigitur,
439 3102 530 3142 plane
554 3111 589 3135 ut
614 3113 675 3136 nec
697 3105 896 3145 epibataruin

0 3151 2 3154 ’
21 3142 63 3175 ‘in
77 3142 184 3184 specie
201 3146 378 3185 proposita.v
406 3142 614 3188 Quaecunque
627 3145 841 3186 extrinsecus,
865 3145 896 3177 id

29 3183 92 3216 est,
119 3191 207 3216 extra
221 3185 341 3218 causam
362 3184 543 3217 contractus
559 3186 822 3220 contrahentibus
843 3197 894 3219 ac·

31 3225 144 3258 cidunt
153 3248 164 3265 ,
189 3225 254 3259 ssve
268 3227 358 3259 lucra
374 3226 453 3265 sint,
477 3225 542 3259 five
561 3226 672 3259 damna
684 3248 696 3266 ,
718 3227 774 3268 ipfi
789 3227 899 3261 ferunt

888 105 1235 150 PUBLICI,

1286 107 1388 142 Lm.
1417 109 1444 143 1.
1480 110 1518 145 e.
1547 110 1625 146 xx.
1767 122 1838 158 229

967 185 1035 220 soli.
1081 186 1202 227 Accipe
1224 186 1406 226 exemplum
1436 189 1467 220 in
1487 191 1652 223 mandato:
1677 191 1838 225 mandata-

965 229 1028 262 rius
1045 228 1154 269 utique
1170 228 1346 260 mandatori
1366 238 1429 262 non
1450 231 1637 271 imputabit,
1663 234 1746 269 quod
1768 234 1837 275 spo-

965 271 1059 305 liatus
1081 270 1118 302 sit
1134 280 1151 301 a
1181 270 1377 309 latronibus,
1400 278 1454 302 aut
1480 272 1644 314 naufragio
1661 284 1709 306 res
1729 276 1836 309 amise-

965 313 1024 351 rit,
1051 312 1102 344 vel
1130 312 1280 353 languore
1306 311 1363 344 suo
1392 312 1581 355 suorumque
1609 316 1836 356 adprehensus,

965 353 1108 396 quaedam
1139 354 1319 394 erogaverit
1336 378 1346 394 ‚
1379 363 1449 386 nam
1478 356 1546 387 liaec
1570 357 1667 397 magis
1692 358 1834 398 casibus,

964 405 1057 437 quam
1076 395 1225 427 mandato
1242 395 1425 437 imputanda
1443 395 1506 428 effe
1522 396 1638 428 Paulus
1655 397 1738 430 dixit
1757 401 1788 433 in
1808 402 1830 434 l.

965 440 1015 470 26.
1042 436 1070 478 §.
1095 440 1125 468 6.
1145 437 1187 478 ff.
1212 437 1322 469 Manu.
1348 436 1431 470 ilaec
1451 438 1563 470 damna
1582 438 1833 474 &incommoda

964 478 1134 521 sequuntur
1150 478 1388 512 mandatarium.
1414 479 1457 511 Ut
1475 480 1572 521 igitur
1593 480 1678 512 lucra
1699 482 1728 513 ἅ
1745 492 1832 515 com-

960 522 1053 553 moda
1066 545 1075 559 ,
1101 529 1170 561 quae
1188 520 1353 553 occasione
1373 521 1509 553 mandati
1537 521 1735 563 obveniunt,
1758 534 1832 557 euin

984 572 1087 604 noque
1105 562 1270 604 sequantur
1282 587 1292 602 ,
1308 563 1470 603 secundum
1489 569 1629 595 naturam
1648 564 1709 596 esse
1720 588 1731 604 ,
1751 566 1831 605 ejus-

958 572 1030 636 gem
1051 603 1359 646 Pauli'philosopliia
1374 604 1419 637 cst
1437 606 1466 636 in
1487 605 1507 637 l.
1537 614 1585 638 10.
1605 605 1646 646 ff.
1671 608 1705 638 cle
1721 607 1762 638 R.
1791 608 1828 649 J.

957 646 988 678 Si
1007 647 1208 689 Sempronius
1232 645 1349 686 Titio,
1376 655 1412 678 ut
1432 647 1505 688 quid
1534 648 1571 678 ad
1588 647 1748 680 Maevium
1766 649 1828 681 fer-

956 695 1021 727 ret,
1047 687 1264 727 mandaverit,
1289 688 1318 720 Gt
1343 688 1452 720 'I'itius
1471 689 1501 721 in
1521 689 1572 721 via
1590 692 1755 730 pecuniam
1782 692 1828 723 in-

955 729 1089 762 vcniffct
1110 754 1120 768 ,
1151 738 1206 761 aut
1231 729 1306 770 quid
1329 730 1472 770 latroni,
1506 731 1559 772 qui
1586 741 1660 764 curn
1692 731 1828 774 spoliare

955 772 1180 809 constituerat,
1204 771 1401 811 extorsisset,
1426 781 1519 804 nemo
1537 773 1668 814 utique,
1690 774 1745 806 nisi
1762 775 1827 807 ral-

952 813 992 844 de
1020 812 1147 853 fatuus,
1171 822 1238 845 eam
1258 815 1439 854 pecuniam,
1465 823 1517 846 aut
1538 814 1586 853 id,
1611 816 1695 856 quod
1715 815 1827 849 Titius

953 856 1087 888 extorsit
1100 878 1110 894 ,
1134 855 1171 887 ad
1195 855 1415 896 Sempronium
1434 856 1588 896 pertinere
1606 856 1800 890 existimabit
1813 881 1825 896 ‚

955 897 1098 938 quamvis
1123 898 1153 930 &
1183 897 1215 929 in
1250 898 1302 928 via
1333 897 1507 938 periclitari
1533 900 1703 938 potuerit,
1737 899 1825 940 quod

953 939 1099 971 mittebat
1115 938 1325 981 Sempronius.
1373 938 1431 970 Ille
1449 938 1544 970 Titio
1562 950 1624 972 non
1641 941 1823 982 mandavit,

953 988 988 1011 ut
1005 982 1167 1021 pecuniam
1194 981 1374 1020 inveniret,
1400 987 1453 1012 aut
1478 981 1553 1022 quid
1573 981 1747 1015 latronibus
1767 992 1822 1015 ex-

953 1029 1135 1062 torqueret,
1162 1021 1213 1054 sed
1231 1030 1267 1053 ut
1294 1020 1477 1054 transferret
1497 1032 1563 1054 rem
1577 1047 1586 1062 ,
1612 1033 1703 1064 quam
1723 1032 1821 1058 trans-

951 1063 1052 1102 tulit,
1085 1064 1113 1095 &
1140 1063 1232 1095 finito
1261 1062 1302 1095 fic
1325 1063 1473 1095 mandato
1491 1087 1502 1103 ,
1534 1064 1614 1096 nihil
1639 1065 1705 1105 cst,
1736 1067 1822 1107 quod

951 1104 1154 1145 Sempronius
1172 1105 1254 1137 ultra
1270 1105 1388 1146 exigat.

993 1146 1145 1179 Minutiae
1166 1144 1237 1178 sunt
1249 1170 1257 1185 ‚
1282 1156 1357 1187 quas
1382 1146 1413 1178 in
1430 1145 1535 1186 fficio,
1559 1157 1622 1189 quo
1640 1148 1680 1180 de
1697 1150 1823 1192 agitur,

949 1197 1077 1229 captant
1102 1189 1148 1221 illi
1176 1187 1394 1221 Consultorcs.
1441 1187 1595 1230 Diploma
1616 1190 1714 1229 illud,
1737 1193 1824 1232 quod

949 1232 1102 1263 mercium
1134 1230 1254 1262 domini
1280 1230 1488 1263 obtinuerunt
1505 1241 1522 1262 a
1538 1231 1700 1264 Societate
1726 1232 1820 1266 Aine-

948 1273 1072 1311 rieana,
1097 1272 1135 1304 ad
1154 1272 1289 1313 praedam
1310 1273 1347 1304 iis
1363 1273 1506 1314 prodesse
1522 1282 1584 1305 non
1601 1281 1730 1315 potuit,
1745 1284 1818 1316 pro-

948 1313 1013 1345 fuit
1028 1314 1199 1351 duntaxat,
1226 1322 1261 1345 ut
1278 1315 1351 1346 navi
1374 1315 1416 1346 ibi
1436 1315 1585 1356 navigare
1605 1315 1725 1348 liceret.
1751 1316 1818 1349 Ne-

948 1365 1007 1397 que
1030 1356 1125 1387 ctiam
1151 1354 1214 1395 est,
1240 1363 1275 1387 ut
1302 1355 1342 1387 de
1368 1357 1425 1389 illo
1451 1356 1646 1397 epibatarutn
1673 1357 1818 1391 Deci-eto

946 1398 1081 1429 multum
1108 1397 1286 1429 laboremus
1302 1420 1313 1436 ,
1345 1407 1442 1438 quum
1469 1399 1528 1430 alia
1556 1407 1650 1440 atque
1671 1400 1731 1432 alia
1750 1400 1818 1440 ejus

946 1438 1098 1471 sententia
1120 1439 1182 1471 esse
1201 1438 1303 1480 poffit.
1328 1439 1398 1481 Ego
1414 1440 1530 1481 opinor
1546 1449 1609 1472 non
1630 1441 1723 1474 aliam
1739 1441 1816 1476 fuis-

946 1480 994 1520 se,
1019 1490 1111 1522 quam
1137 1481 1274 1522 praedam
1297 1490 1391 1522 penes
1421 1481 1452 1514 se
1470 1482 1625 1519 retinere,
1651 1482 1688 1514 ad
1706 1492 1817 1524 quem-

944 1532 1081 1564 cumque
1104 1522 1231 1556 demum
1259 1523 1452 1564 pertineret,
1476 1523 1540 1556 sive
1563 1523 1602 1556 ad
1620 1525 1726 1565 navis,
1753 1526 1819 1559 sive

944 1564 982 1596 ad
1012 1565 1163 1597 mercium
1192 1564 1362 1603 dominos,
1386 1564 1450 1597 five
1475 1565 1512 1597 ad
1536 1564 1566 1597 se
1595 1565 1699 1607 ipsos,
1722 1567 1818 1616 idque

944 1606 1051 1647 potius
1076 1606 1247 1646 significare
1271 1606 1390 1646 verba,
1413 1616 1506 1650 quam
1533 1608 1618 1648 quod
1648 1609 1816 1643 voluerint

945 1647 1077 1679 trientes
1091 1647 1216 1687 facere,
1242 1648 1273 1680 &
1288 1648 1402 1688 cuique
1419 1649 1568 1680 trientem
1585 1649 1668 1682 dare.
1716 1650 1814 1684 Salvo

943 1697 1038 1721 etiam
1071 1688 1215 1721 Decreto
1240 1689 1411 1730 potuiffent
1435 1691 1586 1729 credere,
1610 1691 1749 1732 praedam
1777 1693 1817 1726 ad

944 1729 976 1762 se
997 1729 1080 1762 solos
1107 1731 1287 1773 pertinere,
1311 1740 1345 1764 ut
1372 1732 1395 1764 fi
1412 1732 1499 1765 navis
1520 1732 1604 1764 vista
1620 1742 1749 1766 onerata
1768 1744 1815 1768 es-

944 1771 990 1804 set
1013 1773 1104 1805 rebus
1124 1797 1133 1809 ‚
1167 1772 1205 1805 ad
1231 1773 1331 1805 vitam
1355 1772 1585 1806 sustentandam
1609 1775 1813 1817 neceffariis,

941 1813 1054 1855 quibus
1077 1814 1133 1855 ipsi
1160 1814 1364 1856 indigebant,
1388 1816 1417 1848 dt
1447 1815 1489 1848 fic
1509 1815 1623 1857 etiam,
1649 1817 1686 1849 ad
1708 1816 1814 1859 prose-

940 1856 1098 1928 guendum
1129 1856 1327 1896 iter-,inavis
1343 1858 1562 1899 merciumque
1583 1857 1720 1890 dominis
1745 1869 1817 1900 pro-

963 1897 1045 1936 ess'e,
1067 1897 1089 1930 fi
1108 1907 1220 1930 navem
1238 1907 1334 1939 penes
1351 1897 1382 1930 se
1396 1900 1589 1937 retinerent,
1609 1899 1639 1932 δε
1659 1909 1729 1941 quae
1745 1901 1815 1942 plu-

940 1948 974 1970 ra
995 1938 1067 1971 sunt
1083 1939 1249 1980 ejusmodi.
1294 1940 1338 1972 Et
1357 1950 1426 1982 quis
1444 1940 1570 1973 audebit
1584 1939 1702 1983 fingere
1714 1966 1719 1974 ,,
1745 1943 1813 1984 epi-

941 1980 1028 2012 batas
1051 1980 1167 2022 singula
1191 1980 1323 2014 Decreti
1350 1982 1445 2014 verba
1473 1991 1537 2014 tam
1563 1982 1733 2024 diligenter
1758 1994 1815 2017 ex-

941 2021 1078 2064 pendisse
1097 2024 1127 2054 &
1147 2022 1308 2064 probasse,
1333 2024 1451 2065 iisque,
1475 2024 1498 2057 fi
1519 2024 1625 2066 praeda
1641 2025 1678 2056 ad
1697 2025 1728 2057 se
1743 2036 1812 2067 per-

941 2064 1079 2102 tineret,
1105 2063 1192 2096 suurn
1215 2064 1329 2106 jactare
1358 2065 1522 2098 voluisse?
1582 2066 1634 2097 uin
1663 2066 1719 2099 etsi
1746 2078 1814 2102 non

941 2107 978 2137 ad
998 2105 1050 2144 sc,
1071 2105 1124 2137 sed
1150 2107 1188 2137 ad
1208 2107 1297 2138 navis
1323 2107 1538 2149 merciumque
1577 2108 1703 2140 ominos
1717 2111 1816 2149 perti-

939 2157 1014 2179 nere
1028 2147 1246 2188 credidissent,
1270 2149 1340 2189 quis
1356 2158 1419 2181 non
1438 2148 1633 2191 simplicitati
1653 2149 1726 2182 fidei
1747 2160 1813 2184 tam

940 2189 1032 2221 bonae
1052 2188 1257 2231 ignosceret?
1281 2191 1333 2231 qui
1349 2190 1456 2229 suum,
1478 2200 1551 2223 cum
1571 2190 1654 2223 Titii
1672 2191 1735 2223 effe
1755 2202 1812 2234 pu-

940 2239 1023 2262 taret
1040 2254 1049 2270 ,
1081 2231 1177 2263 Titio
1205 2232 1337 2271 tribuit,
1361 2242 1469 2264 errore
1492 2233 1619 2265 detecto
1635 2257 1645 2273 ,
1669 2232 1726 2265 fibi
1749 2244 1817 2267 non

939 2281 1045 2305 nocet.
1071 2271 1152 2304 Noli
1168 2273 1264 2306 etiam
1279 2273 1461 2307 hominibus
1480 2274 1528 2307 his
1545 2274 1678 2307 nauticis
1695 2275 1814 2316 objice·

940 2324 975 2346 re
995 2323 1132 2346 errorem
1152 2315 1248 2355 iuris,
1273 2325 1344 2348 cum
1365 2315 1407 2348 ob
1424 2316 1500 2355 alia,
1525 2325 1593 2348 tum
1612 2316 1696 2358 quod
1714 2317 1746 2349 in
1769 2318 1814 2359 ip-

941 2355 976 2388 so
995 2355 1138 2388 Decreto
1160 2357 1240 2390 nihil
1255 2358 1425 2399 quicquam
1440 2358 1645 2390 definiverint
1656 2381 1668 2397 ,
1691 2358 1721 2390 &
1737 2357 1813 2392 satis

940 2397 1084 2438 constet,
1104 2398 1241 2431 donandi
1262 2400 1463 2432 voluntatem
1481 2409 1578 2440 penes
1592 2399 1675 2441 ipsos
1690 2400 1811 2432 nullam

936 2439 1041 2473 fuisse.
1087 2439 1199 2478 Plane,
1224 2440 1247 2472 fi
1263 2441 1354 2473 navis
1366 2441 1549 2479 mercesve,
1571 2450 1644 2472 cum
1663 2450 1814 2482 pugnare-

939 2488 1012 2521 tur,
1037 2482 1120 2513 ultra
1145 2491 1237 2522 quam
1262 2481 1403 2514 defensio
1428 2481 1600 2522 postularet
1619 2504 1630 2520 ,
1662 2481 1813 2516 damnum

938 2524 1101 2596 patiantusrt
1113 2544 1125 2561 ,
1157 2523 1295 2563 epibatas
1317 2532 1358 2555 ex
1382 2523 1493 2556 locato
1523 2522 1684 2556 conducto
1710 2524 1812 2556 teneri

959 2565 1040 2596 alam
1056 2574 1073 2595 e
1104 2588 1110 2595 .
1712 2594 1715 2600 ,

937 2574 958 2605 p
981 2605 1098 2638 Similis
1120 2604 1187 2638 fere
1210 2605 1301 2638 causa
1324 2605 1389 2644 est,
1415 2615 1507 2646 quam
1530 2606 1563 2638 in
1589 2605 1717 2638 eandem
1741 2605 1809 2640 sen-

939 2648 1070 2682 tentiam
1087 2647 1164 2679 olim
1180 2647 1337 2688 judicavit
1353 2647 1450 2680 Curia
1473 2647 1686 2681 Bruxeliensis
1698 2672 1708 2688 ,
1733 2648 1813 2681 Prae-

937 2688 1026 2721 fecto
1041 2698 1156 2730 nempe
1170 2696 1284 2721 turmae
1301 2689 1453 2730 equestris
1465 2714 1473 2728 ‚
1497 2690 1550 2732 qui
1573 2690 1673 2731 equiti
1692 2699 1810 2731 pugna-

939 2739 1013 2763 turo
1027 2739 1140 2772 equum
1157 2731 1414 2763 commodaverat
1425 2754 1437 2771 ,
1458 2732 1591 2772 praedae,
1609 2740 1700 2778 quam
1720 2732 1811 2763 miles

937 2779 1080 2815 ceperat,
1105 2780 1224 2813 partem
1247 2782 1313 2804 non
1334 2773 1452 2805 deberi.
1497 2773 1550 2806 De
1576 2782 1666 2812 cujus
1687 2770 1811 2804 senten-

937 2815 989 2847 tiae
1009 2815 1080 2855 J'ure
1095 2823 1156 2856 ego
1173 2824 1238 2846 non
1263 2814 1474 2846 dubitaverim
1487 2838 1495 2853 ‚
1522 2815 1596 2846 licet
1616 2813 1811 2846 dubitaverit

937 2857 968 2889 &
983 2864 1096 2888 contra
1114 2854 1310 2897 responderit
1319 2855 1574 2888 PetrinusBellus
1589 2856 1623 2885 de
1633 2854 1680 2885 Re
1693 2855 1806 2886 milita·
1834 2862 1838 2867 ⁴

934 2899 963 2930 ri
979 2898 1066 2930 Part.
1091 2896 1149 2929 IV.
1177 2897 1210 2929 Τ.
1229 2902 1260 2931 8.
1286 2908 1316 2930 n.
1335 2903 1366 2932 8.
1390 2897 1468 2939 &se
1489 2907 1515 2938 q.
1537 2903 1573 2927 ut
1591 2896 1620 2927 <St
1638 2895 1808 2929 Zoucheus

935 2948 1041 2972 narrat
1059 2940 1092 2971 de
1115 2938 1194 2980 Jure
1219 2938 1333 2970 Fecz‘azz·
1358 2939 1443 2971 Part
1465 2907 1503 2970 Iql.
1532 2936 1608 2968 Seet.
1629 2940 1658 2971 8.
1685 2935 1726 2983 Q:
1756 2946 1804 2979 17.

937 2981 1048 3022 Major
1069 2989 1173 3013 tamen
1202 2980 1246 3012 ibi
1272 2990 1298 3017 ae
1323 2981 1429 3013 uitatis
1454 2979 1556 3017 ratio,
1580 2985 1615 3009 ut
1638 2979 1665 3010 ἂ
1688 2988 1720 3009 m
1737 2988 1806 3019 par-

936 3030 1002 3055 tem
1021 3022 1135 3064 praedae
1151 3022 1277 3054 veniret
1328 3020 1488 3059 raefectUS,
1510 3029 1583 3051 cum
1603 3020 1808 3054 commodan-

938 3065 979 3097 tis
1004 3064 1084 3096 nihil
1110 3064 1280 3106 quicquam
1304 3060 1485 3094 interfuerit
1503 3085 1512 3101 ‚
1545 3060 1808 3096 commodatarius

937 3113 1093 3148 pugnaret
1105 3130 1113 3142 ,
1138 3114 1197 3137 nec
1216 3114 1266 3136 ne.
1310 3104 1353 3135 Et
1372 3111 1475 3134 tamen
1495 3112 1560 3134 non
1582 3103 1687 3144 magis.
1706 3103 1809 3136 vindi-

926 3147 1024 3179 cabit
1045 3146 1202 3187 praedam‚
1226 3153 1323 3190 quarn·
1338 3143 1460 3185 piscem.
1483 3143 1614 3182 Titius,
1642 3153 1659 3176 a
1682 3143 1809 3178 Maevio

941 3196 1068 3229 captum
1084 3187 1164 3224 reti,
1189 3185 1275 3227 quod
1292 3194 1323 3216 ei
1342 3185 1600 3218 commodaverat
1615 3184 1743 3218 Titius.⁴

984 3226 1158 3309 sedesprge
1180 3224 1295 3259 frustra
1319 3227 1415 3259 verba
1439 3227 1562 3268 perdo,
1585 3235 1766 3309 occupatgs1
1770 3229 1807 3301 aian
