2008 3436
849 88 1026 141 (345)

42 179 1823 240 QeffieQefflafflexeffieffieffieffieffieffleffleffieQexeQ

42 260 87 323 ‘553
334 283 414 330 ἑθεν»
464 280 559 330 §Q
609 277 689 326 ee
738 278 830 326 sih
885 276 970 326 &Q
1015 277 1112 335 le
1163 278 1244 335 Q?
1292 280 1385 328 su
1439 284 1520 332 eie
1570 289 1664 339 ms
1773 255 1821 338 ἐξ

42 324 90 419 ’Ξ
139 299 290 379 {3³5er
333 329 414 380 ἐξ
468 333 559 377 7
608 327 688 376 &Q
743 333 834 374 1¹*
885 328 966 375 etii?
1026 331 1111 374 Α
1161 334 1242 377 ff,
1304 335 1389 378 taliis·
1439 335 1520 383 ἐὴ
1571 309 1723 383 aas&
1772 322 1821 427 ἔξ

43 424 887 478 QQQQMQQQQQQQQQQQQ
903 424 1757 484 QQQQQQQQQQQQQQQ&
1772 402 1818 484 iit

202 569 433 671 AD
551 564 1651 677 LECTOREM.

98 764 112 771 ⁸
261 750 432 787 iberos
458 748 540 784 olim
568 747 660 794 apud
687 747 867 782 Romanos
891 745 1022 781 licuisse
1050 745 1209 801 Patribus
1231 778 1240 793 ‚
1274 752 1352 798 jure
1379 755 1500 799 patriae
1527 755 1734 802 potestatis,
1761 770 1821 794 oc·-

183 806 189 813 „
235 807 242 837 ,ς
336 799 475 840 cidere,
503 802 675 839 vendere,
713 807 910 842 exponere,
945 797 1023 831 satis
1055 806 1148 832 mter
1183 800 1349 836 Eruditos
1375 807 1567 848 convenit,
1594 806 1650 842 sed
1678 820 1747 843 non
1777 821 1821 844 ae-

258 850 302 877 ·÷'=
337 860 427 895 que,
454 847 591 894 quando
624 847 679 881 illa
714 843 864 891 potestas
903 845 1058 888 initium,
1091 849 1228 892 quando
1256 849 1362 886 finem
1389 854 1578 901 acceperit.
1632 857 1710 892 Post
1737 858 1816 895 ΧΠ.

256 889 259 896 “
302 908 303 913 ’
338 897 489 932 Tabulas
516 895 655 931 demum
682 893 840 940 coepiffi,
869 893 1032 940 quicquid
1061 894 1134 941 ejus
1157 897 1245 942 juris
1271 899 1345 942 est,
1388 903 1470 937 inde
1500 904 1606 939 video
1645 909 1784 951 probari
1810 936 1820 950 ‚

338 946 428 993 quod
457 945 650 984 Romulus,
679 942 846 989 Dionysio
872 943 1036 988 aufitore,
1063 946 1209 981 Civitati
1235 949 1403 994 augendae
1437 951 1601 998 studens,
1628 956 1726 1002 Lege
1750 957 1822 993 lata.

191 993 200 1002 '
224 991 305 1013 ·”“-
337 995 492 1034 caverit,
520 993 682 1028 tollerent
708 991 826 1028 coloni
853 1002 994 1028 omnem
1021 994 1154 1038 prolem
1184 997 1392 1042 masculam,
1426 999 1464 1035 ἃ
1496 1012 1539 1036 ex
1565 1003 1723 1040 foemellis
1750 1007 1821 1053 pri·

44 1050 279 1096 mogenitam‚
306 1042 463 1091 permissa
489 1042 683 1085 duntaxat,
705 1053 748 1077 ex
780 1039 923 1076 confluo
958 1043 1180 1086 vicinorum,
1217 1056 1337 1090 partus
1362 1048 1541 1085 monstrosi
1568 1054 1790 1098 expositione
1807 1084 1820 1099 ,

44 1098 135 1143 quod
164 1097 270 1141 ipsum
308 1094 368 1141 Jus
401 1092 528 1127 deinde
566 1090 684 1127 abiiffe
717 1091 839 1126 volunt
868 1090 903 1125 in
929 1092 1006 1126 XH-
1039 1092 1205 1127 'fabulas
1255 1095 1334 1142 Ego
1361 1108 1445 1132 vero
1471 1100 1566 1134 illam
1593 1104 1821 1151 omnigenam

43 1144 249 1194 potestatem
277 1155 355 1179 cum
382 1142 453 1187 ipsa
482 1141 596 1175 Roma
621 1151 737 1176 natam
766 1139 943 1183 existimo,
970 1140 1006 1176 ἃ
1032 1152 1051 1176 a
1076 1142 1232 1186 patribus
1259 1145 1455 1189 promiscue
1493 1151 1684 1186 exercitam
1705 1180 1715 1196 ‚
1756 1155 1816 1189 do-

42 1206 108 1231 nec
134 1193 261 1229 fraenos
288 1192 448 1239 injecerit
475 1190 668 1232 Romulus,
703 1189 739 1225 ἃ
773 1189 919 1224 infinitae
955 1190 1107 1226 licentiae
1139 1193 1285 1228 modum
1312 1194 1484 1240 posuerit,
1511 1210 1572 1242 ea,
1599 1211 1702 1247 quam
1729 1203 1823 1239 dixi-

42 1255 138 1287 mus,
165 1245 261 1289 Lege
289 1243 368 1276 lata.
423 1240 490 1275 Sed
517 1239 596 1286 quia
621 1237 762 1274 difficile
794 1247 866 1274 erat
900 1239 1055 1274 ferocem
1090 1240 1260 1286 Populum
1296 1254 1315 1278 a
1341 1246 1517 1289 moribus,
1543 1249 1666 1295 quibus
1693 1252 1815 1288 adsue·

40 1303 164 1335 verat,
191 1302 380 1333 revocare,
408 1289 462 1324 his
486 1288 640 1324 moribus
668 1288 838 1323 Romulus
864 1298 996 1323 morem
1020 1299 1162 1336 gerere,
1190 1300 1227 1325 ut
1252 1292 1412 1338 videtur,
1440 1296 1603 1342 coafffls,
1629 1298 1730 1336 aliam
1757 1300 1815 1338 de-

42 1343 125 1379 inde
153 1343 288 1388 Legem
316 1340 421 1382 tulit,
448 1336 510 1382 ipsi
534 1339 671 1385 quoque
698 1336 866 1383 Dionysio
890 1336 1008 1382 postea
1034 1350 1265 1376 memoratam
1291 1368 1300 1385 ‚
1335 1353 1402 1389 qua
1429 1349 1584 1390 patribus
1605 1345 1661 1394 jus
1688 1344 1817 1395 dedit,

42 1404 106 1439 pro
132 1391 238 1426 animi
265 1390 312 1426 sui
340 1386 530 1430 sententia,
556 1387 771 1423 decernendi
797 1388 833 1422 in
858 1387 986 1423 liberos
1002 1415 1011 1432 ,
1039 1388 1276 1437 cujuscunque
1300 1393 1413 1429 aetatis
1439 1396 1495 1430 vel
1520 1398 1704 1445 dignitatis
1721 1426 1734 1444 ,
1763 1409 1816 1436 et-

44 1443 113 1476 iam
142 1451 249 1486 usque
274 1439 317 1474 ad
343 1448 478 1473 necem.
531 1437 650 1484 Atque
678 1438 771 1479 haec,
797 1446 865 1471 non
891 1437 987 1483 prior
1014 1437 1074 1473 illa
1101 1438 1244 1475 Romuli
1267 1441 1342 1477 Lex
1370 1443 1436 1487 est,
1463 1455 1559 1491 quae,
1589 1457 1626 1483 ut
1651 1448 1711 1484 suo
1736 1450 1820 1486 loco

43 1491 178 1531 dicam,
206 1490 240 1524 in
266 1489 344 1524 XII.
374 1485 528 1522 Tabulas
545 1511 557 1529 ,
585 1484 748 1522 transsata
774 1484 852 1521 fuit.

93 1540 183 1574 Haec
208 1537 257 1574 est
282 1537 382 1583 origo
409 1536 525 1583 Juris,
548 1536 641 1582 quod
666 1546 729 1581 per
755 1534 884 1582 aliquot
910 1536 1033 1573 saecula
1057 1537 1287 1584 perduravit,
1315 1539 1371 1577 sed
1396 1553 1465 1589 quo
1497 1545 1651 1583 Romani
1677 1549 1831 1594 parcium·

40 1588 249 1635 parciusque
275 1586 319 1622 usi
348 1586 443 1628 sunt,
479 1595 549 1632 quo
582 1586 720 1631 magis,
765 1583 901 1621 sabasta
937 1588 1103 1633 temporis
1136 1588 1270 1635 antiqui
1303 1590 1457 1634 ferocia,
1483 1594 1689 1633 humanitati
1718 1598 1751 1633 se
1778 1598 1830 1635 δε

40 1636 298 1672 mansuetudini
330 1635 514 1670 dederunt.
572 1634 694 1682 Ecquo
726 1645 842 1670 autem
875 1644 1032 1681 tempore
1062 1637 1120 1672 ille
1154 1638 1250 1684 rigor
1284 1639 1424 1686 penitus
1451 1643 1655 1690 ceffaverit,
1681 1645 1717 1682 δε
1745 1657 1830 1695 poe-‹v

41 1697 120 1721 nam
148 1686 314 1722 meruerit
345 1694 480 1731 patrum
499 1710 509 1726 ‚
543 1683 579 1720 in
614 1686 742 1720 liberos
774 1683 987 1720 saevientium
1013 1711 1023 1728 ,
1057 1686 1230 1722 malesana
1252 1686 1361 1723 libido
1381 1716 1390 1732 ‚
1418 1693 1552 1735 prolixe
1577 1693 1614 1730 &
1639 1697 1721 1732 olim
1740 1724 1749 1740 ,
1776 1695 1827 1732 &z

40 1747 152 1781 nuper
184 1735 290 1771 etiarn
323 1733 534 1780 disputatum
570 1732 619 1768 est
643 1746 654 1776 3
689 1733 856 1769 scinditur
882 1735 1054 1770 incertum
1090 1734 1200 1771 studia
1223 1736 1259 1771 in
1285 1741 1459 1775 contraria
1483 1744 1618 1790 vulgus.
1669 1746 1742 1781 Hic
1768 1747 1828 1788 ad„

27 1785 274 1826 Diocletiani,
300 1785 357 1820 ille
381 1783 424 1818 ad
453 1781 691 1828 Constantini,
726 1783 811 1818 alius
847 1783 888 1820 ad
925 1783 1166 1820 Valentiniani
1195 1796 1303 1832 usque
1326 1787 1565 1837 Principatum
1591 1793 1686 1830 illam
1712 1806 1831 1841 pote-2

40 1833 163 1870 statem
189 1833 308 1869 censet
333 1832 461 1869 stetisse
487 1832 662 1878 integram
695 1833 958 1879 illibatamque3
994 1832 1124 1869 licuiffe
1159 1834 1268 1880 igitur
1291 1835 1370 1882 jure
1394 1839 1665 1888 Pandee'tarum,
1693 1844 1714 1880 fi
1742 1850 1830 1880 nom«,v

27 1883 167 1919 liberos
193 1883 348 1926 adultos,
372 1881 523 1918 infantes
549 1890 673 1926 certe,
699 1881 736 1918 δι
763 1890 879 1928 partus
905 1892 1068 1917 recentes
1095 1884 1288 1930 projicere,
1323 1897 1502 1934 mergere,
1536 1893 1720 1937 occidere,
1751 1905 1831 1935 εΧ-ξ

41 1944 182 1977 ponere.
235 1932 301 1968 Sed
329 1932 452 1967 horum
479 1933 635 1967 omnium
657 1932 829 1968 sententia
856 1943 923 1978 ego
950 1942 1019 1967 non
1047 1941 1150 1976 utor,
1175 1944 1254 1968 nam
1279 1935 1422 1971 excuffis
1447 1940 1601 1987 Legibus
1628 1941 1665 1978 ἃ
1691 1946 1830 1985 Anna43

39 1982 126 2018 libus
153 1982 418 2026 Romanorum,
446 1982 495 2016 ita
519 1981 604 2015 mihi
629 1981 744 2024 sedet,
770 1982 985 2028 temporibus
1014 1981 1187 2027 Trajani,
1214 1982 1385 2028 Adriani,
1419 1987 1701 2036 Antoninorum,
1726 1993 1827 2040 rigi-4

40 2031 120 2067 dum
147 2031 240 2067 illum
266 2031 388 2078 patriae
413 2028 596 2076 potestatis
623 2029 788 2066 effeeturn
815 2031 919 2075 plane
942 2031 1114 2078 pleneque
1141 2031 1371 2074 obsolevisse,
1398 2034 1456 2080 (Sc,
1480 2036 1587 2074 finon
1613 2052 1712 2085 poena
1736 2048 1827 2080 cer-i

41 2089 93 2123 ta,
121 2090 221 2116 extra
244 2081 400 2116 ordinem
429 2080 547 2126 utique
582 2081 724 2124 punitos
763 2078 863 2115 fuiffe
896 2091 1029 2126 patres,
1063 2089 1197 2115 tantum
1223 2082 1330 2117 scelus
1356 2085 1464 2120 ausos.
1520 2087 1636 2137 Quare
1662 2091 1818 2127 amolior

40 2141 60 2164 a
96 2129 275 2165 veteribus
307 2130 427 2175 JCtis,
461 2129 586 2176 quibus
617 2129 703 2164 nibil
736 2127 945 2172 humanius,
981 2129 1066 2164 nihil
1100 2129 1284 2176 benignius
1315 2131 1362 2166 sol
1398 2134 1456 2170 ille
1481 2136 1615 2183 aspexit
1639 2150 1816 2187 unquam,

39 2177 275 2221 foediffirnam,
301 2189 401 2225 quam
429 2179 486 2214 alii
511 2179 674 2221 inurunt,
698 2178 888 2221 maculam,
916 2187 1020 2224 atque
1041 2177 1065 2213 fi
1092 2189 1219 2224 nempe
1245 2191 1285 2214 ea
1310 2179 1468 2220 facinora
1495 2186 1713 2224 damnaffent
1735 2191 1814 2237 qui-

39 2227 139 2270 dem,
179 2236 301 2274 utpote
336 2227 510 2262 contraria
541 2227 626 2262 boni
658 2227 739 2263 Viri
771 2226 924 2271 officiis,
959 2237 995 2262 at
1021 2237 1090 2262 non
1117 2228 1291 2264 contraria
1315 2231 1481 2279 Legibus.
1534 2235 1636 2285 Quod
1664 2241 1754 2284 apud
1782 2239 1818 2274 i-

38 2277 115 2322 psos
140 2277 184 2311 de
211 2276 391 2312 his'rebus
419 2276 521 2322 lego,
548 2275 591 2311 ad
616 2276 926 2322 Jurisprudentiam
959 2276 1181 2312 referendum
1215 2277 1376 2316 existimo
1395 2309 1404 2324 ‚
1431 2293 1501 2318 non
1527 2288 1570 2319 ad
1600 2286 1810 2323 Doetrinam

37 2326 80 2361 de
106 2325 258 2361 moribus
284 2324 319 2360 ἃ
350 2325 547 2360 virtutibus.
600 2326 706 2361 Suum
731 2324 858 2372 cuique
879 2325 1071 2373 judicium,
1103 2336 1220 2361 meum
1252 2329 1339 2364 mihi
1372 2330 1502 2368 salvum
1533 2332 1601 2369 ess'e
1634 2336 1739 2381 volo,
1766 2336 1806 2372 fi-

37 2386 80 2410 ne
105 2373 237 2410 offensa
264 2374 402 2410 alterius
435 2374 648 2420 cujusquam.

86 2424 178 2459 Dum
205 2424 239 2459 id
263 2436 330 2471 ago
354 2423 424 2459 hoc
449 2423 647 2469 OpuscuIO,
680 2423 850 2471 originem
885 2425 1006 2469 fimul,
1039 2424 1077 2462 ἀ
1108 2426 1343 2474 progreffum,
1369 2428 1406 2465 ἃ
1430 2429 1535 2466 finem
1563 2431 1637 2479 ejus
1657 2433 1742 2480 juris
1767 2446 1817 2469 ο-.,

38 2471 177 2516 stendo,
204 2484 272 2508 nec
297 2473 340 2508 de
372 2483 460 2508 nece
493 2481 629 2508 tantum
664 2472 701 2508 δι
733 2473 978 2519 expositione,
1009 2476 1067 2511 sed
1100 2474 1137 2512 δι
1168 2477 1213 2512 de
1245 2477 1452 2515 venditione
1478 2481 1666 2518 liberorum
1687 2509 1699 2528 ,
1723 2483 1807 2530 quid

40 2522 220 2568 Legibus,
243 2521 326 2569 quid
351 2522 504 2557 moribus
530 2522 724 2568 placuerit,
752 2523 943 2570 exsequor,
968 2524 1163 2571 postulabat
1186 2525 1222 2561 id
1246 2525 1435 2564 similitudo
1459 2534 1668 2578 argumenti.
1705 2534 1806 2577 Sunt,

37 2571 95 2618 qui
121 2571 164 2605 de
191 2583 279 2606 nece
306 2570 491 2617 separatim
527 2571 654 2618 aliquid
681 2571 843 2607 dixerunt
859 2598 872 2616 ,
898 2574 991 2616 sunt,
1017 2575 1075 2621 qui
1099 2574 1143 2610 de
1167 2574 1404 2620 expositione,
1430 2579 1532 2622 sunt,
1558 2581 1617 2628 qui
1641 2582 1686 2616 de
1713 2591 1804 2618 utra-

23 2631 103 2666 -que
128 2619 244 2663 simul,
272 2619 315 2655 de
341 2619 547 2655 venditione
572 2620 677 2655 etiam
713 2621 774 2655 hic
805 2621 879 2657 illic
910 2623 1069 2658 nonnihil
1101 2622 1284 2668 offendas,
1320 2625 1378 2661 secl
1405 2626 1450 2664 de
1474 2631 1637 2665 omnibus
1661 2630 1714 2666 his
1738 2631 1804 2666 mi-

36 2679 99 2703 nus
125 2668 262 2714 integre
286 2667 415 2704 dietum
442 2677 552 2715 puto,
577 2669 666 2716 saepe
691 2669 797 2705 etiarn
823 2672 935 2707 minus
968 2683 1064 2708 vere.
1115 2672 1219 2722 Quod
1243 2673 1300 2709 alii
1325 2686 1388 2721 per
1412 2686 1528 2723 partes
1552 2689 1720 2726 egerunt,
1745 2678 1805 2715 hic

37 2729 106 2763 ego
131 2715 342 2762 conjunetim
371 2719 575 2765 complexus
599 2719 692 2763 sum,
717 2719 892 2755 rationem
921 2721 1089 2768 temporis
1115 2723 1277 2768 lequutus
1293 2751 1304 2768 ,
1332 2733 1369 2760 ut
1395 2734 1536 2772 oportet
1562 2728 1596 2762 in
1622 2739 1659 2762 re
1683 2727 1803 2763 Histo-

35 2768 119 2801 rica.
171 2766 288 2808 Cavi,
320 2775 358 2800 ut
396 2766 531 2813 semper
568 2767 682 2811 soleo,
716 2779 760 2803 ne
787 2770 897 2804 aliena
929 2769 986 2806 hic
1018 2769 1301 2815 transcriberem,
1343 2783 1531 2810 contentus
1557 2774 1749 2820 indicass'e,
1777 2774 1802 2812 fi

36 2813 118 2862 quid
143 2814 224 2849 alibi
242 2824 421 2858 occurrat,
451 2815 542 2863 quod
581 2817 668 2852 scire
701 2817 858 2853 LecTtoris
892 2818 1058 2864 interest,
1092 2820 1150 2855 sed
1178 2829 1295 2857 tamen
1321 2820 1417 2857 simul
1443 2823 1542 2866 cavi,
1569 2834 1614 2858 ne
1641 2824 1722 2870 quid
1749 2826 1801 2862 in-

38 2863 194 2909 tegritati
219 2863 346 2906 Operis
369 2863 512 2900 deefl’et.
564 2866 718 2902 Aliarum
749 2866 921 2902 Gentium
948 2869 1085 2916 Leges,
1114 2871 1158 2905 ab
1185 2869 1259 2905 aliis
1286 2870 1343 2905 vel
1368 2870 1548 2911 recitatas,
1576 2871 1632 2906 vel
1647 2872 1800 2918 omissas,

36 2922 138 2958 quam
170 2911 361 2956 parciffime
392 2912 458 2948 huc
489 2913 688 2959 advocavi,
719 2917 877 2962 quamvis
916 2917 1012 2953 enim
1044 2918 1131 2959 fint,
1163 2929 1239 2963 quae
1265 2918 1382 2961 idem,
1406 2920 1497 2964 quod
1523 2919 1714 2964 Romanae,
1739 2924 1800 2958 vel

36 2962 140 2996 etiam
168 2960 393 2995 truculentius
415 2962 497 3007 quid
521 2964 613 2999 circa
636 2965 764 3000 liberos
791 2966 1029 3010 permiserint,
1055 2968 1099 3002 de
1124 2967 1297 3001 Romanis
1323 2975 1438 3006 tamen
1470 2978 1527 3002 me
1563 2979 1667 3015 agere
1693 2971 1800 3006 Titu—

36 3011 86 3045 lus
114 3008 313 3054 pollicetur,
341 3008 506 3055 hujusque
528 3021 662 3047 memor
687 3015 752 3050 alia
776 3026 988 3061 quaecunque
1016 3026 1092 3050 tuto
1116 3015 1356 3060 praetereunda
1380 3015 1486 3060 duxi;
1511 3014 1548 3052 ἃ
1568 3018 1624 3053 vel
1650 3017 1695 3055 fic
1718 3019 1796 3068 plu—s

38 3059 150 3094 crevit
175 3056 234 3093 hic
260 3057 413 3102 libellus,
438 3068 539 3104 quam
564 3071 782 3107 putaveram.
834 3065 889 3104 lta
912 3063 1041 3101 Lector
1059 3090 1070 3107 ,
1096 3065 1186 3098 vale.
1771 3076 1777 3079 ⁷

85 3223 173 3259 Tom.
199 3224 225 3259 Ι.
1074 3233 1105 3270 Χ
1128 3244 1151 3269 x
1641 3237 1669 3274 C
1694 3239 1732 3275 O
1754 3241 1802 3290 [ζῇ
