2008 3436
166 138 234 178 134
418 117 820 162 CORNELII

164 207 282 249 species
307 213 465 248 proponat
478 228 487 243 ,
523 203 575 236 sed
592 211 684 234 unam
702 200 903 240 eandemque.
949 196 1034 242 Qua-

164 252 196 280 re
214 249 279 279 haec
291 272 300 286 ,
319 249 391 289 quia
409 245 529 279 sensum
545 255 609 277 non
628 244 760 280 habent,
774 250 836 272 non
858 237 1034 270 subsistunt.

164 289 255 320 Unde
282 289 439 321 Antonius
467 287 566 318 Faber
583 286 706 317 Ratiou.
739 282 776 314 ad
799 282 825 312 b.
849 281 869 311 l.
893 278 972 310 nihil
990 278 1034 308 in-

165 330 296 369 teresse,
327 335 423 361 utrzim
446 323 533 360 Attio
546 350 556 366 ,
584 327 632 368 qui
652 331 677 356 te
693 325 823 356 heredem
833 321 967 362 fecerit,
985 325 1036 363 pe-

167 373 256 402 cunia
272 373 370 403 debita
380 370 422 409 fit
434 393 444 408 ,
466 379 506 401 au
523 378 595 401 ALH
611 367 754 410 legatario
766 387 777 403 ,
800 363 841 395 fic
861 362 965 407 enim,
991 368 1035 404 m-

167 412 254 453 quit,
288 413 340 444 hic
365 413 456 444 locus
482 420 554 442 meo
570 409 689 450 judicio
710 404 858 447 legendus
873 403 903 433 ἃ
918 400 1036 445 intelli-

166 454 285 495 gendus
309 452 363 485 est.
409 452 469 485 Sed
489 452 534 483 ita
556 451 709 490 integram
733 454 847 489 vocem
875 441 1036 487 intrudit,

168 504 262 536 quam
286 505 350 526 non
376 493 488 536 probat
514 493 576 523 ulla
594 488 749 532 probabili
765 486 855 518 caula
868 481 1037 518 excidisse,

168 536 252 576 quod
280 546 377 577 genus
407 534 538 566 Criticae
562 541 626 563 non
649 530 736 562 soleo
768 526 929 569 probares·
957 522 1039 553 Cum

167 575 296 608 dixisset
311 601 320 615 ‚
355 584 435 617 puto
452 583 499 613 te,
531 573 583 614 qui
601 571 806 603 hereditatem
837 564 1037 601 vendideras,

167 619 251 650 reste
274 618 434 656 acturum,
470 625 503 646 ut
522 614 579 645 tibi
597 613 733 653 legatum
749 606 915 650 praestetur
925 604 1039 652 ,Dhanc

167 660 344 697 rationem,
368 657 485 698 oppido
502 654 666 691 idoneam,v
689 651 832 691 subjicit,
857 648 925 689 quia
940 647 1000 677 ideo
1011 654 1039 675 eo

169 703 266 732 miuus
289 696 433 731 hereditas
461 695 612 732 venierit,
643 699 679 725 ut
695 694 724 724 id
745 693 875 735 legatum
884 730 887 733 Ι
890 684 1040 733 prcesiczret

170 747 296 782 emptor,
319 740 340 772 fi
357 749 439 771 nune
454 739 583 769 alteram
608 735 762 766 rationem
788 728 970 767 addidillet‚
996 737 1040 758 ni-

171 783 215 815 hil
233 781 376 813 interess'e
393 778 565 821 emptoris,
582 785 687 807 utrum
704 774 797 806 Attio
816 773 953 812 legatum
963 778 1039 810 pra:-

171 823 269 855 stetur
289 845 299 861 ,
337 832 375 854 an
401 821 456 852 tibi
482 818 661 856 venditori,
693 816 745 857 qui
767 813 848 846 Atti1
868 812 956 843 heres
979 819 1011 840 es
1030 831 1040 846 ,

169 864 381 905 intelligerem
396 861 512 903 probe,
530 859 605 900 quid
622 858 676 890 fibi
694 856 793 888 vellet
811 852 918 894 JCtus.
944 850 1041 883 Hunc

170 904 293 938 sensum
311 903 512 940 habebimus,
535 901 557 933 fi
572 909 669 941 pauca
684 898 794 929 liceret
812 900 1014 933 transponere
1030 915 1039 930 ,

172 949 203 978 &
232 955 290 987 pro
314 945 402 977 Attio
427 944 530 985 legere
553 943 630 979 tibi,
663 940 724 971 hoc
748 937 865 969 modo:
890 944 942 965 uec
963 934 1041 974 quic-

174 997 259 1029 quam
278 985 412 1025 interfit,
435 992 532 1016 utrum
550 984 626 1020 tibi,
645 991 683 1012 au
703 979 847 1022 legatario
859 999 869 1014 ,
885 977 933 1017 qui
951 980 976 1004 te
989 975 1036 1004 he-

171 1029 267 1059 redem
277 1028 389 1068 fecerit
400 1050 410 1065 ,
421 1027 548 1067 pecunia
563 1025 660 1055 cicuitu
670 1021 720 1060 fit.
767 1019 825 1052 Sed
843 1027 900 1049 nee
919 1023 1040 1062 tantum

172 1077 293 1102 mutare
325 1068 427 1100 ausim.
473 1067 570 1099 Forte
597 1065 695 1105 magis
718 1062 841 1103 placere
872 1057 992 1099 pollet,
1018 1056 1039 1088 si

173 1110 294 1143 servata
319 1108 559 1150 transpositione
582 1115 640 1147 pro
674 1102 761 1135 Attio
787 1102 817 1133 in
839 1099 900 1140 fiue
918 1099 937 1129 l.
957 1098 1037 1139 lega-

174 1161 243 1184 mus
263 1152 362 1189 Titio,
385 1158 420 1181 ut
437 1149 552 1181 habent
591 1147 727 1187 leraeque
746 1142 930 1178 Editiones,
956 1139 1038 1184 &tu-

174 1201 282 1234 terque
311 1192 383 1224 MS.
415 1200 511 1222 meus.
563 1157 630 1221 iilae
652 1185 820 1226 utrobique
840 1207 852 1222 ,
881 1188 975 1226 atqu-e
996 1187 1040 1210 ita

176 1235 207 1266 ἃ
224 1235 257 1265 iu
271 1234 417 1275 principio
438 1231 554 1263 habent
574 1230 692 1266 Titius,
715 1226 766 1258 sed
780 1225 900 1256 Attium
919 1223 963 1253 ibi
980 1219 1038 1251 ser-

173 1280 248 1306 vare
264 1281 448 1315 oporteret,
471 1275 504 1303 iu
516 1271 579 1312 fine
604 1269 684 1301 male
710 1266 899 1308 repetitum,
923 1271 1038 1306 non-a-

155 1312 215 1354 ”lia
235 1315 325 1347 causa
342 1339 352 1354 ‚
385 1324 476 1356 quam
506 1312 590 1354 quod
619 1309 823 1352 praecess'erat.
868 1305 972 1350 Atque
996 1309 1039 1348 ita

173 1356 279 1389 sensus
294 1356 369 1388 ess'et
379 1378 388 1395 ‚
412 1355 491 1387 nihil
505 1353 622 1386 referre
633 1376 643 1391 ,
668 1358 773 1382 utrum
787 1355 919 1389 pecunia
935 1344 1039 1375 deb1ta

173 1398 213 1431 fit
234 1398 333 1436 Titio,
355 1408 395 1428 au
409 1396 507 1428 Attio.
552 1394 636 1426 Titii
663 1400 778 1424 nomen
799 1397 874 1419 tunc
891 1385 1038 1426 exemplo

174 1439 325 1478 serviret,
350 1448 388 1470 an
402 1437 517 1476 Titio,
541 1435 674 1468 cuilibet
690 1432 776 1464 forte
791 1436 942 1461 extraneo
953 1449 965 1465 ,
988 1435 1038 1467 pe-

174 1481 269 1512 cunia
282 1479 388 1511 debita
401 1478 455 1518 fit,
488 1488 526 1509 an
535 1477 628 1509 Attio
645 1473 806 1515 legatario.
851 1467 1038 1506 Accurfius,

173 1521 258 1554 salva
275 1520 444 1561 scriptura,
469 1518 509 1550 fic
523 1519 748 1559 interpretatur
768 1513 835 1544 haec
847 1510 958 1551 finalia
965 1531 977 1548 ,
993 1509 1038 1540 ni-

174 1562 222 1593 hil
238 1561 401 1600 interesse,
434 1568 540 1592 utrum
557 1559 649 1591 Attio
664 1555 795 1598 pecunia
813 1554 980 1590 debeatur,
1005 1556 1040 1581 ut

174 1603 325 1634 creditori
348 1612 388 1634 ex
410 1601 574 1633 conti-astu
588 1623 598 1639 ,
631 1608 667 1630 an
690 1606 726 1628 ut
741 1594 902 1636 legatario.
948 1591 1040 1623 Hanc

175 1643 468 1684 interpretationem
489 1641 589 1673 Faber
613 1638 788 1680 improbat,
820 1636 890 1677 quia
906 1642 959 1664 uec
975 1641 1040 1663 ver-

1078 106 1687 150 BYNKERSHOEK

1075 193 1197 235 perfinia
1222 202 1279 223 riou
1304 190 1461 232 (liliiuguit
1489 190 1618 231 legatum
1643 199 1662 219 a
1675 191 1801 229 pecunia
1820 191 1946 227 credita,-

1080 236 1149 267 lmo
1176 244 1238 265 non
1265 232 1447 272 distinguit,
1475 232 1504 261 ἃ
1527 232 1588 261 hoc
1606 229 1648 260 est
1663 253 1673 268 ,
1698 230 1780 270 quod
1796 229 1891 269 JCtus
1906 235 1938 267 fia

1079 275 1259 317 gnificaret,
1285 273 1305 306 fi
1322 272 1505 305 Aceuriium
1523 271 1698 310 audiamus,
1724 271 1776 310 qui
1794 272 1870 304 &eo
1879 275 1940 307 non

1080 317 1160 349 male
1178 316 1304 347 adducit
1335 315 1355 345 l.
1378 324 1426 345 20.
1448 313 1489 354 ff.
1514 313 1547 343 de
1572 311 1681 343 Hei-ed.
1706 311 1753 342 vel
1776 312 1830 344 αεὶ.
1856 318 1937 349 vend.

1079 358 1241 390 Sententia
1265 365 1341 387 tunc
1367 354 1462 393 esset,
1495 361 1531 385 ut
1556 363 1597 384 aes
1620 353 1754 384 alienum
1768 352 1941 396 expungere

1082 406 1207 430 tenetur
1231 406 1356 438 emptor
1384 394 1565 427 hereditatis
1583 416 1593 432 ,
1616 394 1658 426 fic
1682 393 1827 435 &legata
1844 395 1940 429 solves

1079 449 1131 478 1·e;
1155 439 1177 471 fi
1195 439 1291 480 igitur
1308 437 1400 469 Attio
1417 436 1523 467 debita
1545 435 1621 467 esset
1641 435 1789 476 pecunia,
1813 445 1853 468 ex
1868 435 1943 479 quoa

1081 489 1203 521 cunque
1230 478 1414 517 contractu,
1448 478 1558 518 utique
1575 477 1623 516 ei,
1648 485 1708 517 qua
1728 477 1877 510 creditori
1894 471 1943 512 hel

1081 521 1230 553 reditario
1246 520 1322 552 esset
1338 518 1503 558 solvenda,
1536 517 1665 560 perinde
1689 525 1794 549 autem
1808 518 1888 560 effe,
1909 512 1945 555 fi:

1082 572 1123 608 ve
1141 562 1246 593 debita
1261 561 1315 600 sit,
1340 560 1402 592 sive
1418 561 1526 601 legata.
1574 558 1670 605 Quod
1692 559 1769 598 juris
1783 559 1874 594 estin
1887 560 1942 596 Ata

1084 611 1151 642 tio,
1184 603 1215 634 in
1240 602 1352 633 herede
1374 602 1451 642 juris
1481 600 1560 639 effe,
1596 608 1631 630 ut
1647 600 1866 634 admoneretur
1880 600 1941 638 noti

1084 651 1150 676 erat
1171 643 1292 675 necess'e‘
1302 665 1314 682 ,
1348 643 1422 684 quin
1439 642 1536 673 tacite
1554 641 1761 673 admonuisset
1774 642 1871 683 JCtus
1888 643 1944 689 hae}

1084 684 1330 727 interjectione,
1362 685 1412 725 qui
1430 690 1456 714 te
1476 684 1605 714 heredem
1615 682 1738 722 fecerit.

1083 736 1119 758 ea
1136 726 1355 767 interpretatio
1366 749 1375 764 ,
1401 724 1452 756 sed
1470 732 1571 755 tamen
1588 724 1670 754 reue
1693 725 1723 755 ei
1739 723 1838 757 Faber
1850 727 1942 760 inter*

1084 767 1168 799 cedit
1184 789 1194 805 ,
1224 767 1297 807 quia
1323 765 1428 797 verbis
1454 765 1532 806 legis
1547 775 1609 797 non
1629 765 1800 806 convenit,
1824 768 1891 809 quis
1912 761 1943 800 εξ

1083 809 1149 841 nim
1172 817 1239 839 eam
1264 806 1448 838 sententiam
1473 816 1513 837 ex
1537 807 1584 838 his
1598 805 1778 848 exsculpat:
1801 818 1854 840 uec
1887 804 1945 842 uicss

1083 859 1168 892 quam
1191 847 1306 887 interfit
1321 870 1332 886 ,
1361 855 1458 879 mrum
1484 848 1570 879 Attio
1581 870 1593 886 ,
1616 850 1665 889 qui
1682 855 1708 878 te
1724 849 1854 881 heredem
1886 861 1945 884 ece·

1083 893 1144 929 rit,
1170 892 1297 931 pecunia
1320 891 1418 920 debita
1440 888 1502 928 fit,
1531 899 1570 920 an
1594 889 1764 931 legatario?
1789 889 1872 923 salva
1893 901 1942 925 au*

1085 940 1148 978 tem
1171 941 1219 963 res
1239 932 1316 970 erit,
1343 932 1373 962 dt
1400 930 1484 962 salva
1499 928 1568 962 haec
1590 930 1654 971 ipsa
1668 930 1836 972 sententia,
1860 928 1942 966 fiad-2

1083 973 1182 1020 hibita
1206 972 1312 1014 regula
1331 972 1552 1012 geminationis
1575 971 1619 1003 ita
1648 971 1811 1013 legamus:
1851 981 1944 1009 utrum

1083 1013 1170 1046 Attio
1182 1036 1192 1052 ,
1214 1015 1263 1056 qui
1282 1019 1307 1044 tc
1324 1014 1453 1044 heredem
1466 1013 1601 1053 fecerit,
1626 1014 1754 1054 pecunia
1772 1015 1870 1047 debita
1879 1012 1942 1058 fit,

1082 1066 1121 1086 au
1151 1054 1386 1086 LEGATArio
1401 1077 1413 1093 ,
1446 1054 1509 1085 hoc
1543 1053 1615 1093 est,
1657 1055 1758 1097 legata
1788 1056 1969 1099 legatarios

1082 1097 1205 1128 Literas
1216 1120 1225 1135 ,
1252 1095 1401 1138 syllabas,
1425 1096 1521 1127 verba
1535 1096 1693 1137 geminare
1710 1095 1771 1128 fine
1788 1096 1897 1130 fraude
1907 1099 1942 1131 li-

1082 1145 1144 1169 cet.
1189 1137 1293 1178 Atque
1306 1137 1350 1167 ita
1365 1137 1503 1168 efficitur
1520 1147 1554 1168 ea
1578 1135 1640 1177 ipsa
1659 1135 1829 1178 sententia,
1853 1149 1944 1181 quam

1083 1178 1250 1225 Accurfius
1271 1178 1437 1224 eitpresfit,
1463 1187 1592 1219 quaeque
1607 1178 1721 1209 rationi
1737 1178 1815 1218 juris
1832 1181 1863 1212 in
1882 1182 1943 1222 pri-

1083 1229 1142 1251 nus
1169 1227 1322 1250 convenit
1341 1243 1351 1259 ,
1383 1219 1461 1250 nihil
1481 1218 1619 1258 referre,
1644 1227 1750 1250 utrum
1771 1221 1885 1262 Attio,
1907 1229 1946 1255 ut

1082 1260 1254 1299 creditori,
1280 1269 1320 1291 ex
1336 1260 1458 1291 credito
1476 1260 1608 1302 pecunia
1625 1259 1793 1302 debeatur,
1826 1272 1886 1302 an,
1910 1271 1947 1297 ut
1967 1256 1971 1266 ¹

1082 1301 1255 1343 legatario,
1279 1310 1319 1333 ex
1337 1301 1452 1342 legato.
1498 1301 1643 1332 Eundem
1660 1300 1779 1334 sensum
1798 1303 1948 1346 habebis,

1081 1343 1105 1389 sr
1118 1343 1203 1383 quod
1227 1343 1350 1374 tandem
1395 1351 1518 1384 ropono
1537 1366 1548 1381 ,
1581 1351 1742 1389 expungas
1761 1350 1827 1376 tres
1843 1346 1946 1386 poste·
1971 1350 1974 1355 ’

1081 1392 1181 1430 riores
1197 1384 1302 1416 literas
1320 1385 1352 1416 in
1382 1385 1521 1426 egatario.
1567 1383 1619 1415 Sic
1641 1392 1725 1415 enim
1741 1383 1878 1418 diceret:
1897 1387 1945 1419 ni-

1081 1425 1128 1457 1111
1152 1424 1291 1471 referre,
1324 1431 1421 1457 utrum
1452 1424 1538 1457 Attio
1556 1425 1683 1465 pecunia
1706 1426 1813 1458 debita·
1821 1425 1886 1466 stt,
1906 1427 1946 1460 an

1082 1467 1207 1513 legurm
1235 1466 1288 1512 Sic
1305 1466 1501 1506 conjeceram
1524 1466 1664 1497 nondum
1691 1466 1830 1509 inspecto
1849 1468 1947 1501 Codi-

1081 1517 1118 1538 ce
1144 1507 1355 1548 antiqulffimo
1369 1530 1380 1546 ,

1081 1557 1172 1590 ptum
1195 1549 1295 1580 habeo
1310 1571 1321 1587 ,
1345 1558 1447 1588 nunc,
1479 1548 1532 1580 ubi
1556 1548 1658 1590 palam
1687 1558 1723 1581 ea
1738 1549 1803 1591 ipsa
1817 1549 1947 1592 scriptu⁶

1082 1599 1116 1635 ra
1137 1589 1183 1621 est
1198 1613 1208 1629 ‚
1242 1590 1315 1621 huic
1342 1590 1530 1631 conjectum
1553 1599 1644 1630 quam
1665 1599 1837 1623 maximum
1859 1601 1944 1623 acce-¹
1964 1602 1969 1607 ‘¹

1083 1631 1131 1662 dit
1146 1631 1285 1672 pondus,
1312 1632 1342 1664 ἃ
1358 1630 1444 1671 fere,
1467 1631 1598 1672 reliquis
1617 1630 1728 1673 miffis,
1757 1642 1826 1665 eam
1841 1631 1946 1674 seque-¹
1964 1652 1967 1653 ν

176 1686 219 1715 bis
237 1685 312 1728 legis
327 1686 483 1723 tou-veuit,
505 1693 557 1715 uec
571 1682 681 1714 rationi
692 1680 791 1723 juris,
813 1687 872 1718 quae
890 1677 923 1706 iu
938 1675 1039 1706 eadem
1082 1681 1142 1704 rer.

782 1786 810 1821 C
858 1784 891 1825 A
940 1784 967 1819 P
1017 1783 1052 1818 U
1099 1782 1134 1818 T
1232 1781 1343 1824 VII.

271 1888 407 1923 Probum
433 1889 548 1922 retiam
573 1885 632 1933 effe
658 1883 762 1918 videri
790 1880 922 1927 Ulpiani
938 1876 1140 1962 sclriplturiam
1166 1877 1200 1911 in
1225 1877 1265 1911 L.
1293 1887 1324 1922 3.
1352 1875 1384 1924 §
1413 1887 1443 1912 1.
1481 1875 1520 1911 ff,
1547 1875 1591 1912 de
1618 1875 1746 1913 Tritic‚
1773 1875 1846 1913 vin,

922 1939 966 1963 ve
1006 1940 1051 1961 o.
1090 1936 1181 1974 egat.

214 2040 457 2082 ntempestivum
476 2038 619 2072 officium
634 2034 694 2068 esse
709 2043 799 2073 reor,
831 2031 916 2074 quod
933 2031 1042 2073 Ulpia-

235 2091 277 2113 no
301 2081 447 2122 praestitit
472 2082 667 2113 Criticorum
691 2075 840 2108 industria
857 2074 889 2104 in
912 2074 940 2104 d.
965 2074 984 2104 i.
1011 2083 1039 2114 3.

198 2149 206 2156 .
231 2132 255 2154 1.
281 2123 336 2154 Ait
355 2124 397 2155 ibi
419 2132 460 2154 ex
485 2122 597 2160 Celso,
627 2121 696 2151 vino
712 2119 808 2160 legato
821 2138 832 2154 ,
855 2112 968 2152 etiamst
984 2123 1042 2144 uon

170 2164 213 2204 fit
233 2165 363 2206 legatum
380 2174 444 2195 cum
462 2162 538 2202 vasis
547 2186 558 2201 ,
588 2162 659 2202 vasa
685 2168 790 2201 quoque
808 2158 908 2198 legata
925 2157 1042 2192 videri,

176 2216 233 2237 uon
252 2207 320 2247 quia
342 2211 415 2246 pars
429 2204 504 2246 suut
522 2205 588 2235 viui
605 2201 696 2243 vasu,
719 2198 970 2241 quemadmodum,
995 2196 1040 2226 in-

177 2247 247 2288 quit
260 2271 269 2286 ,
308 2247 479 2278 emblemata
501 2245 620 2287 argenti
635 2265 646 2281 ,
669 2241 842 2282 scyphorum
855 2238 960 2278 forte,
992 2236 1041 2268 vel

168 2289 310 2330 speculi,
330 2287 385 2329 sed
412 2289 481 2328 quia
503 2285 640 2317 credibile
666 2280 706 2323 est
723 2304 734 2320 ,
764 2286 888 2311 mentem
909 2280 1042 2318 testantis

176 2338 240 2361 eam
257 2329 327 2370 offe,
348 2334 382 2360 ut
394 2328 521 2359 voluerit
551 2323 698 2366 acceffioui
718 2322 768 2364 effe
785 2323 854 2352 vino
868 2324 1018 2360 amphoras
1029 2340 1041 2357 ,

177 2372 208 2403 &
234 2380 302 2412 quae
328 2368 508 2409 sequuntur.
562 2364 810 2400 Blaublommius
837 2361 959 2400 edidit,
974 2361 1043 2401 scy-

170 2412 293 2453 phorum
315 2411 400 2451 causa
415 2410 497 2450 forte
516 2431 528 2448 ,
560 2409 590 2440 δι’.
615 2407 655 2439 fic
684 2404 729 2437 est
748 2406 779 2436 in
794 2404 865 2435 MS.
891 2411 962 2433 meo
980 2401 1042 2433 fine

177 2452 305 2484 Gloffis.
350 2453 413 2484 Pro
422 2452 508 2493 causa
523 2458 650 2492 quoque
666 2447 736 2488 ausu
753 2453 883 2477 notatur
896 2443 977 2474 inter
986 2451 1039 2474 va-

176 2495 236 2525 rias
259 2492 426 2525 Lectiones
448 2491 518 2533 post
544 2490 717 2522 editionem
742 2484 933 2518 Haloanc1ri.
978 2482 1040 2515 Pro

166 2535 282 2577 speculi
305 2534 471 2565 Ruffardus
497 2533 534 2564 ad
558 2530 729 2572 marginem
750 2528 843 2559 habet
857 2525 977 2567 poculi,
999 2534 1041 2556 ex

178 2575 305 2617 ingenio
330 2574 418 2606 forte
436 2597 456 2617 ‚l
478 2583 549 2606 nam
571 2573 602 2604 in
626 2571 714 2603 libris
737 2568 874 2609 antiquis
894 2576 962 2598 eam
981 2565 1039 2597 Le-

176 2617 314 2649 ctionem
328 2625 392 2647 non
407 2615 516 2657 reperi.
562 2613 623 2645 Sed
638 2612 706 2643 haec
716 2611 822 2643 omnia
833 2609 949 2639 nullius
969 2606 1040 2639 sunt

177 2656 351 2696 momenti3
385 2656 600 2689 Florentinam
623 2662 748 2695 quoque
766 2651 950 2692 scripturam
977 2656 1042 2680 tan-

178 2707 246 2730 tum
262 2707 326 2730 non
344 2707 453 2730 omnes
473 2697 621 2729 Editores
634 2695 856 2726 exhibuerunt.
901 2690 983 2722 Illud
992 2696 1042 2730 po-

176 2739 237 2770 culi
252 2739 348 2771 etiarn
361 2739 434 2770 ideo
453 2737 657 2779 rejiciendum
674 2735 736 2774 est,
762 2735 835 2775 quia
842 2731 948 2773 scyphi
964 2740 1042 2771 pne-

176 2780 328 2812 cesserant
337 2802 348 2819 ,
372 2781 402 2812 ἃ
441 2780 490 2811 nia
507 2778 607 2810 obstat
627 2777 829 2809 Basilicorum
854 2774 1042 2809 auctoritas,

176 2822 210 2853 hi
227 2821 310 2853 enim
334 2821 377 2853 L.
395 2820 427 2853 X
461 2819 515 2852 IV.
544 2819 577 2851 T.
596 2818 654 2851 IX.
682 2818 714 2849 C.
740 2828 767 2848 2.
801 2815 829 2858 §.
858 2823 884 2845 Ι.
918 2813 1042 2852 interje-

177 2863 315 2894 ctionem
334 2886 345 2902 ,
382 2871 450 2903 quae
476 2860 521 2892 cst
547 2861 578 2892 in
602 2861 629 2891 d.
662 2860 681 2891 l.
707 2869 736 2901 3.
763 2857 791 2899 §.
821 2866 847 2888 1.
871 2856 914 2886 ita
929 2863 1040 2894 reprae-

177 2906 319 2935 lentant:
335 2912 400 2935 non
418 2903 502 2944 quod
518 2900 588 2933 vasa
605 2910 675 2943 pars
689 2900 776 2937 vini,
799 2901 883 2937 ὅσπτς
899 2899 929 2924 ⁷12¹
945 2896 1039 2930 ἐμέλνὶ-

178 2956 247 2976 paoem
263 2945 285 2972 ῗ
301 2946 426 2983 άξνυρέων
441 2950 531 2974 σκευῶν
548 2954 569 2982 »3
583 2945 615 2971 πὶ
635 2942 738 2970 σπὲτλικ
754 2953 787 2969 τε
805 2939 862 2969 οἶκε
873 2962 881 2977 ‚
904 2937 1038 2979 quemad-

177 2986 288 3015 modum
295 2985 466 3016 emblemata
472 2986 545 3027 suut
553 2985 685 3026 vasorum
699 2987 900 3025 argenteorum
910 3001 921 3017 ,
930 2976 1039 3018 &spe-

178 3025 244 3055 cula
266 3027 372 3057 domus.
424 3026 485 3058 Pro
513 3027 618 3054 nim
639 3026 804 3066 legendum
827 3021 889 3052 else
910 3023 1010 3049 enm„
1027 3041 1037 3056 ‚

179 3065 260 3113 recte
286 3067 448 3098 admonuit
470 3066 602 3108 joannes
628 3064 841 3098 Leunclavius
864 3061 976 3093 Adnot.
1001 3059 1039 3091 ad

178 3116 204 3134 υ.
231 3106 250 3135 l.
274 3116 303 3136 u.
322 3117 372 3146 45.
407 3117 466 3139 nec
493 3108 656 3149 quisquam
671 3105 732 3145 est,
759 3104 865 3145 quide
886 3111 925 3133 co
943 3101 1038 3132 ambi-

179 3151 241 3184 gat.
285 3145 355 3191 Νῑζε
382 3156 483 3193 tamen
510 3156 674 3189 propterea
699 3146 807 3178 auelor
826 3145 898 3184 sim,
923 3151 958 3174 ut
975 3141 1040 3184 ipse

179 3184 242 3224 est,
268 3193 302 3215 ut
327 3195 358 3217 m
384 3188 453 3227 ipfis
480 3199 605 3236 quoque
625 3189 785 3221 Pandettis
810 3185 1010 3218 rescribamus
1028 3206 1039 3221 ,

1935 1983 1948 1990 .-

1083 2030 1132 2077 ‘uel
1147 2030 1270 2071 specula
1292 2030 1414 2069 domus,-
1445 2030 1507 2065 hoc
1533 2030 1578 2063 est
1596 2054 1605 2070 ,
1641 2031 1690 2063 vel
1714 2006 1950 2073 quemadmoduib

1073 2073 1197 2113 specula
1213 2072 1288 2118 suut
1307 2079 1380 2113 pars
1400 2074 1505 2106 domus.
1557 2072 1642 2118 Quia
1665 2081 1770 2104 autem
1796 2071 1947 2113 specula-,⁴

1083 2112 1948 2194 ἒέἶιῗὲεΡὲἓὲἓῖἰέοὲὲἓὲὒὲἳῖρθὲῗὲἀῃἔᾞξὲῗῃὲωὲἑὲ-ῗὲ

1083 2195 1208 2241 specula
1230 2195 1341 2227 domus
1365 2205 1484 2241 partem
1505 2165 1716 2235 ess‘epdixerit}
1742 2195 1823 2227 unde
1827 2163 1948 2236 spectila

1083 2236 1148 2282 ipse
1164 2245 1388 2277 interpretatur
1398 2239 1588 2279 specularia,
1611 2238 1649 2269 de
1665 2237 1778 2278 quibus
1795 2236 1950 2277 Ulpianus

1083 2287 1115 2309 m
1138 2278 1158 2308 l.
1181 2286 1228 2308 12.
1255 2277 1281 2318 §.
1305 2287 1352 2318 15.
1377 2279 1463 2326 &,§-
1485 2288 1534 2325 25.
1555 2279 1595 2320 ff.
1622 2280 1654 2310 de
1681 2277 1817 2320 lustrub't.
1837 2275 1886 2316 vel
1902 2277 1947 2308 in-

1076 2316 1132 2359 fir.
1157 2319 1246 2360 legat.
1272 2317 1442 2365 specularia
1492 2329 1584 2362 uippe
1613 2319 1715 2351 adfixa
1744 2319 1856 2350 domus
1886 2316 1951 2349 esse

1083 2367 1205 2401 partem
1230 2369 1326 2401 magis
1353 2369 1443 2402 putat
1503 2362 1622 2402 lpianus
1652 2361 1682 2392 in
1713 2361 1740 2392 d.
1772 2360 1801 2400 §.
1820 2366 1870 2398 25.
1895 2357 1950 2390 sed

1074 2401 1243 2442 specularia
1264 2402 1292 2433 <St
1300 2402 1423 2443 specula
1434 2411 1595 2444 perperam
1607 2400 1843 2433 confunduntur
1854 2423 1863 2438 ,
1874 2407 1954 2435 cum,

1084 2442 1155 2474 usus
1172 2450 1378 2488 utrorumque
1393 2445 1429 2476 fit
1445 2443 1603 2482 diversus,
1635 2443 1665 2474 &
1681 2451 1774 2474 nemo
1791 2447 1951 2478 veterum,

1084 2483 1171 2530 quod
1200 2482 1295 2517 seiam
1312 2507 1323 2524 ,
1356 2485 1424 2517 haec
1447 2494 1506 2526 pro
1535 2484 1605 2516 unis
1628 2482 1798 2524 iisdemque
1821 2483 1951 2522 accepevz

1083 2533 1134 2557 rit.
1902 2530 1904 2533 ·
1947 2531 1950 2535 ·

1127 2566 1276 2599 Claudius
1306 2567 1468 2600 Salmasius
1494 2566 1531 2598 ad
1552 2565 1654 2598 Flavii
1669 2563 1799 2605 Vospici
1817 2563 1950 2596 Firmum

1088 2608 1119 2639 C.
1137 2618 1166 2651 3.
1192 2617 1231 2639 ex
1246 2608 1352 2640 eadem
1368 2609 1553 2641 Graecorum
1569 2617 1640 2648 para
1665 2605 1740 2638 hrasi
1756 2629 1766 2646 ,
1790 2613 1902 2647 nempe
1912 2605 1951 2632 ¹³¹3*-

1087 2654 1190 2679 enema
1207 2653 1238 2695 η]
1254 2651 1335 2688 οἵω,
1363 2651 1497 2691 conjicit
1521 2648 1602 2690 apud
1659 2647 1796 2689 lpianum
1815 2647 1860 2678 ita
1872 2645 1948 2678 scria

1086 2699 1175 2731 ptum
1189 2690 1299 2730 fuisse,
1324 2702 1380 2723 riou
1398 2693 1467 2733 quia
1483 2697 1555 2732 pars
1563 2690 1638 2731 sunt
1653 2689 1721 2720 ‘viui
1740 2687 1831 2729 vasa,
1871 2695 1950 2718 uem

1085 2733 1234 2764 admodum
1257 2735 1375 2775 argenti
1390 2733 1563 2774 ⁸scyphormu
1581 2730 1675 2771 forte·
1699 2729 1748 2761 vel
1764 2729 1855 2771 specu
1869 2725 1949 2764 own&

1084 2774 1232 2812 cubiculi,
1254 2776 1412 2815 audetque
1429 2772 1594 2815 praestare,
1620 2771 1699 2802 hanc
1716 2770 1869 2812 geminam
1879 2770 1950 2811 gero·-

1084 2824 1204 2846 manam
1220 2813 1281 2845 esse
1296 2815 1477 2847 Leffionem
1489 2837 1498 2853 ,
1522 2813 1597 2844 duas
1619 2811 1702 2843 enim
1715 2820 1830 2850 voces,
1846 2809 1951 2852 spem

1083 2856 1173 2886 lorum
1188 2857 1335 2895 cubiculi,
1366 2857 1397 2887 in
1423 2864 1515 2886 unam
1531 2852 1681 2885 coaluisse
1695 2852 1778 2883 vitio
1806 2849 1951 2884 libratim

1082 2906 1172 2942 rum,
1199 2897 1228 2927 δε
1243 2906 1283 2927 ex
1306 2897 1353 2929 his
1381 2895 1629 2936 factumspecuu.
1673 2893 1733 2925 Sed
1748 2917 1757 2933 ‚
1783 2891 1839 2925 Dii
1853 2880 1951 2924 bonff

1082 2937 1157 2975 quid
1174 2936 1219 2967 est
1234 2945 1300 2968 arte
1318 2937 1528 2978 pulcherrima
1544 2934 1649 2974 abuti,
1674 2933 1695 2967 fi
1714 2933 1775 2965 hoc
1793 2924 1950 2966 nonest&

1082 2977 1158 3010 Non
1185 2978 1328 3019 equidem
1351 2978 1463 3010 iverim
1486 2976 1605 3008 inficias
1624 2999 1633 3015 ‚
1666 2974 1709 3014 fi,
1739 2975 1824 3006 utin
1842 2971 1949 3007 Libris

1082 3018 1204 3050 Graecis
1221 3043 1230 3058 ‚
1263 3019 1307 3051 ita
1330 3020 1409 3051 &in
1425 3017 1547 3050 Latinis
1572 3017 1747 3058 legeretur,
1761 3008 1948 3056 speculavdov

1081 3069 1162 3098 mus,
1184 3060 1427 3101 velspecuiorum
1445 3058 1591 3097 cubiculi,
1614 3065 1665 3088 me
1683 3056 1750 3088 haec
1767 3065 1830 3088 non
1847 3059 1950 3087 mum<

1082 3109 1206 3139 turum,
1232 3100 1282 3132 sed
1294 3100 1544 3139 intellecturum,
1569 3107 1652 3138 non,
1675 3105 1712 3128 ut
1726 3097 1799 3135 ille,
1813 3094 1947 3138 specula-3

1080 3144 1148 3180 ria,
1172 3140 1222 3173 sed
1239 3142 1334 3183 pictas
1351 3142 1489 3180 tabulas,
1513 3139 1684 3183 parietibus
1699 3136 1848 3178 insertas,
1872 3141 1945 3176 qua-²

1082 3184 1126 3216 les
1148 3183 1177 3215 δε
1195 3185 1284 3216 nunc'
1302 3182 1469 3224 aliquando
1492 3180 1639 3214 cubicula
1651 3187 1816 3212 exornant.
1860 3176 1946 3247 Inte}

1398 3242 1402 3249 .
1437 3245 1445 3258 k
1484 3242 1486 3245 .
1642 3246 1646 3249 ,
1869 3224 1930 3256 ..gr

1783 684 1879 717 Recta
1899 685 1944 724 est
1958 691 1974 698 ··

1419 1516 1511 1549 quem
1535 1506 1597 1538 fine
1623 1505 1739 1539 Gloffis
1763 1518 1856 1541 manu
1876 1509 1947 1543 scri·
1967 1509 1970 1534 ἶ

1981 84 1983 86 “
1997 89 2000 97 r

1988 105 1992 121 1

1991 122 2008 131 ii

2004 137 2008 155 ι

2005 167 2008 184 1

1997 191 2008 217 ι1

1992 219 2008 257 si
