2008 3436
166 120 237 153 450
422 110 824 147 CORNELII

164 188 194 229 gi
220 188 306 229 posse
330 189 570 223 difficultatibus
589 215 598 230 ,
637 201 708 233 quae
744 191 941 265 undiquaque
966 200 1034 232 pre-

164 239 266 261 munt.
314 232 414 264 Vetus
432 233 539 274 regula
552 233 617 272 est,
639 243 680 264 ex
698 233 769 274 ipsis
791 232 824 265 X
844 232 867 264 Ι.
886 232 1036 271 TabuliS,

166 270 270 302 Fonte
293 272 351 304 illo
381 275 460 315 aequi
485 274 624 316 bonique
642 298 652 314 ‚
687 275 873 315 deprompta
888 298 898 313 ‚
923 274 967 305 ita
986 274 1035 314 jus

166 311 248 351 esse,
273 314 319 345 uti
337 314 566 347 Paterfamilias
585 315 628 347 rei
650 315 711 347 suae
723 315 860 357 legailet.
886 315 928 347 Et
947 315 1034 355 quid·

168 353 200 383 ni
218 363 276 394 pro
291 355 358 395 jure
374 356 451 388 esset
468 357 605 389 hominis
621 356 684 388 sani
695 381 704 396 ,
729 357 767 388 de
783 366 815 387 rc
834 356 885 388 sua
905 357 1035 401 (latuen-

168 394 233 434 εἰς,
266 395 406 437 suprema
435 398 584 430 voluntas
598 398 615 430 ’.ἓ
658 398 764 439 quidni
797 397 1036 429 haereditatibus

895 119 1005 147 VAN

167 435 222 467 vel
255 436 365 479 legatis
381 463 392 478 ‚
424 439 530 472 dandis
549 462 560 478 ‚
597 439 790 477 adimendis,
814 438 1035 470 transferendis
1055 444 1059 447 “

167 476 315 510 clausulae
345 481 484 521 poenales
511 480 635 521 possent
656 480 775 520 adjici?
799 480 904 520 quidni
925 479 1033 524 condi-

167 518 291 558 tiones,
313 521 345 552 in
361 522 489 553 modum
507 531 628 562 poenae,
651 521 794 561 quamvis
818 521 904 552 nulla
925 529 966 566 ex
986 520 1035 551 his

166 560 289 593 utilitas
317 562 470 594 redundet
495 562 547 593 vel
571 562 602 593 in
627 561 831 601 testatorem,
855 561 907 592 vel
924 571 955 592 in
973 560 1033 592 hae-

168 601 294 640 redem,
318 604 370 634 vel
390 604 421 635 in
440 602 649 644 legatarium?
680 612 716 634 an
735 612 798 635 non
822 605 853 634 in
871 601 1033 633 testamen-

170 641 212 673 tis
233 645 417 684 toramfacii
437 646 573 675 voluntas
589 643 738 685 defuncti,
764 653 800 675 ut
816 644 971 684 Ulpianus
988 643 1033 674 di-

166 683 219 714 xit
243 685 275 716 in
306 685 325 716 l.
350 694 403 726 35.
437 683 464 726 §.
490 696 522 726 3.
548 684 589 725 ff.
624 687 657 717 de
688 685 806 716 Hoercd.
845 683 967 725 insliz?
992 683 1036 716 Et

168 725 237 765 quis
261 725 441 757 definiverit
457 750 466 765 ‚
497 736 535 757 an
553 727 582 757 dt
599 736 691 767 quam
718 727 762 758 ita
778 726 830 758 vel
848 727 892 757 ita
912 725 1037 766 legundi

167 764 290 796 causam
319 766 461 798 habuerit
490 767 647 800 testator?
679 767 759 808 saepe
783 766 906 800 haecest
929 768 961 799 in
981 765 1036 798 ob-

169 805 272 838 scuro.
319 807 548 848 Conditiones‚
573 818 641 850 quae
658 819 675 840 a
694 808 764 840 fato
793 810 821 840 ὅ(
837 808 968 840 fortuna
984 808 1035 839 de-

167 847 305 887 pendent
322 871 335 886 ,
363 848 432 880 fere
457 849 527 881 sunt
552 850 703 890 ejusmodi
722 874 732 889 ‚
767 858 803 881 ut
825 859 928 881 earum
947 847 1037 880 causa

167 888 220 919 vel
237 889 323 920 nulla
337 890 395 929 fit,
419 891 490 930 vel,
525 891 545 923 fi
569 891 702 932 qualit,
727 900 829 923 tamen
859 890 930 922 sciri
957 890 1037 922 haud

172 938 327 970 quaquam
354 931 456 972 poffit.
504 932 673 973 Propone:
708 932 819 966 Titius
836 932 937 963 haeres
954 933 1038 964 Sem-

172 971 289 1010 pronio
306 980 433 1004 centum
452 973 545 1013 dato,
564 973 843 1014 filiffaeviusfacius
852 974 952 1014 fuerit
965 974 1037 1004 Con-

167 1011 230 1052 sul.
275 1012 382 1045 Nemo
405 1014 532 1055 negabit
549 1038 559 1054 ,
593 1015 623 1046 id
644 1016 780 1056 legatum
796 1015 923 1053 valere,
947 1015 978 1046 ἃ
996 1022 1039 1060 ta-

171 1062 243 1084 rnen
270 1054 430 1086 Maevium
459 1055 527 1087 fieri
555 1055 725 1088 Consulem
742 1079 754 1095 ,
783 1057 835 1088 vel
856 1065 921 1087 non
939 1055 1007 1088 fieri
1025 1077 1037 1093 ,

170 1094 246 1135 quid
267 1095 425 1128 testatoris
439 1120 449 1137 ,
484 1096 559 1138 quid
587 1097 739 1135 haeredis,
761 1098 814 1129 vel
832 1097 972 1138 legatarii
985 1097 1036 1143 'in'—

171 1136 307 1169 tererit?
338 1137 390 1169 vel
415 1137 486 1178 quis
512 1138 658 1170 interesse
679 1139 822 1170 dixerit?
845 1139 964 1179 legavit
983 1147 1037 1179 igi-

171 1184 224 1208 tur
253 1186 380 1210 centum
408 1177 464 1211 sub
486 1180 695 1221 conditione,
725 1190 795 1221 qua:
816 1180 909 1211 unice
927 1187 1037 1220 pumat

170 1217 337 1250 haered‘em.
383 1219 501 1252 Rursus
520 1244 531 1260 ‚
565 1218 587 1253 fi
612 1221 664 1253 vel
695 1221 897 1252 conditiones
914 1231 931 1251 a
948 1227 1037 1260 pote-

170 1258 251 1295 state
268 1260 463 1302 dependeant
481 1261 511 1294 &
528 1261 660 1294 arbitrio
677 1262 826 1301 haeredis,
844 1261 969 1307 eaeeffe
979 1270 1036 1302 po-

169 1306 292 1341 terunt,
317 1309 354 1333 ut
382 1302 467 1334 nulla
491 1302 611 1334 subeffe
628 1303 748 1344 legandi
771 1303 855 1335 ratio
872 1302 1046 1343 Videatur,¹

169 1350 264 1381 quam
288 1341 386 1375 solius
416 1353 528 1384 poenae.
583 1343 750 1384 Propone:
786 1343 896 1375 Titius
915 1343 1044 1381 haeres‚·

163 1382 197 1422 fi
212 1383 387 1424 Capitolium
403 1384 565 1425 ascenderit
575 1407 588 1423 ,
610 1385 659 1416 vel
675 1395 733 1416 non
748 1385 928 1426 ascenderit,
948 1385 1034 1422 Sem-

170 1423 286 1465 pronio
304 1432 431 1456 centum
444 1425 531 1456 dato„
575 1424 682 1458 Nemo
691 1448 705 1465 ‚
727 1426 842 1467 opinor
854 1448 866 1464 ,
887 1425 1035 1467 negabit,

171 1465 268 1498 etiam
283 1465 347 1497 hoc
371 1475 470 1507 genus
500 1464 598 1508 legati
618 1467 722 1499 valere
736 1490 750 1507 ,
778 1477 875 1509 quum
894 1468 925 1500 ὃς
939 1470 1057 1511 ωηενι

787 1556 896 1619 CA
945 1550 1057 1614 Po*

1077 111 1680 152 BYNKERSHOEK

1076 191 1191 224 ditates
1217 193 1248 224 δε
1275 193 1376 225 lerata
1400 192 1455 224 sub
1479 193 1537 226 hac
1561 195 1748 227 conditione
1772 197 1865 229 adimi
1889 199 1940 233 vel

1078 233 1240 265 transferri
1266 202 1352 276 ροῗϊε
1377 235 1500 266 constet
1532 246 1573 268 ex
1604 236 1624 268 l.
1641 246 1669 277 7.
1700 243 1747 278 pr.
1783 238 1819 273 ὅ)
1841 239 1862 270 l.
1890 248 1938 274 11.

1078 273 1106 315 §.
1134 283 1160 306 1.
1183 274 1222 316 ff.
1245 276 1278 306 cie
1316 275 1477 307 Condition.
1513 274 1550 312 ἐξ
1578 276 1732 319 demonstr.
1775 278 1819 311 Et
1838 288 1940 315 tamen

1078 314 1144 347 sola
1163 316 1295 348 haeredis
1308 326 1420 357 poena,
1451 316 1517 348 sola
1540 319 1698 351 coercitio
1717 319 1748 351 dt
1764 323 1877 355 τιμωιμί
1894 322 1942 354 vi-

1077 356 1170 391 detur
1186 357 1239 389 hic
1255 357 1368 390 versari
1380 381 1391 397 ,
1414 358 1465 390 cui
1482 358 1624 400 alioquin
1641 359 1728 392 bono
1749 370 1941 403 praeceptum
1956 400 1962 406 ἱ

1077 396 1259 430 ascendendi
1279 400 1331 431 vel
1353 409 1416 431 non
1441 399 1624 433 ascendendi
1644 400 1868 443 Capitolium?
1891 413 1944 445 pa-

1077 438 1207 470 rendum
1232 440 1437 472 nihilominus
1468 442 1528 473 erit
1555 441 1697 475 testatori
1716 466 1729 482 ‚
1758 443 1802 476 fin
1820 445 1944 486 minus,

1076 488 1169 520 poena
1185 481 1325 513 manebit
1344 481 1497 514 haeredem
1514 484 1568 515 vel
1580 484 1791 525 legatarium,
1819 495 1889 517 nam
1909 487 1944 519 in

1077 522 1288 562 conditionibus
1300 523 1428 563 primum
1446 524 1538 556 locam
1562 525 1698 557 voluntas
1720 526 1852 567 defunbii
1869 528 1942 559 obti-

1077 567 1147 600 net,
1177 572 1264 604 eaque
1289 565 1368 606 regia
1390 566 1568 596 conditiones
1583 589 1599 605 ,η
1626 575 1662 598 ut
1687 567 1842 600 veriffime
1861 568 1945 601 dixit

1077 602 1231 643 Ulpianus
1248 604 1280 636 in
1310 605 1332 635 I.
1360 614 1405 642 19.
1435 612 1486 648 pr.
1503 607 1544 647 ff.
1577 606 1651 639 Eod.
1677 608 1729 641 Ex
1745 608 1878 641 adverso
1922 609 1964 644 fi*

1077 644 1222 675 conditio
1238 648 1388 676 coerceat
1404 646 1578 688 haeredem,
1611 659 1650 681 an
1669 650 1741 682 ideo
1762 633 1947 692 prornist’me

1077 685 1219 716 dicemus
1244 686 1276 716 in
1301 696 1402 727 poenae
1428 697 1544 720 nomen
1566 699 1629 721 non
1653 690 1794 724 'incidere
1811 715 1821 732 ,
1847 692 1946 726 modo

1079 735 1147 757 eam
1171 726 1295 767 impleri
1313 751 1324 766 ,
1357 727 1409 767 vel
1428 738 1492 760 non
1515 730 1665 771 impleri,
1687 733 1740 765 vel
1760 734 1918 766 testatoris
1934 756 1950 773 ,

1079 767 1301 805 veihaeredis,
1324 768 1375 800 vel
1388 769 1528 810 legatarii
1544 771 1690 805 intersit?
1713 783 1814 816 neque
1826 775 1857 806 id
1867 785 1946 808 mox

1079 808 1184 840 dicere
1200 808 1330 847 licebit3
1354 819 1430 842 ecce
1447 811 1531 842 enim
1547 813 1682 851 primum
1705 816 1885 856 exemplum
1901 817 1944 849 le-

1079 850 1164 891 gati,
1189 850 1273 890 quod
1291 859 1394 891 poenae
1416 852 1544 884 nomine
1559 854 1751 895 proponitur
1766 856 1798 888 in
1818 856 1945 890 Institu-

1080 891 1221 923 tionibus
1238 915 1248 930 ‚
1283 894 1312 923 ὅ(
1337 892 1422 932 quod
1447 893 1548 934 ipsum
1581 894 1626 926 est
1659 896 1740 937 apud
1774 896 1947 938 Ulpianum

1082 932 1205 973 Fragm.
1233 932 1267 963 T.
1284 932 1412 965 XXIV.
1437 933 1465 975 §.
1488 944 1536 976 17.
1559 934 1734 969 ita‘habet:
1758 938 1860 970 Hares
1871 937 1950 972 meus

1075 973 1105 1012 Ji
1114 976 1213 1013 filiam
1232 974 1320 1014 sicam
1344 975 1376 1005 in
1401 977 1618 1008 matrimonium
1647 978 1726 1010 Titio
1741 980 1948 1021 collocaverit,

1081 1015 1129 1046 vel
1148 1025 1184 1046 ex
1200 1016 1328 1056 cli-verso,
1346 1015 1376 1054 fi
1391 1026 1447 1047 raon
1464 1017 1651 1050 collocaverit
1664 1042 1677 1058 ‚
1699 1021 1766 1052 dato
1782 1022 1878 1053 decem
1895 1032 1946 1054 au-

1081 1066 1142 1087 reos
1167 1056 1244 1098 Sej0.
1290 1055 1376 1101 Quid
1402 1058 1543 1090 dicemus
1561 1060 1578 1091 ‘2
1609 1070 1648 1092 an
1677 1070 1741 1093 non
1758 1063 1917 1096 testatoris
1935 1085 1948 1104 ‚

1081 1107 1119 1129 an
1137 1107 1201 1129 non
1217 1097 1371 1136 haereais,
1398 1099 1451 1130 vel
1469 1100 1608 1141 legatarii
1638 1111 1730 1143 quam
1750 1104 1886 1135 maxime
1901 1104 1947 1137 in-

1082 1138 1192 1170 teress'e
1219 1139 1340 1180 poterit
1355 1162 1366 1178 ,
1397 1139 1524 1173 Titium
1546 1142 1679 1175 haeredis
1702 1143 1797 1176 filiam
1816 1155 1950 1179 uxorem

1081 1179 1214 1218 habere,
1239 1180 1291 1211 vel
1309 1189 1373 1212 non
1398 1178 1529 1214 habere:
1561 1192 1655 1215 nemo
1673 1183 1762 1217 sanus
1780 1186 1945 1218 dubitave-

1080 1221 1133 1252 rit.
1179 1219 1239 1252 Sed
1257 1221 1296 1252 de
1314 1220 1363 1252 his
1381 1221 1411 1253 ἃ
1427 1223 1496 1254 aliis
1511 1225 1593 1264 apud
1617 1223 1822 1264 justinianum
1844 1237 1948 1260 exem-

1080 1261 1141 1302 plis
1166 1261 1371 1293 commodum
1400 1270 1534 1303 agetur,
1573 1265 1738 1311 postquam
1758 1291 1768 1306 ‚
1806 1267 1950 1310 sepositis

1079 1302 1225 1334 nonnihil
1241 1301 1516 1345 institutionibus,
1533 1302 1718 1348 iententiarn
1735 1317 1835 1340 meam
1851 1319 1948 1351 expo·

1078 1342 1170 1375 suero
1195 1343 1234 1375 de
1262 1343 1396 1385 legatis,
1426 1354 1497 1387 quae
1516 1347 1594 1378 olim
1616 1345 1822 1389 dicebantur,
1845 1352 1947 1391 poer'iae

1079 1385 1218 1417 nornine.
1262 1384 1348 1417 Haec
1365 1395 1449 1418 nunc
1464 1388 1653 1429 exponenda
1667 1388 1732 1431 est,
1755 1399 1795 1421 ne
1810 1390 1881 1432 plus
1895 1400 1947 1424 oc-

1079 1435 1232 1467 cupemur
1257 1426 1393 1458 aliorum
1419 1427 1583 1460 sententiis
1604 1428 1798 1464 destruendis
1813 1454 1826 1471 ‚
1856 1441 1951 1473 quam

1080 1467 1274 1511 adstruendis
1291 1469 1350 1508 iis,
1372 1478 1444 1513 quae
1458 1479 1524 1503 non
1539 1470 1596 1511 ipfi
1614 1469 1780 1509 sentimus.

1105 1575 1143 1625 Τ
1238 1577 1330 1615 1v.

193 1659 356 1711 Digrffo
381 1661 431 1699 ad'
445 1662 487 1699 L.
516 1674 561 1700 1.·
577 1661 617 1704 ἀ
640 1663 683 1700 L.
701 1675 736 1715 23
762 1663 803 1700 ff.
830 1663 875 1701 de
898 1664 966 1701 His
993 1649 1070 1712 quae
1095 1658 1185 1718 poen.
1212 1664 1308 1721 caus(
1329 1665 1452 1714 relinq.
1479 1678 1547 1714 quae
1571 1676 1707 1716 utraque
1728 1672 1928 1720 explicatur:
1959 1682 1962 1685 ·

230 1761 371 1793 ententia
393 1770 462 1794 mea
482 1762 522 1794 de
536 1763 647 1803 legatis
662 1752 764 1805 poenae
778 1762 908 1799 nomine
923 1773 987 1800 non
1006 1773 1034 1796 a-

198 1827 201 1833 ,
252 1802 294 1834 lia
313 1802 384 1841 est,
417 1813 508 1844 quam
531 1804 674 1837 Africani
700 1805 732 1836 in
768 1805 796 1836 d.
821 1804 841 1836 l.
871 1814 896 1836 1.
922 1805 975 1837 ubi
992 1805 1034 1838 fic

172 1844 261 1876 infit:
286 1842 501 1884 Ft'licffamilias
529 1847 578 1883 vel
588 1845 676 1887 servo
693 1845 800 1877 haerede
814 1843 970 1887 uillicum,
994 1852 1035 1878 et-

1078 1749 1174 1803 l.]‡14.4
1188 1762 1225 1798 ἐξ
1240 1741 1275 1795 cl.
1296 1764 1316 1795 l.
1332 1772 1380 1805 15.
1421 1765 1527 1806 Atque
1541 1766 1586 1799 ita
1600 1777 1728 1811 quoque
1747 1770 1826 1811 juris
1852 1771 1897 1805 est
1912 1773 1947 1807 in

1079 1804 1317 1836 conditionibus
1340 1806 1520 1847 probrosis,
1553 1808 1618 1841 five
1634 1810 1683 1842 his
1697 1834 1708 1850 ‚
1741 1821 1816 1851 quas
1839 1820 1946 1846 comm

1078 1848 1161 1877 bonos
1175 1855 1265 1877 mores
1280 1845 1363 1878 dixit
1380 1847 1495 1881 Paulus
1515 1849 1548 1882 in
1571 1850 1591 1891 L
1616 1861 1645 1888 9.
1664 1851 1705 1892 ff.
1730 1852 1804 1885 Eod.
1829 1855 1947 1894 veluti,

173 1883 259 1923 iamfi
276 1886 309 1916 in
322 1887 420 1926 patris
435 1887 582 1924 dominive
592 1893 709 1928 poenam
727 1887 833 1921 illicite
854 1888 1051 1929 vel‘probror,
1076 1887 1100 1921 fi
1125 1887 1280 1919 haar-edem
1306 1888 1497 1921 damnavero
1520 1891 1629 1924 decem
1650 1893 1723 1924 dare
1746 1893 1840 1926 Titio
1855 1919 1866 1935 ‚
1889 1895 1948 1936 nifi

166 1927 203 1968 ste
220 1928 319 1958 datam
334 1937 347 1957 e
342 1923 375 1967 sl

383 1950 394 1966 ‚
417 1927 528 1959 nullius
553 1930 690 1965 momenti
707 1929 838 1971 legatum
855 1929 906 1970 effie
924 1929 1034 1971 respon-
1069 1929 1197 1971 sororem
1208 1926 1414 1970 stupraverit,
1446 1933 1479 1962 ni
1492 1942 1504 1963 i
1529 1934 1562 1964 in
1585 1935 1676 1973 medio
1687 1934 1756 1975 foro
1767 1935 1868 1975 suerit
1882 1947 1946 1970 ma·

176 1970 241 2000 dz't:
263 1977 321 1998 non
334 1970 413 1999 enim
428 1969 460 1999 id
467 1968 583 2010 filum,
598 1971 677 2011 ‚quod
692 1971 725 2008 in
742 1971 869 2009 haerede,
886 1970 941 2012 secl
955 1980 1037 2008 omne
1072 1969 1224 2012 Jlurliatzcs
1234 1993 1247 2009 ,
1276 1970 1334 2010 nisi
1354 1971 1476 2004 Praetori
1502 1975 1596 2006 azidus
1620 1977 1734 2007 obviam
1752 1980 1890 2018 venerit,
1915 1979 1948 2011 δε

175 2010 249 2051 quod
263 2010 298 2039 ia
316 2009 468 2051 cujusque,
499 2010 611 2043 lucrum
632 2012 748 2053 aliquod
762 2021 799 2042 ex
808 2012 917 2043 ultima
933 2013 1035 2044 volun-

140 2060 142 2063 *
175 2055 236 2081 tate
245 2049 424 2090 sentientis,
435 2051 524 2082 talem
534 2059 649 2093 poenam
663 2055 696 2084 in
715 2051 882 2094 testamento
890 2053 1055 2095 seriptum*

171 2091 235 2131 fit,
264 2091 377 2122 nullius
395 2095 532 2124 momenti
558 2094 728 2126 habendum.
783 2094 977 2135 Respondit,
1001 2102 1037 2126 ut

174 2133 282 2170 vides,
314 2131 500 2171 Africanus,
530 2134 644 2166 inntile
670 2135 731 2167 ess'e
750 2135 908 2176 legatum,
929 2135 950 2168 fi
969 2160 979 2175 ,
1002 2136 1039 2168 fi-

176 2172 360 2206 liofamilias
379 2174 431 2205 vel
448 2173 540 2206 servo
565 2175 687 2212 haerede
703 2176 870 2215 instituto,
893 2178 924 2209 in
944 2178 1043 2218 patris

175 2215 340 2254 dominive
363 2224 489 2256 poenam
513 2217 618 2248 illicite
642 2218 690 2248 vel
705 2217 834 2258 probi-eye
852 2219 927 2258 quid
941 2219 1040 2250 fuerit

175 2256 283 2287 datum
296 2279 307 2293 ,
331 2255 362 2287 δε
380 2256 498 2288 addidit
512 2258 686 2298 rationem,
705 2260 789 2300 quod
806 2258 928 2295 seilicet
947 2269 1040 2292 omne

178 2297 232 2335 id,
263 2296 348 2337 quod
377 2297 409 2329 in
437 2299 525 2330 talem
544 2305 659 2339 poemzm
681 2301 897 2342 relinquitur,
924 2302 1041 2333 nullius

178 2337 333 2375 momenti
352 2337 409 2376 fit,
432 2349 496 2371 non
523 2349 644 2374 tantum
672 2342 702 2374 in
720 2342 851 2383 perso-na
871 2342 962 2384 ipfius
982 2343 1045 2374 hae-

178 2379 284 2417 redis,
313 2377 364 2410 sed
390 2381 420 2412 ἀ
448 2381 663 2423 cujuscunque
684 2384 828 2422 alterius,
854 2384 975 2415 lucrum
990 2385 1044 2415 ali-

179 2420 266 2462 quod
280 2429 321 2451 ex
341 2420 529 2453 testamento
542 2425 705 2465 capientis
750 2424 870 2465 Igitur,
896 2434 1044 2466 utpoenae

178 2462 308 2494 nomine
324 2461 461 2502 legatum
478 2463 515 2495 fit
530 2487 542 2503 ,
572 2465 739 2498 Africanus
762 2466 930 2505 desiderat,
954 2468 1044 2498 illici-

180 2510 207 2535 te
224 2503 272 2533 vel
285 2503 413 2543 probrose
429 2505 536 2537 datum
553 2506 632 2546 esse,
657 2517 758 2549 neque
771 2508 864 2539 etiam
885 2509 969 2540 omni
980 2518 1044 2549 poe-

182 2554 222 2576 na
238 2551 407 2575 contentus
427 2545 490 2584 est,
516 2545 568 2578 sed
586 2550 674 2580 talem
695 2555 810 2589 poerzom
826 2549 944 2591 exigit,
970 2560 1045 2591 qua-

167 2586 245 2619 ‘lem
269 2583 460 2625 praeiniserat
477 2608 489 2624 ,
518 2588 639 2621 illicitae
666 2589 788 2622 scilicet
812 2592 864 2623 vel
884 2590 1044 2632 probrosae

183 2626 331 2658 dationis.
377 2625 494 2659 Illicita
511 2629 541 2661 δε
552 2631 686 2670 probrosa
703 2639 826 2664 tantum
843 2642 907 2664 non
927 2632 1046 2674 semper

180 2668 399 2707 conveniunt,
421 2672 657 2711 naquuicquid
672 2671 757 2712 Lege
781 2673 968 2713 prohibente
986 2674 1023 2705 fit
1036 2696 1047 2712 ,

183 2708 228 2740 est
244 2707 430 2749 probrosum
443 2732 454 2748 ,
477 2710 506 2742 &
523 2712 596 2751 quic
620 2712 671 2744 uid
687 2713 731 2744 est
751 2713 935 2754 probrosum
946 2738 960 2753 „
979 2715 1047 2746 fere

185 2750 217 2781 in
238 2750 339 2791 Leges
362 2750 504 2783 incurrit.
550 2752 595 2783 Po
620 2753 680 2785 'unt
706 2761 810 2787 tamen
835 2755 986 2795 separari,
1012 2764 1047 2787 ut

185 2792 313 2832 proprie
331 2793 504 2824 conditionis
519 2794 633 2825 illicitoe
650 2795 729 2833 sint,
751 2805 826 2836 quas
844 2795 972 2827 testator
992 2798 1047 2828 im-

186 2841 275 2873 perat
300 2841 412 2864 contra
438 2833 537 2875 Leges
556 2859 565 2874 ‚
597 2835 681 2868 SCta
700 2860 709 2875 ‚
744 2837 774 2868 ἃ
794 2837 1046 2870 Constitutiones

187 2873 369 2914 Principum
388 2897 398 2912 ,
431 2878 693 2916 quemadmodum
718 2877 786 2909 haec
801 2879 992 2910 definiuntur
1015 2880 1046 2912 in

189 2915 210 2945 1.
237 2924 285 2955 14.
308 2915 344 2949 &⁴
363 2915 383 2947 l.
408 2925 458 2955 15.
473 2917 515 2958 ff.
537 2920 571 2949 cle
596 2919 758 2951 Condition.
788 2919 883 2961 instit.
928 2918 1047 2962 Quam-

187 2955 296 2987 obrem
312 2956 334 2988 fi
353 2956 508 2990 haeredem
522 2959 712 2992 damnavero
727 2961 836 2993 decem
854 2962 926 2993 dare
941 2961 1050 3000 Tine,

187 2996 243 3033 nist
265 2999 394 3037 patriam
417 3001 603 3039 prodiderit,
636 3000 693 3040 rufi
719 3003 861 3034 alimenta
893 3005 1048 3045 negaverit

189 3037 385 3077 Parentibus,
415 3039 472 3078 nist
492 3040 591 3081 fllium
616 3044 771 3082 occiderit,
793 3045 823 3076 ὃς
840 3053 909 3085 quae
929 3046 999 3077 sunt
1015 3045 1050 3077 fi-

190 3079 295 3116 wilia,
319 3081 391 3120 quia
408 3081 476 3113 haze
492 3084 598 3115 omnia
618 3093 683 3116 non
706 3092 825 3117 tantum
845 3085 1052 3126 pertinentad

189 3117 285 3159 solam
303 3129 445 3164 poenam,
469 3121 520 3155 scd
536 3125 566 3156 ἃ
584 3134 673 3164 eam,
699 3136 759 3167 qua
778 3126 893 3166 hau-es,
919 3127 949 3159 id
958 3137 1049 3169 agen-

187 3158 251 3196 do,
272 3162 565 3197 animadversionem
584 3167 720 3207 publica:
748 3167 906 3200 Vindictae
921 3178 985 3201 non
1002 3167 1047 3200 ef-

185 3198 311 3241 fugeret
325 3221 336 3238 ,
373 3204 488 3235 merito
513 3214 572 3247 pro
599 3217 665 3241 non
691 3206 816 3250 scriptis
842 3209 996 3243 habentur
1016 3211 1045 3242 cl.

1080 2021 1149 2053 quae
1175 2010 1247 2044 sunt
1273 2012 1333 2044 alia
1359 2013 1497 2054 ejusdem
1525 2014 1635 2047 farinae
1652 2039 1664 2055 ,
1697 2017 1792 2049 etiam
1811 2028 1828 2050 a
1846 2018 1948 2052 Paulo

1079 2061 1252 2092 memorata
1271 2054 1302 2085 ἃ,
1319 2054 1494 2095 improbata
1511 2055 1543 2088 in
1572 2057 1599 2088 cl.
1622 2057 1643 2089 l.
1663 2067 1694 2094 9.
1738 2058 1949 2102 Turpitudo,

1079 2104 1151 2135 quae
1169 2094 1317 2126 omnibus
1333 2095 1381 2126 his
1398 2096 1637 2130 conditionibus
1654 2098 1754 2138 inest,
1784 2100 1885 2141 ipsum
1903 2102 1950 2134 le-

1079 2142 1187 2177 gatum
1215 2136 1317 2167 reddit
1341 2136 1462 2168 nullum
1481 2160 1492 2177 ‚
1523 2138 1568 2170 ita
1595 2147 1632 2171 ut
1654 2140 1734 2173 nihil
1763 2142 1801 2174 ad
1817 2142 1948 2176 Titium

1083 2177 1245 2218 perveniat
1265 2199 1278 2216 ,
1307 2177 1424 2209 etiamsi
1440 2178 1539 2211 haeres
1565 2180 1644 2212 nihil
1661 2181 1776 2213 horum
1793 2183 1948 2224 praestite-

1082 2216 1141 2249 rit:
1165 2228 1254 2257 nam,
1280 2226 1314 2250 ut
1330 2218 1516 2260 Papinianus
1541 2220 1716 2261 super-dixit
1740 2223 1773 2255 in
1795 2225 1823 2256 d.
1848 2225 1868 2257 l.
1895 2233 1945 2266 15.

1078 2259 1119 2301 ff.
1140 2261 1173 2291 de
1194 2260 1358 2291 Conclition.
1377 2258 1470 2300 instit.
1490 2271 1550 2303 quae
1559 2262 1651 2303 fasta
1667 2265 1775 2296 laedunr
1791 2267 1947 2307 pietatem,

1086 2300 1327 2341 existimationem
1339 2323 1351 2339 ‚
1373 2304 1580 2335 verecundiam
1603 2302 1747 2346 nostram,
1774 2306 1829 2346 &,
1850 2313 1883 2339 ut
1894 2318 1948 2350 ge·

1086 2342 1228 2374 iieraliter
1253 2344 1379 2374 dixerim
1396 2365 1408 2381 ,
1439 2350 1541 2376 contra
1562 2347 1644 2378 bonos
1668 2357 1758 2378 mores
1768 2347 1869 2388 fiunt,
1893 2358 1949 2381 nec

1079 2385 1185 2425 facere
1211 2394 1262 2415 nos
1281 2384 1355 2425 poffi
1380 2386 1552 2418 credendam
1575 2385 1625 2428 eft.
1672 2387 1848 2420 Censentur
1865 2388 1950 2423 scili*

1087 2433 1139 2457 eet
1164 2435 1199 2456 ea
1226 2426 1295 2466 jure
1319 2426 1554 2467 impoffibilium
1573 2451 1584 2468 ,
1613 2429 1644 2461 &
1669 2428 1733 2461 five
1751 2429 1951 2471 impoffibilia

1086 2466 1313 2508 praecipiantur
1330 2490 1340 2505 ‚
1372 2467 1435 2499 five
1459 2468 1569 2500 illicita
1585 2492 1597 2508 ‚
1625 2469 1690 2501 five
1706 2470 1807 2512 turpia
1826 2471 1856 2504 &
1875 2481 1949 2514 pro·

1086 2508 1197 2546 brosa,
1221 2509 1286 2550 pari
1302 2508 1371 2540 haec
1388 2507 1474 2550 passu
1488 2510 1658 2542 ambulant.
1701 2510 1793 2543 Unde
1807 2511 1829 2545 fi
1847 2512 1877 2545 le
1899 2523 1951 2547 em

1087 2550 1125 2581 ab
1144 2550 1286 2588 haerede,
1308 2549 1365 2589 nist
1379 2551 1473 2592 digito
1501 2551 1601 2582 coelum
1616 2552 1774 2594 attigerit,
1797 2562 1869 2595 quae
1899 2565 1950 2588 or-

1089 2591 1173 2622 mula
1191 2592 1295 2632 paflim
1313 2591 1358 2623 cst
1373 2592 1453 2632 apud
1469 2590 1586 2631 JCtos,
1610 2593 1640 2624 δε
1664 2593 1745 2633 apud
1761 2593 1953 2630 Ciceronem

1090 2632 1130 2665 L.
1157 2632 1196 2664 ll.
1235 2634 1273 2663 ad
1303 2632 1402 2664 Arne.
1437 2631 1534 2674 Epist.
1563 2642 1588 2664 1.
1614 2633 1645 2665 &
1661 2634 1815 2668 Ovidium
1839 2636 1881 2670 L.
1905 2638 1948 2672 ΙΙ.

1089 2675 1122 2705 de
1144 2673 1237 2705 Ponto
1259 2673 1347 2715 Eleg.
1370 2673 1410 2705 11.
1431 2675 1474 2715 ij
1502 2683 1549 2705 10.
1577 2683 1665 2715 aeque
1690 2676 1812 2709 nullum
1829 2679 1892 2711 erit
1906 2679 1951 2712 le·

1090 2723 1216 2756 garum,
1244 2722 1338 2755 atque
1367 2715 1389 2746 fi
1419 2715 1533 2746 haeredi
1562 2715 1708 2749 illicitam
1741 2718 1794 2750 vel
1825 2727 1952 2762 turpem

1091 2756 1306 2788 conditionem
1323 2755 1535 2798 adscripserim
1548 2780 1558 2796 ,
1584 2758 1635 2797 &,
1659 2757 1715 2790 niss
1733 2761 1951 2802 paruerit‚de-

1091 2807 1158 2829 cem
1176 2798 1248 2828 dare
1261 2795 1409 2836 jufferim.

1133 2838 1215 2870 Illud
1232 2848 1309 2870 vero
1331 2839 1409 2870 certi
1425 2839 1502 2879 juris
1518 2838 1581 2879 est,
1612 2841 1765 2881 eJ'usmodi
1792 2843 1950 2886 improbas

1090 2879 1310 2918 conditiones,
1332 2881 1483 2920 a1-pofitas
1502 2880 1636 2922 haeredi‚
1660 2881 1801 2924 respectu
1823 2885 1950 2920 haeredi-

1090 2922 1184 2959 tatis,
1206 2921 1259 2952 vel
1281 2921 1449 2961 legatario,
1483 2921 1623 2963 respectu
1638 2923 1754 2965 legati,
1776 2935 1840 2959 non
1857 2928 1949 2961 vitia-

1090 2972 1124 2994 re
1145 2960 1240 3003 ipsam
1267 2962 1496 2994 institutionem
1523 2964 1575 2996 vel
1600 2964 1736 3006 legatum
1753 2989 1763 3005 ,
1794 2966 1845 2999 sed
1871 2968 1952 3004 solas

1094 3004 1292 3035 conditiones
1308 3004 1426 3035 remitti
1453 3005 1504 3036 vel
1526 3014 1585 3046 pro
1601 3015 1665 3038 non
1684 3004 1806 3048 scriptis
1822 3009 1950 3052 haberi,

1093 3053 1188 3086 atque
1213 3044 1254 3075 ita
1282 3045 1429 3086 perinde,
1460 3055 1495 3076 ac
1513 3046 1534 3079 fi
1558 3047 1758 3080 conditiones
1775 3048 1951 3085 haereditati

1093 3086 1156 3118 sive
1182 3086 1286 3127 legato
1312 3086 1439 3126 adjce‘tae
1463 3096 1526 3119 non
1550 3087 1670 3126 effent,
1700 3090 1768 3130 capi
1788 3091 1949 3125 haeredita-

1093 3135 1156 3159 tem
1177 3127 1355 3168 legatumve
1377 3129 1406 3159 al.
1431 3127 1450 3158 l.
1475 3137 1506 3165 9.
1530 3127 1566 3163 ἐπ”
1584 3130 1614 3160 d.
1637 3128 1657 3160 l.
1686 3138 1735 3170 14.
1753 3130 1794 3172 ff.
1819 3134 1852 3164 de
1875 3135 1948 3166 Con-

1089 3170 1192 3200 dicion.
1218 3168 1312 3210 insliz.
1358 3169 1412 3201 Sin
1438 3168 1475 3200 ab
1502 3169 1624 3201 haerede
1648 3171 1699 3202 vel
1726 3172 1764 3203 ab
1783 3173 1849 3214 ipso
1870 3175 1950 3216 lega-

1091 3210 1170 3242 tario
1188 3209 1309 3251 legetur
1327 3209 1383 3243 sub
1399 3210 1472 3251 his,
1495 3220 1571 3252 quas
1587 3210 1673 3251 dixi,
1696 3213 1953 3261 conditionibus,

1852 3264 1950 3291 etiam
