2008 3436
178 116 220 150 28

430 113 457 147 C
483 115 574 150 Oli
600 116 638 151 N
665 116 826 152 E-1,11
903 131 956 154 vr„
985 129 1009 154 11

177 190 270 221 etiam
302 190 376 222 alias
403 191 512 224 usitata
528 204 537 231 ;
568 204 604 226 ac
620 195 664 226 ita
682 196 712 226 in
731 195 814 228 saclo
832 197 910 229 bene
926 209 1044 230 conve-

175 233 241 262 nit:
273 231 302 263 15(
331 233 488 265 constabit
507 245 652 276 quoque,
677 247 767 277 quam
787 239 828 269 ob
851 249 915 270 rem
932 240 970 270 de
987 250 1041 271 110-

179 272 220 303 tis
245 274 277 303 <in
306 279 361 304 toto
390 275 479 315 Jurls
503 278 621 317 Corpore
649 278 761 309 additis
787 279 902 311 dixerit
922 280 1041 311 111111111-

179 313 255 352 dus3
280 313 349 346 liaec
365 317 448 348 enim
465 317 501 348 ad
521 317 709 356 Pamiceias,
731 322 791 348 κατ’
806 322 898 357 iga-sylv
916 321 1041 353 Floren-

178 355 278 392 tinas,
305 355 414 388 referri
442 367 609 398 nequeunt.
663 359 738 391 Hoc
766 361 787 393 si
805 372 866 393 non
888 363 1008 403 placcat
1029 386 1040 402 ,

178 394 364 428 sententiam
379 397 535 430 Clausulae
554 400 691 432 dicamus
710 411 841 441 eam,ut
859 403 1042 444 ultraquam

178 437 212 467 in
231 437 392 470 Pandcftis
418 439 608 472 Florentinis
634 442 745 473 aliisve
761 467 770 482 ,
795 444 910 476 additae
928 444 987 476 fint
1004 445 1040 476 il-

183 477 224 508 1ae
242 480 362 510 notulae
389 484 428 515 ss
473 485 532 519 sl,
554 491 616 513 non
635 492 711 514 vero
731 485 815 524 quod
832 486 869 516 iis
889 485 1043 517 inclusum

180 517 241 550 est:
268 520 312 551 ait
328 522 452 561 quidem
469 524 542 563 qaod
563 523 704 564 inclusam
718 525 777 565 eff,
803 525 853 558 sed
871 525 991 557 rursum
1004 527 1041 558 il-

178 558 234 591 lud
252 561 421 602 improprie
442 565 503 594 crit
517 564 734 604 accipiendum
746 590 755 605 ‚
786 575 971 599 contentum
988 577 1043 608 pu-

183 609 213 632 ta
238 610 295 641 pro
321 604 505 635 continente
524 627 536 643 ,
567 613 620 644 pei·
646 606 776 646 figuram
802 609 908 640 nescio
940 618 1043 647 quam.

180 642 246 682 Jain
275 652 351 674 vcro
381 652 501 676 certum
529 645 600 685 est,
633 647 665 679 iii
690 648 876 681 Florentino
895 673 904 688 ‚
933 651 1044 681 aliisve

181 691 254 714 ante
283 683 466 716 Ruffartlum
495 685 600 719 Libris
635 688 724 720 hasce
754 691 878 723 notulas
903 695 944 727 sl
1003 693 1043 725 ll

179 733 245 755 non
270 725 398 764 reperiri
417 737 424 756 :
459 727 512 758 1110
531 728 664 768 primum
688 731 825 770 addidit,
848 740 902 770 ut,
926 732 1000 773 quid
1017 742 1044 763 a·

181 764 244 805 pud
261 764 478 799 Haioandmm
498 768 593 808 desit,
629 770 811 811 significent.
859 773 963 814 Atque
978 774 1019 804 ita
1033 797 1043 812 ,

181 805 203 837 ii
218 806 368 846 explicari
388 808 499 848 pOffit,
523 811 708 851 explicanda
727 814 852 845 videtui·
872 824 905 845 ea
923 814 1044 845 111111111-

180 847 212 878 di
233 848 426 888 admonitio,
451 860 490 882 ne
500 852 630 886 omnino
647 853 683 884 sit
699 853 797 893 falsa,
820 855 930 887 aliisve
949 857 1047 897 impo-

179 888 295 920 sterum
326 890 477 930 imponat.v
525 893 625 925 Porro
649 896 842 934 notandum,
874 897 905 928 in
925 896 1046 928 Editio-

180 929 291 968 nibus,
324 930 418 962 hodie
440 933 642 974 vulgaribus,
676 936 750 968 illos
765 937 921 978 signorum
940 939 1044 969 cnara-

181 971 298 1009 clere's,
324 981 403 1012 quos
419 974 496 1005 adeo
514 974 650 1007 sollicite
674 976 820 1010 distinxit
841 978 1043 1018 Tarii-ellium,

180 1012 310 1052 pesiimo
342 1015 490 1055 exemplo
516 1016 669 1049 confundi
691 1041 702 1056 ,
735 1020 764 1051 ὃ(
788 1019 888 1051 ferme
916 1030 1045 1058 omneS,

180 1052 302 1084 diversa
326 1053 403 1086 licet
432 1056 602 1097 denotent,
633 1069 693 1091 una
718 1070 870 1092 uncorum
896 1061 910 1102 [
934 1061 947 1103 ]
972 1061 1044 1093 ficic-

182 1094 225 1125 113
243 1094 388 1127 dealbari.
436 1097 527 1129 Unde
546 1099 576 1131 ὃ(
594 1100 626 1132 111
651 1101 713 1132 illis
734 1102 759 1130 τὲ
770 1104 898 1142 pecunia
915 1103 1045 1134 uncinu—

179 1135 220 1167 lis
252 1137 480 1178 concluditur,
510 1149 606 1181 quum
629 1142 741 1174 refilius
764 1143 932 1183 Editores,
967 1153 1046 1189 quos

182 1179 355 1209 memoravi
389 1179 477 1220 supra
491 1205 501 1220 ,
534 1181 608 1213 huic
631 1184 703 1214 voci
729 1183 927 1225 apposuerint
949 1194 1044 1225 gemi-

177 1226 267 1257 natas
299 1218 431 1251 lineolas
462 1224 504 1258 ll
558 1226 616 1258 ll:
652 1232 766 1264 utpote
795 1235 864 1266 quae
897 1224 1045 1270 101001111-

179 1267 350 1297 moneant,
370 1270 436 1292 eam
460 1263 592 1295 omisisse
613 1264 848 1304 Halo-andrum,
874 1274 969 1306 prout
984 1275 1045 1305 jam

180 1300 329 1332 diximus.
382 1302 493 1335 Minus
523 1304 736 1345 satisfaciunt,
769 1316 838 1347 quae
861 1307 899 1338 de
922 1306 969 1338 liis
992 1315 1048 1337 no-

181 1342 224 1373 tis
255 1341 460 1376 observarunt
489 1345 655 1377 Albericus
693 1345 831 1379 Gentilis
869 1349 903 1379 cle
944 1347 1048 1378 Libris

183 1382 256 1423 Jur.
285 1383 374 1414 civil.
402 1385 432 1415 C.
451 1384 505 1418 IV.
532 1387 562 1418 δι
583 1385 722 1419 Niellius
746 1388 865 1429 Disput.
888 1387 1046 1435 Feud.III.

180 1425 215 1455 {n
238 1424 378 1455 Corollar.
410 1425 470 1457 litt.
496 1427 539 1460 K.
584 1427 779 1461 Videbantur
802 1430 899 1471 igitur
918 1430 985 1461 haec
1000 1430 1045 1461 di-

181 1464 335 1507 greslione
351 1465 454 1507 digna.

226 1505 281 1536 Ait
297 1504 414 1545 JCtus;
424 1506 486 1549 post
506 1511 646 1542 ecundum
659 1511 695 1547 ἐξ)
711 1513 828 1544 tertium
845 1512 969 1544 trabium
986 1512 1047 1545 &a

181 1545 294 1587 Gloss'a
311 1548 340 1579 &
370 1546 477 1582 Donei
494 1561 529 1583 us
558 1551 683 1584 trabium
710 1554 955 1594 interpretantur
971 1564 1048 1586 men-

173 1588 261 1630 sem,
292 1588 374 1629 quasi
399 1591 508 1624 mensis
529 1592 568 1625 sit
584 1593 692 1626 trablas
715 1594 751 1630 δέ’
763 1596 915 1636 spatium,
939 1596 977 1628 ad
987 1595 1048 1637 stil-

180 1630 308 1661 vendam
324 1639 411 1671 quam
432 1641 465 1663 ue
478 1633 643 1674 pensionem
660 1635 855 1678 constitutum.
901 1636 978 1669 Non
993 1646 1048 1678 pu-

182 1678 269 1710 tem,
295 1679 350 1702 eos
376 1681 416 1704 ve
430 1673 479 1713 le,
513 1676 645 1710 traClum
661 1676 845 1719 simpliciter
859 1677 996 1710 inensem
1013 1678 1048 1711 si-

180 1710 332 1753 gnificare
348 1735 360 1751 ,
391 1713 540 1755 siquidem
566 1727 681 1757 nemo,
704 1719 790 1760 quod
806 1718 922 1758 sciam,
946 1719 990 1751 ita
1012 1719 1050 1752 fit

181 1755 314 1796 locutus
338 1753 452 1787 Latine
467 1780 478 1796 ,
511 1757 563 1790 sed
586 1758 710 1791 cursum
732 1759 908 1802 spatiumve
924 1761 1052 1802 aliquod

181 1795 337 1835 temporis
347 1817 359 1833 ‚
367 1797 452 1837 quod
464 1798 535 1831 heic
543 1799 583 1830 de
592 1801 695 1833 mense
703 1802 921 1842 accipiendum
937 1800 982 1834 est
990 1826 1000 1841 ‚
1015 1810 1051 1834 ut

182 1845 225 1867 ex
239 1836 489 1876 praecedentibus
505 1841 613 1873 claret.
659 1842 777 1874 Verum
789 1866 800 1882 ,
822 1843 894 1884 quia
909 1853 974 1876 non
991 1850 1049 1875 tra·

183 1876 245 1908 &us
269 1879 363 1909 ἁπλῶς
379 1901 391 1917 ,
424 1888 457 1911 at
481 1879 550 1913 fei-e
581 1883 689 1914 tracias
713 1886 846 1924 teiizporis
865 1907 876 1923 ,
906 1894 945 1916 eo
963 1884 1051 1917 sensu

182 1919 327 1950 occurrit
346 1918 485 1961 semper,
509 1924 770 1963 quemadmodum
789 1926 820 1957 in
845 1926 865 1957 l.
891 1936 942 1964 29.
959 1926 1000 1967 ff.
1016 1928 1049 1958 de

183 1958 228 1990 R.
253 1958 290 1999 J.
316 1960 347 1992 δι·
370 1962 468 2002 alibi,
492 1964 691 1999 commodius
715 1966 776 1998 erit
783 1989 795 2005 ,
818 1967 841 1999 fi
872 1967 900 1995 w*
915 1968 1050 2009 menjem,

185 2000 271 2041 quod
293 2002 440 2041 proxime
462 2006 616 2045 praeceslit
635 2028 647 2045 ,
687 2006 958 2050 subintelligamus
975 2031 986 2048 ,
1019 2010 1049 2041 ὅ(

184 2039 310 2072 ιναᾶῑιηι
326 2052 532 2084 exponamus
553 2047 733 2087 protraffncm
761 2049 791 2081 (St
815 2050 960 2088 dilatam,
983 2049 1048 2081 sen-

183 2081 242 2120 su,
263 2091 354 2123 quem
379 2085 468 2117 vides
484 2108 496 2125 ,
525 2086 629 2119 bono:
652 2089 731 2121 nihil
756 2090 838 2121 enim
853 2089 1050 2133 frequentius

183 2122 250 2162 est,
275 2133 367 2164 quarn
384 2125 467 2158 diem
485 2127 537 2159 vel
555 2137 678 2170 tempus
703 2132 816 2162 trahere
836 2140 894 2171 pro
911 2131 1049 2171 differre,

182 2172 221 2196 ut
243 2165 338 2208 variis
363 2167 696 2207 procrastinationibus
723 2170 790 2203 fere
807 2171 909 2204 solent
927 2173 1050 2204 debito-

185 2215 272 2277 resd,
301 2207 364 2239 vid.
394 2208 415 2240 l.
437 2209 491 2241 ult.
520 2209 560 2251 ff.
593 2212 632 2242 ad
657 2212 766 2244 SCtum
800 2213 925 2254 Turpill.
949 2213 970 2246 l.
993 2214 1049 2246 ult.

213 2271 221 2278 .
264 2257 278 2277 e
297 2257 328 2279 re
358 2249 440 2281 'adia

179 2246 216 2307 ff
229 2287 289 2320 Sed
304 2259 434 2322 adJrem.
481 2291 513 2324 Si
531 2292 658 2325 debitor
683 2294 714 2326 &
734 2293 902 2327 secundum
914 2318 923 2333 ,
946 2296 975 2328 &
992 2304 1050 2328 ter-

185 2329 265 2360 tium
291 2330 428 2363 mensem
456 2333 589 2365 traxerit
616 2334 636 2366 i.
662 2344 689 2366 e.
724 2336 756 2368 in
779 2336 936 2368 solutione
951 2347 1050 2369 mora-

185 2378 238 2401 tus
254 2369 372 2410 fuerit,
403 2374 549 2412 eandem,
585 2384 653 2416 quae
671 2377 702 2408 in
719 2377 866 2418 pensione
880 2379 981 2424 prinia
997 2379 1051 2410 ob-

186 2411 284 2442 tinuit
311 2414 466 2446 rationem
484 2438 494 2454 ,
529 2415 623 2448 etiam
648 2417 680 2448 in
707 2418 835 2460 reliquis
870 2420 1049 2451 ici-vandam

185 2451 296 2484 scribit
312 2453 443 2494 Paulus,
467 2464 499 2487 at
523 2466 562 2487 ue
586 2457 664 2489 adeo
678 2458 779 2500 zcsttras
800 2469 857 2491 non
865 2460 967 2502 Jblucae
976 2467 1048 2502 pen-

181 2491 273 2531 sionis
288 2495 421 2534 crescere.
457 2466 530 2529 Ulli.
553 2497 657 2531 Zasius
675 2499 706 2531 in
729 2500 830 2542 Gloffis
845 2502 883 2533 ad
901 2511 974 2533 voc.
991 2512 1050 2533 cre-

178 2533 262 2575 scere
295 2534 338 2566 ita
361 2543 463 2568 notat.
508 2537 629 2586 ,Quanto
649 2542 746 2572 minus
762 2542 894 2582 salvitar
922 2544 1050 2575 debitum

181 2581 237 2615 per
252 2575 361 2617 menses
370 2598 381 2614 ,
398 2582 480 2609 tanto
488 2579 558 2618 plus
577 2580 707 2621 crescunt
715 2581 822 2623 usurae:
838 2584 976 2626 quiajam
993 2591 1050 2616 tres

185 2616 295 2658 menses
312 2616 470 2658 ceffcwerat
485 2620 615 2659 debitor,
636 2623 704 2653 inde
726 2625 871 2655 tenebitur
887 2626 925 2656 ad
946 2635 1049 2656 novem

184 2658 318 2688 denarios
338 2663 393 2698 pro
415 2659 516 2700 uficrz's.
562 2660 645 2692 Vera
694 2664 848 2704 ropositio
866 2689 875 2704 ,
907 2665 1020 2697 falsum
1039 2689 1050 2705 ,

184 2707 226 2730 ex
242 2707 279 2730 ea
295 2699 380 2740 quod
396 2700 570 2742 colligitur.
625 2702 653 2734 E
705 2705 822 2736 etenim
840 2705 934 2747 longe
952 2707 1050 2747 major

183 2739 298 2775 ἔμφασις
322 2739 355 2772 111
381 2742 497 2774 vocula
523 2742 673 2783 crescere.-
702 2754 737 2776 ea
756 2746 924 2786 nimirum,
949 2755 1006 2786 ut,
1027 2747 1051 2780 fi

184 2780 287 2813 tribus
305 2790 347 2813 ex
363 2782 474 2815 ordine
499 2782 648 2817 Kalendis
673 2785 706 2818 in
721 2785 881 2819 solutione
901 2787 1049 2821 cessatum

186 2821 306 2860 fuerit,
328 2822 494 2863 postremae
519 2825 645 2867 quidem
668 2827 823 2868 pensionis
843 2826 941 2860 usurae
957 2827 1050 2862 semel

127 2901 134 2908 ¹
186 2870 311 2894 tantum
326 2863 517 2906 debeantur,
552 2867 625 2908 quia
648 2866 742 2900 semel
763 2869 793 2901 h.
811 2879 838 2901 e.
863 2878 928 2901 uno
943 2870 1051 2902 dunta-

184 2912 241 2935 xat
265 2904 371 2936 mense
385 2928 397 2944 ,
428 2908 514 2949 quod
526 2907 563 2939 ad
581 2909 667 2942 illam
689 2910 888 2951 pensionem,
910 2919 1050 2944 moratus

184 2943 230 2976 est
245 2945 388 2978 debitor:
411 2954 443 2979 at
460 2954 541 2980 vero·
553 2950 797 2990 praecedentium
814 2950 998 2993 pensionum
1016 2962 1048 2984 u-

185 2983 287 3025 surae,
318 2995 534 3028 pro-numero
558 2991 708 3024 mensium
725 3016 736 3032 ,
767 2993 880 3035 quibus
905 2992 936 3025 in
961 3002 1048 3026 mora

184 3025 381 3068 perseverat,
406 3029 576 3064 identidem
599 3032 750 3066 crescant.
794 3034 853 3066 Per
873 3042 935 3067 tres
951 3035 1048 3077 igitur

185 3065 305 3099 menses
335 3069 358 3103 si
385 3070 466 3105 nihil
493 3070 592 3107 fuerit
613 3072 774 3118 solutum,
793 3076 903 3117 primae
926 3075 1045 3116 penfio-

1084 104 1694 162 B'YNKERSHOEK

1083 200 1131 231 nis
1167 200 1267 232 usurae
1299 211 1375 241 101,
1410 203 1549 236 i'ecundze
1582 206 1655 245 bis,
1704 207 1825 240 ultima:
1856 209 1948 246 semel
2000 222 2005 236 =¹

1083 242 1344 282 committemus,
1381 245 1487 277 habita
1518 247 1640 278 ratione
1663 257 1760 280 morae
1785 259 1851 290 ter,
1873 251 1920 284 bis
1936 277 1947 293 ,

1084 283 1113 313 ὅ(
1145 282 1239 314 1011101
1269 286 1451 318 commiil'ae.
1505 286 1707 330 Quapropter
1740 299 1826 332 patet
1845 315 1856 330 ,
1879 295 1948 334 post

1086 324 1192 355 tertias
1217 324 1369 358 Kalendas
1399 327 1498 368 lapsas
1514 350 1525 366 ,
1562 330 1690 370 ejusque
1719 335 1870 373 temporis
1892 342 1947 368 tra-

1085 366 1168 395 cium
1201 365 1231 397 in
1257 376 1344 397 mora
1363 391 1372 407 ,
1407 368 1581 400 debitorem
1615 372 1711 403 teneri
1733 396 1742 412 ,
1790 374 1948 410 usurarum

1086 406 1236 444 nomine,
1266 417 1329 439 nen
1349 409 1385 440 ad
1411 411 1554 442 denarios
1579 421 1716 452 noveni,
1743 422 1777 446 ut
1794 415 1849 446 ille
1862 425 1949 458 puta-

1086 446 1134 477 vit
1155 469 1167 484 ,
1199 446 1250 479 scd
1275 449 1312 479 ad
1337 450 1514 483 octodecim
1540 463 1547 483 :
1594 463 1710 486 novem
1740 455 1862 488 scilicet
1890 467 1948 500 pro

1085 487 1230 527 pensione
1252 489 1369 529 prima,
1404 491 1456 523 sex
1483 501 1540 533 pro
1559 494 1705 536 secunda,
1733 506 1795 529 tres
1817 498 1950 540 denique

1086 537 1144 568 pro
1173 530 1292 561 ultima.
1348 531 1395 563 lta
1422 533 1518 565 usurae
1551 544 1640 567 erunt
1664 538 1761 578 duplo
1790 540 1948 581 majores,

1086 577 1177 607 quam
1194 570 1282 602 Zasio
1299 581 1494 606 memoratae:
1509 577 1592 616 quod
1603 579 1624 609 si
1635 577 1699 618 ipse
1716 580 1949 614 animadvertis-

1087 608 1133 640 set
1145 611 1380 653 ,ambigendum
1399 624 1460 646 non
1476 616 1537 655 est,
1548 618 1623 658 quin
1635 620 1736 651 acrius
1750 622 1851 654 adime
1872 624 1950 656 mul-

1087 658 1122 680 to
1140 651 1330 683 detonuisset
1348 655 1378 685 in
1396 655 1539 695 usuram,
1561 660 1743 692 maleasfnmz
1768 664 1851 695 illam
1875 665 1950 705 (uti

1085 691 1147 731 jam
1163 692 1263 732 inquit
1279 695 1374 725 eodem
1391 697 1468 737 loco)
1490 698 1628 738 herbam,
1651 712 1710 742 quie
1733 706 1776 734 ita
1792 707 1891 743 crescit
1915 705 1952 740 ἐξ

1077 733 1174 772 serpit
1192 734 1348 772 paulatim.
1394 736 1470 769 Non
1498 740 1588 771 aliter
1613 750 1715 774 tamen
1731 767 1739 783 ,
1772 755 1809 777 ac
1826 741 1950 785 Zasius,

1088 773 1218 814 sapuiss'e
1244 775 1390 808 videntur
1415 779 1536 811 Basilici
1554 803 1564 818 ,
1598 791 1631 813 ut
1660 785 1780 823 poteris
1798 787 1951 828 colligere

1089 824 1129 846 ex
1154 815 1214 854 iis,
1246 825 1314 856 quae
1342 820 1507 852 retulimus
1538 829 1602 862 cap.
1626 823 1685 855 IX.
1716 826 1827 859 melius
1848 836 1951 861 tamen

1089 865 1198 887 eorum
1214 856 1402 891 scholiastes
1420 861 1571 902 Cyrillus.

1131 895 1205 928 Post
1232 898 1356 931 cursum
1381 900 1551 935 usurarium
1575 905 1606 936 in
1636 906 1762 948 singulis
1795 916 1952 944 trecento-

1087 947 1155 970 rum
1179 938 1375 978 pensionibus
1399 966 1409 980 ,
1442 954 1483 975 ex
1506 945 1628 977 ratione
1651 949 1822 982 commissae
1851 961 1949 986 morae

1087 978 1279 1020 descriptum
1297 1004 1308 1019 ,
1339 984 1442 1027 pergit
1468 985 1676 1019 demonstrare
1699 989 1832 1031 Paulus,
1859 1002 1952 1034 quan-

1088 1020 1129 1051 do
1166 1021 1289 1052 tandem
1318 1024 1476 1057 usurarum
1511 1026 1602 1060 sortis
1635 1030 1787 1064 universae
1811 1034 1876 1066 dies
1899 1044 1950 1067 ce·

1087 1062 1159 1100 dat,
1205 1071 1258 1108 uas
1277 1072 1353 1095 mox
1372 1075 1389 1096 a
1405 1067 1503 1107 prima
1522 1078 1609 1100 mora
1635 1072 1784 1112 urgebant
1801 1074 1952 1108 Adversa·

1087 1103 1136 1134 rii.
1216 1111 1272 1134 icit
1302 1113 1427 1145 autem,
1455 1118 1512 1139 non
1542 1116 1609 1141 ante
1620 1112 1710 1152 sartis
1736 1116 1904 1156 nonfhlzita’
1918 1127 1950 1149 u-

1080 1144 1167 1185 suras
1179 1145 1243 1184 peti
1255 1145 1444 1187 postestatum
1461 1150 1523 1189 ipsa
1536 1151 1668 1192 fiirspetz'
1681 1160 1825 1194 potuerat.
1852 1158 1952 1199 Quod

1088 1185 1126 1215 de
1143 1184 1227 1216 soi-te
1243 1186 1447 1228 praedicatur‚
1472 1191 1510 1221 de
1528 1193 1670 1225 universa
1691 1195 1752 1227 dici
1776 1198 1951 1239 11111111111119,

1089 1234 1182 1265 qnam
1209 1234 1281 1256 cuin
1308 1226 1458 1260 Accursio
1484 1231 1663 1273 dcrefiJlta,
1689 1245 1784 1275 quum
1801 1240 1831 1270 id
1849 1239 1885 1270 sit
1904 1240 1952 1272 cf-

1089 1266 1239 1297 ficacius:
1274 1267 1411 1301 edisserit
1435 1280 1568 1312 namque
1597 1275 1738 1308 adversus
1777 1279 1952 1313 dissidentes

1089 1305 1266 1339 Adseffores
1293 1308 1417 1350 JCtus,
1450 1310 1542 1344 sortis
1568 1316 1686 1353 totius,
1717 1327 1790 1350 cuin
1806 1320 1869 1360 ipsa
1888 1331 1952 1354 non

1090 1348 1262 1386 debeatur,
1292 1348 1398 1383 usuras
1420 1352 1523 1385 deberi
1541 1365 1604 1387 non
1621 1356 1718 1398 poss'e.
1762 1359 1869 1402 Atque
1892 1362 1954 1394 1100

1088 1388 1290 1430 prosequitur
1305 1391 1388 1423 clare
1400 1415 1411 1431 ,
1435 1395 1530 1426 modo
1548 1407 1657 1430 vei-um
1685 1398 1743 1438 sit,
1766 1402 1850 1442 quod
1866 1403 1903 1434 de
1921 1413 1952 1435 u-

1091 1429 1159 1462 sura
1185 1430 1292 1476 dilatat
1325 1441 1450 1475 quoque
1483 1437 1587 1469 iriense
1615 1440 1771 1481 pensionis
1800 1444 1954 1477 duntaxat

1090 1470 1253 1504 commissa
1278 1472 1468 1514 disputatum
1502 1486 1576 1511 erat.
1625 1481 1691 1522 Ipsa
1729 1491 1832 1518 autem
1865 1483 1955 1526 sors,

1092 1513 1155 1545 hoc
1173 1511 1237 1551 est,
1261 1513 1404 1548 universa
1422 1520 1586 1559 qaindecim
1604 1532 1676 1554 cum
1693 1522 1807 1556 01106111
1829 1536 1893 1564 11011
1910 1537 1954 1562 1οτ

1091 1554 1140 1586 ele
1156 1562 1326 1600 petuntur,
1357 1557 1413 1589 nisi
1435 1559 1506 1600 post
1527 1561 1596 1594 idus
1615 1564 1724 1596 mensis
1740 1566 1825 1597 tertii
1841 1567 1954 1609 decimi

1091 1595 1163 1636 (hic
1179 1605 1262 1627 enim
1277 1597 1426 1631 mensium
1443 1610 1589 1635 numerus
1607 1614 1678 1636 com
1704 1607 1808 1639 etebat
1824 1607 1956 1641 solutio—

1089 1637 1142 1676 111,
1168 1637 1234 1669 vid.
1259 1637 1291 1669 C.
1305 1638 1396 1684 vni.
1423 1641 1459 1676 ἐπ’)
1483 1642 1582 1684 Dm:
1609 1655 1669 1678 con
1687 1657 1837 1690 equenter
1853 1659 1955 1693 neque

1112 1679 1176 1710 rius
1201 1677 1366 1712 debebitur
1393 1684 1535 1717 omniurn
1568 1687 1747 1726 pensionum
1770 1688 1894 1731 foenus,
1915 1701 1956 1724 cx

1120 1720 1182 1752 auli
1214 1718 1311 1767 nostri
1344 1720 1504 1758 sententia.
1551 1727 1706 1772 Quinimo
1736 1741 1775 1763 ne
1799 1739 1866 1764 tuin
1889 1734 1956 1774 qui÷

1093 1761 1183 1800 dem,
1206 1762 1230 1793 11
1252 1770 1400 1795 accurate
1420 1766 1578 1808 loquaris,
1601 1769 1652 1802 scd
1673 1781 1736 1804 uno
1755 1772 1855 1804 adhuc
1871 1783 1955 1807 inen-

1093 1801 1125 1845 se
1149 1801 1265 1841 sei-ius,
1287 1803 1329 1834 ob
1352 1814 1408 1844 ea,
1431 1817 1499 1848 quae
1523 1810 1661 1843 diximus
1684 1813 1712 1845 d.
1738 1814 1768 1845 C.
1794 1813 1854 1846 IX.
1893 1815 1955 1847 Ve-

1093 1853 1162 1875 ruin
1191 1846 1217 1872 όν
1244 1847 1341 1872 πλάτει
1372 1847 1521 1889 loquutus
1551 1851 1595 1884 est
1625 1853 1749 1893 JCtus,
1790 1855 1955 1889 exaudien-

1092 1885 1149 1916 dus
1172 1895 1303 1927 nempe,
1337 1896 1373 1919 ac
1407 1890 1428 1921 si
1457 1891 1606 1925 dixisset:
1632 1894 1723 1926 Sorn's
1744 1897 1883 1936 univeiyae
1896 1897 1961 1937 fae--

1092 1936 1223 2009 quibam
1245 1929 1361 1968 a'eheri,
1385 1929 1442 1969 nisi
1455 1930 1521 1973 post
1540 1944 1647 1966 moram
1669 1937 1701 1967 in
1724 1938 1860 1979 universa
1880 1947 1956 1970 cum-

1091 1978 1131 1998 7111
1155 1978 1213 2000 am.

1135 2009 1231 2053 Quod
1248 2009 1338 2052 supra
1360 2020 1504 2046 notatum
1527 2015 1571 2048 est
1589 2017 1627 2048 de
1651 2022 1826 2060 augmentis
1852 2016 1957 2054 usurass

1093 2058 1162 2080 rum
1184 2059 1244 2090 pro
1269 2060 1334 2089 rata
1359 2063 1458 2086 inorae
1479 2055 1510 2088 in
1540 2066 1722 2100 unaquaque
1735 2059 1901 2102 pensione,
1926 2062 1957 2105 ὅς

1093 2100 1206 2122 contra
1231 2092 1352 2124 Zasium
1380 2098 1547 2135 probatum
1562 2122 1571 2137 ,
1605 2109 1711 2132 earum
1739 2102 1868 2134 nomine
1891 2112 1955 2136 non

1093 2140 1228 2170 novem,
1259 2132 1303 2179 ast
1329 2135 1506 2169 octodecim
1530 2138 1636 2172 deberi
1662 2141 1693 2173 in
1722 2141 1825 2184 specie
1843 2144 1954 2176 verbo-

1093 2181 1162 2204 rum
1178 2172 1286 2213 Pauli,
1310 2184 1394 2207 nunc
1411 2177 1504 2210 latius
1527 2180 1742 2215 deducendum
1761 2184 1826 2224 est,
1851 2183 1873 2217 si
1891 2195 1956 2219 nou
1985 2194 1988 2199 ·

1092 2213 1212 2246 menses
1229 2223 1291 2246 tres
1298 2237 1309 2253 ,
1333 2225 1367 2248 ut
1385 2220 1520 2260 exempli
1540 2221 1629 2254 causa
1645 2226 1854 2266 proponitur,
1877 2225 1927 2258 sed
1943 2225 1956 2266 Δ,

1093 2255 1355 2295 quemadmodum
1388 2268 1459 2290 enm
1491 2260 1600 2293 1001110
1628 2264 1791 2310 probabile
1819 2265 1864 2299 est
1881 2289 1893 2306 ,
1922 2276 1956 2299 ο-

1093 2306 1197 2335 mnes,
1222 2297 1324 2338 quoad
1339 2297 1402 2331 soi-s
1418 2301 1537 2343 integra
1552 2302 1650 2336 fuerit
1671 2306 1838 2346 confecta,
1861 2308 1893 2340 in
1909 2307 1954 2340 so-

1094 2337 1218 2368 lutione
1252 2341 1383 2371 traxerit
1409 2341 1558 2382 debitor,
1591 2346 1623 2377 in
1650 2345 1806 2380 solutione
1842 2358 1912 2380 nem
1938 2358 1956 2380 e

1095 2386 1157 2409 tam
1172 2378 1285 2418 sortis,
1332 2390 1400 2413 uam
1420 2382 1594 2417 usurarum:
1619 2386 1657 2418 (10
1674 2388 1895 2428 probabilitate
1931 2389 1955 2421 i-

1095 2419 1198 2451 ximus
1223 2421 1254 2452 C.
1279 2390 1338 2454 Ιὶὲ.
1383 2422 1493 2465 Itaque
1510 2425 1541 2457 in
1569 2436 1655 2459 mora
1673 2429 1830 2461 transactis
1848 2429 1956 2463 mensi-

1095 2459 1153 2492 bus
1169 2461 1334 2494 duodecim
1353 2464 1382 2496 81
1399 2465 1531 2497 dimidio
1549 2490 1558 2505 ‚
1584 2467 1753 2501 duodecies
1769 2470 1798 2502 δε
1814 2470 1955 2503 dimidia-

1094 2510 1126 2533 te
1146 2503 1305 2542 pendenda
1319 2505 1380 2536 erit
1397 2505 1486 2537 usura
1505 2507 1659 2546 pensionis
1685 2509 1804 2550 prima,
1825 2521 1892 2552 qua:
1913 2512 1957 2544 ita

1093 2543 1239 2585 exsurget
1253 2544 1290 2575 ad
1307 2545 1450 2577 denarios
1482 2546 1658 2581 XXXVII.
1683 2550 1840 2584 sestertios
1866 2554 1954 2586 duos.

1092 2585 1242 2616 Secundae
1260 2585 1413 2626 pensionis
1435 2585 1522 2618 usura
1548 2589 1696 2623 undecies
1715 2601 1787 2624 cum
1804 2594 1905 2626 media
1924 2603 1956 2626 u·

1091 2625 1162 2656 nius
1181 2634 1290 2666 parte,
1314 2636 1444 2658 numero
1464 2629 1599 2660 ternario
1630 2631 1853 2672 (trecenorum
1873 2635 1955 2668 Cen-

1093 2665 1216 2707 resima)
1230 2676 1259 2697 in
1273 2667 1466 2707 ultiplicata,
1478 2669 1562 2701 dabit
1573 2671 1717 2707 denarios
1732 2675 1894 2714 XXXIV.
1912 2675 1954 2709 se·

1092 2705 1218 2738 stertios
1243 2707 1330 2739 duos.
1376 2709 1420 2740 Et
1443 2710 1487 2740 ita
1511 2710 1658 2754 deinceps
1675 2715 1818 2748 omnium
1838 2716 1954 2759 pensio-

1091 2757 1166 2779 num
1193 2746 1293 2779 usurae
1320 2747 1522 2790 supputandae
1546 2751 1617 2785 sunt
1640 2765 1698 2796 pro
1723 2766 1790 2790 rata
1806 2758 1954 2800 cujusque

1094 2789 1334 2829 intercapedinis
1351 2790 1536 2831 menstruae‚
1561 2794 1590 2826 ὅ(
1606 2797 1776 2830 commissae
1789 2799 1820 2831 in
1834 2807 1869 2830 ea
1888 2807 1954 2831 mo·

1093 2839 1145 2862 ηε.
1192 2829 1269 2873 Quo
1289 2829 1374 2862 fauo
1399 2832 1532 2865 clarebit
1547 2858 1557 2874 ‚
1589 2845 1652 2869 non
1678 2837 1796 2872 solutas
1812 2839 1954 2882 onmium

1092 2870 1334 2911 pensitationum
1350 2871 1454 2905 usuras
1469 2876 1586 2917 creviffe
1604 2877 1641 2909 ad
1666 2879 1841 2921 ducentos,
1865 2880 1953 2923 quin·

1092 2912 1240 2954 quaginta
1257 2919 1320 2944 tres
1335 2912 1479 2946 denarios
1495 2939 1505 2954 ‚
1539 2927 1747 2962 nummosque
1762 2921 1852 2955 duos.
1895 2918 1954 2961 Sed

1115 2953 1164 2984 uia
1178 2953 1291 2985 veritas
1305 2955 1401 2996 magis
1418 2957 1532 2988 oculata
1565 2958 1603 2990 'de
1621 2962 1729 2992 animis
1745 2963 1890 2995 hominum
1905 2963 1952 2994 in·

1110 2995 1221 3036 gitur,
1251 3002 1287 3026 ut
1316 2995 1420 3036 inquit
1449 2998 1524 3030 alibi
1560 3009 1717 3042 inperator
1740 3004 1864 3044 nester,
1889 3011 1952 3035 non

1088 3036 1141 3066 abs
1172 3044 1204 3066 re
1235 3034 1307 3067 fore
1336 3037 1521 3073 crediderim
1540 3062 1553 3082 ,
1589 3042 1729 3075 calculos
1754 3045 1826 3078 heic
1852 3043 1954 3076 oculis

1086 3076 1289 3111 committere
1307 3076 1460 3113 fidelibus.

1861 3209 1948 3241 alsm-
