2008 3436
178 104 462 163 QUAESJ.
525 101 758 152 JURIS
814 99 1173 146 PRIVATI‚
1226 100 1693 145 LIB.1V.C.V11.V111.
1753 118 1823 154 441:

43 194 135 241 posui
153 195 240 238 supra
263 195 295 227 C.
320 194 377 228 IV.
403 194 439 229 fi?
460 194 501 226 V.
546 192 598 224 De
616 192 679 224 hoc
697 190 844 223 mandato
860 201 912 234 ap-

43 237 183 281 pellendi
208 236 247 269 ad
261 235 416 275 Milfort‚
437 236 514 277 quin
541 235 571 267 δι
587 234 624 266 ad
647 233 706 266 alia
723 233 816 272 loca,
842 243 912 274 quae

4 272 14 283 ⁶
44 280 130 318 dixi,
152 278 233 311 nihil
253 278 422 320 quicquam
446 275 630 314 constabat,
650 276 681 307 δε
707 281 810 308 tamen
837 275 912 306 asse-

43 320 198 357 curatoris
212 328 278 352 erat
296 319 327 351 id
347 320 527 352 mandatum
544 316 687 359 probare.
733 317 802 349 Imo
822 327 913 356 vero,

43 361 228 404 inquiebant
256 361 310 393 alii
337 362 527 398 Senatores,
551 357 716 390 constabat
740 369 782 390 ex
807 359 910 391 chiro-

41 403 161 447 grapho
186 402 349 436 Navarchi
369 426 379 442 ,
406 408 459 444 αγις
482 402 530 433 het
551 400 783 447 *Cognoscement
799 426 808 440 ‚
841 411 911 433 eum

43 445 252 487 quoqueiter
276 444 436 478 destinasse
454 442 651 481 Londmum,
676 442 727 474 scd
747 443 909 475 dubitaba-

46 495 114 527 tur,
139 496 179 519 an
205 487 286 519 illud
311 484 556 528 chirographum
580 483 654 516 satis
671 484 702 516 id
729 486 911 518 mandatum

625 584 979 621 CAPUT

956 190 1123 232 probaret,
1139 190 1169 222 &
1179 213 1188 230 ,
1199 190 1220 224 fi
1235 189 1382 233 probaret
1394 215 1402 229 ‚
1413 192 1494 224 nihil
1511 202 1586 228 tunc
1598 196 1756 228 constaret
1769 194 1826 228 nisi

955 234 995 266 de
1010 232 1159 265 mandato
1177 232 1355 274 appellendi
1369 232 1566 276 Londinum,
1588 248 1653 280 quo
1667 246 1826 278 nunquam

956 274 1118 317 appulerat
1137 275 1247 314 navis,
1272 284 1336 307 non
1355 274 1394 306 de
1417 275 1563 308 mandato
1589 280 1764 320 appellendi
1785 276 1826 311 ad>

955 314 1109 356 Milfort,
1134 316 1173 349 de
1198 326 1263 357 quo
1278 324 1382 349 tamen
1408 317 1628 359 quaerebatur,
1650 322 1679 353 <Sc
1705 322 1744 352 de
1762 321 1825 352 hoc'

956 357 1086 401 appulsu
1103 358 1141 389 ad
1163 357 1298 391 Milfort
1317 367 1379 391 non
1403 357 1458 392 nisi
1488 368 1567 390 unus
1587 360 1672 393 testis
1693 361 1824 394 testaba-

957 408 1026 439 tur,
1049 408 1082 432 ut
1096 409 1136 432 ne
1154 399 1185 431 id
1200 401 1326 441 quidem
1340 399 1437 432 fuerit
1455 399 1632 442 probatum.
1677 402 1767 435 Vicit
1779 410 1822 434 ta-

956 451 1047 481 men,
1071 450 1106 474 ut
1122 440 1223 482 solet,
1248 443 1298 475 vis
1314 443 1426 483 maJ'or.

1079 585 1252 622 VIII.

41 678 168 725 Rurfits
191 677 325 726 depulsae
352 679 470 725 aliquot
496 677 743 725 cfflcuratorum
767 676 965 723 defensiones
996 689 1037 712 ex
1069 679 1174 713 variis
1205 675 1326 722 causis,
1355 675 1397 718 E?
1424 689 1494 712 cum
1521 677 1662 712 maxime
1687 688 1728 711 ex
1753 678 1823 712 παι-ζ

89 737 158 763 tato
190 730 320 764 itinere.

88 778 212 813 Bonam

378 728 648 777 ,Quemadmodum
683 727 912 773 intelligendus
936 725 983 771 stt
1014 726 1047 774 ᾗ.
1078 739 1109 762 1.
1151 728 1281 764 Statuti
1310 726 1485 763 Amsterd.
1516 738 1573 772 23.
1602 726 1678 773 Jan.
1710 728 1818 769 1699.

238 777 340 824 fidem
374 779 407 812 in
444 777 619 825 affl-curato
650 775 928 824 praesumendam,
962 777 1058 812 donec
1091 780 1288 812 contrarium
1318 778 1481 822 probetur.

1535 777 1752 812 Mandantem
1778 773 1820 815 ὃ)

87 827 349 871 mandatarium,
376 829 455 873 quod
477 826 711 874 adferentium
735 826 789 861 vel
811 827 1051 871 ignorantiam,
1085 828 1119 860 in
1145 825 1431 873 qffccurationibus
1457 827 1569 862 haberi
1592 836 1650 871 pro
1678 837 1741 861 una
1766 836 1822 865 ea-

86 878 216 923 demque
238 875 373 924 persona
397 889 438 912 ea·
464 875 496 924 §.
524 889 557 912 2.
584 878 617 912 d.
647 878 773 912 Statut.
802 874 844 916 ὅ)
868 875 1007 911 Senatus
1032 876 1181 922 Supremi
1196 877 1368 924 sententia
1392 878 1425 912 in
1452 888 1522 912 eam
1547 888 1624 911 rem.

134 984 226 1023 itius,
241 983 294 1025 qui
311 983 344 1015 in
356 983 469 1015 Suecia
485 983 663 1023 habitabat,
682 982 808 1015 mandat
823 982 908 1015 Mer-

145 1025 243 1059 catori
261 1023 569 1064 Amsterdammensi,
594 1033 630 1056 ut
648 1025 754 1057 navim
776 1030 909 1056 merces-

37 1079 101 1110 que
122 1067 208 1107 suas,
234 1076 303 1108 quse
324 1076 365 1098 ex
384 1067 495 1099 Suecia
518 1066 703 1107 navigarent
726 1066 763 1097 ad
789 1064 907 1097 fretum

35 1111 208 1143 Sundicum
222 1131 233 1146 ,
255 1107 375 1139 faceret
401 1107 565 1139 assecurari
587 1116 627 1138 ex
649 1116 689 1138 eo
711 1105 817 1145 freto,
843 1107 906 1139 five

37 1153 76 1184 ab
99 1150 327 1191 Elsingoburgo
350 1148 388 1180 ad
414 1147 509 1190 usque
538 1147 786 1181 Amsterdamum
808 1171 819 1187 ,
855 1147 907 1180 sed

35 1194 188 1226 duntaxat
210 1200 266 1232 pro
290 1190 432 1232 periculo
450 1190 562 1228 maris,
587 1190 618 1222 &
642 1190 746 1230 addit,
769 1192 829 1222 dan
855 1190 903 1221 het

26 1235 115 1278 schip
138 1235 187 1265 het
214 1233 350 1274 Convoy,
371 1234 423 1263 dat
448 1233 481 1263 in
507 1233 540 1263 de
572 1232 650 1263 Sonti
674 1232 745 1274 lag,
767 1242 826 1274 nog
846 1231 905 1263 wel

35 1277 123 1310 zoude
138 1275 250 1306 vinden
263 1296 274 1312 ,
290 1284 326 1305 en
341 1275 415 1305 daur
429 1274 506 1305 mede
519 1274 712 1311 vertrekkerz,
728 1275 788 1305 dan
802 1275 905 1305 indien

36 1320 86 1351 het
102 1318 221 1358 Convoy
235 1326 314 1347 naar
331 1315 520 1357 Noorwegen
536 1313 730 1357 gedeflineert
746 1325 831 1354 was,
854 1316 905 1346 dat

35 1359 179 1401 henschip
196 1359 256 1388 dan
271 1363 338 1400 regn
355 1359 421 1388 door
438 1355 636 1398 moestseilen.
683 1357 750 1389 Dat
762 1357 810 1388 het
819 1357 906 1398 schip

37 1407 90 1443 ayt
104 1402 138 1432 de
155 1400 232 1431 Sond
247 1409 306 1441 nog
326 1400 389 1430 niet
402 1409 467 1430 was
483 1399 657 1430 verrrokken
669 1420 679 1437 ,
699 1408 734 1430 en
762 1405 856 1430 voorts
873 1405 905 1439 op

34 1443 94 1476 alle
140 1442 204 1473 oede
224 1451 260 1472 en
276 1441 367 1482 quade
382 1442 498 1482 tyding.
544 1440 722 1472 Secundum
740 1439 808 1472 haec
823 1440 907 1472 faCta

35 1483 82 1516 est
95 1452 300 1522 agecuratio,
326 1482 356 1513 ἃ
377 1482 443 1522 ejus
459 1480 669 1514 instrumento
688 1490 841 1522 praeterea
859 1482 905 1514 in-

34 1526 177 1564 sertum,
207 1532 242 1556 ut
275 1523 374 1565 vulgo
401 1523 490 1556 inseri
514 1522 594 1555 solet
612 1547 622 1562 ,
646 1523 907 1556 affecurationem

34 1571 163 1610 quoque
183 1565 250 1598 fieri
270 1573 383 1597 contra
400 1565 525 1606 culpam
551 1565 712 1597 navarchi.
755 1564 837 1597 Cum
856 1567 907 1597 n‘a-

36 1610 86 1642 vis
106 1606 271 1650 appulisset
300 1607 332 1638 in
357 1606 477 1638 fretum
501 1606 672 1638 Sundicum
692 1629 700 1645 ,
731 1607 804 1638 inde
834 1616 908 1640 cum

36 1660 119 1684 nave
132 1649 257 1682 tutelari
273 1648 412 1680 deflectit
430 1648 467 1679 ad
487 1647 712 1689 Nor-wegiam,
736 1649 766 1680 Gt
781 1648 823 1680 ibi
839 1657 908 1690 per-

35 1693 87 1725 iit.
131 1690 366 1723 Ass'ecuratores
397 1689 478 1731 apud
504 1689 629 1730 Judices
652 1690 689 1722 ad
712 1689 816 1722 causas
835 1690 906 1722 asse-

36 1732 258 1772 curationum,
282 1732 333 1773 qui
353 1730 559 1763 Amsterdami
575 1731 663 1771 sunt,
685 1732 722 1764 ad
739 1732 907 1764 resarcien-

37 1776 113 1808 dum
134 1774 281 1807 damnum
308 1774 458 1805 conventi
478 1796 490 1812 ,
526 1770 731 1806 absolvuntur
759 1783 808 1816 13.
831 1774 907 1815 Apr.

39 1825 131 1859 1702.
154 1825 247 1859 quam
272 1814 453 1849 sententiam
474 1814 600 1848 Scabini
627 1814 908 1847 Amsterdammcn-

39 1859 87 1892 ses
98 1860 273 1900 probarunt
288 1867 318 1899 3.
343 1855 432 1889 Nov.
462 1867 551 1899 1703.
575 1856 627 1888 sed
643 1856 908 1898 improbavitCu-

38 1901 86 1932 ria
103 1922 114 1938 ,
148 1900 304 1932 damnatis
333 1897 595 1930 assecuratoribus
626 1908 674 1930 10.
707 1899 780 1931 Οξὶ.
818 1903 908 1940 1708.

39 1942 243 1983 Appellatuin
266 1939 312 1971 es't
328 1940 365 1971 ad
387 1939 546 1972 Senatum.
592 1939 849 1979 Affecuratores,
873 1949 909 1971 ut

37 1982 97 2022 fit,
119 1993 184 2015 non
203 1992 263 2014 una
277 1980 458 2013 defensione
469 1981 645 2014 utebantur.
693 1981 831 2014 PrImum
846 1981 907 2022 aje-

42 2025 120 2056 bant
137 2047 147 2062 ,
180 2024 311 2063 navim,
345 2032 490 2064 tempore
517 2022 610 2055 fattae
638 2022 876 2055 assecurationis
896 2047 906 2062 ,

38 2068 102 2109 jam
123 2065 249 2098 solvisse
269 2075 287 2096 e
306 2072 402 2104 portu
427 2064 581 2104 Suecic0‚
607 2064 697 2106 idque
721 2064 775 2096 sibi
797 2064 909 2106 fignifi-

40 2116 149 2141 catum
165 2117 230 2139 non
249 2105 340 2138 fuisse
347 2129 359 2145 ,
382 2115 476 2148 quare
493 2115 553 2138 nec
569 2105 828 2138 assecurationem
841 2106 907 2138 sub-

41 2149 144 2183 fistere
153 2158 194 2181 ex
209 2149 338 2181 Statuto
350 2146 640 2180 Amsterdammenfi
651 2158 701 2185 29.
724 2147 789 2188 Jan.
817 2151 908 2183 1688.

41 2191 103 2225 Sed
119 2191 199 2222 nihil
215 2190 277 2221 hoc
295 2189 454 2221 statutum
467 2190 504 2220 ad
521 2199 587 2221 rem
606 2188 791 2232 praesentem
801 2212 812 2229 ,
836 2191 910 2231 quia

40 2232 216 2285 periculum
241 2240 306 2262 non
341 2231 485 2262 manebat
515 2230 740 2263 assecuratores
767 2241 785 2263 a
814 2239 910 2273 portu

40 2274 176 2308 Suecico
186 2297 195 2310 ‚
209 2271 259 2305 secl
275 2272 312 2303 ab
328 2271 575 2318 E'lfingoburgo,
593 2282 695 2313 eoque
710 2273 799 2305 navis
809 2297 818 2313 ,
833 2281 910 2304 tem-

42 2325 119 2359 pore
143 2313 398 2351 assecurationis,
421 2314 559 2345 nondum
585 2323 772 2355 pervenerat
787 2339 796 2355 ,
821 2322 910 2346 certe

42 2358 116 2390 inde
133 2366 196 2388 non
215 2355 368 2393 solverat,
395 2362 430 2386 ut
455 2355 591 2396 expresse
608 2356 815 2397 fignificatum
831 2365 908 2387 erat.

44 2398 171 2433 Deinde
196 2396 320 2437 aiebant
346 2394 569 2428 assecuratores
584 2419 595 2435 ,
622 2397 727 2428 navim
750 2397 909 2438 navigasse

45 2450 118 2473 cum
142 2448 222 2471 nave
247 2437 398 2475 tutelari,
422 2437 468 2476 δε,
495 2445 530 2469 ut
555 2438 635 2470 hanc
653 2437 833 2477 obtineret,
853 2438 908 2469 ali-

44 2491 124 2524 quot
146 2481 212 2512 dies
240 2478 354 2511 haefiffe
379 2478 411 2510 in
435 2477 520 2510 freto
542 2479 681 2511 Sundico
702 2502 712 2518 ,
743 2478 880 2521 potuisse
898 2503 908 2518 ‚

42 2531 143 2555 vento
164 2530 239 2554 tunc
257 2519 416 2557 secundO,
440 2520 534 2552 citius
553 2521 718 2562 navigare,
741 2523 772 2554 δε
788 2520 829 2552 fic
843 2519 909 2552 for-

41 2574 73 2598 te
93 2563 266 2606 periculum
282 2562 374 2593 maris
394 2560 544 2602 superare.
590 2563 649 2594 Sed
664 2572 722 2594 nec
736 2563 791 2593 illa
805 2561 912 2593 defen-

43 2607 89 2639 fio
105 2603 360 2636 assecuratoribus
379 2602 512 2644 profuit.
557 2603 667 2636 Titius
687 2603 812 2645 quidem
829 2603 910 2644 peri-

45 2647 174 2685 culum,
198 2645 284 2686 quod
298 2645 336 2676 ab
349 2643 488 2676 hostibus
504 2645 705 2685 imminebat,
731 2646 763 2676 in
780 2644 811 2676 se
827 2654 910 2676 rece-

44 2696 152 2731 perat,
176 2685 228 2718 sed
242 2695 306 2718 non
331 2694 420 2718 erant
442 2686 522 2727 pasti
539 2686 761 2718 assecuratores
775 2711 784 2727 ‚
808 2695 843 2718 ut
857 2695 909 2718 na-

42 2731 94 2762 vis
122 2735 322 2770 quantocyus
341 2751 351 2766 ‚
371 2728 402 2760 &
425 2728 488 2760 fine
511 2728 646 2760 tuitione
667 2728 828 2769 navigaret
845 2751 854 2767 ,
881 2727 911 2759 δε

43 2771 172 2805 fimulac
187 2776 300 2800 ventus
313 2768 454 2807 faveret,
477 2779 494 2800 e
508 2769 594 2801 freto
605 2770 744 2802 Sundico
761 2768 911 2806 solveret,

43 2812 152 2854 potuit
176 2811 274 2852 igitur
297 2810 402 2848 navis,
426 2820 461 2842 ut
487 2812 676 2852 apericulo,
699 2811 784 2852 quod
800 2810 912 2842 Titius

46 2861 228 2893 receperat,
251 2851 351 2883 tutior
374 2851 468 2890 effer,
493 2853 585 2884 etiam
613 2863 685 2885 cum
708 2852 844 2884 tuitione
859 2862 910 2883 na-

45 2895 174 2936 vigare,
198 2894 230 2926 &
255 2892 474 2933 aliquantisper
491 2893 522 2925 in
545 2903 613 2927 cam
634 2893 754 2927 causam
772 2894 912 2933 morari,

48 2936 145 2967 modo
160 2944 225 2967 non
242 2934 280 2965 ad
295 2932 329 2965 N
331 2934 498 2974 orwegiam
516 2936 685 2977 navigaret.

90 2976 151 3009 Sed
165 2975 250 3017 quod
262 2976 398 3006 maxime
415 2975 566 3016 urgebant
582 2977 802 3010 assecuratores
813 3001 822 3016 ‚
847 2983 914 3009 erat

48 3016 141 3050 causa
158 3016 274 3049 mutati
290 3016 430 3054 itineris,
455 3026 545 3055 nam,
568 3026 604 3050 ut
618 3018 701 3059 dixi,
726 3020 813 3052 navis
828 3018 914 3051 Titii

48 3058 254 3100 Nox-wegiam
276 3057 381 3090 versus
402 3058 622 3099 navigaverat,
645 3060 675 3092 δε
693 3061 735 3093 ibi
757 3061 914 3102 perierat,

48 3110 129 3139 nec,
154 3099 304 3140 quicquid
327 3099 559 3131 contradiceret
574 3100 703 3140 Titius,
725 3103 831 3144 negari
858 3111 914 3143 po-

49 3150 130 3174 terat
144 3165 154 3180 ‚
179 3141 241 3172 iter
258 3140 352 3172 fuiss'e
372 3148 551 3180 mutatum,
575 3148 612 3172 ut
634 3141 689 3174 sub
710 3144 808 3175 tutela
827 3143 916 3175 navis

50 3181 245 3224 praesidiariae
264 3182 446 3223 navigaret,
472 3182 502 3214 ὃς
519 3182 592 3214 inde
607 3183 787 3216 efficiebant
802 3183 916 3216 affecu-

55 3232 196 3261 ratores,
218 3223 249 3254 se
265 3233 328 3258 non
347 3224 445 3261 teneri
462 3233 502 3256 ex
521 3222 549 3266 §.
574 3233 604 3267 7.
629 3225 674 3261 A.

100 3264 179 3298 Tum.
204 3263 245 3299 11.
715 3224 778 3260 Sed
791 3226 919 3268 piurimi

949 984 1116 1016 Senatores
1141 983 1380 1022 existimabant,
1407 982 1549 1024 quamvis
1571 988 1727 1014 mutatum
1744 979 1824 1013 fuisn

950 1024 997 1057 set
1018 1025 1096 1064 iter,
1120 1026 1326 1058 nihilominus
1351 1024 1575 1057 affecuratores
1604 1024 1724 1062 teneri,
1748 1023 1825 1064 quia

950 1067 994 1098 ait
1014 1068 1043 1098 d.
1069 1066 1097 1107 ἓ.
1123 1077 1150 1108 7.
1176 1067 1436 1099 assecurationem
1462 1064 1641 1101 subsistere.
1663 1066 1685 1097 fi
1713 1065 1821 1105 Magi*

950 1107 1009 1139 ster
1034 1107 1096 1140 sine
1123 1109 1269 1140 mandato
1292 1108 1352 1139 iter
1372 1115 1493 1145 mutet,
1518 1106 1602 1138 salva
1618 1106 1822 1138 affecuratori

950 1149 1073 1181 afflone
1097 1149 1244 1182 adversus
1266 1149 1365 1190 ipsum
1393 1147 1609 1190 Magistrum3
1635 1148 1687 1179 hic
1713 1156 1822 1179 autem

950 1200 1014 1223 non
1041 1199 1163 1223 tantum
1189 1201 1253 1224 non
1278 1190 1421 1223 constare
1441 1192 1479 1222 de
1507 1188 1654 1221 mandato
1680 1188 1823 1221 mutandi

950 1232 1090 1272 itineris,
1117 1233 1167 1265 scd
1186 1241 1295 1265 contra
1313 1231 1438 1274 potius,
1463 1241 1535 1264 nam
1553 1230 1681 1262 Titium
1693 1253 1703 1268 ,
1725 1240 1822 1270 quum

950 1274 1208 1307 assecurationem
1226 1275 1293 1306 fieri
1313 1272 1473 1306 mandaret
1486 1297 1496 1313 ,
1521 1272 1622 1314 palam
1644 1271 1794 1313 scr-ipfiss'e
1809 1294 1823 1310 ,

950 1317 1052 1348 indien
1080 1316 1128 1348 het
1158 1317 1275 1358 Com-oy
1306 1325 1384 1348 naar
1410 1314 1602 1357 Noorwegen
1626 1313 1822 1357 gedestr'neerc

949 1367 1015 1389 was
1026 1382 1036 1398 ‚
1061 1359 1113 1390 dat
1127 1358 1269 1398 henschz'p
1281 1360 1340 1389 dan
1356 1363 1422 1400 rege
1438 1358 1504 1388 door
1519 1354 1604 1397 moesi}
1612 1357 1720 1398 jessen.
1763 1356 1819 1388 Su-

949 1408 1004 1441 pra
1036 1400 1131 1431 etiam
1154 1400 1345 1442 aliquotiens
1369 1398 1551 1438 observavi,
1576 1398 1613 1429 ad
1631 1398 1725 1430 finem
1743 1406 1821 1438 quo-

950 1450 1010 1481 que
1031 1443 1221 1482 precedentis
1248 1441 1321 1482 Cap.
1342 1449 1499 1473 mutatum
1520 1440 1580 1471 iter
1603 1439 1821 1472 assecuratori-

949 1482 1006 1514 bus
1020 1492 1085 1515 non
1100 1482 1261 1524 prodesse,
1283 1484 1304 1516 si
1322 1480 1474 1524 Magister
1494 1481 1625 1523 proprio
1640 1482 1767 1518 Marte,
1790 1480 1823 1512 &

950 1524 1062 1566 absque
1078 1525 1240 1557 assecurati
1257 1525 1405 1557 mandato
1424 1524 1484 1555 iter
1509 1523 1690 1555 mutaverit.
1738 1522 1824 1554 Con-

952 1574 998 1597 tra
1021 1566 1089 1598 haec
1115 1575 1219 1600 tamen
1241 1567 1367 1609 qnidam
1391 1566 1558 1598 Senatores
1581 1574 1666 1597 nune
1682 1563 1822 1605 insurge—

951 1607 1047 1646 bant,
1073 1609 1130 1640 rati
1159 1608 1189 1640 in
1213 1610 1240 1640 d.
1267 1608 1293 1650 §.
1320 1618 1350 1650 7.
1373 1617 1437 1640 non
1461 1607 1509 1649 agi
1524 1630 1535 1646 ,
1557 1615 1591 1638 ut
1618 1607 1671 1638 hic
1694 1606 1823 1648 agitur,

950 1648 990 1688 de
1011 1650 1242 1682 exercitoribus
1267 1650 1359 1692 ipsius
1389 1649 1501 1687 navis,
1524 1658 1631 1681 eorum
1658 1648 1742 1680 enim
1760 1645 1824 1678 esse

952 1690 1143 1732 Magistrum
1160 1690 1308 1724 idoneum
1331 1692 1402 1724 navi
1421 1699 1621 1732 praeponere,
1644 1690 1687 1723 sm
1704 1697 1826 1728 autem,

952 1741 993 1763 ex
1018 1733 1084 1774 ejus
1104 1733 1190 1766 fatto
1216 1734 1272 1766 hos
1295 1732 1377 1775 ipsos
1400 1733 1499 1765 teneri
1523 1733 1543 1764 l.
1568 1743 1593 1765 1.
1619 1731 1650 1773 §.
1674 1743 1703 1764 2.
1721 1731 1762 1773 ff.
1788 1732 1823 1762 cle

953 1773 1090 1808 Exercit.
1114 1775 1172 1808 αᾶ.
1215 1775 1276 1807 Sed
1299 1776 1348 1817 agi
1365 1776 1404 1807 de
1430 1776 1494 1807 illis
1512 1774 1605 1813 finis,
1629 1775 1680 1815 qui
1697 1782 1822 1806 merces

952 1813 1019 1849 suas
1034 1817 1167 1850 aliorum
1186 1817 1320 1849 navibus
1336 1819 1524 1859 imponunt,
1550 1826 1612 1848 van
1630 1817 1822 1858 bevragters,

953 1858 984 1890 δε
1001 1857 1072 1890 inde
1088 1858 1170 1893 esse.
1195 1858 1279 1901 quod
1300 1859 1344 1891 ait
1358 1860 1387 1891 α’.
1412 1857 1439 1901 §.
1466 1869 1494 1899 7.
1519 1868 1643 1901 ‘oei-mag
1662 1859 1695 1890 cle
1710 1856 1823 1900 geaffit-

953 1902 1049 1936 reerde
1067 1902 1123 1933 den
1145 1901 1305 1942 schipper,
1319 1900 1396 1933 DIE
1415 1900 1479 1934 ΗΥ
1495 1899 1729 1938 BEVRAGT,
1746 1909 1823 1942 geen.

953 1943 1059 1973 andere
1086 1943 1182 1975 harven
1198 1945 1270 1974 doen
1291 1944 1407 1985 irzgacm
1429 1943 1463 1984 of
1474 1952 1635 1976 nannenten
1654 1942 1714 1974 &tx
1761 1932 1824 1973 Sed

953 1983 1048 2025 longe
1061 1985 1187 2026 plurimi
1210 1985 1376 2017 Senatores
1392 1985 1480 2017 illum
1500 1985 1528 2026 §.
1553 1985 1605 2016 vel
1621 1984 1756 2016 maxime
1774 1983 1821 2022 in—

953 2026 1138 2068 telligebant
1155 2026 1194 2058 de
1218 2025 1289 2068 ipsis
1313 2027 1562 2064 exercitoribus,
1586 2027 1658 2067 quia
1686 2023 1824 2056 rotunde

952 2068 1092 2109 loquitur
1107 2068 1146 2100 de
1162 2068 1217 2107 iis,
1235 2077 1369 2109 quorum
1387 2068 1432 2100 es't
1449 2067 1628 2100 Navarchis
1657 2067 1823 2108 navigatu-

953 2109 994 2141 ris
1010 2109 1153 2141 mandata
1170 2110 1263 2148 dare,
1288 2120 1358 2142 nam
1376 2120 1416 2142 ex
1433 2111 1580 2142 mandato
1598 2108 1640 2141 ibi
1661 2109 1710 2149 jus
1725 2107 1823 2140 nasci-

953 2159 1021 2190 tur,
1046 2152 1190 2184 mandata
1217 2160 1322 2184 autern
1341 2152 1399 2184 soli
1422 2152 1496 2183 dant
1519 2152 1736 2189 exercitores,
1759 2158 1824 2181 non

952 2192 998 2224 illi
1011 2215 1020 2229 ,
1041 2193 1093 2233 qui
1117 2193 1194 2226 solas
1209 2203 1330 2226 merces
1346 2194 1479 2226 navibus
1494 2193 1670 2234 imponunt.
1715 2192 1759 2224 Et
1775 2192 1822 2222 illi

953 2233 1009 2274 ipfi
1032 2234 1196 2267 Senatores
1224 2234 1465 2275 existimabant,
1489 2236 1542 2266 illa
1569 2234 1685 2271 verba,
1710 2234 1756 2264 die
1781 2233 1822 2273 hy

953 2277 1099 2319 bevragt,
1121 2276 1193 2308 ideo
1211 2276 1351 2317 apposita
1368 2277 1488 2314 videri,
1511 2276 1583 2317 quia
1598 2275 1775 2312 exer-citor,
1797 2273 1822 2306 si

953 2317 1017 2356 ipse
1045 2318 1124 2350 nihil
1143 2318 1297 2349 mercium
1317 2317 1389 2349 navi
1407 2317 1468 2349 suae
1490 2316 1693 2358 imposuerit.
1718 2314 1822 2347 muta-

953 2359 1073 2391 tionem
1098 2359 1221 2391 itineris
1245 2359 1391 2390 mandare
1413 2368 1478 2390 non
1500 2359 1544 2392 est
1567 2357 1821 2399 praesumendus,

952 2400 1005 2431 cui
1023 2401 1106 2432 enim
1124 2401 1210 2432 bono
1228 2400 1295 2441 ipse
1309 2400 1370 2432 iter
1387 2400 1513 2432 trahat?
1538 2400 1588 2432 sed
1601 2408 1821 2441 propter-mer-

952 2450 1004 2472 ces
1019 2442 1196 2483 impositas‚
1222 2442 1252 2474 δε
1268 2441 1341 2472 alibi
1357 2442 1503 2473 locorum
1514 2441 1688 2473 vendendas
1700 2460 1713 2479 ,
1734 2447 1828 2480 pote:

952 2489 998 2514 rat
1021 2483 1159 2521 trahere,
1186 2483 1216 2514 ἅ
1236 2482 1308 2514 ideo
1331 2482 1478 2513 mandare
1499 2482 1709 2514 mutationem
1727 2481 1822 2513 itine-

952 2523 1004 2555 ris.
1049 2524 1220 2556 Exercitor
1241 2523 1368 2564 quidem
1385 2522 1562 2564 magistrum
1587 2523 1766 2564 praeponit‚
1791 2522 1824 2554 δε

953 2574 995 2597 ex
1012 2565 1078 2605 ejus
1093 2565 1179 2597 fasso
1196 2564 1262 2606 ipse
1276 2572 1398 2596 tenetur
1415 2564 1488 2604 Jure
1504 2565 1665 2604 Romano,
1691 2564 1742 2596 sed
1762 2573 1820 2605 pet

953 2607 1037 2647 leges
1051 2631 1059 2640 .
1084 2607 1196 2649 quihus
1219 2615 1303 2638 nunc
1328 2606 1464 2644 utimur,
1489 2606 1519 2638 δε
1540 2616 1616 2648 quas
1634 2606 1723 2647 supra
1740 2606 1820 2645 reci-

954 2649 1020 2680 tavi
1048 2649 1081 2680 C.
1107 2648 1162 2680 IV.
1185 2647 1228 2688 vsL
1253 2647 1413 2686 Pericula,
1438 2648 1672 2680 exercitoribus
1694 2647 1821 2688 quidem

952 2697 1065 2722 contra
1081 2690 1190 2721 dolum
1206 2688 1365 2721 Navarchi
1382 2688 1554 2722 assecurare
1569 2700 1632 2722 non
1650 2690 1746 2726 licet,
1767 2687 1822 2719 sed

955 2739 1066 2764 contra
1094 2731 1219 2771 culpam
1245 2731 1343 2769 licet,
1368 2731 1627 2771 quemadmodum
1654 2731 1683 2762 ἀ
1705 2731 1737 2761 in
1762 2730 1822 2761 hac

954 2774 1076 2815 specie,
1092 2779 1127 2805 ut
1142 2773 1227 2810 dixi,
1244 2780 1352 2804 contra
1368 2772 1492 2812 culpam
1503 2772 1652 2803 navarchi
1666 2770 1825 2808 asseculas

955 2824 1023 2847 tum
1040 2822 1116 2847 erat.
1162 2812 1254 2846 Nihil
1271 2813 1323 2844 hic
1340 2821 1526 2853 peccaverat
1549 2812 1741 2849 navarchus,
1766 2812 1824 2844 nisi

954 2857 1018 2891 sola
1030 2856 1142 2897 culpa,
1165 2864 1236 2887 narn
1253 2854 1345 2885 unice
1365 2862 1541 2886 mutaverat
1555 2855 1639 2893 iter,
1663 2862 1699 2885 ut
1712 2863 1821 2895 perpe·

957 2906 1014 2930 tuo
1028 2897 1080 2930 sub
1098 2897 1235 2929 tuitione
1250 2895 1430 2936 navigaret,
1453 2905 1560 2937 parum
1579 2896 1699 2927 idcirco
1711 2895 1825 2927 deflec-

957 2947 1027 2971 tens
1048 2949 1065 2970 a
1081 2938 1166 2970 rer
1189 2937 1323 2975 itinere,
1349 2945 1412 2977 quo
1436 2937 1477 2969 fic
1503 2944 1573 2968 tuto
1599 2936 1630 2969 &
1656 2937 1719 2969 fine
1736 2945 1825 2969 metu

957 2980 1095 3013 hostium
1113 2977 1358 3010 Amsterdamum
1377 2978 1560 3019 adpelleret.

1001 3020 1112 3054 Titius
1126 3020 1256 3061 putabat
1269 3042 1278 3057 ,
1301 3018 1323 3050 si
1339 3018 1387 3050 hae
1401 3020 1538 3051 rationes
1550 3029 1613 3052 non
1632 3020 1825 3060 sufficerent,

958 3064 1055 3096 etiarn
1071 3062 1129 3094 alia
1148 3061 1272 3092 ratione
1291 3059 1511 3092 assecuratores
1529 3060 1590 3092 effe
1607 3062 1797 3095 damnandos
1814 3087 1826 3102 ,

961 3104 1047 3146 quod
1063 3111 1175 3143 nempe
1186 3100 1384 3143 agnovissent
1407 3102 1552 3134 damnum
1570 3125 1581 3140 ,
1606 3111 1751 3145 tanquam
1775 3104 1826 3136 da-

959 3153 1069 3178 mnum
1097 3142 1205 3179 suurn,
1225 3150 1318 3183 atque
1330 3142 1403 3173 ideo
1422 3143 1477 3175 fibi
1493 3144 1700 3184 mandassent,
1730 3154 1766 3178 ut
1781 3155 1831 3178 res

961 3185 1125 3227 naufragas
1138 3184 1325 3225 colligeret,
1346 3184 1519 3222 venderet,
1541 3185 1571 3217 ἀ
1587 3186 1626 3217 cle
1646 3186 1832 3229 sumptibus,
1872 3187 1876 3190 '

964 3229 998 3265 in
1021 3237 1071 3264 eas
1091 3225 1255 3275 servandas
1275 3224 1388 3307 ἐέἑέἰε,
1414 3226 1617 3269 transigeret,
1640 3237 1680 3262 ne
1704 3228 1832 3271 quidem

1372 3276 1383 3282 ·
1760 3279 1836 3301 con-
