2008 3436
158 141 255 195 16.
361 136 396 191 J.
455 129 742 174 GOTTL.
801 129 1226 172 HEINECCII
1285 127 1703 170 PRAEFATIO.

201 231 345 274 Denique
373 239 430 262 nec
450 228 483 261 id
497 225 806 273 proetermittendum
820 252 829 268 ,
854 226 933 271 quod
952 226 985 259 in
1002 224 1203 260 emendandis
1232 224 1354 269 legibus
1377 225 1474 258 etiam
1498 223 1722 259 attendendum
1733 223 1780 270 fit
1793 225 1836 260 ad
1849 238 1920 263 ver-

151 279 249 316 siones
271 276 311 315 ff
327 275 544 323 metaphrases
560 284 684 311 veteres
707 275 846 309 Graecas.
899 274 1008 323 Quum
1025 275 1108 308 enim
1128 272 1284 317 versiones
1294 272 1376 319 filas
1394 273 1448 306 vel
1461 271 1541 307 κωπῖ
1556 271 1644 315 πέδοι,
1673 275 1728 308 vel
1748 281 1784 313 εἰς
1803 274 1921 317 πλάτος

143 317 339 362 ἶηίονηανεηῐ
361 325 579 370 Theophilus
608 324 825 363 'sualelaeuffi
861 321 901 362 &²
927 325 1006 364 alii,
1029 322 1180 367 quumque
1205 321 1343 356 Bafilius
1369 319 1410 360 ἐξ
1426 322 1521 363 Leo,
1548 323 1779 368 Imperatores,
1805 338 1921 362 novum

147 387 187 410 ex
201 375 364 419 pandectis
388 373 429 414 ὃ)
450 376 551 409 codice
569 383 679 418 cerpus
699 375 860 414 βαστλικιῖν
879 370 1074 418 conflarent:
1101 383 1191 405 nemo
1207 371 1426 413 dubitaverit,
1453 373 1528 416 quin
1548 371 1649 406 adbuc
1663 373 1782 408 codices
1797 375 1918 411 hodier-

144 421 197 458 nis
219 424 466 469 incorruptiores
484 424 666 457 extiterint.
719 423 772 456 Ex
792 423 841 456 his
862 432 935 466 ergo
963 421 1053 454 libris
1069 418 1178 465 facile
1197 421 1377 465 plerumque
1400 418 1541 462 constare
1553 423 1675 466 poterit
1689 448 1697 462 ,
1723 423 1827 468 qualis
1849 432 1917 460 tum

142 474 281 518 probata
297 472 410 519 fuerit
436 473 544 514 lefftio,
579 469 619 510 δέ)
646 482 711 516 quae
737 472 837 505 verba
856 471 1002 515 genuina
1016 468 1107 514 fine,
1141 467 1324 512 maximefi
1341 476 1418 503 tunc
1434 470 1534 504 adbuc
1552 470 1718 516 obtinuiff'e
1736 474 1918 509 memineris

136 520 336 567 sarritionem
363 520 548 568 Justiniani
566 548 574 562 ,
608 531 674 565 quce
692 521 785 554 libros
797 521 886 565 juris
901 517 999 564 siglis
1024 516 1064 557 ὅ]
1082 520 1167 552 notis
1191 517 1344 564 conscribi
1362 519 1479 552 vetuit.
1532 519 1612 553 Haec
1631 520 1826 565 observatio,
1852 523 1918 558 dici

144 579 206 606 non
230 569 331 617 potest
350 598 358 612 ,
392 576 463 615 quot
483 571 692 604 recentiorum
721 569 975 609 emendationes,
1015 568 1088 601 licet
1105 565 1462 613 ingeniofifflmasfalsi
1484 569 1664 603 convincat.
1717 569 1789 616 Ipse
1808 576 1820 604 ὅ
1839 571 1918 610 πάνυ

142 618 392 665 Bynkershoek
417 620 489 652 dum
513 620 546 652 in
572 615 798 663 Praetermiffis
819 618 862 652 ad
892 617 930 650 L.
951 627 983 650 2.
1012 616 1059 651 D.
1082 616 1126 651 de
1147 617 1234 662 orig.
1252 616 1317 661 jur.
1347 627 1380 660 p.
1401 619 1457 659 65.
1485 618 1518 651 in
1531 619 1772 664 paragraphog
1785 629 1915 665 prooem.

142 667 251 715 Instit.
267 678 320 713 pro
339 667 489 714 antiquis
506 667 631 701 fabulis
644 693 652 708 ,
677 678 697 700 a
713 668 823 711 quibus
842 667 913 699 olim
926 666 1216 711 jurisprudentiam
1233 666 1393 712 auspicati
1410 666 1559 700 dicuntur
1584 669 1722 710 tirones,
1750 669 1916 715 legendum

143 719 275 763 conjicit
300 717 447 762 antiquis
475 715 598 750 tabulis
621 713 782 760 ingeniose
802 713 943 760 profecto
972 715 1126 759 conjicit:
1150 712 1213 759 sed
1233 713 1297 759 ipse
1322 713 1475 759 huicsuoe
1492 717 1752 761 conjel‘iuraenon
1780 720 1916 756 multum

134 766 214 812 fidit
231 768 335 800 [rufior
353 763 583 811 anzpliffimus:
609 762 650 804 &³
670 766 760 798 rede.
813 762 1032 806 Theophilus
1051 763 1135 796 enirn
1161 761 1273 808 (quem
1299 761 1373 806 ipsis
1393 763 1574 808 justiniani
1598 768 1790 811 temporibus
1805 770 1915 805 vixis-

133 813 174 862 se
198 813 238 854 ἐξ
260 813 476 859 institutiones
505 826 568 849 una
601 826 671 848 cum
696 812 888 847 Triboniano
908 809 948 851 ἐξ
967 811 1126 845 Derotbeo
1147 809 1356 858 conscripsisse
1373 811 1599 857 demonstravit
1620 815 1852 862 Gundlingius
1877 821 1914 854 in

145 865 377 909 Gundlingian.
411 864 503 898 Part.
530 863 581 911 1.)
617 863 782 908 vulgarem
811 862 971 896 leiiionern
993 859 1158 905 confirmat
1175 886 1185 901 ,
1219 860 1330 895 addita
1355 860 1573 906 paraphrafi:
1607 863 1702 898 Nam
1726 865 1784 910 qui
1808 868 1912 904 eale.

141 922 248 960 gunt,
276 924 350 958 quae
368 912 449 947 olim
468 910 729 947 obtinebant&
751 921 841 945 nunc
859 911 899 945 ab
921 911 979 945 usu
996 908 1128 956 rejec'ta
1149 910 1244 951 sunt,
1277 907 1400 944 ssmiles
1419 909 1583 945 videntur
1599 911 1642 946 iis
1656 937 1665 953 ,
1688 914 1746 959 qui
1761 914 1795 948 in
1813 915 1913 952 fabu-

141 963 189 996 las
213 961 379 998 incidere.
435 962 552 996 Contra
572 974 609 997 ea
631 973 780 1007 magnum
801 960 1011 994 emendationi
1036 959 1077 992 L.
1101 969 1157 1003 31.
1185 956 1214 1005 §.
1231 969 1262 992 1.
1291 957 1336 992 D.
1361 957 1405 992 de
1431 959 1502 993 reb.
1522 958 1610 994 auci.
1627 959 1700 1006 jud.
1729 962 1814 1006 poff.
1840 966 1913 1002 inde

138 1010 262 1047 accedit
274 1012 416 1056 pondus,
443 1013 522 1056 quod
535 1013 583 1045 uti
600 1011 820 1045 celeberrimus
835 1007 1081 1055 Bynkershoek
1106 1007 1182 1041 Lib.
1200 1008 1226 1040 Ι.
1247 1006 1381 1050 Observ.
1411 1006 1487 1052 Cap.
1504 1008 1621 1043 XXV.
1645 1019 1703 1056 pro
1720 1011 1913 1056 suspcflum

139 1061 388 1095 commendare
405 1061 484 1106 legit
495 1059 674 1106 suspectum
692 1061 915 1093 condemnare:
937 1058 984 1091 ita
1001 1057 1140 1090 anaores
1160 1058 1320 1097 βασιλικῶν
1341 1055 1415 1089 Lib.
1428 1057 1486 1090 1X.
1517 1056 1583 1092 Tit.
1598 1059 1683 1094 Vll.
1710 1060 1779 1106 lege
1796 1062 1911 1100 XXX.

137 1110 173 1143 id
188 1110 392 1145 eodemmodo
409 1112 590 1156 exprimunt
608 1108 744 1151 finoni&
768 1109 797 1142 δὲ
824 1110 936 1152 κρίνεται
954 1111 965 1140 ὁ
985 1106 1149 1154 ἐπίτροπῷ4
1173 1107 1214 1142 ἀι
1238 1107 1351 1152 δολερᾶς
1367 1107 1526 1154 διαφωγῆς.
1582 1108 1707 1144 Omitto
1724 1111 1812 1156 alia,
1836 1114 1912 1158 quia

137 1170 199 1194 uno
218 1159 358 1195 alterove
374 1160 515 1205 ememplo
530 1160 658 1204 regulas
675 1159 831 1194 declarari
841 1154 982 1204 sufficit.

185 1235 355 1281 Reliquum
386 1235 428 1282 est
449 1261 458 1277 ,
492 1243 526 1269 ut
548 1232 588 1274 ὅ)
615 1235 746 1269 tertium
775 1235 881 1268 critici
908 1231 1068 1280 officium,
1100 1234 1178 1279 quod
1200 1234 1232 1268 in
1258 1232 1460 1280 dijudicando
1478 1258 1490 1277 ,
1507 1231 1910 1284 secernendisquespuriis

136 1285 304 1328 versatur,
331 1293 514 1331 tangamus.
572 1284 615 1319 Et
629 1283 768 1330 profetia
786 1282 970 1329 existimare
992 1285 1060 1328 quis
1073 1281 1192 1329 ptffit,
1208 1281 1322 1327 ferias
1342 1285 1392 1318 bic
1414 1284 1502 1317 nobis
1523 1283 1638 1327 indici,
1670 1287 1745 1330 quia
1765 1285 1806 1326 E?
1825 1297 1909 1334 pau.

136 1337 167 1372 ci
183 1333 406 1381 Jureconsulti
422 1343 544 1369 veteres
566 1335 598 1368 in
615 1342 744 1368 aetatem
761 1331 898 1379 nostram
916 1332 1015 1366 delati
1022 1332 1122 1377 sunt,
1150 1344 1277 1380 quorum
1300 1333 1336 1368 de
1359 1331 1504 1380 yvqno'rn‘lc
1528 1333 1622 1368 liceat
1639 1334 1806 1378 dubitare,
1823 1335 1910 1381 &fi

135 1397 196 1431 qua
208 1384 404 1431 fragmenta
425 1384 446 1418 ὰ
463 1382 592 1418 Contio
611 1384 746 1429 aliisque
764 1390 856 1418 eruta
880 1379 920 1421 &²
941 1381 1069 1427 Corpori
1085 1378 1185 1425 Juris
1199 1381 1310 1416 addita
1322 1380 1424 1425 sunt,
1458 1393 1495 1417 ea
1512 1382 1630 1416 nullam
1651 1395 1787 1429 unquam
1807 1386 1840 1420 in
1846 1385 1909 1432 fo-

133 1446 170 1470 νο
190 1435 306 1480 adepta
318 1433 400 1479 sunt
433 1434 666 1468 austeritatem.
717 1433 779 1467 Sed
804 1439 909 1465 tamen
932 1428 973 1470 ἐξ
999 1431 1065 1465 hcec
1092 1432 1175 1465 artis
1202 1432 1324 1466 criticoe
1348 1441 1426 1477 pars
1454 1433 1488 1465 in
1508 1430 1779 1477 Jurisprudenria
1802 1433 1909 1481 nostra

131 1496 195 1520 non
221 1492 314 1519 extra
332 1481 419 1527 usum
439 1481 492 1529 est.
545 1482 644 1519 Plura
664 1480 747 1529 sum
770 1476 959 1516 Tribenianz'
986 1480 1178 1515 emblemata
1196 1507 1205 1523 ,
1239 1492 1304 1526 quoe
1321 1488 1396 1516 nota
1413 1479 1492 1526 effe,
1514 1481 1780 1526 jurisprudentia
1795 1482 1908 1530 nosirae

79 1535 83 1546 ¹
134 1532 275 1578 interest.
325 1532 488 1580 Quamvis
508 1534 592 1568 enirn
613 1534 642 1568 is
656 1533 732 1579 jure
738 1530 800 1579 suo
815 1527 888 1577 usus
907 1526 954 1576 sit
967 1556 978 1574 ,
1004 1543 1100 1578 neque
1126 1529 1192 1566 ideo
1217 1537 1345 1566 tantam
1366 1529 1528 1577 censuram
1545 1532 1698 1565 meruerit
1718 1559 1729 1574 ,
1754 1541 1908 1579 quantam

87 1608 94 1622 s
133 1584 232 1628 vulgo
247 1584 392 1629 patitur:
420 1594 479 1617 non
500 1591 607 1618 tamen
632 1582 791 1626 utilitate·
806 1588 895 1616 caret
907 1579 1050 1627 studium
1075 1581 1130 1616 hoc
1148 1608 1157 1624 ‚
1184 1582 1318 1627 antiqua
1337 1578 1518 1626 &fincera
1534 1591 1554 1614 a
1571 1581 1663 1615 novis
1687 1579 1729 1620 &²
1748 1593 1769 1617 a
1794 1581 1915 1618 Tribo-

131 1633 228 1667 niano
251 1633 385 1667 invectis
399 1630 607 1679 sejungendi.
661 1632 706 1667 Et
721 1631 804 1679 sane
830 1641 945 1677 magno
973 1630 1078 1666 labore
1109 1631 1142 1665 id
1165 1629 1384 1677 prastiterunt
1408 1630 1492 1665 Ant.
1518 1629 1630 1666 Faber
1647 1657 1657 1673 ,
1693 1630 1907 1676 Pardulphus

130 1682 292 1718 Prateius
307 1680 348 1722 &2⁹
363 1681 417 1727 J0.
435 1682 508 1728 jac.
526 1680 819 1718 wiffenbachius.
876 1679 939 1715 Sed
952 1681 1077 1724 multa,
1102 1692 1168 1726 quae
1190 1681 1250 1715 buc
1272 1680 1456 1726 pertinent,
1481 1677 1590 1725 omrffa
1612 1681 1653 1714 ab
1681 1681 1724 1714 iis
1749 1679 1809 1728 effe
1832 1692 1908 1717 con-

123 1730 208 1779 stat.
260 1731 436 1777 Aliquando
462 1733 560 1766 etiam
586 1732 668 1766 viris
692 1729 873 1778 dotriffimis
898 1730 1015 1764 accidit
1034 1755 1043 1772 ‚
1079 1729 1252 1775 quodstrlet
1271 1727 1358 1776 justo
1383 1727 1681 1773 winmusterium,
1713 1732 1765 1775 qui
1776 1731 1908 1777 speblra

130 1782 258 1823 veriti,
291 1782 402 1826 ubique
417 1779 546 1827 spectra
573 1781 684 1815 vident
701 1805 712 1824 ,
747 1779 788 1820 ἐξ
811 1777 968 1826 tutiſjima
991 1781 1109 1825 quaevis
1125 1779 1348 1825 reformidant.
1400 1778 1488 1824 Saepe
1507 1779 1634 1823 inquam
1651 1779 1840 1815 emblemata
1862 1777 1906 1821 δὲ*

124 1829 410 1865 ‘Tribonianismos
432 1831 571 1865 clamant
585 1858 594 1871 ,
623 1831 807 1869 ubiomnz'a
823 1831 908 1865 rebla
919 1827 1066 1874 sanaque
1080 1828 1173 1874 sunt.
1226 1829 1396 1874 Exemplis
1413 1840 1477 1863 rem
1501 1825 1632 1873 ostendit
1655 1827 1737 1864 Ger.
1755 1829 1906 1874 Noodt,

129 1878 264 1914 Probab.
294 1880 368 1914 Lib.
392 1880 436 1913 11.
467 1880 542 1926 Cap.
561 1879 638 1914 XII.
665 1880 740 1915 Lib.
764 1880 825 1914 111.
856 1879 931 1924 Cap.
950 1879 1012 1912 ΠΙ.
1041 1878 1076 1912 de
1090 1877 1220 1924 foenore
1243 1876 1384 1924 &usian
1411 1877 1484 1912 Lib.
1507 1879 1552 1912 Π.
1583 1877 1661 1923 Cap.
1679 1878 1728 1915 V.
1755 1875 1797 1917 ὃ)
1827 1879 1905 1925 Cap.

122 1926 231 1964 XIV.
260 1928 335 1963 Lib.
357 1928 418 1962 111.
449 1928 524 1973 Cap.
545 1928 628 1963 XV.
653 1929 719 1975 Jul.
745 1928 847 1963 Pauli.
877 1929 952 1973 Cap.
976 1927 1024 1963 V.
1050 1927 1169 1972 observ.
1196 1927 1270 1962 Lib.
1291 1928 1317 1961 I.
1347 1927 1423 1973 Cap.
1441 1925 1524 1962 XV.
1559 1926 1634 1961 Lib.
1652 1926 1699 1960 ΙΙ.
1739 1927 1814 1973 Cap.
1839 1928 1904 1964 IX.

119 1976 172 2017 Ἐξ
189 1976 456 2024 Bynkcrshoek,
483 1978 519 2011 de
539 1978 636 2022 legat.
661 1987 760 2023 poenae
778 1979 901 2013 nomine
927 1977 1003 2022 Cap.
1023 1976 1090 2010 IV.
1120 1987 1152 2023 p.
1178 1980 1257 2022 378.
1290 1988 1347 2011 nec
1373 1977 1486 2011 nonin
1505 1973 1626 2022 observ.
1655 1975 1729 2010 Lib.
1749 1976 1794 2010 11.
1825 1977 1904 2024 Cap.

121 2025 213 2062 XV.
243 2027 318 2061 Lib.
339 2027 399 2061 111.
429 2027 504 2072 Cap.
522 2026 602 2061 XlI.
622 2027 716 2062 XIX.
733 2027 828 2061 XXI.
859 2027 932 2061 Lib.
953 2025 1021 2060 IV.
1051 2026 1125 2069 Cap.
1144 2027 1209 2062 Vl.
1237 2037 1294 2072 quo
1316 2023 1469 2072 postremo
1493 2025 1556 2059 loco
1581 2027 1613 2060 in
1638 2022 1712 2071 istos
1735 2026 1905 2063 emblema-

129 2084 199 2110 tum
214 2083 382 2111 venatores
401 2078 551 2120 graviter
574 2077 716 2112 invectus
735 2087 787 2110 vir
811 2076 1052 2110 celeberrimus:
1088 2075 1179 2117 Ubi,
1207 2077 1330 2121 inquit,
1357 2075 1488 2110 haerent
1505 2074 1731 2119 interpretes,
1756 2074 1847 2109 male
1867 2075 1903 2111 se

127 2125 238 2160 habet
263 2124 373 2160 caussa
405 2125 627 2161 Triboniani.
678 2127 775 2162 Nam
799 2136 903 2171 quum
928 2123 992 2158 alia
1009 2124 1099 2159 ratio
1116 2135 1184 2159 non
1211 2123 1398 2167 succurrit,
1423 2123 1457 2158 in
1476 2133 1554 2157 eum
1573 2124 1845 2169 quaquaversum
1862 2123 1903 2160 fit

127 2174 280 2219 impetus
295 2200 307 2217 ‚
331 2175 470 2209 obtrusa
488 2175 654 2210 continuo
671 2175 735 2210 alia
749 2173 1037 2220 jurisprudentia,
1065 2185 1167 2219 quam
1180 2173 1261 2220 ipse
1280 2172 1412 2208 scilicet
1428 2171 1699 2216 interpolatione
1716 2171 1772 2206 sua
1794 2172 1902 2207 inter-

127 2223 295 2258 verterat'.
346 2224 388 2258 Id
407 2235 498 2268 quam
523 2236 632 2259 verum
648 2224 716 2268 fit,
742 2225 795 2258 vel
813 2224 884 2258 inde
906 2230 1019 2269 patet,
1045 2223 1123 2268 quod
1141 2234 1200 2257 non
1219 2221 1409 2269 defuerunt,
1436 2221 1850 2267 quisequutiHotomanum
1867 2223 1902 2257 in

129 2274 402 2313 antitriboniano‚
420 2274 653 2308 celeberrimam
671 2275 789 2319 legem,
809 2283 840 2306 2.
853 2273 897 2306 D.
917 2273 960 2306 de
980 2271 1069 2318 orig.
1085 2272 1154 2318 jur.
1168 2270 1309 2306 &orum
1329 2270 1478 2316 magistr.
1505 2271 1675 2315 Pomponio
1694 2271 1900 2316 abjudicare,

129 2333 226 2367 eaque
243 2334 301 2355 non
318 2321 379 2367 nisi
392 2321 598 2363 Triboniani,
619 2324 678 2367 (in
697 2334 784 2368 quem
802 2320 997 2367 impostorem
1015 2332 1102 2356 omne
1120 2323 1210 2355 virus
1226 2319 1398 2366 evomunt)
1417 2318 1558 2365 fabulas
1575 2317 1615 2360 ἐξ
1632 2319 1743 2354 deliria
1759 2321 1901 2354 contine-

128 2373 179 2412 ri,
206 2370 392 2416 adseverare
409 2383 468 2406 non
484 2372 641 2406 dubitent.
694 2373 755 2406 Cur
777 2382 850 2405 vero
868 2371 886 2404 ἶ)
919 2369 980 2414 nist
1001 2370 1079 2415 quod
1103 2382 1182 2416 aqua
1201 2371 1377 2416 quandoque
1395 2370 1491 2403 liceret
1515 2369 1742 2413 interpretibus
1756 2393 1766 2409 ‚
1793 2365 1834 2407 &³
1849 2369 1901 2403 hi-

119 2418 244 2467 storias
263 2422 412 2466 quasdam
428 2422 504 2455 aliis
520 2423 678 2456 catinorum
694 2428 838 2455 veterum
855 2418 1046 2465 testimoniis
1064 2420 1233 2454 conciliare
1249 2431 1308 2453 non
1321 2417 1439 2465 statim
1452 2416 1587 2463 pffint.
1637 2416 1679 2450 Id
1696 2417 1774 2462 quod
1792 2424 1900 2453 tamen

128 2477 197 2504 tam
224 2471 376 2514 prceclare
397 2469 547 2516 praestitit
572 2468 805 2517 laudatiſjimus
828 2468 1129 2514 Bynkershoekius
1146 2495 1155 2510 ,
1188 2467 1294 2514 eauffiz
1325 2475 1359 2501 ut
1379 2467 1526 2500 videatur
1539 2468 1713 2510 perorata,
1738 2477 1796 2499 nec
1813 2467 1901 2511 quis-

128 2530 220 2563 quam
242 2526 356 2554 temere
365 2518 506 2565 futurus
524 2521 556 2553 in
572 2518 728 2564 posterum
739 2517 786 2562 fit
804 2525 872 2552 tam
890 2517 1054 2564 perfribiae
1061 2517 1191 2564 frontis
1206 2518 1311 2559 bomo,
1348 2517 1400 2561 qui
1423 2515 1525 2548 dicam
1541 2514 1593 2548 hic
1612 2512 1898 2560 Tribonianoscri-

127 2570 202 2603 bere
217 2565 311 2612 aufit.
336 2568 422 2617 ,Quis
446 2579 520 2614 ergo
545 2577 638 2615 neget
655 2567 695 2609 &³
711 2567 801 2612 JCto
815 2566 1080 2613 perneeeffizriam
1099 2566 1158 2613 effe
1170 2567 1313 2612 genuina
1328 2577 1347 2599 a
1366 2563 1492 2610 spuriis
1504 2561 1693 2609 secernendi
1704 2561 1898 2608 sollertiam.

177 2643 222 2678 Et
249 2644 399 2678 habienus
427 2645 547 2689 quidem
564 2671 573 2686 ,
607 2656 700 2690 quam
724 2644 852 2689 egregie
877 2641 1180 2688 Bynkershoekius
1204 2638 1411 2688 ampliffimus
1432 2649 1537 2674 omnes
1558 2639 1666 2673 critici
1685 2642 1898 2676 accuratioris

125 2700 238 2738 partes
259 2693 460 2738 impleverit,
478 2693 731 2739 satis-superque
749 2694 826 2727 mibi
842 2693 948 2726 videor
967 2689 1196 2737 demonstraffi’.
1249 2692 1358 2735 Neque
1385 2696 1491 2724 tamen
1509 2688 1544 2722 id
1563 2689 1595 2721 in
1613 2699 1681 2722 eam
1698 2697 1824 2733 partem
1842 2701 1898 2724 ac·

129 2744 233 2787 cipias
259 2744 376 2783 velim,
410 2754 447 2777 ac
466 2741 499 2786 fi
525 2751 556 2777 te
578 2741 853 2787 illiussententiis
870 2743 983 2786 ubique
1002 2768 1011 2784 ‚
1039 2749 1198 2785 tamquam
1214 2739 1357 2774 claudum
1373 2739 1448 2784 pilce
1464 2737 1769 2782 inhaerere'jubeam.
1817 2738 1898 2784 Dis:

121 2790 228 2834 sentit
244 2793 295 2826 vir
315 2791 543 2825 Celeberrimus
559 2804 578 2826 a
600 2793 766 2838 pluribus:
794 2789 835 2830 ἐξ
860 2789 924 2835 ipse
941 2793 981 2825 ab
1001 2802 1034 2825 eo
1053 2801 1281 2834 nonnumquam
1303 2789 1334 2822 a'i
1363 2789 1459 2821 entia.
1511 2786 1605 2820 Hanc
1621 2786 1801 2821 libertatem
1817 2787 1896 2822 dant

120 2837 296 2883 suinuntve
313 2841 449 2876 invicem
480 2842 553 2875 boni
578 2843 664 2884 viri,
691 2853 711 2875 a
726 2840 951 2885 prcejudicatis
975 2840 1175 2884 opinionibus
1191 2839 1295 2872 liberi.
1345 2836 1427 2870 Sane
1448 2833 1562 2880 effent,
1588 2847 1654 2879 quae
1672 2835 1723 2869 hic
1743 2835 1897 2883 adversus

132 2888 201 2930 ejus
213 2887 412 2933 sententiam
438 2891 473 2924 de
497 2890 613 2935 legatis
638 2899 737 2936 poenae
754 2891 878 2923 nomine
891 2898 947 2934 pro
975 2888 1214 2933 Gundlingi0;
1242 2885 1283 2926 ἐξ
1299 2885 1336 2920 de
1361 2884 1551 2929 expositione
1569 2882 1610 2923 &²
1629 2884 1709 2917 ca’de
1730 2883 1895 2930 infantum

130 2943 184 2977 pro
210 2937 289 2972 Ger.
310 2938 472 2974 Noodtio
489 2934 680 2984 disputarem
694 2964 705 2982 ,
730 2936 790 2982 nifi
810 2939 921 2972 charta
940 2944 1078 2972 moneret
1091 2964 1101 2978 ,
1128 2935 1352 2983 respiciendum
1367 2933 1426 2979 effe
1436 2941 1576 2978 portum.
1620 2931 1685 2967 'Sed
1698 2937 1746 2968 uti
1763 2934 1828 2971 ideo
1843 2935 1894 2977 ni-

132 2983 180 3015 hil
198 2985 313 3020 decedit
335 2988 564 3031 admirationi,
590 3001 651 3034 qua
677 2995 798 3023 aeterna
823 2989 888 3021 viri
911 2985 1055 3032 opuscula
1074 2985 1306 3031 prosequimur:
1338 2985 1386 3018 ita
1406 2985 1532 3024 omnia,
1559 2982 1620 3016 tibi
1638 2980 1763 3016 Lector
1782 2983 1894 3018 Bene-

130 3031 234 3073 vole,
270 3036 436 3080 mirificam
458 3035 607 3083 adferent
631 3039 835 3078 utilitatem,
870 3037 1123 3082 voluptatemque
1145 3033 1389 3074 incredibilem,
1415 3038 1449 3065 ut
1465 3030 1534 3076 fit,
1559 3031 1638 3076 quod
1660 3032 1736 3064 bene
1754 3033 1894 3076 preceris

131 3077 266 3124 Kfflgio
285 3083 384 3129 nostro
402 3112 410 3125 ,
445 3086 502 3121 has
529 3088 591 3121 tibi
613 3086 708 3132 dapes
735 3091 816 3118 minc
842 3088 979 3130 primum
1006 3086 1038 3118 in
1057 3083 1227 3117 Germania
1253 3082 1434 3127 adponenti.
1489 3080 1537 3114 Tu
1558 3081 1624 3114 illis
1636 3077 1778 3125 fruere,
1804 3078 1845 3120 ὃ)
1866 3078 1894 3123 si

131 3138 193 3171 qua
216 3129 405 3175 irrepserunt
431 3136 541 3169 menda
564 3163 572 3174 ,
606 3147 643 3170 ea
670 3147 730 3170 non
759 3135 854 3174 mibi,
881 3136 972 3180 cujus
998 3133 1088 3167 nullm
1112 3133 1144 3165 in
1170 3131 1386 3165 emendatione
1406 3129 1668 3176 partesfuerunt
1685 3154 1695 3170 ,
1713 3127 1776 3171 scd
1793 3130 1892 3170 aliis,

132 3178 374 3265 ῧθὲΐέἒςέῖὶῑζ
384 3193 473 3263 leni—ce
489 3183 661 3230 prefecit,
689 3184 812 3227 tribue,
841 3185 977 3229 meisque
997 3178 1218 3226 Mzrfisfave,
1245 3179 1339 3218 Halae
1361 3179 1626 3226 Magdeburgicae
1647 3188 1681 3221 4.
1706 3176 1755 3212 Id.
1782 3177 1888 3223 April.

1605 3271 1888 3309 CORNELII
