2008 3436
499 113 558 175 D
645 114 688 175 E
772 114 828 174 D
914 112 936 171 l
1021 111 1073 172 C
1159 112 1208 171 A
1293 109 1350 169 T
1434 110 1457 169 I
1538 111 1608 171 O.

183 230 304 283 domi
336 234 383 285 &
405 234 541 294 foris,
578 234 629 284 ad
652 235 725 302 Jus
767 232 1112 282 Ecclefiasticum
1146 232 1194 280 &
1223 230 1410 278 Militare
1431 266 1444 289 ,
1489 230 1540 279 ad
1563 231 1730 290 Feuda,
1765 231 1815 281 ad
1854 249 1930 299 pu-

184 304 291 351 blica
324 305 483 370 judicia
508 342 521 363 ‚
577 306 624 354 &
655 304 705 352 ad
736 303 845 370 Juris
886 302 1074 367 privati,
1121 297 1254 366 longe
1287 300 1456 366 lateque
1481 302 1691 364 patentis,
1736 302 1931 364 peritiam

184 375 368 438 pertinet
390 394 413 432 ,'
439 374 509 422 diu
534 374 809 438 multumque
831 372 1018 418 verffitus
1041 368 1128 426 fui,
1165 369 1212 417 ὅ(
1234 369 1372 417 adhuc
1399 369 1568 428 verffi'r,
1604 387 1695 418 non
1713 370 1796 419 alio
1815 368 1930 431 fine,
1997 423 2000 440 ι

183 459 312 508 quam
334 458 380 491 ut
407 445 439 491 is
462 444 577 491 labor
611 445 655 489 in
686 440 819 488 causis
846 438 1083 504 judicandis
1117 437 1223 485 mihi
1248 437 1430 488 subsidio
1458 437 1536 496 fit,
1574 452 1620 486 ut
1641 438 1748 486 olim
1770 438 1852 488 fuit
1887 442 1931 490 in
2000 480 2001 483 η

183 511 315 560 causis
351 512 537 577 agendis.
610 508 800 557 Accessit
829 507 938 555 aliud
959 544 972 564 ,
1023 507 1139 572 quod
1166 524 1238 554 me
1259 508 1310 554 ab
1335 507 1495 574 aliquot
1525 509 1645 556 annis
1670 509 1897 575 occupavit
1915 547 1931 569 ‚

184 582 422 628 etiamnum
444 593 652 643 occupat,
690 578 762 636 &,
799 577 831 626 fi
855 579 964 624 vires
985 577 1134 623 animo
1156 573 1392 633 sufficiant,
1429 577 1471 624 in
1497 576 1717 640 posterum
1746 594 1934 643 occupa-

185 650 269 697 bit:
307 667 360 696 ex
382 666 470 714 quo
491 649 608 695 enim
637 648 819 695 Senator
843 647 1022 694 Curiam
1048 645 1305 709 Supremam
1330 644 1537 711 ingressus
1561 645 1677 705 sum,
1725 665 1792 696 res
1810 664 1833 695 a
1857 648 1934 696 Se-

186 733 285 765 natu
310 716 457 764 nostro
484 716 712 780 judicatas,
749 730 916 763 tantum
953 731 1042 761 non
1074 730 1229 761 omnes
1250 749 1264 771 ,
1311 731 1404 780 quae
1428 713 1602 780 quidem
1628 716 1800 780 alicujus
1836 734 1936 766 mo-

188 786 323 833 menti
353 800 500 843 erant,
539 787 579 833 in
611 783 862 833 Adverffiria
884 783 1041 840 retuli,
1072 780 1120 831 &
1152 781 1295 830 refero
1316 784 1534 849 quotidie,
1576 784 1680 833 dum
1699 802 1848 833 recens
1871 786 1937 835 est

187 872 333 902 earum
380 872 523 902 rerum
558 855 770 902 memoria
792 890 806 911 ,
853 853 900 901 &
933 852 1050 919 quod
1088 851 1137 899 ad
1159 850 1317 916 species
1352 851 1475 911 faCti,
1512 870 1605 920 quae
1628 854 1851 912 incidunt,
1886 855 1937 904 &

185 923 303 986 quod
323 923 373 972 ad
404 923 588 971 rationes
611 960 624 981 ,
660 923 1011 989 quaeSenatum,
1048 936 1094 968 ut
1115 922 1170 968 ita
1182 920 1391 985 judicaret
1414 959 1428 980 ,
1476 938 1723 972 moverunt.
1797 922 1936 985 Quod

186 993 291 1040 dum
322 1009 408 1058 ago
432 1010 507 1058 per
532 992 722 1058 hos,qui
746 987 1176 1055 praeterierunt,XV.
1200 1007 1361 1049 annos,
1392 1006 1499 1039 natae
1527 993 1631 1040 mihi
1650 991 1744 1041 sunt
1768 991 1936 1043 XV.&

187 1061 305 1127 quod
319 1062 503 1109 excurrit
519 1099 532 1119 ,
556 1061 722 1109 Rerum
735 1060 1023 1126 judicatarum
1045 1059 1287 1116 Centuriae,
1318 1059 1590 1108 tumultuaria
1606 1061 1780 1127 quidem
1805 1078 1938 1127 opera

186 1128 434 1196 conscriptae
449 1167 461 1188 ,
477 1129 544 1178 sed
555 1148 647 1196 quae
662 1146 806 1178 tamen
821 1130 968 1182 omnia
981 1127 1329 1193 compleetuntur
1341 1165 1354 1185 ,
1369 1146 1461 1194 quae
1474 1129 1793 1195 adqsententiam
1805 1132 1938 1180 Sena-

174 1213 253 1253 *tus
267 1201 508 1263 pertinent,
519 1216 699 1266 quaeque
711 1198 818 1247 adeo
828 1197 877 1247 ad
894 1197 1013 1245 usum
1025 1234 1037 1256 ,
1053 1213 1185 1261 quem
1200 1196 1306 1244 mihi
1320 1196 1542 1262 praescripfi
1556 1234 1569 1255 ,
1583 1199 1690 1247 mihi
1705 1196 1934 1249 sufficiunt.

257 1268 387 1317 Hanc
405 1285 583 1334 operam
605 1286 720 1317 navo
747 1267 833 1332 juri
859 1266 1022 1324 Patrio,
1058 1263 1128 1312 sed
1151 1281 1240 1312 non
1277 1265 1333 1312 ita
1357 1283 1431 1313 me
1464 1280 1616 1319 totum.
1638 1267 1727 1315 haec
1749 1266 1825 1317 fibi
1843 1269 1940 1317 vin·-

187 1336 322 1396 dicat,
359 1338 461 1404 quin
494 1336 698 1402 supersint
731 1335 909 1384 induciae
942 1332 1165 1392 forenseS,
1210 1332 1362 1401 quibus
1395 1334 1505 1383 aliud
1532 1352 1685 1402 agam,
1722 1335 1770 1385 &
1805 1338 1938 1404 quin,
1978 1367 1979 1370 =

186 1421 338 1473 praeter
357 1421 452 1464 eaS,
490 1403 665 1471 supersit
693 1405 834 1454 ot‘ium
862 1442 876 1462 ,
921 1421 1010 1471 quo
1042 1403 1165 1452 liceat
1195 1400 1389 1452 animum
1412 1404 1624 1464 relaxare,
1661 1405 1709 1455 &
1730 1422 1880 1455 vacare
1896 1423 1940 1456 a-

184 1477 335 1532 micis,
372 1475 442 1532 &,
480 1472 570 1523 fine
587 1474 737 1523 fraude
759 1473 949 1522 muneris
977 1510 992 1531 ,
1038 1472 1257 1538 exspatiari
1277 1473 1321 1520 in
1342 1475 1615 1522 amoenitates
1638 1475 1746 1540 Juris
1771 1474 1942 1525 Roma-

185 1544 246 1592 ni.
291 1542 536 1601 ‘Novistis,
574 1542 787 1593 Cariffimi
808 1543 1003 1599 FratreS,
1040 1541 1108 1590 sua
1136 1543 1293 1608 cuique
1327 1541 1413 1591 esse
1443 1545 1574 1592 animi
1601 1544 1942 1606 oblectamenta,

185 1630 284 1662 mea
299 1627 444 1661 autem
467 1612 573 1661 mihi
587 1611 673 1661 esse
683 1653 697 1675 ‚
720 1611 885 1660 verffire
907 1625 1106 1659 veterum
1122 1610 1336 1676 JCtorum
1362 1612 1647 1678 Fragmenta,
1672 1614 1811 1665 &hac
1829 1629 1947 1674 arte,

185 1700 280 1749 quae
302 1683 349 1731 &
371 1680 566 1748 prodest,
610 1682 658 1731 δε·
691 1699 765 1729 me
792 1682 834 1729 in
873 1682 1020 1746 primis
1049 1680 1256 1739 deleotat,
1292 1679 1437 1730 fallere
1459 1697 1631 1749 tempus
1654 1683 1703 1733 &
1727 1680 1945 1734 laboriosae

181 1751 369 1818 jucunda
398 1751 555 1800 oblivia
581 1753 689 1800 vitae.
763 1750 920 1812 Quum
946 1763 1045 1797 ante
1069 1750 1231 1816 aliquot
1256 1766 1391 1798 annos
1413 1751 1663 1800 Adversaria
1687 1770 1785 1801 mea
1808 1772 1944 1802 excu-

186 1835 355 1879 terem,
391 1821 439 1869 &
462 1823 599 1869 Anno
625 1834 895 1871 CIDIDCCIX.
935 1836 990 1866 ex
1020 1818 1084 1866 his
1115 1820 1284 1884 publice
1304 1819 1478 1870 ederem
1511 1820 1674 1871 Libros
1709 1820 1807 1871 Ils.
1852 1821 1945 1870 Ob-

168 1891 473 1952 servationum
495 1888 633 1954 Juris
671 1887 887 1945 Romani,
925 1886 1052 1935 incidi
1086 1903 1190 1936 tunc
1217 1890 1260 1936 in
1299 1890 1433 1938 varias
1463 1889 1853 1940 animadversiones
1890 1889 1943 1939 ad

187 1959 214 2006 l.
255 1974 295 2007 2.
334 1958 387 2022 ff.
423 1958 472 2006 de
511 1957 568 2007 O.
604 1957 663 2024 J.
701 1958 748 2007 &
782 1959 825 2005 in
857 1955 1188 2006 Dissertationes
1223 1958 1455 2025 quasdam,
1504 1959 1720 2026 aliquanto
1737 1960 1944 2026 prolixio-

187 2045 278 2085 τες,
315 2018 444 2091 quam
466 2041 510 2074 ut
535 2044 605 2075 eas
628 2041 799 2092 caperet
835 2024 1191 2087 Observationum
1213 2029 1423 2076 materies.
1497 2028 1593 2077 Has
1616 2043 1721 2077 tunc
1754 2028 1944 2096 seposui,

187 2110 258 2153 ut,
296 2112 397 2143 cum
434 2095 531 2144 alias
564 2095 856 2144 commodum
893 2093 1028 2152 effer,
1074 2095 1248 2161 publico
1280 2095 1461 2160 darem3
1497 2097 1660 2164 &quia
1682 2116 1798 2148 nunc
1819 2104 1944 2149 com-

188 2164 373 2213 modum
394 2163 482 2223 est,
513 2165 738 2214 nonnullas
758 2182 811 2212 ex
834 2163 898 2211 his
932 2181 1048 2211 nunc
1079 2166 1186 2223 edo,
1222 2164 1398 2230 singulis
1420 2203 1434 2224 ,
1473 2183 1549 2214 cur
1579 2166 1810 2226 ediderim,
1847 2170 1942 2218 bre-

188 2235 302 2281 viter
318 2233 370 2281 ad
402 2233 638 2282 Lectorem
668 2234 891 2299 praefatus,
928 2251 1021 2298 quae
1045 2234 1092 2282 &
1127 2234 1223 2282 Vos
1253 2234 1310 2282 ibi
1349 2233 1502 2300 legetis
1520 2272 1534 2294 ,
1570 2236 1618 2285 &
1641 2254 1729 2303 ego
1759 2238 1829 2286 hic
1853 2254 1946 2286 non

188 2320 355 2351 enarro.
433 2302 540 2351 Haec
575 2299 791 2366 Optffcula
813 2339 826 2360 ,
875 2319 968 2368 quae
1001 2306 1119 2350 varii
1147 2307 1392 2368 argumenti
1424 2303 1516 2352 sunt
1538 2341 1552 2362 ,
1589 2305 1637 2354 &
1666 2308 1857 2354 maxime
1892 2304 1945 2354 ad

187 2371 501 2437 elegantiorem
529 2372 910 2438 Jurisprudentiam
951 2373 1166 2437 pertinent
1190 2409 1203 2430 ,
1261 2372 1527 2421 Nominibus
1548 2372 1697 2421 vestris
1737 2373 1945 2432 instribo,

189 2441 238 2489 &
260 2442 358 2506 quia
380 2441 513 2488 ambo
533 2439 630 2489 estis
660 2439 783 2507 JCti,
831 2455 960 2507 atque
988 2441 1096 2489 adeo
1123 2441 1291 2507 Judices
1326 2441 1381 2489 de
1419 2442 1569 2500 rebuS,
1605 2459 1708 2508 quas
1733 2443 1803 2491 hic
1825 2460 1944 2509 ago,

188 2524 492 2574 competentes
515 2510 562 2559 &
584 2510 753 2571 idonei,
791 2510 838 2560 &
859 2512 957 2577 quia
978 2527 1028 2558 ea
1063 2511 1174 2558 inter
1205 2528 1286 2558 nos
1322 2508 1383 2558 est
1410 2510 1686 2574 conjunCtio,
1735 2530 1784 2560 ea
1809 2530 1907 2561 vera
1931 2548 1946 2570 ,

187 2595 332 2645 neque
355 2578 497 2626 fucata
520 2580 731 2637 amicitia,
768 2594 814 2627 ut
836 2580 947 2627 inter
971 2580 1141 2627 Fratres
1177 2580 1428 2627 Germanos
1463 2579 1602 2643 major
1638 2579 1724 2628 effe
1749 2581 1860 2630 haud
1883 2580 1946 2629 fa-

187 2647 269 2695 cile
300 2645 439 2713 poffit.
512 2646 683 2695 Laudes
706 2647 862 2695 vestras
893 2649 1118 2713 praedicare
1149 2645 1289 2697 finon
1319 2662 1483 2695 vetaret
1507 2665 1606 2696 mos
1639 2667 1789 2709 meus,
1825 2665 1947 2699 veta·-

185 2731 251 2765 ret
274 2730 392 2765 certe
414 2713 596 2764 affinitas
623 2714 763 2764 nostra
777 2735 790 2777 3
827 2732 1109 2784 praeterquam
1134 2717 1254 2783 quod
1274 2716 1376 2764 nihil
1400 2718 1631 2783 quicquam
1655 2717 1810 2784 possim
1831 2720 1945 2768 dice·

185 2793 258 2844 re‘,
294 2785 410 2851 quod
439 2802 527 2833 non
549 2785 719 2851 publice
741 2783 790 2833 fit
809 2799 964 2833 notum
985 2822 998 2842 ,
1028 2784 1324 2835 &innotescat
1348 2786 1568 2851 quotidie,
1606 2786 1701 2836 estis
1719 2790 1837 2838 enim
1854 2805 1945 2837 am·

186 2855 246 2902 bo
276 2853 495 2903 constituti
520 2856 563 2903 in
588 2855 784 2903 Statione
820 2853 992 2920 publica
1025 2854 1291 2921 Reipublicae
1324 2854 1547 2920 gerendae,
1596 2856 1639 2904 in
1665 2876 1776 2924 qua,
1814 2874 1945 2924 quan·

188 2937 281 2970 tum
306 2924 487 2991 quisque
510 2923 667 2982 valeat,
707 2923 748 2972 id
774 2937 1036 2990 argumento
1059 2921 1153 2982 est,
1186 2922 1302 2991 quod
1320 2923 1496 2988 praestat.
1569 2922 1628 2973 Et
1645 2963 1659 2984 ,
1696 2927 1729 2975 st
1752 2928 1848 2975 Vos
1880 2943 1944 2976 re-

190 2993 257 3036 &e
282 2994 385 3040 novi
401 3030 415 3051 ,
452 2992 527 3057 ipfi
550 3008 729 3059 gravate
749 2994 974 3051 audiretis,
1011 2988 1042 3040 fi
1066 2992 1139 3040 hic·
1148 2990 1201 3040 ad
1215 2990 1309 3040 Vos
1336 2993 1465 3041 verba
1488 2989 1677 3043 facerem
1691 2995 1744 3044 de
1757 2997 1946 3059 ejusmoa

190 3057 230 3103 di
249 3059 398 3118 rebus,
435 3060 588 3128 quibus
620 3062 686 3111 alii
723 3063 857 3111 solent
890 3062 1194 3127 inscriptiones·
1222 3060 1459 3110 Librorum
1495 3064 1684 3129 implere.
1762 3063 1943 3122 Valere,-

188 3125 356 3172 Fratres
384 3129 593 3179 Cariffimi
613 3168 626 3189 ,
680 3132 727 3181 ὅ(
775 3132 846 3180 diu
879 3132 1015 3178 vivite
1049 3127 1194 3179 felices
1221 3166 1234 3189 ,
1283 3130 1427 3179 vestro
1467 3132 1514 3180 &
1548 3132 1789 3198 reipublicae
1811 3133 1942 3181 bono.

188 3191 363 3242 Dabam
387 3195 525 3262 Ηυξ-γε
546 3199 809 3250 Batavorum
836 3199 934 3267 ipsis
960 3197 1161 3250 Calendis
1183 3197 1295 3266 Junii
1317 3215 1628 3254 croroccxix.
1835 3204 1877 3249 A
1895 3196 1950 3247 D
