2008 3436
336 90 690 153 Amica

51 199 165 233 lim-am
183 195 531 230 Senatusconsultorum
560 203 635 235 quas
656 189 817 224 Pandectis
832 186 909 220 mse-

14 261 17 265 ·
50 242 113 274 ruit
132 239 365 277 'sribonianus,
389 237 424 268 ad
442 245 599 277 praecepta
627 233 756 278 moralia
773 229 908 276 referas:

51 282 96 314 cst
119 279 377 314 Bx-nltcrshoekio
404 287 532 315 metus;
570 285 608 308 nc
631 274 799 307 auctomtas
828 270 910 311 ‚luris

51 319 185 355 iznmat'ie
208 329 357 364 quantum
383 319 607 360 periclitetur3
631 326 666 348 ac
693 324 733 347 ne
751 314 836 355 quod
853 322 911 353 pro

51 365 137 404 Lege
166 363 269 396 haberi
301 362 401 393 voluit
429 359 615 401 justinianus
636 380 648 396 ,
685 356 834 401 habeatur
852 363 910 400 pro

50 398 280 438 declamatione
301 403 433 442 alicujus
459 400 606 432 Rhetoris
633 406 687 430 aut
713 395 909 442 Philosophi.

50 448 110 480 Sed
137 448 190 489 qui
218 453 317 478 metus
345 443 389 476 est
422 442 535 473 Amico
561 439 668 472 Dofto
696 438 726 470 ὅ(
744 437 862 484 Claro,
887 447 912 468 is

50 498 153 521 metus
168 497 231 520 non
255 485 298 518 cst
323 484 398 517 mini
411 506 422 522 ,
454 492 487 514 re
504 481 567 523 ipsa
583 492 599 513 a
619 490 668 512 me
687 479 845 521 superlore
860 488 912 525 eit-

52 531 158 571 cmplo
174 537 262 560 extra
287 525 514 558 dubitationem
542 522 649 565 posita.
675 529 824 563 praeterea
842 530 912 562 quis

51 573 175 604 ianm-at
204 569 297 611 paulo
321 565 497 603 eruditior,
531 571 679 605 oportere
698 563 728 594 in
744 562 908 608 Fragmen-

52 598 94 645 ti's
113 611 350 647 Pandettarum,
376 615 410 639 ut
442 606 524 637 rene
543 605 783 646 intelligantur,
805 603 906 642 duph-

52 663 120 686 cem
153 652 217 685 fieri
244 649 483 691 inspectionem:
518 657 610 679 unam
635 647 673 678 de
691 645 907 691 mente-Vete-

51 704 119 728 rum
148 693 318 725 Auttorum
335 702 341 722 :
372 691 498 722 alteram
515 689 552 720 de
568 688 718 720 sententia
735 686 906 728 justiniani.

51 735 227 770 Secundum
251 734 330 765 hanc
351 731 434 764 credi
466 730 558 762 debet
584 729 671 762 Pauli
689 728 909 770 Fragmentum

51 788 68 810 a
92 777 173 818 Juris
199 774 388 808 Architectis
414 771 475 804 esl'e
504 772 534 803 in
565 773 592 803 cl.
625 771 644 802 l.
669 781 700 811 4.
723 769 908 815 pai-tedem-

51 827 124 862 pta,
157 817 379 849 collocatum:
411 814 473 845 hoc
495 812 626 844 consilio
645 836 654 851 ‚
688 819 721 843 ut
750 818 909 857 acciperet

53 860 118 892 vim
138 859 231 892 Leuis
249 881 259 896 ,
290 866 392 898 aptam
410 855 440 887 δε
457 855 697 886 convenientem
714 852 853 884 moribus
872 851 907 896 il-

53 902 87 934 lo
112 892 254 932 tempore
279 898 412 940 receptis
436 906 477 928 ex
503 894 740 928 Constitutione
770 893 908 924 Valenti-

54 941 157 981 niani,
180 925 341 979 Valentis,
366 941 396 971 ἃ
413 937 577 975 Gratiani,
602 937 632 968 in
655 937 683 967 d.
707 936 728 967 l.
753 939 782 968 8.
810 933 909 981 §.Ad

55 983 132 1026 Leg.
161 982 273 1014 cornei.
305 983 338 1013 de
362 979 448 1019 sisar.
482 978 518 1013 ὅ)
538 978 565 1008 (ἰ.
591 978 609 1008 l.
627 987 664 1022 ¹2.
692 978 723 1008 C.
748 977 780 1006 a'e
805 976 906 1020 insan-

54 1026 106 1056 tib.
137 1022 250 1064 expofit.
297 1022 398 1054 Aliter
422 1029 458 1051 ac
485 1019 506 1051 si
532 1025 726 1049 examinetur
755 1016 792 1048 ad
820 1018 908 1047 ulum

53 1064 149 1096 ieculi
166 1073 230 1105 quo
248 1061 363 1102 scripsit
379 1060 506 1092 Paulus:
533 1066 599 1090 tum
619 1059 702 1090 enim
719 1059 818 1090 dicam
833 1081 844 1096 ,
858 1067 910 1089 ne-

52 1115 114 1147 que
127 1105 243 1146 Legem
256 1102 367 1141 fuiss'c,
391 1110 490 1143 neque
506 1100 599 1143 Legis
616 1100 835 1133 nudor-itatem
856 1099 910 1131 ob-

162 150 182 165 N.

52 1230 164 1265 officio,
191 1238 274 1268 quam
299 1239 315 1259 a
335 1229 424 1259 Paulo
453 1229 625 1264 adhibitam,
655 1228 683 1257 dt
701 1236 716 1256 a
731 1228 911 1257 Triboniano

51 1270 174 1299 omissam
197 1270 290 1298 censes
314 1270 340 1297 in
368 1269 395 1298 d.
422 1270 441 1297 1.
469 1277 496 1304 4.
524 1267 643 1297 totidem
659 1267 751 1295 verbis
767 1267 885 1296 exstaret
901 1289 909 1300 .

49 1317 136 1337 nemo
164 1317 221 1336 non
244 1309 318 1337 hanc
342 1316 394 1344 pro
421 1307 615 1336 admonitione
647 1307 773 1335 haberet.
827 1307 912 1334 Nunc

49 1355 112 1376 eam
129 1346 296 1382 subintelligi
313 1345 465 1380 dessderzm,
489 1345 534 1374 sed
551 1354 586 1374 ex
603 1345 739 1375 sententia
754 1344 851 1380 Pauli,
867 1353 913 1372 ve·

49 1394 112 1419 rum
133 1393 191 1413 non
215 1384 404 1421 subintelligi,
431 1393 465 1413 ex
490 1383 623 1413 sententia
646 1383 791 1422 Justiniani
811 1405 818 1417 ,
840 1382 910 1420 post-

50 1432 134 1461 quam
149 1432 249 1461 nempe
258 1424 449 1453 Valentiniani
464 1423 525 1459 lege
538 1422 720 1452 infanticidiis
737 1421 912 1450 interdictum

52 1469 122 1492 erat.
159 1462 312 1499 Duplicem.
334 1463 418 1498 igitur
435 1463 474 1491 vis
492 1460 557 1498 fieri
580 1461 770 1500 inspeffionem,
793 1470 870 1489 unam
883 1460 913 1488 de

50 1507 134 1530 mente
147 1507 266 1530 veterum
285 1502 415 1530 flubiorum
433 1522 441 1535 ,
473 1502 580 1529 aiteram
596 1501 626 1528 de
633 1499 764 1538 seritemia
776 1497 912 1538 Justinia-

49 1541 90 1569 ιη’.
128 1540 183 1569 Sed
203 1540 344 1576 generalia
365 1540 423 1567 haec
444 1538 639 1575 restringamus
660 1539 696 1567 ad
716 1538 834 1574 speciem
849 1546 913 1575 pro-

50 1577 186 1615 positam,
216 1578 242 1607 &
264 1578 335 1607 cedo
354 1579 422 1606 mihi
446 1577 539 1606 locum
555 1600 562 1611 ,
591 1578 638 1606 ubi
653 1579 796 1610 ‚Veterum
812 1576 912 1613 aliquis

50 1617 245 1650 admonuerit.
275 1617 342 1654 quid
367 1617 456 1645 virum
479 1616 625 1645 bonum&
643 1615 789 1645 honestum
804 1637 811 1649 ,
833 1622 912 1644 extra

50 1656 177 1692 publicas
201 1657 308 1685 tabulas
327 1677 337 1690 ,
365 1654 484 1684 decebat
504 1677 511 1687 ,
539 1663 623 1691 quem
650 1655 838 1692 Justinianus,
860 1662 912 1690 pro

49 1695 147 1730 regula
171 1696 262 1732 Juris,
297 1693 397 1723 tabulis
420 1693 538 1731 publicis
560 1693 706 1722 inclusisset
755 1694 797 1721 lta
812 1693 913 1721 fastum

50 1733 144 1761 censes
162 1734 236 1770 apud
248 1734 363 1763 Paulum
387 1734 415 1761 in
442 1732 467 1761 d.
488 1733 506 1760 l.
528 1741 555 1767 4.
576 1732 623 1761 sed
643 1732 698 1760 hoc
713 1731 752 1760 est
767 1731 795 1757 τὸ
808 1730 911 1766 κρινᾶμε.

49 1781 98 1805 m,
118 1771 144 1800 ἃ
160 1773 197 1801 ita
216 1781 330 1809 quoque
344 1772 444 1800 fat‘tum
461 1770 554 1799 censes
580 1771 608 1799 in
629 1772 647 1799 l.
672 1779 716 1799 12.
736 1770 761 1806 §.
785 1769 862 1807 3.ff.
882 1768 912 1798 de

49 1809 85 1839 R.
98 1809 139 1838 N.
162 1811 206 1839 sed
222 1813 311 1840 minus
335 1811 418 1840 etiam
440 1809 526 1842 reae,
557 1815 588 1837 ut
611 1818 675 1838 mox
692 1809 796 1838 audies.
837 1808 913 1836 Pert-

41 1847 194 1878 -clitabitur
215 1851 318 1887 igitur,
347 1849 439 1877 adhuc
461 1847 542 1881 dico,
570 1855 696 1876 veterum
713 1847 848 1885 JCtorum
865 1855 911 1875 au-

51 1886 181 1921 eomas,
209 1888 244 1922 si,
270 1896 329 1923 qum
353 1887 390 1916 illi
413 1887 448 1916 de
465 1886 530 1924 Jure
549 1886 729 1924 scripserunt,
751 1885 786 1914 ad
803 1886 911 1914 senten-

52 1926 105 1954 tias
120 1927 237 1955 morales
255 1926 462 1955 transferamus.

90 1971 114 1992 1.
135 1965 236 1994 Adfers
259 1966 306 1993 hic
330 1965 510 2002 exemplum,
541 1972 599 2000 quo
615 1963 818 1992 distinttionem
836 1971 912 1992 tuam

52 2003 163 2032 tuearis.
209 2003 349 2040 Ulpianus
377 2005 405 2031 in
432 2005 450 2031 l.
474 2010 518 2030 12.
544 2002 569 2038 ς.
593 2010 618 2037 3.
639 2001 678 2040 ff.
707 2003 737 2030 de
757 2001 792 2030 R.
812 2002 852 2030 N.
874 2003 912 2030 ita

54 2041 163 2070 scribit:
189 2041 220 2070 Si
238 2050 304 2070 uxor
326 2051 382 2071 mea
403 2040 455 2078 post
485 2041 626 2069 divortium
648 2042 698 2068 alii
725 2048 776 2075 ‘nup
790 2042 852 2073 erit,
875 2039 912 2073 &³

45 2077 134 2116 filiam
147 2079 289 2118 susceperit
306 2103 313 2114 ,
341 2086 417 2117 putat
430 2079 563 2119 Julianus
578 2100 586 2113 ‚
615 2080 679 2107 hanc
702 2079 803 2115 quidem
829 2080 911 2114 privi-

52 2125 134 2152 gnam
146 2128 194 2146 mm
209 2118 275 2156 effe,
295 2127 386 2147 verum
399 2118 498 2154 nuptiIs
513 2118 567 2154 ejus
583 2116 768 2154 abstinendum.
808 2117 913 2145 Eadem

53 2155 155 2192 juliani
171 2155 306 2185 sententia
329 2157 447 2185 refertur
471 2156 497 2184 in
525 2156 552 2192 §-
566 2164 594 2190 9.
615 2154 680 2192 Inst.
698 2156 727 2183 cle
743 2155 828 2191 Nupt.
850 2156 912 2183 Nec

55 2192 165 2222 dubitat
186 2194 237 2222 Vir
259 2194 333 2223 Clar.
356 2203 445 2230 neque
468 2194 524 2230 ipse
540 2194 612 2223 adeo
632 2194 745 2222 Cartesii
763 2194 858 2222 sectam
876 2194 913 2222 se-

53 2239 126 2266 quor
137 2253 145 2264 ,
165 2237 196 2260 ut
212 2231 334 2261 dubitem
346 2254 352 2264 .
373 2234 439 2269 quin
457 2233 504 2260 illa
519 2233 621 2270 Juliani
637 2232 770 2261 sententia
781 2254 787 2264 ,
801 2233 828 2259 in
844 2232 913 2260 Pan-

55 2269 146 2298 deeras
166 2269 191 2298 ἃ
206 2270 397 2299 institutiones
411 2270 587 2306 transcripta,
608 2271 748 2308 projure,
768 2270 846 2307 quod
863 2271 913 2298 ob.

53 2308 137 2343 liget,
159 2309 286 2337 habenda
306 2308 346 2337 sit.
384 2308 424 2337 At
438 2317 494 2337 non
514 2309 551 2337 ita
567 2308 619 2337 fuit
634 2330 640 2342 ‚
669 2308 688 2336 fi
703 2308 799 2337 audias
812 2309 912 2337 Virum

54 2345 129 2374 Clar.
149 2353 276 2383 tempore
302 2347 405 2385 Juliani
418 2367 428 2381 ,
447 2353 516 2375 tunc
532 2348 605 2375 enim
622 2348 660 2375 ait
673 2347 812 2375 duntaxat
826 2349 910 2384 perti-

54 2384 141 2413 nuisse
165 2386 200 2413 ad
224 2386 384 2423 sapiendam
399 2407 406 2419 ‚
436 2393 497 2422 quae
510 2394 601 2414 mores
618 2385 764 2418 emendat,
785 2384 811 2413 ἃ
825 2385 909 2422 Julia-

54 2429 140 2457 ηοω,
166 2432 222 2460 qua
248 2432 307 2453 erat
331 2426 453 2460 pietate,
475 2423 579 2452 suasisse
599 2430 722 2456 tantum,
744 2430 773 2452 ut
788 2426 823 2451 ab
840 2426 909 2460 ejus-

54 2461 131 2490 modi
151 2464 256 2499 nuptiis
276 2462 461 2495 abstineatur,
490 2462 680 2494 considerato,
716 2461 793 2498 quod
809 2461 847 2490 est
864 2471 910 2499 pu⁴

56 2498 131 2528 doris
147 2500 172 2528 ἃ.
187 2500 356 2534 honestatis,
385 2509 443 2528 non
465 2500 541 2537 quod
559 2500 598 2529 est
612 2501 693 2538 Juris„
732 2500 794 2536 Ego
817 2509 913 2529 autem

54 2537 216 2567 sententiam
232 2540 351 2577 Juliani,
379 2540 463 2567 etiam
487 2548 520 2567 ex
538 2540 595 2573 ejus
616 2544 728 2572 niente,
750 2539 850 2575 regulis
865 2540 910 2576 Ju-

53 2577 90 2604 ris
107 2577 315 2606 adscribendam
332 2577 448 2609 censeo,
471 2585 528 2605 non
543 2579 676 2613 proeceptz's
691 2576 789 2615 Juris‚
812 2585 912 2614 quaetu

54 2615 191 2650 appellas:
211 2617 279 2644 nihil
306 2617 407 2652 qnippe
429 2615 469 2644 est
485 2617 511 2644 in
531 2616 556 2643 cl.
580 2617 598 2643 i.
614 2623 657 2644 12.
678 2616 702 2652 ᾗ.
725 2623 751 2650 3.
773 2616 864 2643 necin
886 2616 911 2644 d.

54 2653 79 2688 5.
96 2661 121 2686 9.
143 2662 175 2681 ex
191 2663 248 2690 quo
261 2654 387 2682 effeceris
411 2654 478 2683 boni
501 2655 554 2682 viri
569 2652 708 2686 officium.
732 2654 807 2690 quod
824 2655 913 2691 impu-

55 2698 92 2717 ne
114 2691 228 2719 licuisset
247 2699 437 2720 contemnere.
476 2693 545 2727 Agit
564 2692 703 2729 Ulpianus
726 2693 752 2720 in
775 2692 801 2720 d.
822 2694 839 2720 l.
864 2701 908 2721 12.

54 2727 79 2764 §2
103 2736 126 2756 1.
148 2737 175 2756 2.
197 2728 232 2763 &³
254 2738 279 2764 3.
309 2730 343 2758 de
369 2729 447 2767 quasi
465 2730 609 2765 affinibus,
637 2730 662 2759 δι
679 2730 769 2767 palam
793 2730 910 2764 desinit,

55 2767 129 2794 inter
150 2775 194 2795 me
215 2767 241 2795 δ(
265 2768 388 2803 sponsam
412 2771 498 2805 patris
513 2770 567 2797 mei
583 2770 692 2805 nuptias
708 2771 834 2797 contrahi
852 2778 910 2798 non

53 2804 148 2841 posse,
168 2814 335 2841 quamquam
355 2808 466 2843 proprie
485 2816 544 2836 non
562 2807 593 2835 fit
615 2816 738 2836 noverca
760 2817 822 2836 mea
842 2808 865 2845 §.
884 2817 909 2837 1.

55 2850 109 2870 nec
125 2843 196 2871 inter
212 2844 333 2879 sponsam
354 2853 442 2873 meam
466 2844 492 2874 6:
513 2852 620 2883 patrem
640 2855 749 2879 meum,
770 2854 801 2874 ut
817 2855 847 2875 ut
864 2847 910 2875 illa

55 2882 169 2917 proprie
198 2890 283 2911 nurus
310 2891 366 2910 non
393 2882 423 2911 sit
455 2884 479 2919 §.
510 2893 536 2913 2.
572 2885 673 2913 eodem
700 2892 798 2913 tenore
831 2885 911 2914 addit

57 2919 140 2947 aliam
157 2919 272 2956 speciem
290 2920 323 2947 de
337 2920 411 2956 quasi
427 2921 568 2951 adfinitate
587 2923 613 2950 in
639 2923 664 2959 ς.
687 2930 714 2958 3.
733 2932 816 2959 quem
835 2925 908 2952 exhi-

56 2957 122 2989 bui,
144 2957 170 2985 &
193 2966 226 2985 ex
246 2957 347 2996 Juliani
361 2958 511 2992 sententia,
538 2962 620 2989 etiam
635 2961 689 2989 illis
705 2963 808 2997 nuptiis
829 2961 908 2990 absti-

56 2995 178 3023 nendum
202 2996 249 3023 ait.
295 2996 427 3024 Omnium
450 3005 546 3026 eorum
570 3000 643 3027 ratio
660 2999 715 3033 est,
737 3000 815 3036 quod
831 3009 907 3029 vete-

56 3042 100 3061 res
116 3033 259 3067 Consulti,
279 3035 362 3062 etiam
380 3034 448 3070 quid
462 3035 605 3065 honestum
625 3036 671 3070 fit,
693 3039 719 3066 in
735 3039 906 3072 conjunctio·

57 3072 140 3099 nibus
157 3071 321 3100 considerati
344 3074 524 3109 praeceperint
543 3083 576 3102 ex
595 3075 688 3111 regula
706 3076 860 3105 Modestini
879 3079 905 3105 in

62 3111 81 3137 lg
101 3118 146 3142 42.
161 3109 199 3145 ff.
221 3110 251 3138 de
272 3109 304 3137 R.
327 3109 366 3138 N.
387 3110 413 3138 ὅ(
439 3111 458 3138 1.
479 3119 540 3146 197.
562 3110 602 3150 ff
628 3113 658 3146 ἀμ.)
684 3113 719 3142 R.
741 3113 787 3153 J.-
812 3116 910 3154 Quum

57 3156 126 3175 vero
138 3157 168 3175 ea
188 3148 316 3176 honestas
330 3148 472 3184 placuisset
491 3151 636 3183 omnibus,
658 3150 738 3179 facile
755 3154 780 3180 in
799 3155 908 3189 regulas

59 3185 130 3222 Juris
151 3185 290 3214 transivit:
310 3186 383 3214 unde
399 3186 556 3223 simpliciter
571 3189 598 3216 in
619 3188 644 3216 d.
665 3190 683 3216 l.
702 3197 745 3217 12.
765 3190 789 3226 5.
807 3199 832 3225 3.
853 3191 910 3231 Ju-

57 3224 143 3252 lienus
162 3232 260 3253 reru·
279 3223 472 3262 abstinendum,
500 3233 559 3256 non
570 3225 683 3264 fiaadec,
701 3227 726 3256 δί
741 3228 771 3257 in
791 3230 816 3257 ιΙ.
838 3241 862 3266 g.
882 3238 910 3265 9.

814 108 1486 149 RESPONSIO.

1747 120 1817 157 403

955 187 1099 226 tinuiss'e3
1124 187 1173 219 sed
1195 195 1316 220 tantum
1334 188 1427 222 fuisse
1440 191 1612 224 doCtrinam
1630 191 1736 231 Pauli,
1759 188 1822 231 pri-

953 229 1019 260 vati
1038 228 1283 268 jurisconsulti,
1318 231 1360 270 pii
1389 232 1418 262 ὗε
1439 231 1600 273 sapientis:
1626 243 1740 275 practer
1759 232 1820 264 Re-

952 270 1058 311 gulam
1083 269 1164 310 Juris
1194 280 1262 310 qua:
1281 271 1312 302 in
1334 271 1420 303 Foro
1437 273 1569 304 habebat
1586 275 1796 306 rieccssitatem
1809 294 1821 310 ‚

954 311 1049 342 etiam
1066 311 1150 351 quod
1169 311 1273 342 virum
1293 312 1410 344 bonum
1430 314 1460 345 δε
1485 314 1649 346 honestum
1667 315 1817 352 decebat,

954 352 1186 393 prudentiiiime
1206 353 1412 386 admonentis.
1438 355 1455 396 ζ
1462 354 1493 395 ¹)
1517 354 1587 386 Nec
1606 355 1667 387 lioc
1686 356 1748 388 fine
1763 365 1817 387 ex-

953 393 1077 434 emplo,
1102 392 1170 434 ipso
1193 395 1320 436 egregio
1345 396 1374 427 ὅ(
1395 398 1480 436 quod
1499 396 1591 438 pollit
1611 397 1752 428 omnium
1772 398 1817 429 in-

955 433 1015 466 star
1043 435 1143 466 videri
1165 459 1174 474 ,
1188 476 1192 478 ‚
1207 445 1245 468 ex
1277 437 1305 478 ᾗ.
1321 447 1351 474 9.
1385 436 1458 478 Ivst.
1483 440 1516 469 cle
1534 439 1645 479 masiliis
1663 437 1699 472 ἐξ
1720 439 1740 469 l.
1769 447 1816 469 12.

955 476 982 517 §.
1014 485 1039 507 1.
1065 486 1092 508 2.
1118 486 1147 518 3.
1181 476 1222 508 D.
1260 481 1293 509 cie
1309 481 1370 510 ritu
1386 480 1566 519 nuptiarum.
1613 480 1716 511 Ecce:
1741 478 1762 510 s1
1785 488 1818 509 u-

954 526 1015 548 xor
1043 525 1095 548 tua
1121 518 1191 558 post
1215 519 1389 552 divortium
1413 530 1452 552 ex
1481 521 1545 552 alio
1563 520 1659 553 filiam
1675 529 1819 562 procrea-

952 559 1022 604 vit,
1054 558 1124 590 haec
1148 569 1212 591 non
1237 560 1281 592 est
1314 562 1439 603 quidem
1470 562 1614 603 privigna
1632 571 1702 601 tua,
1728 562 1757 593 ἃ
1773 560 1818 592 id-

952 609 1040 630 circo
1058 600 1165 644 potuit
1185 611 1201 631 a
1219 610 1250 632 tc
1272 604 1371 644 accipi
1399 604 1428 635 in
1446 603 1700 643 matrimonium,
1726 602 1819 635 salvis

953 640 1082 686 Regulis
1102 641 1193 681 Juris.
1238 645 1297 675 Sed
1317 645 1476 685 Julianus,
1502 646 1552 676 vir
1570 644 1821 686 sapiens&pius,

953 681 1148 728 considerato
1174 686 1258 724 quod
1283 686 1328 718 est
1356 687 1484 727 pudoris
1510 687 1539 719 ὃς
1560 686 1750 724 honestatis,
1774 686 1820 716 ³1ss

952 721 1103 769 abstineri
1123 724 1160 755 ab
1183 727 1361 766 hujusmodi
1387 729 1506 769 nuptiis
1529 736 1702 770 oportere:
1729 728 1823 768 idque

952 772 1046 810 etiam
1065 765 1134 797 aliis
1151 769 1305 809 exemplis
1324 769 1476 811 intelligi:
1510 780 1579 801 nam
1600 780 1658 801 nec
1676 770 1821 811 sponsam

951 805 1008 851 filii
1033 815 1146 838 nurum
1173 809 1234 840 ell‘e
1253 835 1261 849 ‚
1294 819 1352 841 nec
1374 813 1471 851 patris
1490 811 1631 852 sponsam
1648 819 1820 843 novercam

951 846 1030 893 elle:
1062 849 1175 892 rectius
1204 859 1306 884 tamen
1330 853 1358 883 ἃ
1382 852 1449 891 jure
1477 852 1616 884 satturos
1637 854 1688 895 qui
1706 853 1744 884 ab
1765 852 1820 883 hu-

948 889 1233 935 Jusmodl'nuptiis
1261 893 1291 924 se
1315 892 1528 925 abstinuerint.
1582 894 1658 926 Hoc
1686 894 1819 935 injuris

952 938 1119 979 praeceptis
1154 935 1265 973 juliani
1291 942 1433 976 tempore
1458 935 1550 967 suiss‘e
1568 961 1577 975 ‚
1619 935 1820 968 manifestum

951 972 1005 1017 ιζίϊ.
1039 981 1084 1018 ῑιςῐ
1101 972 1152 1005 ubi
1180 976 1299 1016 placuit
1325 976 1518 1016 justiniano,
1550 978 1580 1009 id
1602 987 1719 1018 ponere
1733 978 1764 1010 in
1788 978 1818 1009 d.

952 1013 980 1058 Q-
1004 1022 1033 1048 9-
1053 1014 1132 1047 ἑξῗιῖ.
1156 1016 1176 1048 l.
1206 1027 1251 1059 13.
1278 1017 1306 1058 §.
1337 1027 1361 1049 1.
1389 1028 1417 1049 ε.
1444 1017 1479 1052 52³
1500 1029 1590 1059 gsan
1611 1018 1656 1050 est
1672 1019 1819 1058 dubium,

953 1053 1025 1084 mdc
1049 1063 1107 1094 PI‘O
1135 1057 1221 1099 Lege
1249 1060 1310 1090 elle
1336 1059 1475 1099 coepisse.
1501 1060 1553 1100 (ε)
1577 1060 1682 1101 Atque
1700 1060 1774 1092 huic
1797 1061 1821 1093 fi

952 1093 1054 1133 adest,
1085 1102 1121 1127 ut
1144 1108 1300 1141 oportet,
1327 1100 1403 1131 fides
1425 1100 1509 1132 veri:
1534 1110 1627 1142 quam
1643 1101 1737 1134 habet
1752 1101 1821 1133 Do-

1759 1153 1818 1175 ml-

954 1228 1043 1267 Instic.
1069 1228 1202 1268 Julianus
1227 1228 1259 1256 ab
1279 1226 1426 1266 hujusmodi
1449 1230 1549 1266 nuptiis
1576 1227 1704 1266 abstineri
1733 1229 1822 1258 debere

955 1277 1025 1302 MT,
1047 1277 1121 1301 non,
1151 1273 1180 1296 m
1201 1265 1391 1304 abstineamus,
1411 1268 1516 1306 siradec.
1557 1268 1656 1297 Potius
1669 1268 1704 1296 ad
1722 1268 1821 1297 suafio-

955 1316 1018 1335 nem
1035 1307 1154 1340 refe1·as;
1175 1305 1254 1342 quod
1274 1305 1396 1342 sequitur
1418 1308 1446 1334 in
1464 1306 1489 1335 d.
1510 1307 1534 1343 §.
1550 1315 1577 1340 9.
1617 1307 1691 1336 Nam
1707 1305 1822 1344 conflat,

954 1355 1000 1374 nec
1018 1346 1139 1384 ‚sponsam
1155 1343 1214 1381 filii
1241 1353 1336 1373 nurum
1359 1343 1423 1382 effe,
1449 1354 1494 1373 nec
1508 1347 1592 1382 patris
1596 1344 1714 1384 sponsam
1730 1355 1823 1375 nover-

956 1393 1011 1413 cam
1026 1383 1076 1421 effe
1089 1406 1096 1416 ,
1115 1383 1209 1412 reaius
1233 1389 1318 1411 tamen
1344 1382 1380 1419 ὃ)
1399 1383 1471 1421 June
1487 1383 1607 1422 fassurus
1628 1393 1688 1419 eos,
1717 1387 1761 1421 qui
1787 1385 1822 1413 ab

956 1422 1101 1460 bzcjunnodi
1116 1421 1213 1457 nuptiis
1227 1419 1406 1458 abstinuerint.
1430 1435 1432 1438 ·
1447 1421 1502 1451 Sed
1527 1431 1579 1451 nec
1595 1423 1642 1451 illa
1660 1423 1747 1452 suasio
1761 1423 1823 1457 est,

956 1470 1040 1498 quam
1069 1460 1186 1489 licuisset
1210 1461 1369 1496 negligere,
1399 1469 1464 1489 nam
1492 1463 1555 1496 ait,
1581 1469 1640 1489 non
1659 1467 1767 1491 tantum
1781 1470 1822 1490 re-

955 1501 1036 1533 mus,
1066 1507 1164 1528 verum
1187 1497 1292 1536 &jure
1314 1499 1452 1534 facturos,
1480 1501 1529 1537 qui
1553 1499 1744 1529 abstinuerint.
1783 1500 1823 1529 Et

955 1539 1096 1575 Ulpianus
1112 1538 1147 1566 de
1163 1537 1261 1565 iisdem
1277 1537 1420 1575 speciebus
1435 1539 1462 1567 in
1485 1540 1511 1567 d.
1534 1539 1552 1567 1.
1577 1546 1620 1567 12.
1642 1538 1666 1575 §—
1690 1547 1715 1567 1.
1737 1537 1774 1573 85?
1794 1546 1824 1567 2.

955 1577 1059 1605 nullam
1082 1577 1144 1605 Viri
1167 1577 1234 1604 boni
1256 1578 1430 1606 mentionem
1454 1577 1568 1612 injicit,
1601 1577 1646 1606 sed
1660 1578 1822 1614 prohibitas

956 1615 1009 1644 esse
1027 1615 1165 1650 ejusmodi
1180 1616 1291 1652 nuptias
1307 1617 1416 1652 absque
1431 1617 1595 1653 ambagibus
1611 1615 1827 1654 affirmat,pro-

955 1655 1074 1688 hibitus,
1103 1654 1225 1690 opinor,
1252 1655 1329 1689 jure,
1356 1663 1415 1683 non
1441 1654 1566 1685 suasione
1588 1653 1674 1683 officii
1696 1655 1825 1684 moralis..

954 1692 1034 1721 Nihil
1051 1693 1135 1728 igitur
1151 1692 1202 1720 tibi
1221 1692 1335 1729 prodest
1352 1693 1408 1721 hoe
1422 1693 1598 1730 exemplum,
1631 1695 1708 1730 quod
1727 1699 1824 1722 tamen

955 1732 1092 1768 egregium
1108 1739 1214 1764 vocas,
1236 1730 1261 1758 ὅ(
1283 1730 1348 1767 quod
1360 1729 1432 1768 suffit
1453 1733 1564 1760 omnium
1586 1730 1669 1768 instar
1683 1732 1781 1761 videri.

994 1778 1020 1798 2.
1041 1770 1113 1804 His,
1134 1777 1222 1805 usque
1238 1769 1273 1797 ad
1289 1769 1372 1797 finem
1388 1771 1470 1803 hujus
1486 1771 1510 1806 ᾗ.
1525 1771 1582 1805 jam
1598 1770 1743 1799 defunstus
1753 1770 1828 1800 sunu

954 1808 1049 1844 Atque
1066 1809 1105 1836 ita
1122 1807 1230 1835 absolvi
1246 1807 1392 1844 utriusque
1406 1808 1533 1837 nostrum·
1552 1810 1677 1838 rationes
1699 1808 1734 1838 de
1749 1817 1823 1837 nece

956 1845 981 1874 ἃ
996 1846 1168 1883 expositione
1196 1846 1347 1874 liberorum
1364 1868 1371 1880 ,
1401 1852 1465 1876 tuas*
1478 1846 1616 1882 refutavi,
1639 1856 1714 1876 meas
1730 1847 1824 1876 vindi-

955 1886 1028 1913 cavi.
1067 1885 1113 1913 De
1131 1885 1191 1920 jure
1211 1884 1365 1913 vendendae
1385 1886 1473 1922 prolis
1500 1886 1570 1915 nihil
1591 1886 1682 1919 addo,
1705 1885 1730 1914 &
1750 1892 1824 1923 puto

956 1921 1079 1951 sufficere
1097 1945 1104 1956 ,
1134 1932 1196 1959 quae
1221 1924 1248 1950 in
1275 1924 1348 1951 hanc
1368 1932 1427 1952 rem
1455 1924 1511 1952 dixi
1539 1924 1635 1963 Opusc.
1660 1924 1689 1953 C.
1712 1925 1762 1953 Vl.
1784 1923 1823 1959 ὅ)

955 1962 1035 1990 VlII.
1072 1961 1125 1991 His
1146 1963 1235 1998 probe
1258 1961 1392 1995 excidiis,
1414 1962 1488 1990 sorte
1503 1963 1587 1991 etiam
1608 1963 1762 2000 poterirnus
1776 1971 1824 1991 ca-

955 2008 1016 2027 rere
1041 2000 1157 2037 Joannis
1184 1999 1305 2036 Philippi
1329 2001 1422 2029 Dattii
1444 2000 1587 2035 Diatriba,
1609 2010 1694 2038 quam
1710 2001 1741 2032 de
1754 2010 1821 2030 ven-

955 2039 1050 2066 ditione
1068 2040 1205 2066 liberorum
1228 2039 1318 2066 Ulmae
1341 2038 1431 2067 edidit
1445 2048 1521 2067 anno
1545 2049 1672 2068 cro1occ.
1695 2039 1720 2067 δ(
1735 2048 1822 2075 quem

956 2076 1096 2109 libellum,
1119 2085 1180 2104 cum
1201 2076 1332 2115 Opuscula
1347 2079 1418 2106 varii
1440 2080 1590 2115 argumenti
1610 2079 1666 2115 ipse
1681 2078 1791 2106 ederem
1810 2098 1823 2112 5

954 2115 1043 2143 oculis
1064 2116 1131 2143 meis
1148 2115 1343 2152 usurpaveram
1360 2124 1514 2153 nunquam.
1555 2117 1642 2146 Reae
1661 2124 1754 2145 tamen
1772 2117 1821 2145 ille

952 2154 1058 2182 Auster
1085 2153 1110 2181 &
1133 2154 1244 2187 censet,
1279 2154 1304 2182 &
1320 2155 1420 2191 probat
1442 2155 1503 2190 Cap.
1525 2156 1561 2183 11.
1584 2156 1737 2184 liberorum
1752 2164 1822 2184 ven-

957 2191 1079 2220 ditiones
1094 2192 1118 2221 &
1134 2193 1383 2228 oppignerationes
1398 2195 1458 2229 jure
1473 2194 1672 2222 Pandettarum
1692 2194 1771 2223 fuiss'e
1787 2194 1820 2222 il·

955 2230 1066 2265 licitas,
1094 2230 1239 2268 postquam
1263 2240 1363 2268 nempe
1378 2253 1385 2265 ‚
1413 2232 1577 2260 mitescente
1598 2233 1706 2267 seculo,
1727 2241 1822 2261 mora-

956 2270 1012 2296 tior
1028 2276 1091 2298 aetas
1108 2269 1320 2305 Philosophiam
1338 2271 1567 2307 jurisprudentia:
1586 2273 1749 2306 conjunxit,
1772 2270 1821 2299 ve!

956 2307 1033 2336 simul
1050 2316 1112 2336 cum
1125 2310 1186 2343 jure
1201 2310 1266 2336 vitae
1279 2307 1304 2338 δι
1321 2311 1397 2338 necis
1412 2331 1418 2343 ,
1440 2309 1483 2337 vel
1498 2309 1591 2338 saltem
1608 2310 1682 2338 haud
1698 2311 1736 2338 ita
1745 2308 1820 2346 post,

956 2352 986 2374 ut
1001 2345 1026 2374 δε
1046 2346 1102 2383 ipse
1123 2346 1278 2383 suspicabar
1301 2347 1396 2386 Opusc.
1429 2348 1459 2376 C.
1483 2349 1533 2375 Vl.
1553 2356 1578 2384 p.
1601 2356 1665 2383 355.
1702 2349 1821 2376 Etcum

953 2384 1105 2412 liberorum
1134 2385 1330 2414 venditionem
1356 2395 1411 2414 rem
1444 2387 1565 2415 illicitam
1596 2385 1632 2420 ὅ)
1661 2383 1822 2421 inhonestam

952 2423 1114 2452 Antoninus
1128 2423 1369 2460 appellave1·it,ut
1386 2424 1512 2452 dicebam
1526 2425 1551 2454 d.
1569 2431 1596 2461 p.
1620 2432 1684 2459 355.
1705 2424 1731 2452 δε
1753 2433 1822 2453 curn.

953 2461 1092 2494 creditor,
1125 2463 1173 2498 qui
1194 2463 1280 2490 sciens
1304 2462 1511 2492 filiumfamilias
1539 2472 1553 2490 a
1573 2470 1689 2500 parente
1703 2464 1819 2500 pignori.

954 2501 1079 2535 accepit,
1100 2501 1255 2536 relegetur,
1279 2501 1321 2528 vel
1340 2503 1433 2537 potius
1453 2501 1632 2538 deportetur,
1654 2509 1685 2530 ut
1699 2510 1734 2529 ex
1747 2502 1818 2529 Pau-

955 2538 982 2565 lo
1010 2537 1193 2566 observabam
1224 2538 1250 2567 d.
1275 2545 1301 2575 p.
1335 2540 1397 2576 quis
1417 2541 1579 2577 putaverit,
1609 2540 1670 2576 ipsis
1692 2540 1820 2568 Parenti-

954 2576 1005 2604 bus
1023 2577 1136 2613 impune
1152 2583 1220 2605 tunc
1237 2577 1374 2606 indultum
1392 2578 1443 2606 suae
1458 2579 1547 2607 carnis
1565 2578 1686 2615 pignus?
1706 2578 1732 2606 dt
1751 2579 1817 2613 quis

954 2616 1109 2651 putaverit,
1130 2615 1172 2643 his
1193 2616 1357 2652 prohibitis,
1379 2624 1435 2644 non
1457 2618 1543 2653 magis
1564 2619 1735 2654 prohibitam
1749 2616 1818 2644 fuis·

955 2653 980 2680 se
1002 2653 1157 2682 liberorum
1171 2654 1274 2682 caedem
1293 2654 1318 2683 <St
1334 2655 1561 2691 expositionem?
1583 2655 1619 2683 sic
1634 2656 1766 2693 colligere
1777 2656 1818 2682 sa-

954 2699 988 2718 na
1009 2692 1087 2726 J'ubet
1108 2693 1191 2721 ratio.
1234 2693 1295 2726 Tu,
1328 2694 1379 2721 Vir
1395 2694 1469 2722 Clar.
1486 2696 1513 2722 in
1535 2693 1616 2733 Julio
1629 2694 1711 2721 Paulo
1728 2693 1818 2721 altum

952 2729 1011 2758 siles
1028 2730 1062 2758 de
1078 2730 1243 2759 venditione
1259 2730 1285 2759 δε
1303 2733 1536 2769 oppigneratione
1555 2733 1724 2763 liberorum,
1747 2739 1816 2766 quas

951 2768 1013 2806 JCti
1036 2775 1144 2797 veteres
1166 2769 1323 2804 damnant,
1353 2779 1387 2798 ne
1410 2772 1549 2806 patribus,
1578 2771 1677 2805 quibus
1691 2770 1752 2804 plus
1768 2770 1818 2796 tri-

953 2807 1031 2840 buis,
1064 2809 1154 2836 minus
1178 2807 1300 2836 videaris
1320 2810 1460 2843 tribuere,
1485 2809 1545 2840 sed,
1567 2809 1609 2836 his
1626 2808 1742 2841 omiffis,
1763 2807 1815 2835 ini-

953 2841 1022 2873 tisun
1041 2845 1117 2874 ducis
1139 2855 1154 2873 a
1178 2846 1355 2875 Constantini
1376 2847 1482 2881 legibus
1496 2869 1502 2879 ,
1526 2855 1602 2882 quae,
1624 2845 1700 2881 quo-‚l
1715 2845 1749 2873 ad
1765 2853 1814 2873 nc-

954 2892 1013 2912 cem
1037 2885 1079 2912 vel
1103 2884 1304 2921 expolitionem
1321 2906 1328 2917 ,
1362 2885 1405 2912 vel
1428 2885 1496 2912 nihil
1523 2886 1666 2920 probant,
1688 2885 1732 2911 vel
1757 2883 1811 2916 id,

953 2922 1031 2959 quod
1048 2923 1104 2960 ipse
1120 2922 1258 2954 defendo.
1282 2929 1312 2950 ut
1327 2923 1408 2950 latius
1423 2923 1588 2958 exsequutus
1599 2922 1654 2949 sum
1663 2922 1724 2958 Cap.
1734 2923 1816 2950 V111.

951 2968 976 2997 p.
994 2965 1057 2993 361.
1099 2962 1166 2989 Non
1189 2961 1223 2988 sic
1248 2966 1341 2989 tamen
1364 2961 1493 2988 Dattium
1517 2960 1626 2987 dimitto
1642 2980 1651 2992 ,
1679 2961 1746 2996 quin
1762 2969 1816 2988 no-

952 3005 1024 3032 tem,
1050 3008 1114 3027 eum
1141 2998 1247 3034 ipsum,
1275 3007 1337 3026 cum
1354 2998 1388 3024 de
1409 3007 1476 3026 nece
1493 2997 1517 3025 v&
1534 2997 1708 3034 expositione
1724 2998 1814 3027 insan-

949 3045 1007 3066 tum
1024 3039 1109 3065 verba
1125 3037 1191 3064 sacit
1208 3045 1241 3064 ex
1262 3037 1423 3069 Lattanuo,
1447 3036 1562 3070 aliisque
1581 3037 1724 3069 Patribus,
1747 3037 1810 3074 Cap.

949 3077 998 3104 VI.
1026 3076 1083 3103 haec
1108 3073 1282 3110 superdicere
1300 3084 1306 3101 τ
1333 3073 1384 3101 Sed
1405 3074 1448 3102 hoc
1468 3074 1607 3111 praej'crcs'm
1627 3081 1736 3112 tempore
1757 3081 1812 3104 tam

949 3114 1110 3144 turbulento,
1134 3113 1180 3140 illa
1189 3111 1312 3148 facinora
1327 3133 1333 3144 ‚
1363 3113 1414 3139 ilice
1436 3112 1617 3149 expofitiones,
1639 3115 1687 3142 illa
1698 3115 1810 3150 parrici-

951 3152 1014 3184 dia,
1046 3151 1120 3178 velut
1140 3151 1237 3178 laxatis
1260 3151 1394 3186 repagulis
1419 3157 1556 3186 eruperunt
1572 3172 1578 3184 ‚
1606 3157 1636 3179 ut
1657 3161 1702 3181 nec
1725 3161 1813 3180 eorum

945 3189 1124 3227 frequentiam
1143 3189 1231 3216 culeus
1243 3207 1253 3220 ‚
1282 3186 1318 3222 ὅ)
1333 3189 1429 3216 veteris
1442 3196 1520 3226 poenoe
1539 3191 1627 3226 rigor,
1648 3192 1692 3226 qui
1706 3200 1738 3218 ax
1754 3192 1812 3225 lege
1847 3212 1853 3215 .

955 3229 1033 3259 etiam
1055 3225 1214 3294 Constaigini
1235 3226 1263 3254 in
1292 3227 1310 3255 l.
1331 3235 1379 3256 un.
1397 3226 1430 3256 de
1450 3228 1502 3257 His
1517 3228 1564 3265 qui
1581 3235 1688 3266 panem.
1703 3229 1747 3259 vel
1764 3229 1813 3256 lib.

1193 3273 1208 3293 e
1230 3272 1245 3292 e
1274 3272 1294 3293 2
1771 3274 1816 3293 oc>
