2008 3436
162 141 215 182 14
371 125 406 182 J.
464 117 749 162 GOTTL.
805 117 1229 162 HEINECCII
1285 117 1707 160 PRAEFATiO.

158 233 257 261 nom<
281 218 407 265 egregio
427 215 606 263 specimine
628 215 760 263 ostendit
786 216 821 250 in
843 214 986 261 opusculo
1007 212 1239 261 elegantiffimo
1266 214 1302 248 (le
1328 212 1499 258 Religione
1518 216 1690 259 peregrina
1706 242 1715 257 ,
1755 217 1808 250 ubi
1832 215 1865 251 S.
1895 218 1932 251 C.

159 271 371 308 Marcianum
389 265 424 300 de
445 266 713 308 bacchanalibus,
741 277 757 300 e
775 265 886 299 tabula
908 276 990 299 aerea
1008 264 1127 298 editum
1143 275 1163 299 a
1185 263 1263 309 Juc.
1285 262 1501 306 Gaorwvm,
1527 263 1644 298 Rura.
1669 264 1865 302 FABRETTO
1891 263 1933 307 &1³

159 315 216 367 jo.
234 319 390 352 Granico
402 340 413 358 ,
438 315 596 350 luculento
616 314 841 350 commentario
858 312 1047 360 illustravit.

206 393 355 427 Alterum
380 392 486 427 critici
511 400 623 426 munus
644 390 676 423 in
705 389 894 424 emendando
917 386 1067 433 consistit.
1117 387 1184 422 Hic
1205 398 1279 422 vero
1300 388 1402 433 primo
1422 386 1516 420 nolim
1539 386 1568 420 is
1589 387 1691 422 veluti
1701 389 1761 434 jus
1788 392 1866 425 vita·
1891 389 1933 432 ἐξ

159 442 248 477 necis
259 440 327 486 fibi
345 448 497 487 arroget,
523 436 564 478 ἐξ)
587 436 689 484 ipsum
714 444 838 473 textum
853 439 963 485 juris,
988 437 1111 483 qualem
1134 449 1154 471 a
1176 435 1399 482 gltffitoribiis
1418 444 1474 481 per
1496 447 1606 470 mamis
1633 439 1788 473 traditum
1808 443 1934 487 accepi-

157 501 245 534 mus,
262 490 337 534 suis
355 488 628 525 emendationibus
649 495 705 532 pro
724 488 860 522 arbitrio
884 485 1034 533 refingat.
1087 486 1289 521 Auiloritate
1306 486 1434 531 publica
1458 493 1534 530 opus
1553 483 1629 530 effet
1656 487 1727 530 illi,
1754 490 1806 533 qui
1822 488 1932 536 suspi-

157 542 264 576 ciones
276 540 353 583 suas
374 539 512 573 Criticas
531 535 590 582 ipsi
607 537 727 581 corpori
738 537 828 582 juris
846 535 984 582 insertas
1005 536 1112 570 vellet.
1163 535 1259 569 Hanc
1282 545 1355 569 vero
1375 532 1565 580 potestatem
1589 535 1669 569 nulli
1684 533 1931 585 Jureconsulto,

155 590 362 636 quantumvis
378 584 545 633 dofftiffimo
562 586 628 630 lege
645 584 779 629 quadam
796 586 922 620 curiata
943 596 1088 630 umquam
1106 584 1215 619 datam
1240 582 1299 629 ff
1323 585 1479 618 novimus.
1529 582 1629 627 Juris
1655 582 1797 620 Romani
1823 590 1930 624 auno-

155 641 262 680 ritas,
288 649 378 683 quam
401 634 433 670 in
449 635 528 682 foro
544 635 702 672 obtinuit.
729 645 749 667 a
771 636 950 680 receptione
972 633 1135 680 dependet.
1185 633 1225 668 In
1239 631 1356 679 forum
1378 644 1452 667 vero
1466 633 1639 679 recepimus
1656 633 1838 672 Editionem
1860 637 1933 673 vul-

155 696 292 734 gatam,
319 688 351 720 in
381 697 473 730 quain
493 682 611 729 gloffas
632 680 814 728 confecerat
841 681 1039 718 Accurfius:
1069 683 1104 716 id
1121 683 1200 727 quod
1217 684 1349 717 innuere
1370 680 1472 726 solent
1494 684 1694 728 pragmatici
1716 686 1827 731 regula
1843 685 1931 733 fita:

159 737 274 787 Quem
295 743 430 769 textum
452 743 523 767 non
544 731 727 778 adgnoscit
741 731 868 778 glossa,
895 742 974 766 eum
992 741 1058 766 nec
1074 730 1189 765 forum
1207 730 1398 776 adgnoscit.
1451 732 1572 766 Multis
1594 733 1659 766 haee
1675 734 1810 780 vulgata
1834 737 1934 772 editio

149 785 258 835 scatet
281 784 459 825 erroribus,
475 780 612 828 fateor,·
629 779 717 827 saepe
742 782 840 816 etiam
858 782 916 815 vix
924 778 1055 827 sensum
1067 778 1187 826 fundit
1209 779 1372 820 idoneum,
1398 790 1456 814 nec
1483 780 1518 814 id
1534 792 1635 826 nego:
1658 781 1803 829 sedsola
1821 791 1932 822 tamen

157 841 283 881 recepta
299 831 354 879 est.
406 830 442 866 Is
465 832 559 866 honor
579 841 676 875 neque
697 829 890 865 Haloandri
910 841 1008 875 neque
1039 827 1197 864 Taurelli
1224 829 1384 864 laboribus
1411 830 1568 874 contigit,
1602 841 1659 865 nec
1668 831 1786 878 forsan
1807 838 1932 871 contin-

155 892 213 931 get
231 883 361 918 editioni
382 882 463 925 alii,
489 880 694 926 quantumvis
714 880 919 923 emaculatae,
943 879 1064 925 qualem
1090 890 1110 914 a
1125 877 1369 913 Brenkmanno
1393 876 1632 924 diligentiffimo
1652 882 1747 916 avide
1769 884 1933 928 prieslola-

157 945 237 969 mur.
288 929 372 980 Quce
395 942 465 965 cum
495 932 543 964 ita
552 928 641 974 fint‚
669 929 777 963 licebit
795 929 916 974 quidem
943 928 1078 963 eruditis
1100 925 1282 974 suspicari,
1307 925 1452 973 conferre
1477 928 1616 971 codices,
1643 940 1740 965 nevos
1765 930 1807 971 ὅ)
1821 933 1933 980 glff-

158 981 390 1023 maturauere,
415 981 661 1025 interpungere,
689 976 730 1017 ἐξ
745 978 893 1023 quidquid
907 979 1022 1013 critica
1044 988 1098 1012 ars
1119 978 1235 1022 jubet,
1263 984 1411 1016 tentare,
1428 975 1490 1022 sed
1508 988 1545 1011 ea
1557 977 1646 1023 lege,
1669 986 1704 1013 ut
1723 991 1762 1015 ne
1774 984 1934 1029 conjectu..

159 1042 215 1066 ras
226 1029 328 1076 suas,
354 1029 427 1064 licet
455 1025 722 1075 ingeniofiffimas
742 1029 776 1061 in
795 1035 920 1062 textum
934 1025 1055 1073 statim
1074 1026 1279 1069 admittant,
1306 1024 1367 1071 nist
1383 1023 1478 1071 forte
1501 1027 1665 1073 integrum
1687 1027 1828 1066 Codicem
1851 1033 1934 1067 cele-

161 1081 298 1116 briorem
315 1080 402 1125 typis
419 1076 594 1124 expreffiinz
602 1074 716 1122 sistere
733 1076 934 1111 decreverint
947 1103 955 1117 ‚
983 1075 1061 1121 quod
1071 1073 1161 1121 fecit
1178 1074 1383 1110 Haloander
1403 1072 1447 1114 ἐξ
1465 1074 1647 1112 Taurellus
1660 1103 1669 1119 ‚
1695 1090 1824 1124 quorum
1841 1081 1935 1117 lumi·

158 1131 254 1164 nibus
278 1125 512 1173 laudatzfflrnus
531 1126 795 1161 Brenkmannus
815 1125 1032 1172 proculdubio
1051 1133 1148 1170 prope
1169 1124 1251 1159 diem
1271 1121 1404 1169 officiet.
1457 1123 1570 1159 Satius
1586 1137 1659 1173 ergo
1678 1129 1742 1162 erit
1762 1155 1771 1169 ,
1799 1129 1858 1165 has
1872 1130 1935 1176 su-

151 1177 315 1226 spiciones
338 1179 472 1211 criticas
498 1177 589 1210 libris
613 1173 846 1221 fasciculisque
882 1176 1020 1219 integris
1049 1172 1303 1220 observationum
1320 1201 1330 1216 ‚
1363 1173 1633 1217 conjeaaneorum
1652 1202 1662 1218 ,
1697 1179 1935 1226 probabilium,

160 1229 416 1263 membranarum
435 1252 443 1267 ,
467 1223 673 1271 serneftrium
692 1249 703 1266 ‚
735 1223 1042 1269 aninzadverfionum
1064 1223 1254 1269 complecti,
1286 1224 1334 1258 uti
1367 1222 1508 1268 exemplo
1530 1225 1728 1268 praeiverunt
1751 1227 1936 1277 Cujacim,

159 1272 358 1318 Merillius,
388 1276 477 1311 Petr.
503 1275 634 1316 Faber,
662 1273 875 1317 Raevardus,
905 1272 1086 1316 Cironius,
1112 1272 1199 1307 Ant.
1215 1269 1447 1318 Augustinus,
1473 1272 1665 1316 Noodius‚
1692 1275 1773 1311 Van
1789 1277 1936 1315 deVVa.

161 1335 238 1369 ter,
265 1323 434 1366 Aulilius,
464 1321 698 1368 Gundlingius
717 1321 858 1369 uestras,
884 1320 925 1362 δέ’
946 1321 1010 1369 ipse
1036 1327 1048 1356 ὅ
1073 1319 1146 1357 mim
1171 1319 1486 1368 Bynkershoekius.
1535 1323 1592 1357 Sic
1620 1325 1706 1373 enim
1728 1320 1802 1372 usus
1827 1339 1938 1365 earum

162 1377 225 1411 erit
246 1369 516 1421 expeditiſjimus‚
543 1383 600 1407 nec
623 1372 763 1407 Criticus
778 1384 847 1407 eam
873 1374 1013 1407 incurret
1042 1369 1332 1418 reprehensionem,
1360 1382 1451 1417 quam
1472 1372 1562 1407 bonis
1584 1374 1728 1408 omnibus
1748 1379 1862 1412 mereri
1876 1378 1939 1425 vifi

155 1424 239 1473 sunt
258 1425 394 1470 Sigism.
416 1423 604 1463 Gelenius,
632 1421 726 1456 Dav.
747 1423 900 1464 Paraeus,
927 1419 968 1462 ἕξ
984 1420 1050 1468 ipse
1068 1421 1138 1468 Jos.
1155 1420 1329 1467 Scaliger,
1354 1431 1429 1466 quos
1444 1421 1552 1455 ubivis
1562 1430 1620 1468 pro
1636 1422 1762 1468 Plinii,
1785 1426 1940 1472 Arnobii,

164 1475 334 1511 Ammiani
351 1472 562 1515 Marcellini,
586 1470 699 1506 Plauti
722 1469 764 1511 ἐξ)
787 1471 925 1506 Manilii
952 1472 1060 1506 verbis
1085 1469 1280 1515 conjecturas
1294 1467 1377 1516 suas
1393 1468 1576 1518 obtrustffi,
1602 1469 1658 1518 Jo.
1677 1471 1832 1512 Clericus
1848 1477 1939 1515 docet

167 1522 201 1559 in
218 1533 288 1559 arte
308 1523 433 1557 Critica
458 1522 552 1557 Part.
571 1521 633 1555 III.
660 1519 749 1556 Seu.
770 1521 797 1554 1.
826 1521 909 1568 Cap.
927 1519 1065 1556 XVIII.
1093 1519 1125 1568 §.
1143 1530 1202 1567 44.

218 1598 343 1634 Deinde
362 1609 418 1633 nec
437 1609 540 1633 eorum
558 1595 653 1642 crifin
670 1597 803 1632 multum
820 1597 923 1632 laudis
936 1598 1052 1632 mereri
1067 1604 1168 1644 puto,
1193 1599 1246 1644 qui
1261 1596 1452 1634 medicinam
1465 1605 1608 1645 parant,
1624 1599 1680 1635 ubi
1692 1611 1753 1637 non
1778 1610 1855 1649 opus
1878 1600 1941 1650 est,

165 1649 200 1685 id
216 1647 261 1695 est
285 1646 574 1694 ubisensumsatis
590 1646 781 1681 commodum
795 1647 973 1682 admittant
998 1647 1096 1694 leges.
1149 1647 1186 1682 Si
1213 1647 1334 1694 quando
1351 1648 1446 1694 paulo
1467 1649 1575 1684 rarius
1590 1651 1729 1686 occurrit
1749 1652 1939 1688 vocabulum

161 1697 321 1746 [truttam
341 1699 508 1732 verborum
529 1708 589 1730 non
614 1697 723 1731 ubivis
746 1697 859 1737 obvia,
884 1695 1018 1743 historia
1043 1697 1098 1731 vel
1111 1694 1240 1743 species
1265 1695 1442 1742 obscurior,
1469 1697 1623 1745 nonsane
1648 1702 1806 1748 extemplo
1830 1699 1876 1748 cst
1897 1700 1945 1747 ad

156 1747 283 1795 falcem
307 1748 456 1782 criticam
486 1746 724 1788 recurrendum,
748 1746 895 1792 quamdiu
918 1757 969 1781 res
991 1747 1133 1793 exemplo
1156 1758 1217 1782 non
1244 1754 1344 1782 caret.
1399 1747 1509 1792 Neque
1540 1749 1624 1784 enim
1655 1749 1849 1786 Criticorum
1871 1748 1941 1798 est,

156 1796 298 1844 facere,
324 1803 358 1831 ut
390 1797 570 1841 elegantius
597 1795 763 1841 loquantur
788 1796 873 1842 leges
896 1794 1025 1842 nostrae,
1042 1795 1106 1843 sed
1123 1803 1159 1831 ut
1184 1797 1415 1832 emendatiores
1449 1797 1611 1843 legantur.
1664 1799 1755 1835 Hinc
1775 1799 1804 1844 si
1827 1808 1941 1836 textus
1992 1813 1994 1815 ’

157 1846 231 1893 sese
251 1844 373 1891 offerat
393 1845 595 1893 desperatus,
623 1843 665 1885 &²
679 1846 732 1891 qui
738 1843 871 1890 sensum
887 1857 947 1880 non
962 1844 1115 1892 fundat,
1135 1844 1208 1890 five
1226 1847 1325 1882 verba
1342 1846 1439 1892 plane
1461 1846 1586 1883 Latina
1608 1858 1669 1883 non
1683 1847 1773 1894 sint,
1793 1848 1866 1895 five
1889 1861 1942 1885 eo-

165 1907 236 1930 rum
247 1895 410 1941 struitura
433 1897 548 1942 linguai
572 1896 666 1940 genio
686 1894 814 1940 prorsus
840 1903 1016 1942 repugnet:
1046 1895 1136 1931 Tunc
1154 1907 1227 1931 vero
1249 1897 1315 1930 arti
1340 1896 1462 1930 criticae
1484 1898 1545 1931 erit
1564 1897 1669 1940 locus,
1694 1909 1752 1933 nee
1776 1901 1942 1945 quisquam

166 1943 422 1991 huicseverii‘mi
446 1943 594 1991 censoriae
611 1945 795 1979 intercedet.
848 1945 1039 1991 Exemplis,
1065 1944 1179 1992 quaese
1197 1944 1403 1991 mihisponte
1423 1956 1505 1980 nunc
1526 1944 1693 1992 offerunt,
1720 1959 1772 1983 res
1795 1950 1860 1983 erit
1878 1948 1948 1992 cla--

166 1997 242 2030 rior.
269 1995 344 2029 Lex
371 2006 424 2029 10.
454 1994 500 2029 D.
518 1993 562 2028 de
580 2003 692 2029 vacat.
711 2005 804 2029 mun.
831 1995 879 2030 ita
897 1995 1015 2041 legitur
1032 1996 1064 2029 in
1089 1995 1341 2041 Exemplaribus
1356 1994 1523 2040 vulgatis:
1548 1995 1670 2031 Auctis
1686 1995 1764 2043 post
1784 1996 1942 2044 adpella-

167 2046 301 2080 tionem
327 2044 444 2078 medio
466 2052 623 2089 ternpore
651 2042 894 2087 facultatibus,
922 2044 1138 2091 paupertatis
1161 2045 1311 2079 obtentu·
1335 2054 1405 2079 non
1435 2043 1661 2080 excusantur:
1688 2045 1943 2082 Rittershufius

167 2092 358 2139 deprehensa
371 2091 537 2138 strufflcra
552 2093 658 2138 paullo
675 2094 911 2129 incommodiore
930 2103 987 2139 pro
1011 2092 1117 2129 auctis
1133 2120 1143 2136 ‚
1169 2105 1232 2128 una
1254 2094 1380 2140 abjecta
1403 2093 1537 2136 littera,
1563 2092 1711 2139 rescribit
1735 2093 1839 2131 aucti.
1891 2096 1942 2132 Et

158 2142 243 2190 sarie
270 2143 318 2177 ita
345 2143 524 2189 elegantius
552 2143 728 2188 loqueretur
749 2142 891 2178 Paullus.
942 2143 1004 2178 Sed
1024 2144 1164 2190 exemplo
1196 2154 1256 2178 non
1289 2150 1377 2178 caret
1401 2143 1466 2177 haec
1493 2144 1654 2180 anomalia
1671 2170 1680 2184 ,
1713 2142 1869 2190 siquidem
1898 2143 1944 2185 &³

168 2190 368 2239 Hirtius-de
393 2192 484 2226 bello
501 2191 612 2227 Afric.
640 2190 724 2236 Cap.
746 2192 863 2228 XXV.
889 2194 938 2227 ita
955 2194 1110 2238 loquitur:
1136 2193 1230 2228 Dum
1247 2192 1322 2228 haec
1339 2192 1386 2228 ita
1404 2191 1551 2234 fierent,
1575 2203 1636 2228 rex
1651 2193 1763 2239 Juba,
1789 2193 1943 2241 cognitis

168 2240 310 2276 Caesaris
327 2239 605 2282 difficultatibus,
631 2241 876 2287 copiarumque
892 2243 1091 2287 paucitate,
1117 2252 1186 2277 non
1212 2239 1263 2276 est
1280 2241 1408 2283 visum,
1434 2239 1509 2276 dari
1525 2240 1674 2286 spatium
1692 2242 1942 2279 convalescen-

167 2291 214 2325 di.
269 2291 421 2332 Accedit,
448 2291 527 2335 quod
547 2289 612 2336 ipse
638 2289 772 2325 Paullus
783 2289 871 2337 soepe
890 2290 997 2337 solet,
1022 2292 1102 2336 quod
1128 2291 1171 2326 ad
1191 2290 1283 2336 casus
1305 2292 1465 2326 nominum
1491 2291 1632 2334 attinet,
1657 2292 1763 2327 minus
1789 2298 1941 2328 accurate

169 2341 268 2386 loqui,
297 2351 350 2374 ceu
367 2340 422 2374 vel
441 2351 480 2374 ex
507 2340 547 2374 L.
571 2351 625 2384 17.
653 2340 700 2374 D.
725 2338 768 2374 de
789 2339 823 2374 in
844 2340 898 2385 jus
920 2351 998 2375 voc.
1024 2347 1126 2387 patet.
1183 2340 1277 2375 Tales
1306 2340 1503 2387 conjecturas
1522 2348 1641 2385 parum.
1653 2339 1862 2387 neceffarias,
1888 2342 1944 2376 in-

167 2400 319 2424 numeras
341 2389 607 2431 adcumularunt,
633 2391 685 2434 qui
707 2390 909 2424 emendandis
934 2391 1023 2436 juris
1042 2388 1140 2435 nostri
1168 2389 1260 2425 libris
1283 2388 1493 2433 insudarunt,
1520 2387 1562 2428 ὅ)
1581 2389 1735 2435 exemplis
1755 2389 1790 2424 id
1807 2388 1943 2437 ostendit

168 2437 233 2483 ipse
254 2437 555 2484 ssynkershoekius
571 2437 672 2483 noster
696 2439 830 2473 observ.
856 2439 932 2473 Lib.
952 2440 1016 2473 III.
1044 2439 1126 2484 Cap.
1146 2438 1213 2474 IV.
1232 2436 1268 2473 ὃ(
1285 2438 1402 2473 XXV.
1429 2438 1507 2472 Lib.
1526 2437 1593 2472 IV.
1619 2438 1703 2483 Cap.
1721 2435 1766 2472 Π.
1783 2437 1819 2474 ἃ
1837 2439 1939 2475 ΧΙΧ.

168 2487 210 2528 1&
233 2489 396 2533 inprimis
417 2489 450 2521 in
468 2486 691 2534 Praeterinzffis
716 2486 760 2521 ad
784 2488 824 2522 L.
850 2498 880 2522 2.
909 2488 953 2522 D.
979 2487 1023 2523 de
1049 2488 1137 2534 orig.
1160 2487 1230 2534 jur.
1256 2487 1388 2522 ubiloco
1407 2497 1467 2520 non
1490 2496 1550 2520 uno
1565 2486 1691 2530 docuit,
1716 2488 1819 2523 nimia
1840 2488 1942 2524 Cr'cti·

168 2548 274 2572 corum
296 2537 468 2581 diligentia
493 2535 641 2582 effectum
669 2536 747 2583 eſje,
783 2544 817 2571 ut
836 2538 966 2572 medicis
973 2536 1062 2584 saepe
1076 2536 1227 2582 adversus
1251 2534 1353 2582 ipsam
1371 2535 1561 2570 medicinam
1577 2535 1665 2572 hoclie
1683 2545 1759 2582 opus
1777 2537 1940 2574 videatur.

168 2586 296 2621 fidelius
313 2596 387 2630 ergo
407 2586 456 2619 illi
491 2593 651 2620 merentur
674 2589 709 2621 de
733 2586 895 2630 republica
919 2587 1103 2629 litteraria,
1130 2585 1172 2626 ὅ)
1194 2587 1226 2620 in
1242 2586 1358 2631 primis
1378 2583 1654 2630 Jurisprudentia
1672 2584 1799 2630 nostra,
1823 2589 1877 2633 qui
1897 2587 1941 2623 10.

169 2647 208 2670 ca
224 2636 277 2670 vel
299 2635 416 2669 nullius
433 2636 488 2669 vel
499 2635 686 2670 incommodi
700 2633 815 2681 sensus
843 2636 1034 2681 integritati
1047 2634 1120 2682 suae
1141 2633 1307 2681 restituere
1323 2640 1489 2669 conantur.
1540 2633 1596 2668 Sic
1606 2633 1691 2680 sane
1707 2646 1798 2671 nemo
1814 2637 1942 2672 intelle·

170 2683 264 2731 xffit
298 2684 338 2718 L.
364 2694 418 2727 19.
452 2682 483 2730 §.
512 2695 542 2718 2.
582 2684 628 2718 D.
656 2684 699 2718 de
718 2683 830 2730 judic.
882 2685 979 2719 Nam
1009 2686 1069 2720 ubi
1094 2684 1139 2720 sic
1163 2683 1288 2727 venit,
1323 2692 1360 2718 ut
1388 2681 1575 2718 confestim
1597 2683 1778 2726 discedat,
1803 2684 1895 2731 quali
1919 2696 1941 2721 a

168 2734 308 2769 viatore
326 2733 448 2771 emtis.
479 2733 533 2767 vel
553 2744 595 2768 eo
622 2733 681 2778 qui
705 2733 1014 2776 transvehebatur,
1046 2734 1103 2769 vel
1121 2744 1163 2769 eo
1179 2733 1237 2780 qui
1262 2731 1555 2779 praeternavigat,
1581 2732 1679 2767 emit.
1707 2731 1769 2778 nist
1785 2732 1942 2770 Haloan-

171 2781 231 2817 der
248 2781 411 2828 abjeciffet
429 2782 464 2816 τὸ
483 2783 584 2817 emtis
601 2784 747 2827 quamvis
756 2780 915 2828 &paucis
925 2784 1062 2818 mutatis
1079 2783 1142 2829 legi
1153 2781 1249 2829 pcffit
1268 2790 1392 2822 eunte,
1403 2789 1438 2816 ut
1453 2788 1629 2827 opponatur
1644 2782 1943 2830 praeternavigan-

172 2830 200 2864 ti
219 2832 271 2865 vel
290 2832 500 2866 transvecto.
554 2832 599 2866 Et
617 2834 686 2876 quIs
701 2830 799 2877 quoesb
813 2830 929 2877 sensus
953 2830 999 2878 est
1017 2832 1158 2877 Ulpiani
1177 2843 1209 2866 m
1226 2832 1266 2865 L.
1292 2841 1346 2876 13.
1374 2829 1405 2878 §a
1429 2830 1489 2865 fin.
1522 2829 1565 2865 D.
1584 2831 1628 2866 de
1656 2830 1753 2877 pign.
1771 2830 1837 2866 a&
1869 2833 1943 2869 Ve-

173 2878 225 2912 nit
242 2889 357 2915 autem
377 2881 410 2915 in
430 2880 495 2915 hac
512 2879 649 2915 afflone
668 2879 704 2916 ἃ
722 2881 821 2916 dolus
838 2879 875 2915 &
895 2881 1018 2926 culpa,
1044 2891 1080 2916 ut
1100 2881 1136 2916 in
1154 2879 1397 2916 commodato:
1423 2877 1522 2914 venit
1544 2876 1581 2913 &
1602 2878 1775 2917 custodia:
1801 2881 1854 2916 vis
1870 2892 1942 2917 ma·

170 2926 228 2971 jor
251 2938 317 2964 non
338 2929 449 2964 venit.
501 2929 587 2977 Quis
615 2928 714 2974 qusefi)
737 2942 823 2976 aequa
852 2928 1000 2965 Themide
1018 2931 1139 2965 dixerit
1153 2955 1165 2973 ,
1197 2929 1380 2964 creditorem
1394 2928 1540 2975 pignoris
1554 2929 1730 2973 periculum
1746 2929 1827 2965 idem
1838 2928 1942 2977 susti·

174 2985 270 3015 nere.
303 2989 340 3011 ac
362 2979 641 3013 commodatarium
668 2979 873 3021 commodati,
910 2991 1001 3024 quum
1023 2980 1089 3014 alia
1112 2980 1217 3013 onmia
1235 2977 1394 3024 discamus
1410 2975 1609 3023 exsequente
1636 2978 1675 3012 L.
1701 2989 1756 3022 14.
1785 2979 1832 3014 D.
1859 2978 1939 3015 eod.

176 3034 245 3057 cum
271 3025 308 3058 L.
331 3030 382 3064 18.
408 3037 459 3073 pr.
481 3028 526 3062 D.
549 3028 766 3063 commodati
793 3028 850 3062 vel
875 3038 996 3063 contra
1021 3028 1164 3063 collata?
1188 3028 1250 3062 Sed
1266 3024 1528 3073 ingeniofiffimus
1553 3027 1604 3061 hic
1617 3025 1715 3073 fuit,
1741 3039 1831 3073 quem
1849 3028 1942 3064 hono·-

174 3072 221 3104 ris
238 3072 339 3117 cauffla
355 3078 500 3118 nomino,
528 3076 701 3111 Gerardus
720 3077 844 3111 Noodt
866 3076 1024 3112 Probabil.
1064 3077 1141 3111 Lib.
1159 3077 1185 3110 Ι.
1212 3076 1295 3121 Cap.
1313 3075 1379 3110 IV.
1405 3076 1458 3120 qui
1484 3083 1608 3111 textum
1624 3075 1842 3123 desperatum,
1870 3089 1939 3113 mu-

175 3126 248 3153 tata
271 3122 517 3168 interpoliatone
541 3124 582 3165 &³
608 3127 702 3160 unica
727 3126 858 3161 Littera
878 3153 888 3168 ,
918 3128 967 3160 ita
989 3125 1214 3169 restituendum
1240 3132 1345 3159 monet
1355 3133 1371 3158 .·’
1401 3124 1512 3159 Venit
1532 3133 1648 3160 autem
1671 3126 1708 3161 in
1725 3125 1790 3160 hac
1805 3124 1946 3162 afflone

174 3167 272 3201 dolus
299 3168 333 3203 ἃ
355 3173 473 3215 culpa:
512 3183 547 3207 at
572 3175 605 3209 in
629 3174 856 3208 commodato
883 3176 982 3210 venit
1003 3175 1041 3210 ὅτ,
1059 3173 1235 3216 custodia,
1261 3173 1314 3208 vis
1338 3172 1452 3220 major
1468 3183 1538 3208 non
1555 3175 1667 3210 venit.
1719 3174 1940 3221 Unusquisque

174 3216 255 3251 hanc
282 3221 524 3257 emendationem
549 3221 591 3262 &²
617 3222 823 3271 neceffliriam
843 3224 927 3259 dicet
944 3250 955 3268 ‚
988 3221 1030 3264 &⁹
1056 3224 1171 3260 reblam
1184 3221 1357 3270 spondebit
1371 3247 1385 3267 ,
1408 3222 1464 3259 vel
1481 3222 1567 3269 ideo,
1597 3224 1673 3270 quia
1688 3221 1940 3306 ηεεςθανίἷιεβ.

1880 3283 1941 3308 ura
