2008 3436
191 119 246 160 94
589 107 730 149 AD
843 103 1556 148 LECTOREM.

190 207 283 237 rem5
310 195 439 234 multa,
466 196 569 240 inquit
594 195 667 235 ille,
693 193 852 229 donanda
875 194 1023 241 ingeniis
1045 202 1153 239 pum,
1181 194 1237 230 sed
1264 194 1369 236 vitia,
1396 205 1465 229 non
1490 202 1672 241 portenta,
1698 195 1827 244 &jam
1840 198 1946 248 satis,

192 245 300 285 credo,
327 242 392 290 ipse
410 245 590 290 intelligis,
612 251 760 289 portenta
779 242 857 289 effe,
885 255 950 288 quie
964 253 1021 288 per
1044 244 1217 278 auditorem
1237 252 1325 279 tuum
1346 243 1569 290 deblaterasii,
1593 253 1739 290 portenta
1763 250 1858 292 item,
1884 262 1948 296 qua

191 301 247 327 tua
264 291 415 328 Prolufio
435 300 546 328 contra
568 293 724 327 Irneriam
738 301 856 338 praeter
871 292 1041 337 descriptos
1057 292 1245 327 Molinceum
1264 291 1304 332 ξύ)
1319 293 1521 328 Strauchium
1538 294 1673 329 hahebat
1687 298 1854 342 praecipua.
1884 300 1946 336 His

190 351 257 377 tam
273 345 510 377 contumacibus
527 342 682 376 ulceribus
689 340 721 386 st
738 343 862 376 acriora
880 342 1017 376 remedia
1036 341 1254 385 adhibuerim,
1272 340 1401 388 fabium
1423 340 1481 388 effe
1487 341 1574 387 scito
1595 354 1634 378 ex
1651 346 1842 380 auctoritate
1857 349 1952 393 prim,

189 393 293 436 cipum
315 392 536 433 Medicorum,·
558 392 640 431 scito
657 393 776 432 etiam,
804 402 851 425 me
868 402 927 424 non
951 388 1154 435 promiscuis,
1182 399 1215 425 ut
1242 389 1432 436 existimas,
1460 392 1601 426 dicieriis
1623 401 1655 427 te
1678 393 1874 440 exagitaſj'e‚
1895 395 1966 438 [ed‘.

190 488 231 528 &³
248 492 423 524 rumoribus
443 491 508 523 inis
525 491 614 533 digni
642 499 733 522 imas.
786 490 857 522 Non
873 487 1025 533 haecsunt
1038 515 1047 529 ,
1075 490 1104 521 ζ)
1123 490 1197 522 bone
1213 488 1401 535 ἱμονιοςρέφων
1428 490 1520 535 μέλη.
1549 498 1583 523 nt
1601 502 1641 525 ex
1656 490 1865 538 Aristophane
1890 494 1950 528 mi-

189 539 222 572 hi
242 541 375 585 objicis,
396 539 457 584 sed
473 538 527 572 illa
540 540 665 582 potius,
691 548 757 581 quae
773 537 851 571 idem
869 536 1096 581 Aristophanes
1121 537 1240 572 alicubi
1268 542 1382 573 recitat
1400 542 1426 572 ἐν
1444 538 1597 580 Νεφέλαις.
1649 541 1739 588 ,Quin
1763 540 1791 583 si
1815 542 1868 576 vel
1891 542 1949 579 has

190 589 251 621 tibi
265 586 438 633 promiscue
455 587 585 621 delicias
601 584 744 630 dixiſjem
757 612 765 626 ,
790 586 896 630 quales
913 587 959 619 ihi
979 596 1026 619 me
1043 585 1145 629 legere
1168 589 1314 629 memini,
1336 586 1377 626 ἐᾷ’
1397 595 1431 621 tu
1448 590 1544 631 mihi,
1572 597 1606 623 ut
1630 589 1682 624 ille
1704 591 1737 623 in
1766 591 1950 636 Comoedia,

189 638 322 670 nimiam
339 637 505 671 audaciam
532 635 704 679 objeceris,
733 646 787 679 ego
807 636 872 668 vici
901 645 963 676 zm,
988 642 1023 668 ut
1047 635 1131 668 alius
1151 636 1290 680 ibidem,
1318 637 1453 671 nimiam
1479 639 1765 684 tibistoliditatem
1788 641 1948 686 objecere,

187 694 280 731 atque
301 689 349 720 ita
369 683 612 731 Aristophanica
629 691 683 716 tua
701 681 953 729 Aristophanicis
971 691 1213 718 commutaverit.

181 439 341 486 singulis,
366 452 444 486 quas
463 438 613 485 adverfiis
637 440 839 485 mejecerm,
864 440 1003 484 periodis
1019 437 1203 483 simpliciter
1218 441 1326 484 culpas
1349 438 1565 486 adscripjiſj'e,
1592 443 1721 488 culpas,
1747 448 1896 489 inquam,
1919 453 1974 482 τεν

235 735 298 769 Sed
312 742 345 767 ut
363 742 452 767 tuam
469 733 555 767 illam
574 730 823 777 I'rcefationem,
850 741 1001 777 quantum
1017 733 1094 766 mihi
1109 732 1244 778 adversa
1259 733 1321 779 esi.
1348 736 1476 780 propius
1499 737 1677 779 excutiam,
1700 737 1751 771 dic
1780 739 1877 780 mihi,
1893 737 1952 786 fh·
1992 761 1997 771 .

187 783 240 818 des
253 810 262 824 ,
288 789 328 816 ex
351 793 407 827 quo
428 783 488 816 tibi
508 781 672 815 advenerit
690 781 746 815 illa
762 780 930 826 modestia,
958 781 1013 815 illa
1027 782 1135 826 pietas
1156 779 1197 821 &³
1213 782 1438 827 mansuetudo,
1464 796 1523 829 qua
1546 793 1577 818 te
1596 786 1641 818 ibi
1665 793 1830 832 tantopere
1846 788 1949 823 extol-

1983 785 2005 814 ,b

187 832 255 866 lis?
272 831 402 877 solebas
418 829 501 877 sane
525 830 633 871 Viris,
661 831 760 863 etiam
782 828 1026 876 honestiffimis,
1054 832 1246 866 truculenter
1268 831 1445 878 insultare,
1472 832 1513 873 ὃ)
1537 834 1570 867 in
1590 844 1623 866 eo
1647 835 1836 870 cerviculam
1860 844 1952 873 tuam
1986 818 2002 879 ξ,

181 882 320 928 jabiare.
369 880 461 922 Scio,
489 879 562 925 quid
584 879 668 924 apud
690 878 753 912 Vos
767 877 853 924 fiat,
879 878 920 919 ἐξ
941 882 1014 913 novi
1039 890 1138 913 mores
1155 888 1245 923 tuos,-
1272 880 1336 927 ipse
1359 882 1467 927 oppido
1486 883 1673 917 machaeram
1697 890 1785 917 tuam
1802 883 1951 930 reformiq
1984 907 1998 917 .-

187 929 323 976 άαᾈῑὲιη,
349 927 410 974 nisi
427 928 504 964 mihi
519 928 600 962 domi
609 925 727 973 fmffet
743 929 898 962 vervina:
924 939 1027 970 nunc,
1053 930 1106 962 uhi
1124 930 1213 970 vides
1227 932 1338 964 robora
1356 932 1517 965 roboribus
1540 929 1698 977 oppofita‚
1722 933 1812 967 intra
1824 932 1949 979 viscera

188 988 245 1014 tua
260 977 428 1025 confugis,
456 975 496 1017 δέ
517 977 771 1011 muliercularum
788 975 890 1022 instar
902 975 1027 1023 fremis
1036 975 1241 1024 frondesque.
1293 979 1367 1014 Huc
1389 982 1528 1025 pertinet
1542 980 1709 1025 silentium
1730 988 1818 1017 tuum
1841 983 1878 1018 de
1899 977 1964 1031 1rae5'

188 1029 295 1069 neria,
325 1027 423 1062 libelli
445 1024 559 1071 famosi
576 1037 684 1061 vecors
700 1027 919 1071 exprobratio,
947 1023 988 1065 &³
1009 1027 1201 1071 injuriarum
1222 1028 1438 1063 lamentabilis
1457 1030 1592 1074 querela.
1853 1053 1855 1055 -
1919 1051 1925 1055 -
1947 1047 1954 1055 ·

238 1078 306 1112 Nec
326 1086 433 1111 tamen
448 1076 500 1110 vel
517 1087 550 1110 eo
571 1077 695 1110 nomine
712 1083 744 1109 te
765 1076 929 1120 quisquam
947 1075 1055 1109 audiet
1069 1101 1078 1117 ,
1099 1075 1185 1118 satis
1201 1079 1286 1111 enim
1303 1079 1459 1123 probavi,
1485 1079 1644 1119 libellum,
1673 1091 1761 1124 quem
1783 1081 1846 1116 tibi
1861 1089 1953 1128 oppo-

191 1125 258 1170 sui,
283 1124 442 1171 famosum
461 1136 521 1160 non
546 1123 625 1170 effe,
652 1121 715 1165 ἐξ,
743 1135 781 1158 ne
802 1125 877 1169 quid
902 1125 1038 1169 amplius
1060 1124 1162 1159 dicam
1179 1152 1189 1164 ,
1214 1125 1288 1171 sola
1303 1126 1390 1171 fides
1413 1128 1481 1161 veri
1507 1139 1553 1162 me
1577 1126 1725 1172 absolvit.
1777 1129 1865 1165 Idem
1889 1129 1952 1177 esto

181 1168 343 1223 ‘judicium
365 1175 400 1209 de
417 1175 552 1220 injuria,
574 1185 668 1216 nam,
687 1171 720 1218 si
736 1172 856 1218 nescis,
880 1174 1003 1208 veritas
1017 1174 1114 1208 etiam
1124 1172 1207 1220 justi
1224 1177 1357 1210 convitii
1377 1174 1507 1221 excusat
1517 1188 1530 1218 ,-
1556 1179 1606 1222 qui
1624 1178 1685 1212 erit
1703 1179 1849 1224 injuria,
1874 1178 1957 1226 quod

184 1227 261 1272 jure
283 1226 398 1271 optimo
420 1223 491 1265 lit?
518 1220 641 1267 legisti,
667 1222 770 1264 credo,
797 1222 817 1255 l.
848 1225 900 1259 18.
928 1232 977 1267 pr.
1005 1220 1043 1256 ff.
1070 1222 1115 1257 de
1140 1223 1244 1269 injur.
1271 1221 1313 1263 &³
1337 1224 1358 1258 l.
1376 1235 1430 1259 un.
1462 1225 1499 1258 C.
1525 1224 1569 1259 de
1595 1225 1727 1260 Famos.
1754 1227 1859 1263 libell.
1885 1229 1954 1264 haec

189 1275 274 1315 tibi,
300 1274 378 1319 quod
395 1273 480 1312 dixi,
509 1270 762 1316 persuadebunm
789 1270 894 1316 legisii
909 1272 1008 1304 etiam
1036 1270 1058 1304 l.
1074 1282 1107 1314 5.
1134 1271 1172 1306 C.
1199 1271 1244 1306 de
1269 1271 1375 1317 Injur.
1392 1271 1454 1317 sed
1467 1273 1566 1315 hanc,
1584 1272 1744 1319 satscio,
1771 1287 1830 1310 non
1855 1277 1953 1312 intel·

191 1324 268 1369 ligis
281 1349 289 1361 ,
316 1323 404 1357 aliud
422 1322 467 1355 ihi
484 1322 612 1365 agitur,
638 1319 716 1365 quod
734 1327 766 1353 te
787 1330 870 1353 nunc
888 1330 947 1353 non
968 1319 1068 1353 doceo.
1120 1319 1262 1367 Facfftt
1279 1321 1380 1366 igitur
1402 1322 1593 1367 injuriarum
1609 1323 1708 1364 aetio,
1735 1324 1829 1359 immo
1847 1323 1888 1365 &³
1903 1337 1955 1362 re-

190 1370 306 1414 msto,
334 1382 425 1417 quam
443 1370 494 1404 hic
510 1378 640 1413 crepas,-
666 1369 859 1414 injuriarum
876 1375 1020 1409 tenetur,
1050 1369 1124 1413 qui,
1150 1371 1205 1404 uhi
1227 1370 1308 1404 aelio
1325 1382 1384 1405 non
1413 1369 1478 1416 est,
1504 1371 1659 1417 injuriam
1677 1378 1845 1418 retorquet.
1898 1375 1956 1411 Ita

191 1422 287 1467 vulgo
306 1422 429 1466 placet,
454 1419 660 1452 auctoritates
680 1428 740 1451 non
755 1417 853 1458 addo,
879 1428 938 1451 non
948 1415 1144 1462 semicrudos
1176 1418 1326 1454 Doeiores
1344 1445 1356 1464 ,
1374 1427 1408 1454 ut
1418 1417 1498 1465 sunt
1518 1422 1603 1455 inter
1622 1431 1690 1463 eos,
1717 1432 1790 1466 quos
1806 1422 1875 1457 heic
1897 1423 1957 1459 Ioci

192 1477 228 1505 tu
245 1472 374 1504 recitas.
431 1464 576 1513 Vesanus
596 1464 672 1509 fim,
691 1464 724 1510 fi
748 1474 800 1501 tuo
825 1467 966 1512 exemplo
983 1464 1153 1509 Consilia,
1179 1467 1444 1509 conclusiones,
1471 1468 1688 1514 Judiciorum
1705 1467 1890 1514 formulas,
1914 1469 1959 1512 &¹

191 1529 295 1564 nugas
321 1519 373 1551 his
388 1514 513 1561 ,similes
531 1515 720 1561 producam,
746 1517 801 1550 uhi
825 1527 865 1550 ex
879 1517 954 1561 jure
975 1526 1102 1550 manum
1125 1515 1328 1562 conserimus.
1388 1517 1469 1552 Sunt
1490 1519 1555 1552 haec
1581 1518 1676 1560 taedia
1702 1516 1770 1563 fori
1785 1544 1796 1563 ,
1829 1531 1965 1566 quorum

190 1569 317 1604 animus
333 1564 507 1612 meminiffi’
522 1566 647 1601 horret:
673 1565 706 1598 in
724 1575 757 1599 eo
776 1565 907 1611 pulvere
917 1563 1123 1611 septennium
1140 1564 1220 1612 fere
1250 1568 1357 1607 trivi‚·
1380 1567 1551 1611 prudenter
1575 1569 1677 1613 igitur
1696 1575 1784 1603 utere
1807 1568 1857 1604 his
1880 1579 1962 1616 ponq

191 1618 298 1659 tibus,
325 1627 365 1651 ne
387 1617 449 1650 tibi
472 1614 616 1655 accidat,
642 1614 720 1660 quod
744 1615 807 1657 iis,
832 1615 884 1659 qui
914 1614 1080 1660 Cujacium
1101 1616 1235 1650 adibant
1252 1614 1512 1662 sylvescentibus
1529 1621 1563 1651 in
1586 1628 1636 1651 ore
1665 1628 1769 1652 eorum
1796 1617 1963 1665 Confiliis,

191 1666 427 1711 opinionibus,
453 1662 673 1710 Decz'fionibus
691 1662 858 1698 Doctorum
891 1664 1093 1706 innumeris,
1133 1662 1296 1710 historiam
1325 1665 1423 1699 habes
1447 1667 1518 1712 ejus
1545 1665 1699 1701 Consult.
1726 1666 1857 1702 XXIII.
1883 1666 1961 1715 quiri

184 1717 258 1762 jam
287 1714 350 1748 tibi
371 1712 437 1747 tale
457 1713 532 1758 quid
549 1713 686 1755 accidit,
703 1711 766 1758 sed
788 1712 883 1748 taedet
904 1711 1036 1758 referre.
1089 1714 1247 1748 Attamen
1267 1715 1395 1760 patior,
1422 1721 1454 1750 te
1477 1715 1542 1751 haec
1565 1717 1703 1752 recitare
1718 1743 1727 1756 ,
1751 1717 1805 1762 qun·
1829 1715 1961 1766 voluisti

189 1762 315 1810 Fiscum
340 1762 485 1805 edocere,
510 1773 566 1808 quo
580 1764 658 1809 jure
679 1773 799 1797 mecum
824 1764 966 1808 experiri
988 1769 1128 1807 oporteat
1146 1763 1269 1809 judicio
1291 1764 1430 1810 publico,
1449 1762 1512 1811 sed
1533 1776 1593 1800 non
1613 1768 1721 1811 patior
1746 1772 1779 1801 te
1794 1764 1962 1813 formulas

193 1811 405 1858 retorquenda
431 1812 561 1858 injuriae
586 1823 627 1847 ex
651 1811 781 1847 Struvio
804 1812 938 1857 aliisque
959 1812 1143 1852 corradere,
1169 1810 1210 1851 &¹
1228 1813 1286 1848 has
1309 1813 1489 1859 elegantias
1511 1814 1678 1850 leiioribus
1701 1816 1768 1851 tuis
1788 1816 1962 1852 inculcare.

194 1862 383 1898 Germanice
401 1863 499 1897 etiam
515 1862 654 1907 quadam
677 1861 728 1896 hic
744 1859 866 1907 effers,
882 1860 961 1905 sed,
983 1859 1014 1906 fi
1030 1862 1078 1896 ita
1095 1869 1236 1907 pergas,
1262 1874 1331 1898 cum
1348 1863 1427 1898 mihi
1444 1871 1547 1899 tecum
1569 1875 1620 1899 res
1636 1863 1702 1912 est,
1727 1863 1962 1912 Japonenfium

191 1920 247 1947 aut
266 1909 466 1956 Chinenfium
486 1911 596 1957 lingua
615 1919 647 1946 te
657 1909 730 1956 sum
751 1909 964 1957 aggreffiirus.
1728 1927 1730 1929 ·

240 1960 348 1996 Redeo
363 1962 405 1996 ad
423 1961 565 2006 querelas
582 1962 732 2007 injuriae,
755 1958 964 2006 persuasurus
987 1962 1048 1996 tibi
1063 1987 1072 2001 ‚
1089 1960 1122 2006 fi
1141 1969 1268 2008 potero,
1294 1973 1367 2007 me,
1392 1961 1470 2008 quod
1489 1962 1582 2006 dixi,
1607 1973 1666 1998 non
1685 1961 1960 2010 inJ'uriaefacien-

192 2009 237 2045 dee
260 2009 355 2056 causa
375 2009 488 2056 diuiffie
506 2037 517 2053 ,
540 2010 603 2057 sed
629 2010 772 2044 monendi
795 2008 835 2050 &³
860 2010 988 2045 docendi
1007 2009 1113 2056 causa.
1163 2010 1306 2061 Quaestio
1331 2011 1397 2057 est,
1422 2019 1457 2045 ut
1482 2011 1589 2058 nosti,
1611 2010 1715 2057 solius
1737 2014 1842 2049 animi
1849 2024 1863 2055 ,·
1888 2015 1964 2060 ejus

182 2058 312 2104 secreta
331 2060 425 2094 liceat
442 2060 520 2094 mihi
539 2058 644 2104 semel
668 2056 839 2105 obtestari,
866 2070 935 2094 cum
960 2067 995 2094 tu
1020 2058 1186 2104 obtesteris
1198 2059 1305 2106 saepe3
1331 2058 1373 2099 ὅ)
1386 2069 1448 2106 par
1472 2059 1540 2106 esi,
1569 2068 1604 2095 ut
1629 2059 1708 2095 mihi
1727 2060 1861 2105 credas,
1886 2072 1965 2107 qum

190 2110 277 2142 bonae
298 2106 378 2151 fi‘dei
391 2107 488 2153 sum,
514 2106 555 2147 &³
571 2107 671 2154 simul
690 2108 822 2151 credas,
850 2109 1046 2155 injuriarum
1075 2110 1136 2143 tibi
1161 2120 1221 2143 non
1250 2116 1426 2154 competere
1451 2111 1487 2143 ob
1515 2111 1671 2144 rationem
1687 2134 1697 2151 ‚
1731 2121 1825 2155 quam
1847 2111 1970 2146 rettuli

192 2155 233 2196 ἐξ
257 2155 361 2202 refert
389 2157 410 2190 l.
428 2167 462 2199 5.
489 2158 522 2192 in
548 2157 606 2191 fin.
636 2156 674 2191 ff.
692 2157 735 2191 ad
764 2158 803 2191 L.
831 2156 945 2203 Aquil.
999 2157 1152 2205 ,Quinimo
1179 2169 1235 2192 nec
1261 2158 1324 2193 alio
1343 2159 1468 2193 nomine
1490 2160 1657 2204 competit:
1694 2162 1815 2194 etenim
1839 2159 1873 2194 in
1898 2160 1964 2196 Sa-

190 2205 349 2252 pientem
379 2216 447 2240 non
474 2204 601 2240 cadere
627 2205 786 2251 injuriam
815 2205 936 2241 Seneca
960 2205 1060 2240 Libro
1076 2204 1239 2252 singulari
1263 2206 1429 2252 exsecutus
1449 2204 1516 2253 est,-
1543 2219 1603 2242 non
1626 2208 1704 2253 quod
1721 2209 1830 2253 opiner
1855 2215 1887 2244 te
1902 2206 1967 2256 sag

188 2256 331 2300 pientem
346 2253 404 2299 effe
416 2281 424 2296 ,
441 2253 504 2299 sed
520 2255 598 2299 quod
615 2255 663 2289 ita
679 2256 816 2300 opineris
831 2253 895 2300 ipse
907 2265 914 2272 ·
942 2255 976 2289 id
992 2256 1073 2289 enim
1092 2267 1206 2301 magno
1224 2257 1384 2290 molimine
1398 2257 1470 2301 agit
1487 2263 1543 2291 tua
1563 2256 1619 2290 illa
1636 2255 1804 2302 Proefatio.
1850 2254 1977 2307 Quam,⁴

187 2302 323 2349 sapiens
341 2301 387 2349 est
401 2328 412 2345 ‚
439 2314 455 2337 e
471 2302 563 2349 cujus
577 2303 708 2343 Schola.
735 2305 822 2339 velut
836 2315 908 2349 equo
921 2303 1058 2350 Trojano
1073 2331 1082 2345 ‚
1109 2312 1156 2339 tot
1182 2306 1288 2340 heroe's
1310 2305 1454 2350 prodiere
1473 2306 1486 2340 ,Ι
1520 2312 1567 2340 tot
1583 2305 1682 2349 Juris
1704 2303 1900 2353 Anttfiit‘es‚
1923 2314 1967 2343 ut

192 2364 228 2387 ea
255 2364 288 2387 re
314 2352 368 2387 vel
389 2352 589 2397 Papinianus
614 2351 716 2396 noster
739 2354 800 2387 tibi
824 2351 1001 2399 adsurgat!
1026 2365 1116 2398 quam
1127 2352 1262 2399 sapiens
1288 2353 1354 2398 est,
1379 2356 1432 2399 qui
1455 2355 1496 2388 ab
1513 2355 1652 2389 laudatis
1673 2353 1764 2389 Viris
1787 2355 1968 2394 laudaturi,

196 2400 379 2447 testimonia
395 2411 560 2436 enumeras
578 2400 618 2441 ὅ)
639 2403 804 2443 carmina,
830 2413 896 2447 quae
919 2413 989 2437 mox
1011 2400 1178 2448 suppreffa
1206 2403 1301 2437 voles.
1352 2402 1483 2437 Interea
1506 2415 1598 2448 quum
1625 2404 1710 2445 tibi,
1737 2409 1772 2437 ut
1790 2401 1964 2450 sapienti,

194 2450 389 2496 applaudas,
414 2452 496 2485 reite
513 2451 642 2497 colligo,
670 2452 798 2496 injuria
817 2458 848 2485 te
864 2460 1011 2497 capacem
1027 2463 1086 2484 non
1106 2450 1185 2497 effe,
1203 2450 1236 2495 si
1252 2452 1306 2486 vel
1321 2453 1461 2486 maxime
1481 2455 1550 2497 quis
1566 2453 1628 2487 tibi
1648 2451 1862 2487 maledixerit.
1911 2453 1965 2488 Ae·

193 2511 267 2534 vero
285 2510 332 2533 me
348 2499 426 2544 quod
438 2501 580 2541 attinet,
606 2507 732 2535 tantum
749 2498 855 2547 abest,
881 2508 916 2536 ut
932 2500 1096 2535 maledicla
1117 2502 1150 2534 in
1169 2508 1199 2535 te
1211 2502 1366 2546 jecerim,
1393 2507 1427 2534 ut
1446 2498 1774 2546 benediciafuerint‚·
1799 2511 1860 2536 non
1874 2503 1963 2546 equi-

193 2549 261 2583 dem
279 2549 440 2583 benedicta
456 2574 465 2590 ‚
491 2550 598 2593 qualia
616 2549 690 2583 olim
710 2547 900 2595 Cascellius,
927 2547 969 2590 ὅ)
987 2556 1023 2583 tu
1036 2547 1167 2594 scilicet
1188 2559 1286 2594 nuper
1298 2547 1476 2595 scripfisti,
1495 2550 1559 2595 sed
1576 2560 1642 2594 quae
1664 2548 1818 2584 Comoedia
1839 2545 1971 2586 intelli-‘

191 2598 264 2643 git,
291 2608 362 2631 cum
377 2599 426 2631 ait
435 2609 448 2638 ‚·
474 2596 631 2643 Indignis
659 2595 682 2631 ss
706 2596 948 2642 maledicitur,
974 2596 1197 2634 maledictum
1215 2598 1251 2634 id
1277 2596 1345 2634 effe
1367 2597 1470 2642 dico,
1493 2607 1614 2634 verum
1638 2595 1662 2631 fi
1680 2596 1795 2644 dignis
1811 2597 1970 2644 dieitur,

195 2655 434 2681 ΒΕΝεῡιετυΜ
460 2643 521 2679 est.
1957 2648 1968 2689 ζν

243 2693 343 2729 Vides
357 2705 417 2739 qua
433 2691 544 2739 usurus
555 2692 619 2738 sim
638 2692 834 2740 depulsione,
858 2694 891 2740 fi
911 2706 1033 2731 mecum
1051 2699 1244 2744 injuriarum
1261 2707 1363 2742 agas;
1377 2695 1441 2740 sed
1462 2695 1529 2731 alia
1552 2696 1699 2732 minaris.
1750 2695 1969 2744 Potuiss'emg

196 2745 328 2789 inquis,
370 2743 591 2778 accusatione
614 2743 888 2778 extraordinaria
918 2744 1089 2780 criminali
1117 2745 1280 2782 adversus
1312 2744 1872 2790 ssynkershoekiumprocedere,
1894 2758 1965 2792 ¹po«

197 2790 334 2827 tuiss‘em
351 2790 394 2827 ad
414 2789 675 2837 instigationem
694 2799 753 2826 aut
771 2791 886 2838 virgas
907 2793 1063 2838 publicas
1087 2793 1169 2831 huic
1188 2792 1401 2839 delinquenti
1421 2791 1630 2840 infligendas
1649 2794 1751 2840 juxta
1767 2794 1963 2833 Criminali-

196 2839 324 2876 starum
346 2839 545 2877 unanimem
569 2839 780 2876 sententiam
801 2839 1029 2885 concludere,
1056 2840 1125 2878 διε.
1179 2841 1324 2877 Horridae
1341 2843 1496 2876 orationis
1518 2843 1672 2877 horridior
1680 2841 1873 2888 sententia!
1897 2842 1975 2883 ita-⁴

198 2901 236 2924 ne
261 2888 440 2934 tibisedet‚
465 2887 636 2936 dulciffime
666 2887 843 2935 magister?
866 2899 964 2936 parce
980 2915 991 2933 ,
1020 2900 1152 2937 precor,
1182 2900 1303 2937 precor.
1354 2890 1414 2925 Sin
1433 2899 1540 2926 autem
1563 2892 1675 2937 plenus
1700 2893 1822 2928 irarum
1835 2893 1962 2930 calidae4

197 2950 254 2983 que
276 2940 356 2972 rixae
378 2945 497 2972 certum
522 2940 746 2984 immotumque
767 2937 812 2984 esi
834 2949 894 2974 non
920 2949 1072 2986 parcere,
1098 2940 1249 2987 agedum,
1265 2937 1434 2986 subscribe
1455 2943 1489 2975 in
1510 2942 1630 2976 crimen
1639 2953 1652 2982 ,-
1671 2938 1704 2984 fi
1726 2942 1810 2976 nulle
1828 2944 1906 2989 jure
1929 2949 1962 2979 te

199 2986 442 3031 castigaverint,
471 2984 537 3032 ipse
565 2986 769 3035 castigandus
789 2985 874 3033 fim,
890 2987 925 3033 fi
938 2990 1015 3036 jure
1045 2991 1178 3036 optimo,
1199 2989 1272 3035 jam
1297 2990 1377 3023 bona
1395 2988 1462 3035 fide
1479 2997 1511 3024 te
1535 2999 1680 3035 compone
1693 2990 1736 3024 ad
1746 2991 1881 3037 plagas:
1905 3002 1961 3038 ego

199 3037 331 3070 interim
349 3036 485 3070 lii-torem
510 3046 579 3071 cum
599 3046 742 3084 praecone
762 3036 863 3083 adeffi
873 3038 1193 3084 jubebo‚illum‚qui
1211 3044 1242 3072 te
1246 3035 1395 3083 fustibus
1417 3039 1505 3085 large
1522 3039 1962 3086 cedat‚hunc,quisuperdi-

199 3092 271 3118 cat:
295 3083 531 3126 {avuopoo'wtneae
553 3085 608 3121 Ita
620 3098 686 3132 quae
701 3093 733 3121 te
752 3087 804 3131 diu
814 3090 944 3131 ,manuit
961 3086 1102 3135 infamia
1110 3086 1326 3134 facti‚etiam
1337 3085 1477 3132 infamia
1488 3090 1576 3134 juris
1592 3090 1627 3122 in
1644 3085 1802 3134 posterum
1820 3089 1962 3126 manebit

199 3143 239 3166 ex
255 3131 419 3176 sementia
447 3135 484 3168 L.
507 3135 560 3170 16.
588 3135 626 3171 C.
652 3137 703 3171 Ex
731 3136 823 3183 quib.
849 3136 937 3172 caus.
964 3135 1086 3172 infam.
1113 3137 1217 3182 irrog.
1271 3136 1366 3172 Men’
1388 3144 1423 3171 ut
1449 3139 1576 3183 impune
1595 3135 1754 3183 accuses?
1784 3143 1821 3171 ut
1837 3137 1961 3184 Judicio

196 3182 349 3228 publico?
375 3181 478 3231 nescis
493 3190 526 3222 te
546 3184 582 3222 de
600 3187 684 3223 corio
703 3192 757 3221 tuo
777 3184 907 3224 ludere?
923 3184 988 3234 fid
1004 3188 1081 3222 bono
1096 3183 1141 3231 lis
1161 3186 1267 3222 animo
1279 3211 1289 3231 ,
1306 3183 1544 3233 subscriptione
1557 3187 1593 3223 in
1612 3187 1731 3224 crimen
1744 3185 1885 3235 amplius
1897 3197 1960 3243 nen

1888 3242 1959 3278 une

1983 920 2008 950 Β

1984 947 2005 970 ,Γ

1986 989 2003 998 ›-
