2008 3436
172 123 243 163 386
404 114 802 154 CORNELII

175 205 339 237 convenit.
385 205 441 236 Sed
463 205 513 236 hoc
528 227 538 242 ,
563 204 648 236 addit
672 201 959 241 Hermogenianus,
984 200 1028 229 ita

176 248 265 277 lvt'u'ffv
287 247 418 280 Mbe-'C-
433 245 639 286 sis'peci'uliier
651 245 779 280 alteret,
801 243 907 282 prioris
925 240 1027 271 voluti-

178 290 249 318 railis
258 287 314 325 sibi
326 288 484 327 pernitiem&
497 310 507 325 ,
533 283 712 324 &volici[,7't¹,
737 290 768 314 m
787 283 949 324 legatarius
962 281 1027 320 plu-

174 340 209 360 ra
225 329 324 370 legata
342 330 480 368 accipiat.
525 328 685 359 Dcfiuerac
702 325 819 364 igitur,
846 331 881 354 ut
899 321 1029 353 testator

175 370 275 409 palam
292 369 460 411 iignificet‚
486 369 533 407 se,
558 367 744 408 poenitentia
761 364 905 402 duCtum,
930 360 1029 402 poste-

174 411 291 442 riorem
309 411 506 442 voluntatem
524 408 617 450 priori
641 405 804 447 masei-re,
829 405 904 445 quid
924 404 944 435 fi
969 411 1032 447 non

175 451 395 492 significaverit
415 475 422 488 ,
454 450 619 482 vClausulae
661 447 867 486 derogator-ia:
906 444 1033 491 Patroni

176 494 313 533 priorem
329 491 494 531 posteriori
512 489 692 530 praeferunt.
719 488 865 527 Cujacius
882 486 922 516 L.
943 483 1031 515 le.

179 533 303 566 observ.
323 535 353 564 C.
372 543 398 573 y.
410 533 572 572 specialem
585 528 733 570 ejusmodi
754 527 954 559 testationem
970 534 1033 556 non

176 569 308 615 reduirit
318 597 328 612 ‚
344 573 559 611 Tribonianm
573 581 637 602 non
654 570 908 610 Hermogeniano
921 566 1033 611 adse-iij

177 616 254 647 bens
271 617 300 647 d.
321 612 491 652 versiculum
516 614 571 644 Sed
593 613 652 643 hoc.
697 610 881 651 Perper-am,
907 617 940 639 ut
957 606 1033 638 mihi

177 656 303 697 quidem
320 656 463 693 videtur,
488 654 535 686 sed
554 654 615 685 hoc
634 654 695 693 jam
718 661 780 683 non
801 660 881 691 ago.
907 657 1035 680 conten-

174 706 230 728 tus
248 706 375 728 monere
387 696 426 734 ‚fi
442 696 494 726 vel
513 694 702 726 Triboniani
725 691 800 724 esset
816 694 844 723 ci.
861 690 960 729 versic.
973 697 1036 720 non

174 738 292 771 minori
317 746 419 768 tamen
445 736 631 767 auctoritate
653 734 730 774 juris
755 733 816 764 effe
843 733 1036 767 babendum,

178 788 270 819 quam
294 778 411 818 reliqua
433 777 558 815 omnia,
581 785 652 818 quae
676 776 706 806 in
725 773 882 806 Pundefi‘is
903 771 1036 817 exstant.

176 820 282 852 Probo
297 819 418 859 potius,
443 819 527 859 quod
549 818 577 849 δε
603 817 656 848 alii
675 815 877 847 observarunt
903 813 978 853 (1),
1002 812 1037 843 ll-

177 862 243 892 lum
270 861 312 901 ‘vsi
337 861 490 891 duntaxat
516 859 577 891 ess‘e
601 856 796 889 referendum
824 859 860 886 ad
883 855 1036 895 speciem,

177 902 221 933 ibi
241 901 399 933 traCtatam
411 923 423 939 ,
452 900 503 933 ubi
529 909 638 941 nempe
664 908 727 930 uno
750 897 923 941 eodemque
945 894 1035 926 telta-

177 950 307 980 mento‚
333 943 385 974 vel
404 942 590 978 codicillis,
605 942 637 972 in
653 939 831 971 continenti
851 937 942 969 factis
955 960 963 972 ‚
990 944 1035 965 te-

179 983 276 1015 stator
291 983 449 1015 contraria
465 983 589 1014 scribit:
614 981 644 1012 id
663 981 746 1012 enim
763 989 835 1011 cum
851 987 913 1010 non
933 976 1036 1007 videa-

178 1032 230 1056 tur
252 1025 362 1056 cadere
384 1024 470 1064 posse
489 1023 544 1055 nili
570 1024 601 1055 in
629 1021 788 1053 hominem
807 1021 910 1050 dubiae
929 1018 1037 1049 sanita-

178 1066 244 1104 tis,
267 1067 296 1097 in
323 1075 358 1096 ea
378 1064 498 1106 specie,
527 1074 587 1096 nec
607 1064 659 1095 abs
683 1071 734 1100 re,
765 1061 1037 1100 Hermogenianus

177 1107 363 1139 desideravit
383 1105 577 1138 testationem
605 1103 806 1145 singularem,
827 1111 867 1132 ex
884 1110 942 1141 qua
964 1108 1036 1130 con-

177 1148 240 1180 stet
255 1148 294 1180 de
318 1147 392 1179 seria
412 1147 478 1187 ejus
499 1147 682 1183 voluntate,
712 1143 762 1176 sed
786 1144 857 1188 hoca
872 1141 1038 1172 transferre

179 1199 244 1221 non
268 1190 344 1220 licet
370 1188 407 1220 ad
425 1189 489 1219 duo
516 1187 717 1223 testamenta,
747 1184 872 1215 diverio
897 1189 1038 1226 tempore

179 1230 326 1268 condita,
348 1229 400 1261 ubi
422 1229 545 1260 oblivio
559 1229 588 1259 ὅ(
607 1228 665 1258 alia
685 1235 777 1265 quam
802 1224 934 1265 plurima
960 1230 1038 1252 mci-

178 1271 253 1303 dere
271 1271 414 1312 poffunc,
439 1279 507 1310 quae
525 1268 689 1308 specialem
700 1265 938 1297 revocationem
959 1261 1039 1302 saepe

179 1312 341 1344 molestam
366 1312 396 1342 &
416 1309 496 1349 saepe
511 1307 728 1350 impossibilem
745 1306 921 1337 redderent.

222 1354 282 1386 Sed
300 1360 335 1383 ut
357 1351 396 1382 de
415 1350 625 1391 Dei-ogatoria
644 1348 767 1389 plenius
793 1345 1038 1387 cognoscamus,

179 1393 339 1426 sciendum
356 1391 422 1429 est,
445 1400 512 1422 eam
541 1391 664 1432 quidem
682 1399 698 1420 a
714 1387 781 1420 solo
802 1388 950 1420 testatore
969 1396 1039 1428 pro-

178 1435 298 1473 ficisci,
329 1433 350 1465 fi
376 1433 471 1465 verba
489 1431 622 1473 spectes,
655 1430 706 1463 sed
728 1429 750 1462 fi
777 1439 840 1464 rem
869 1428 984 1470 ipsam,
1006 1435 1041 1459 ut

178 1477 347 1517 plurimum
364 1475 402 1505 ab
421 1473 533 1505 herede
547 1473 684 1513 scripto,
709 1473 759 1513 qui
780 1470 937 1502 testatoris
955 1470 1043 1500 liber-

179 1518 238 1550 tati
269 1516 446 1554 insidiatur‚
479 1524 518 1547 ne
542 1514 615 1556 quid
641 1514 673 1545 in
702 1511 862 1554 posterum
897 1511 1044 1542 moliatur

181 1568 294 1591 contra
311 1558 365 1589 has
383 1557 501 1592 tabulas
515 1555 707 1593 testamenti,
730 1563 792 1595 quo
805 1553 868 1595 ipse
882 1552 1043 1585 institutus

182 1600 239 1633 est.
285 1598 311 1630 A
336 1597 483 1630 testatore
497 1596 654 1639 proficisci
680 1595 782 1637 potest
805 1596 857 1626 vel
882 1594 965 1628 bona
990 1593 1042 1625 vel

181 1642 262 1676 mala
287 1647 414 1678 mente,
446 1641 546 1678 mala,
569 1638 621 1671 ubi
641 1637 747 1679 postea
767 1637 880 1675 alium,
913 1636 1040 1681 nequic⁴

877 123 984 149 VAN

181 1692 275 1725 quam
297 1681 442 1713 heredem
459 1680 669 1719 instituendo,
695 1678 861 1712 constituit
879 1679 1042 1719 decipere,
1084 1679 1088 1683 ⁴

183 1726 214 1758 δι
241 1723 262 1756 (ἱ
280 1733 344 1756 non
366 1723 447 1754 alius
463 1722 528 1763 ejus
551 1722 629 1755 esset
653 1720 742 1760 usuS,
770 1721 953 1752 memoriam
977 1719 1043 1759 ejus

183 1766 277 1808 plane
295 1765 444 1796 abolitam
460 1764 522 1795 effe
537 1764 643 1806 eequis
661 1773 724 1794 non
747 1761 933 1804 optaverit?
956 1761 1044 1794 Bona

182 1815 289 1840 mente
300 1830 310 1845 ,
335 1806 386 1837 ubi
403 1804 533 1837 testator
549 1805 682 1844 metuit,
699 1814 739 1836 ne
749 1804 846 1841 dolo,
862 1810 947 1834 metu
961 1824 971 1841 ‚
988 1799 1043 1833 mi'-

184 1850 234 1880 nis
248 1855 380 1889 cogatur
399 1847 436 1878 ad
454 1856 571 1879 novum
593 1845 831 1888 testamentum,
855 1852 964 1876 contra
979 1843 1041 1874 ani-

183 1890 225 1922 mi
245 1888 288 1921 sui
314 1887 497 1920 sententiam
522 1888 729 1920 condendum.
781 1886 858 1919 Non
879 1885 958 1917 addo
979 1894 1043 1926 gra—

183 1932 261 1963 tiam
279 1930 308 1962 &
323 1930 548 1969 reverentiam,
574 1929 741 1968 suasiones,
764 1927 948 1966 blanditias,
970 1926 1042 1957 adu-

185 1972 336 2004 lationem
353 1972 383 2003 &
400 1971 618 2003 austeritatem
629 1992 638 2008 ,
663 1978 697 2002 ut
714 1970 803 2010 sunt,
828 1969 881 2010 qui
903 1969 970 2000 haec
987 1968 1043 1999 lar-

185 2022 226 2055 ga
255 2021 348 2043 manu
375 2012 492 2044 addunt
508 2034 519 2050 ‚
559 2012 632 2055 quia
654 2011 793 2044 nondum
814 2010 908 2042 didici
928 2033 938 2050 ‚
977 2009 1045 2040 haec

185 2054 291 2085 omnia
310 2054 454 2084 damnare
470 2053 581 2095 Leges.
625 2053 677 2085 Ob
699 2053 829 2095 gratiam
851 2052 881 2083 δε
904 2059 1045 2082 reveren-

185 2095 263 2126 tiam
278 2096 332 2126 vix
342 2093 495 2134 posterius
512 2094 728 2126 testamentum
745 2092 892 2125 anteriori
909 2092 1047 2123 dicemus

186 2135 300 2167 cedere
310 2159 319 2172 ‚
344 2144 414 2166 nam
432 2134 461 2166 &
481 2135 627 2167 voluntas
639 2160 646 2172 ‚
658 2145 726 2176 quae
742 2134 785 2167 fic
799 2134 981 2170 obtinetur,
993 2141 1045 2163 ve-

186 2187 220 2210 ra
234 2176 381 2208 voluntas
399 2175 524 2207 videtur
544 2184 728 2216 argumento
745 2175 766 2206 l.
791 2184 836 2216 17.
862 2174 890 2216 §.
913 2183 938 2205 1.
958 2172 998 2214 ff.
1014 2174 1047 2204 de

192 2217 281 2259 Usar.
295 2217 334 2250 ,ὃς
352 2216 371 2247 l.
397 2225 446 2247 22.
466 2216 506 2257 ff.
523 2218 556 2248 de
574 2218 616 2249 R.
637 2216 682 2248 N.
727 2216 770 2248 Et
787 2215 929 2257 quamvis
948 2214 1046 2246 Solon

187 2257 416 2299 improbaverit
443 2257 660 2290 testamentum
698 2258 799 2289 mariti
814 2279 825 2296 ,
862 2257 913 2298 qui
945 2254 1047 2289 γυναικὶ

189 2298 348 2334 mrem&
362 2307 429 2329 eam
447 2298 591 2330 heredem
607 2298 742 2340 scripsit,
767 2306 802 2330 ut
819 2298 913 2330 tradit
930 2297 1050 2329 Plutar-.

190 2341 267 2373 chus
287 2340 319 2371 in
346 2339 444 2370 Solone
459 2346 491 2380 p.
510 2350 548 2372 m.
561 2350 611 2376 90.
635 2340 708 2380 Jure
726 2339 871 2371 Romano
889 2346 992 2369 tamen
1005 2347 1049 2368 ra-

191 2391 223 2413 ta
244 2379 290 2412 est
305 2380 475 2420 pietate&
498 2381 605 2419 officio
622 2380 727 2412 elicita
743 2380 773 2412 ἃ
796 2387 913 2415 retenta
932 2378 1048 2418 Conju-

191 2432 265 2464 gum
281 2422 428 2453 voluntas
445 2422 464 2452 l.
482 2432 512 2463 3.
527 2421 567 2463 ff.
580 2422 613 2452 Si
627 2423 691 2463 quis
707 2422 749 2452 ali
769 2445 776 2452 .
797 2419 858 2462 test.
874 2420 984 2461 prohib.
1000 2419 1048 2451 vel

192 2465 269 2506 coe'g.
317 2462 414 2503 quue
440 2462 518 2494 adeo
540 2463 655 2501 etiam,
685 2469 721 2493 ut
754 2462 909 2500 ualiones,
933 2461 1050 2492 blandi-

191 2506 252 2536 tias
264 2528 273 2543 ,
299 2503 489 2536 adulationes
505 2505 536 2536 ἃ
554 2504 775 2541 auctoritates,
793 2502 968 2536 ,dummodo
985 2511 1048 2533 non

191 2547 386 2586 importunas
402 2545 454 2590 vel
471 2544 635 2584 molestas,
655 2544 825 2577 excludere
842 2542 1050 2584 periculosum

192 2587 359 2623 videatur,
383 2585 437 2617 nisi
460 2595 568 2618 eorum
591 2586 678 2617 causa
693 2593 817 2626 agatur,
839 2594 972 2626 quorum
994 2585 1050 2622 im-

192 2627 332 2671 probitas
351 2626 420 2665 jure
437 2634 546 2658 notata
565 2626 629 2664 est,
649 2625 839 2659 focariarum
859 2625 964 2662 forte,
988 2624 1051 2656 Cu-

193 2676 331 2702 ratorum
351 2669 379 2699 ἃ
398 2666 541 2699 similium
568 2667 588 2697 l.
610 2677 638 2698 2.
664 2667 696 2698 C.
716 2669 750 2697 de
769 2666 882 2697 Donat.
905 2668 984 2696 inter
1009 2665 1050 2696 V.

197 2710 233 2746 ὃ)
247 2708 328 2740 U.&
345 2707 374 2748 §.
388 2717 436 2739 12.
453 2707 550 2739 Eruet.
567 2708 663 2739 Caroli
682 2707 721 2739 V.
746 2717 777 2747 4.
789 2707 859 2738 Oct.
881 2716 970 2746 1540.
993 2706 1053 2738 Sed

194 2751 268 2793 quia
286 2751 380 2780 certis
397 2750 427 2781 δι
448 2749 523 2781 tutis
538 2749 775 2781 definitionibus
798 2749 864 2779 haec
887 2747 1053 2787 complecti

195 2801 260 2824 non
278 2791 373 2829 licet,
400 2792 430 2822 &
447 2790 519 2831 quia
542 2789 761 2822 difficillimum
782 2788 828 2820 est
850 2788 981 2829 probare
997 2788 1053 2819 do-

191 2834 282 2871 lum,
314 2840 452 2870 metum,
483 2831 598 2870 minas,
623 2830 783 2871 praestaret
814 2828 898 2861 forte
929 2830 1055 2860 abolere

197 2882 323 2906 omnem
340 2872 505 2904 clausulam
529 2873 730 2913 derogantem
744 2895 753 2909 ,
776 2880 868 2913 quam
887 2870 1055 2902 innumeris

197 2916 307 2947 litibus
324 2913 443 2945 causam
459 2913 548 2952 dare,
562 2923 631 2945 nam
648 2913 670 2945 s1
681 2913 838 2950 aboleres,
849 2911 940 2944 etiam
959 2919 1034 2943 tunc
1045 2932 1056 2948 ‚

197 2965 267 2987 cum
281 2955 328 2986 ‘ob
345 2954 460 2994 justum
481 2963 599 2985 metum
618 2955 708 2986 unice
724 2954 753 2984 ei
774 2953 863 2985 locus
881 2952 944 2989 est,
961 2952 1054 2992 quid,

197 2995 346 3033 obsecr-0,
371 2995 514 3036 perderes
531 2995 584 3027 nisi
607 2994 747 3036 sumptus
766 2992 1055 3036 novi3testameuti,

197 3037 221 3068 fi
240 3044 350 3069 contra
362 3036 455 3068 animi
478 3036 662 3068 sententiam
679 3032 940 3074 sucristestatus,
962 3040 1032 3066 nam
1044 3055 1054 3071 ‚

243 3156 297 3192 (1)
317 3157 430 3185 unicus
454 3157 554 3186 nuber
575 3156 693 3186 Praeieti.
712 3157 747 3186 aa
771 3134 825 3184 Tit.
849 3155 889 3194 ff.
906 3155 936 3184 ae
959 3154 1054 3194 Injufl.

196 3200 265 3231 rupe,
284 3194 354 3223 irrit.
366 3195 435 3232 fast.
452 3194 550 3232 testam.
571 3205 598 3224 τι.
618 3204 643 3230 5.
660 3195 697 3234 vs.
717 3195 880 3230 Videndum,
903 3193 1003 3232 &sm

1059 111 1665 149 BYNKERSHOEK

1068 199 1152 241 quod
1173 199 1265 231 hodie
1283 199 1319 231 fit
1332 222 1342 238 ,
1371 209 1438 231 cras
1463 207 1610 230 revocare
1628 199 1724 238 licet,
1748 199 1778 231 δε
1801 199 1841 231 fic
1860 211 1927 234 cor-

1070 250 1129 272 vos
1147 240 1267 273 deludis
1284 241 1410 272 hiantes.

1115 281 1260 313 inutilem
1278 282 1338 313 ell‘e
1355 283 1437 313 illam
1455 281 1628 313 Cliusulam
1646 281 1741 313 etiam
1763 283 1857 312 ιηΠΖῩ
1882 283 1925 315 in-

1074 323 1216 363 telliges,
1247 322 1267 354 ii
1295 321 1438 361 sciveris,
1472 332 1538 353 eam
1564 323 1743 363 plerumque
1772 324 1927 363 proficisci

1074 373 1135 395 non
1159 373 1175 394 a
1193 362 1413 402 testatoribus,
1439 363 1487 395 sed
1510 373 1525 394 a
1543 364 1755 404 captatoribus
1780 364 1928 396 heieu-»ta-

1075 412 1160 443 tum‚
1191 413 1243 444 qui
1271 404 1452 436 testamenta
1476 413 1634 435 merentur
1657 404 1824 437 fraudibus.
1870 405 1929 447 Ag-

1075 446 1256 486 grediuntui·
1273 444 1342 476 fere
1357 447 1425 477 mai}
1443 449 1509 478 ulos
1530 450 1556 476 e<
1576 445 1737 477 femellas.
1761 446 1799 477 sic
1822 445 1863 477 sie
1878 456 1930 486 pu-

1076 488 1186 524 beres,
1211 487 1430 530 aggrediuntur
1455 488 1594 518 homines
1618 486 1833 526 simpliciores,
1854 496 1928 525 <iuo-

1077 537 1144 559 rum
1169 535 1289 571 animos
1314 529 1464 565 nucibus,
1489 529 1540 559 vel
1559 529 1644 569 pyris*
1665 532 1694 558 et
1716 529 1816 566 pomis
1838 537 1930 570 expu-

1077 577 1190 610 gnant.
1224 571 1254 598 ot
1276 577 1312 598 nt
1340 567 1577 607 testamentum,
1611 578 1639 599 in
1667 567 1708 598 sui
1731 569 1857 608 gratiam
1883 569 1928 601 fa-

1077 612 1178 647 ctum,
1205 617 1343 648 mutent,
1373 609 1573 640 testatoribus
1596 609 1798 650 praescribunt
1815 612 1842 642 et
1863 609 1930 652 sug-

1078 660 1188 692 gerunt
1204 651 1363 690 quamdm
1381 660 1428 680 rex
1438 650 1548 681 ocandi
1565 649 1732 681 foi-:aulam
1743 674 1751 690 ‚
1771 661 1861 691 quam
1878 652 1933 684 vel

1079 701 1142 723 nori
1162 691 1417 731 inteiliguut‚vel
1435 692 1523 730 eujus
1539 701 1736 732 quantocyus
1751 692 1840 724 obliti
1852 692 1932 725 sunt.

1079 733 1132 764 Sic
1148 741 1278 773 putant,
1303 742 1364 763 rem
1382 732 1443 763 esse
1460 742 1489 763 in
1510 734 1612 770 vado,
1637 732 1687 763 sed
1698 733 1826 764 aliorum
1847 733 1931 766 here-

1080 774 1153 805 dum
1170 774 1401 812 rapacitas,vel
1418 774 1509 804 etiam
1531 773 1665 814 ipsorum
1686 773 1864 806 testatorum
1873 785 1934 807 ma-

1081 815 1178 846 turior
1199 814 1228 845 &
1249 815 1432 854 prudentior
1452 824 1526 846 astas
1540 815 1719 846 coercendis
1741 816 1798 846 illis
1813 815 1932 848 'fraudi-

1080 856 1137 887 bus
1158 855 1248 887 aliam
1272 856 1450 886 cautionem
1469 856 1687 896 excogitavit,
1707 865 1854 887 revocant
1877 857 1934 889 sci-

1080 898 1155 928 licet
1171 894 1332 927 testatores
1347 905 1554 938 quaecumque
1568 897 1627 928 alia
1645 897 1842 935 testamenta,
1867 898 1934 940 qui-

1079 939 1259 977 buscunque
1283 937 1491 977 derogatoriis
1521 937 1677 970 Clausulis
1702 944 1937 978 munitu‚‘qua-

1079 989 1145 1010 rum
1175 987 1257 1010 nunc
1284 980 1463 1010 memoriam
1496 988 1559 1010 non
1586 979 1726 1018 habent,
1760 981 1937 1014 revocaturi

1080 1021 1220 1062 alioquin
1236 1042 1243 1054 ,
1277 1019 1297 1050 fi
1321 1019 1538 1051 meminissent.
1581 1020 1661 1052 Satis
1684 1029 1814 1062 argute,
1839 1031 1938 1062 neque

1081 1062 1162 1093 enim
1181 1070 1216 1091 ea
1236 1061 1342 1091 cautio
1360 1069 1414 1100 per
1429 1062 1565 1092 anterius
1582 1061 1799 1094 testamentum
1817 1064 1940 1096 ext-udi

1080 1101 1202 1144 potest,
1221 1110 1292 1132 cum
1312 1110 1405 1132 nemo
1422 1101 1479 1140 lit,
1505 1102 1556 1141 qui
1577 1104 1736 1134 memoriae
1761 1107 1819 1134 luae
1835 1103 1937 1139 fuum

1081 1143 1219 1175 noverit.
1263 1142 1315 1173 Sic
1331 1143 1424 1173 obliti
1444 1144 1611 1174 creduntur
1630 1143 1786 1176 Clausulae
1809 1144 1939 1188 deroga·

1083 1185 1194 1220 toriae,
1220 1183 1249 1214 ὃ(
1271 1183 1422 1222 posterius
1442 1182 1657 1215 testamentum
1683 1186 1787 1223 valet,
1817 1195 1852 1217 ut
1883 1179 1938 1218 aliss

1083 1225 1112 1270 bi
1135 1224 1193 1264 (2)
1208 1222 1388 1263 responsum
1403 1222 1467 1261 est,
1492 1226 1520 1254 dt
1541 1224 1608 1255 usus
1621 1225 1683 1257 fori
1704 1226 1815 1258 lei-vat.
1859 1228 1939 1266 Sed,

1082 1267 1104 1296 11
1127 1273 1236 1295 verum
1263 1272 1420 1302 amamus,
1452 1273 1550 1304 neque
1568 1266 1717 1304 ejusmodi
1745 1267 1942 1307 abrogationi

1083 1305 1215 1337 nimium
1232 1304 1429 1335 tribuendum
1446 1305 1512 1342 eit,
1536 1305 1706 1345 praesertim
1729 1306 1750 1338 fi
1776 1307 1951 1351 utrumque³

1084 1345 1304 1378 testamentum
1326 1353 1465 1385 tempore
1491 1355 1554 1376 non
1583 1347 1715 1379 multum
1744 1347 1854 1387 distet,
1887 1351 1941 1383 vel

1084 1388 1202 1427 majore
1217 1386 1318 1428 aliqua
1336 1384 1507 1427 suspeCione
1524 1388 1612 1418 heres
1636 1388 1787 1429 posterior
1803 1389 1940 1424 laboret:

1084 1437 1185 1471 neque
1198 1427 1269 1458 ideo
1287 1428 1417 1459 nimium
1430 1428 1624 1459 tribuendum
1639 1454 1646 1462 .
1672 1431 1759 1471 quia,
1784 1432 1836 1472 qui
1852 1431 1940 1465 testa-

1086 1478 1225 1501 mentum
1248 1468 1411 1506 scribunt,
1443 1469 1511 1501 haec
1545 1468 1647 1501 solent
1674 1470 1806 1503 inserere
1831 1473 1943 1514 ignaris

1086 1512 1138 1542 vel
1172 1520 1235 1542 non
1264 1510 1507 1550 intelligentibus
1534 1509 1730 1545 testatoribus
1790 1522 1829 1545 ex
1855 1508 1962 1547 more-

1085 1553 1211 1595 potius‚
1233 1560 1324 1592 quam
1345 1560 1384 1581 ex
1408 1551 1586 1583 necessitate
1604 1554 1789 1586 revocandae
1813 1554 1941 1598 deroga-

1083 1595 1188 1668 ἔοι-ἤιε).
1213 1592 1257 1625 Et
1273 1592 1375 1624 adhuc
1390 1594 1512 1625 dubitas
1527 1593 1566 1624 de
1582 1593 1751 1627 inutilitate
1768 1595 1834 1636 eius
1850 1592 1942 1630 cnu-

1099 1636 1177 1668 ulae‘.
1935 1642 1938 1645 '

1129 1677 1189 1709 Sed
1212 1676 1284 1717 quia
1303 1676 1334 1708 in
1361 1675 1439 1707 hanc
1463 1685 1529 1707 rem
1555 1675 1748 1718 Legislatore
1776 1688 1854 1721 opus
1875 1679 1943 1719 est,

1086 1719 1160 1760 dum
1185 1727 1221 1749 ea
1245 1719 1384 1753 utimur,
1420 1726 1482 1758 quo
1500 1717 1569 1757 jure
1589 1719 1736 1750 utendum
1757 1720 1814 1759 fit,
1837 1722 1945 1763 paucis

1086 1760 1175 1792 habe.
1221 1758 1408 1797 Prudenter,
1434 1758 1456 1790 fi
1472 1768 1521 1789 me
1540 1759 1695 1792 auctorem
1719 1760 1871 1804 sequaris,
1895 1763 1941 1795 in-

1088 1800 1277 1843 spiciendum
1303 1799 1367 1839 est,
1392 1800 1548 1841 quodnam
1575 1800 1808 1841 testamentum,
1835 1804 1943 1846 prius,

1086 1853 1123 1874 an
1139 1840 1314 1916 posterius,
1338 1841 1505 1881 majoribus
1529 1841 1750 1882 suspicionibus
1776 1853 1942 1886 urgeatur,

1087 1884 1117 1917 ὅ(
1150 1883 1307 1916 'eeundum
1336 1883 1366 1915 id
1383 1883 1670 1923 pronunciandum,
1698 1885 1780 1927 quod
1806 1887 1942 1919 minimis

1086 1933 1220 1967 urgetur.
1267 1924 1440 1965 Specialem
1459 1923 1613 1957 Clausulae
1631 1927 1864 1959 revocationem
1876 1949 1887 1966 ‚
1907 1927 1943 1960 fi-

1088 1977 1129 1998 ve
1143 1966 1232 1998 aliam
1251 1973 1467 2007 quamcunque
1489 1963 1707 2006 testationem,
1729 1977 1769 1999 cx
1787 1977 1846 2009 qua
1867 1977 1942 2001 con-

1088 2007 1169 2045 stet,
1192 2007 1242 2045 id,
1266 2006 1349 2047 quod
1364 2013 1506 2046 tempore
1527 2006 1678 2046 posterius
1701 2008 1766 2047 est,
1787 2010 1878 2041 etiam
1900 2010 1944 2042 in-

1090 2048 1218 2081 tellettu
1231 2047 1383 2089 posterius
1399 2047 1479 2078 ess'e.
1501 2057 1561 2088 ego
1577 2057 1641 2080 non
1660 2049 1814 2089 desidero,
1837 2050 1891 2082 nili
1910 2051 1942 2084 in

1089 2089 1184 2128 casu,
1208 2098 1300 2129 quem
1317 2088 1446 2120 exhibet
1464 2088 1483 2118 l.
1505 2099 1554 2120 22.
1575 2096 1621 2129 pr¹
1641 2089 1682 2130 ff.
1702 2092 1734 2121 tle
1750 2091 1858 2133 Legat.
1886 2091 1940 2124 lll.

1090 2132 1121 2163 ὃς
1145 2139 1235 2171 quem
1254 2129 1343 2170 supra
1364 2129 1426 2169 jam
1449 2129 1588 2169 exposui.
1633 2131 1747 2172 Neque
1768 2135 1859 2164 etiam
1879 2131 1944 2174 spe—

1090 2172 1200 2203 cialem
1220 2172 1454 2202 revocationem
1468 2170 1656 2212 deiiderant,
1676 2173 1727 2213 qui
1741 2173 1943 2215 aequipollcn-

1090 2220 1154 2244 tem
1179 2221 1238 2250 eo,
1266 2221 1357 2252 quem
1380 2221 1456 2243 mox
1489 2213 1681 2251 indicabam,
1716 2219 1810 2246 modo
1833 2223 1945 2255 putarit.

1091 2252 1239 2298 sufficere.
1286 2252 1372 2298 Quin
1388 2254 1417 2285 ὅ(
1436 2253 1564 2294 simplex
1584 2255 1801 2287 testamentum
1818 2265 1835 2286 a
1851 2254 1945 2297 suspi-

1091 2295 1185 2326 cione
1209 2294 1358 2333 liberum,
1383 2294 1485 2335 -priori
1499 2317 1510 2333 ,
1534 2295 1582 2326 cui
1606 2297 1803 2337 derogatoria
1831 2295 1944 2328 inserta

1092 2335 1160 2375 est,
1184 2335 1386 2375 praevalebit,
1417 2335 1446 2366 <St
1468 2334 1508 2367 sic
1528 2335 1623 2368 Curia
1647 2339 1740 2368 ctiam
1764 2336 1944 2369 Hollandiae

1090 2376 1244 2422 judicavit
1274 2379 1323 2407 26.
1348 2378 1432 2417 Sept.
1464 2380 1552 2420 1613.
1574 2377 1632 2419 (3)
1659 2387 1717 2420 qua
1737 2376 1888 2415 sententia
1905 2387 1946 2410 eo

1091 2422 1189 2459 magis
1207 2426 1277 2448 utor
1290 2441 1299 2456 ‚
1325 2418 1396 2458 quia
1411 2419 1507 2459 longo
1522 2417 1575 2449 usu
1594 2418 1751 2460 comperi,
1781 2418 1835 2448 vix
1851 2417 1946 2451 semel

1092 2457 1268 2491 Clausulam
1285 2458 1514 2500 derogatoriam
1532 2458 1684 2501 proficisci·
1695 2468 1712 2490 a
1729 2457 1948 2498 testatoribus,

1093 2500 1145 2532 ubi
1161 2500 1266 2531 decies
1280 2498 1489 2540 proficiscitur
1509 2501 1546 2532 ab
1564 2499 1769 2540 heredipetis‚
1791 2500 1842 2541 qui
1858 2501 1947 2533 omni

1093 2550 1153 2582 ope
1170 2549 1298 2579 curant,
1322 2549 1361 2572 ne
1379 2541 1600 2578 hereditatem,
1625 2540 1714 2571 malis
1731 2540 1850 2572 artibus
1861 2544 1948 2582 quae'-

1093 2581 1178 2614 sitam
1189 2582 1363 2620 ‚contraria
1381 2584 1559 2613 tenatorum
1575 2581 1760 2619 voluntate,
1779 2582 1946 2622 amittant';

1094 2625 1122 2655 v&
1141 2623 1226 2664 quod
1246 2623 1277 2654 in
1295 2622 1358 2663 pari
1385 2622 1471 2655 causa
1497 2622 1527 2656 id
1550 2620 1728 2670 sequamur2
1751 2622 1836 2670 quod
1854 2623 1948 2664 pluri·-

1095 2673 1180 2700 mum
1193 2663 1318 2695 accidit.
1362 2662 1602 2703 Sed-diligenter
1618 2663 1746 2694 excullis
1756 2663 1889 2703 fastis(
1920 2664 1946 2697 ἐ

1094 2705 1128 2737 in
1146 2705 1271 2744 jfudiciis
1286 2711 1471 2742 occurrunt,
1496 2713 1616 2735 tantum
1635 2711 1698 2735 non
1721 2703 1838 2746 semper
1877 2665 1952 2742 Ἦὶῗ-

1096 2745 1202 2783 cebit,
1224 2754 1285 2786 quo
1296 2745 1400 2776 animo
1417 2744 1624 2786 Derogatoria
1646 2744 1836 2778 testamentis
1851 2713 1948 2784 ἔξω·

1098 2787 1196 2825 serta,
1221 2794 1323 2827 neque
1342 2785 1418 2818 adeo
1437 2795 1545 2818 anxius
1567 2786 1698 2818 haerehit
1719 2786 1836 2827 Judex,
1857 2793 1951 2828 quam

1097 2834 1214 2870 partem
1235 2826 1375 2866 ainplecli
1402 2827 1519 2869 aequius
1546 2828 1657 2859 melius
1684 2826 1741 2866 iit3
1765 2827 1905 2867 quamvis
1921 2835 1953 2868 ς·
1983 2861 1985 2865 ,

1097 2869 1161 2900 nim
1180 2866 1250 2908 JCti
1269 2867 1309 2897 de
1326 2866 1438 2899 effectu
1461 2867 1616 2900 Clausulae
1634 2867 1888 2908 derogatoriae-ad
1905 2869 1951 2904 in-

1098 2908 1210 2941 fimiam
1236 2914 1331 2948 usque
1347 2909 1574 2949 digladientur,
1599 2910 1628 2941 in
1649 2917 1688 2939 eo
1707 2917 1808 2941 tamen
1834 2916 1951 2941 conve-
1988 2939 1989 2943 ,

1097 2951 1210 2987 niune,
1228 2948 1427 2990 quaestionem
1439 2972 1448 2987 ,
1470 2959 1539 2990 quae
1552 2950 1590 2981 de
1608 2959 1643 2981 ea
1656 2949 1785 2984 incidit,
1808 2948 1883 2982 faeti·
1897 2953 1951 2991 po-
1967 2945 1981 2990 ‘¹

1097 2992 1172 3029 tius,
1196 2998 1286 3032 quam
1304 2990 1379 3030 juris
1398 2990 1476 3025 ell'e,
1491 2992 1518 3023 δι
1536 3000 1630 3023 nemo
1648 3000 1724 3022 unus
1741 2989 1802 3030 est,
1822 2991 1872 3033 qui
1888 2991 1918 3022 n'
1979 2994 1981 2998 '

1096 3031 1244 3065 sinceram
1267 3031 1496 3070 patrisfamilias
1512 3032 1708 3066 voluntatem
1730 3030 1874 3073 praeferat

1132 3131 1193 3210 φ’)
1212 3153 1304 3197 emisti.
1325 3153 1367 3182 H.
1389 3153 1440 3182 111.
1461 3151 1594 3190 Amstera.
1613 3151 1704 3190 eonfii.
1719 3160 1767 3189 41.

1136 3194 1197 3230 k3)
1216 3191 1288 3222 lind.
1310 3191 1475 3229 tnAppmd.
1496 3200 1524 3230 p.
1540 3199 1587 3228 41·
