2008 3436
182 86 207 137 1
245 104 526 153 QUAEST.
579 102 808 153 JURIS
858 94 1203 148 Pussfflci,
1256 99 1599 145 mancini.

33 189 206 232 ‘blicandam
220 192 281 224 esse
293 216 300 230 ‚
318 200 354 223 ut
370 193 409 225 de
427 191 570 224 institore
580 191 755 234 praescribit
771 192 792 222 l.
807 200 818 222 1
829 189 891 231 1.§.

37 251 67 273 2,
83 237 122 278 ff.
140 237 172 267 de
187 232 258 275 last.
275 234 332 265 acl.
355 234 415 265 Sed
432 234 515 265 aliud
529 233 620 266 estin
638 231 893 270 institore‚aliud

35 282 67 314 in
83 279 212 318 Legato.
258 275 324 320 Qui
352 273 526 307 institorem
550 273 727 317 p‘raeponit,
764 283 804 305 ex
831 274 894 313 ipsa

34 318 252 364 praepoiitione
276 324 421 354 tenetur,
446 315 468 348 fi
490 316 530 348 de
554 326 604 356 re,
638 316 687 347 cui
709 314 894 356 praepositus

35 361 97 399 est,
122 367 193 390 cum
212 359 252 388 eo
271 355 368 388 fucrit
391 357 608 396 contractum,
638 355 688 388 sed
715 356 766 396 qui
794 355 892 396 Lega-

33 412 98 443 tum
116 399 234 437 mittit,
259 408 323 430 non
345 406 489 438 tenetur,
521 398 576 430 nisi
594 399 618 431 is
639 398 801 435 mandata,
825 407 893 439 quae

33 444 180 481 Princeps
209 439 315 478 dedit,
349 440 403 471 vel
428 439 459 471 in
485 439 646 481 posterum
677 439 806 470 daturus
829 437 896 477 cst,

32 487 113 519 bona
136 482 196 515 fide
224 481 259 513 sit
283 480 484 521 exsequutus.
527 481 679 513 Mandata
696 480 751 512 illa
794 489 896 512 enera-

33 528 93 565 1i'a‚
123 532 157 556 ut
183 532 266 555 nunc
291 522 361 553 sunt
385 520 537 553 Gentium
559 531 681 561 mores,
705 522 769 553 nihi
807 520 894 560 fere,

34 576 68 601 ut
81 566 145 598 dixi
157 587 167 603 ‚
188 563 347 605 praebent,
372 572 462 604 quam
482 562 668 604 potestatem
686 564 816 604 agendi,
840 563 895 594 mi-

30 610 113 644 hime
136 614 212 637 vcro
230 604 338 646 agendi
358 613 399 635 ex
418 604 549 636 arbitrio
568 613 678 637 contra
696 604 758 645 ipsa
775 604 894 636 Princi-

30 651 77 695 pis
100 646 241 680 mandata
267 645 445 677 secretiora.
489 645 535 678 Ut
560 647 627 678 haec
651 645 785 678 sollicite
812 645 895 677 exse-

30 698 163 734 quantur
178 711 187 726 ,
217 687 363 719 omnibus
389 687 597 728 legationibus
624 688 719 719 tacite
743 687 839 725 inest,
863 687 894 718 δε

29 731 100 766 iude
117 728 244 762 fortasse
255 752 264 767 ,
289 728 340 768 qui
362 728 495 770 Legatos
510 730 640 761 mittunt
652 753 661 768 ,
673 728 824 760 mandatis
838 737 893 774 pu-

21 773 122 808 -blicis
144 769 276 802 inserere
298 769 418 808 solent,
442 779 516 809 eos,
570 780 625 802 uos
644 771 800 809 mittunt,
833 768 895 800 esse

31 814 175 848 homines
196 819 308 853 aptos,
337 812 475 852 peritos,
504 821 560 853 pro
585 822 642 850 os,
670 811 772 850 fidos,
813 809 896 852 quafi

32 856 75 889 fic
93 855 164 886 data
184 851 339 895 potestate
355 852 452 892 probe
470 854 553 885 recte
569 853 773 885 contrahendi
795 853 824 884 ἃ
842 861 895 892 pa-

23 895 169 929 ciscendi
183 918 191 933 ,
211 896 294 935 probe
312 894 385 925 recle
397 918 406 932 ‚
430 895 460 926 in
487 904 553 926 uam
568 918 577 934 ,
597 894 658 926 hoc
677 894 792 933 est,ex
809 902 894 924 man-

30 939 125 976 dato,
148 945 245 977 neque
270 935 411 976 amplius.
464 904 558 968 Probi
586 936 615 968 &
642 935 694 968 fidi
719 945 782 968 non
808 933 898 971 sunt,

31 980 86 1021 qui
108 977 250 1009 mandata
267 975 317 1008 sua
333 977 493 1008 excedunt
506 999 516 1015 ,
537 978 584 1015 &,
610 976 630 1008 fi
647 977 819 1014 excedant,
831 975 896 1006 for-

20 1028 66 1053 vte
84 1019 166 1051 recle
206 1019 252 1050 nis
268 1018 402 1057 dixerit,
428 1017 565 1058 Legatos
583 1018 591 1048 i
617 1017 650 1049 so
669 1017 742 1057 Jure
770 1016 897 1057 legatio-

31 1070 72 1094 ne
87 1059 197 1092 cecidil
211 1060 240 1090 e.
286 1058 362 1090 Huc
377 1058 485 1090 referri
507 1027 615 1099 pote&>
626 1058 681 1089 illa
695 1062 762 1099 pars
779 1057 895 1089 Decre-

33 1103 75 1141 ti,
99 1111 158 1142 qua
183 1099 317 1132 Ordines
341 1098 511 1131 Generales
539 1109 587 1132 10.
611 1098 690 1141 Aug.
722 1102 810 1140 1651.
836 1098 896 1140 (2)

33 1143 221 1180 statuerunt,
245 1140 265 1172 fi
283 1140 418 1181 Legatus
434 1141 553 1173 donum
578 1150 690 1173 munus
716 1141 897 1180 acceperit,

33 1184 100 1227 ipso
120 1182 204 1215 fatto
221 1181 367 1213 omnibus
383 1182 589 1223 dignitatibus
609 1183 637 1214 δι
661 1180 823 1214 beneficiis
849 1191 897 1213 ca-

32 1227 130 1259 deret.
174 1224 205 1255 Si
231 1223 341 1263 cadat,
371 1232 471 1264 neque
497 1224 629 1265 amplius
655 1223 715 1255 erit
739 1223 896 1265 Legatus,

31 1266 112 1310 quasi
136 1273 290 1297 revocato
315 1265 463 1297 mandato
480 1287 490 1303 ‚
522 1275 595 1297 cum
621 1263 698 1296 fides
722 1263 788 1304 ejus
812 1264 898 1296 dono

23 1316 163 1344 munere
179 1313 329 1346 corrupta
345 1305 406 1338 esse
421 1305 635 1347 praesumatur.

111 1348 229 1380 uinimo
247 1357 311 1379 non
331 1348 500 1387 erraverit,
525 1349 576 1389 qui
594 1348 719 1388 omnia,
743 1357 813 1390 quae
826 1354 899 1381 cum

33 1390 162 1438 Legatis
179 1390 244 1421 acta
262 1388 345 1430 gesta
363 1389 432 1421 sunt
451 1398 489 1421 ex
507 1390 640 1431 generali
660 1389 899 1428 mandat0,s1ne

32 1431 259 1466 ratlhabitione
282 1430 464 1472 Principum
492 1431 571 1462 nihil
595 1431 689 1463 hodie
709 1432 814 1463 valere
832 1431 898 1463 exi-

23 1473 151 1507 stimet.
196 1471 311 1503 Valent
331 1473 382 1504 illa
401 1471 485 1512 quod
502 1472 539 1503 ad
566 1470 721 1512 formam,
747 1472 798 1505 sed
814 1472 900 1514 quod

29 1515 72 1548 ad
91 1514 253 1547 materiam
271 1514 336 1546 vim
351 1514 468 1546 nullam
483 1513 596 1546 habent
607 1537 618 1553 ,
635 1514 689 1547 nifi
705 1514 899 1546 ratihabitio-

32 1565 110 1590 num
123 1554 285 1587 accesserit
306 1555 483 1587 auctoritas.
515 1555 621 1589 Etiam
639 1556 669 1587 in
688 1556 757 1588 aliis
776 1556 900 1597 quibus-

32 1598 105 1630 darn
128 1596 224 1628 causis
243 1597 387 1629 mandata
407 1597 581 1637 generalia,
612 1597 728 1638 absque
751 1598 899 1629 ratihabi-

18 1639 189 1677 -tionibus‚
212 1647 274 1669 non
299 1637 439 1670 sufficere
454 1638 603 1680 probavit
622 1639 762 1671 Bodinus
787 1640 820 1671 de
838 1639 898 1672 Re-

21 1680 111 1723 -pubh
146 1679 188 1711 L.
216 1678 270 1710 111.
300 1680 332 1712 C.
359 1689 388 1711 2.
413 1687 500 1710 certe
534 1680 565 1711 in
589 1679 679 1712 causa
707 1680 899 1722 legationum

24 1731 98 1755 ·non
116 1720 276 1760 sufficere,
301 1720 372 1752 satis
387 1721 526 1752 indicant
545 1722 734 1762 quotidianae
751 1722 898 1754 ratihabi-

22 1763 157 1796 ,tionum
177 1761 394 1803 promiffiones
406 1786 414 1801 ,
437 1762 591 1795 mandatis
607 1763 804 1805 generalibus
823 1763 899 1796 inse-

31 1805 61 1838 ri
79 1803 197 1837 solitae:
222 1813 324 1845 neque
342 1804 426 1836 enim
443 1804 605 1845 quisquam
630 1804 674 1837 est
697 1804 898 1847 Principum,

23 1845 88 1885 2qui
109 1844 181 1878 satis
209 1852 315 1878 tutum
336 1853 422 1885 putat
448 1854 521 1877 cum
548 1846 674 1888 Legatis
697 1846 810 1887 egiffe,
844 1847 900 1879 nifi

26 1886 148 1920 secutis
178 1887 216 1917 ab
239 1894 372 1928 utraque
399 1894 487 1928 parte
517 1886 583 1919 istis
615 1887 900 1920 ratihabitionibus.

32 1928 138 1970 Atque
156 1927 199 1959 ita
217 1926 336 1968 semper
356 1929 432 1960 licet
450 1927 624 1959 rescindere
638 1929 726 1970 aeta,
748 1928 769 1961 fi
790 1937 902 1961 contra

33 1971 86 2003 vel
106 1976 220 2012 praeter
248 1978 387 2001 mentem
412 1969 670 2002 contrahentium
695 1970 838 2011 quaedam
862 1971 900 2002 iis

25 2009 153 2044 ,fuerint
169 2008 291 2042 inserta.
312 2011 460 2042 Attamen
482 2010 690 2051 Wicquefort
707 2021 744 2043 en
754 2011 811 2053 stin
826 2012 899 2044 Am-

33 2052 182 2094 baffadeur
201 2052 240 2084 L.
267 2051 308 2083 ΙΙ.
332 2052 406 2083 δεεῑ.
436 2061 483 2092 15.
507 2051 665 2092 disputat,
697 2053 765 2085 illas
786 2053 898 2085 ratiha-

33 2094 172 2125 bitiones
194 2093 324 2125 minime
351 2093 412 2124 effe
438 2092 632 2125 necessarias.
678 2094 810 2134 Comme,
835 2095 898 2134 ait,

36 2135 77 2166 les
92 2134 172 2166 Loix
192 2135 320 2172 Civiles,
343 2135 473 2177 obligent
497 2135 522 2165 le
541 2135 719 2175 particulier
743 2135 763 2166 ἁ
785 2135 899 2177 ratifier

34 2185 67 2206 ce
80 2185 132 2217 que
146 2176 202 2216 stin
226 2178 409 2207 vizandataire
437 2186 456 2207 α
472 2176 539 2216 fait
564 2186 599 2207 en
619 2182 706 2208 vertit
730 2178 763 2208 de
780 2177 819 2219 fii
831 2184 897 2218 pro-

35 2218 190 2254 σανατίοη,
210 2215 286 2255 ainfi
305 2217 329 2248 le
345 2217 435 2248 Droz't
449 2218 497 2248 des
516 2217 596 2249 Gens
617 2218 710 2261 oblige
735 2219 761 2249 le
788 2218 898 2250 Prince

35 2260 54 2290 ἀ
70 2256 187 2297 ratifier
207 2266 237 2288 ce
263 2267 314 2298 que
332 2258 388 2299 an
408 2256 550 2299 Mimstre
572 2269 590 2289 a
608 2259 676 2299 fait
694 2270 729 2291 en
756 2266 842 2292 vertu
865 2262 899 2292 cle

26 2301 84 2343 flm
95 2300 240 2340 pouvoz'r:
252 2302 308 2339 Jur
325 2304 405 2337 tout,
422 2297 450 2337 fi
465 2300 489 2330 le
503 2302 626 2339 pouvoir
642 2299 683 2341 eft
694 2301 777 2341 plein
795 2302 831 2337 ὅ)
850 2304 899 2333 ab·

33 2341 112 2382 sblu,
127 2340 202 2381 fizns
217 2340 312 2381 clazcje
337 2340 374 2374 ὅ)
387 2340 461 2380 stzns
487 2342 650 2380 condition,
681 2344 730 2383 qui
753 2343 778 2374 le
803 2344 897 2374 limite

30 2393 69 2415 ou
85 2381 111 2413 le
128 2379 228 2422 restrei
252 2392 287 2413 ne
298 2404 309 2420 ,
333 2382 363 2413 ot
377 2390 450 2413 mox
466 2382 609 2422 objurgat
629 2384 797 2416 nonnullos
813 2385 898 2416 Prin-

28 2423 138 2465 cipes,
161 2423 214 2463 qui
247 2423 352 2454 oedera
370 2424 397 2454 <St
416 2423 525 2463 paeta,
548 2433 565 2454 a
581 2423 707 2465 Legatis
722 2423 783 2456 suis
800 2425 877 2456 inita
886 2447 907 2465 ,,

33 2465 202 2498 noluerunt
226 2464 337 2495 habere
366 2471 442 2495 rata.
491 2464 550 2496 Sed
579 2464 661 2496 inter
684 2475 788 2497 mores
813 2465 899 2498 Gen-

33 2506 131 2580 ffiip’
149 2504 469 2578 33³³d⁰¹imeii¹ffl1¹12t’
494 2506 628 2577 &0251335
649 2504 898 2579 Q‘sztsi'fflc-“e

27 2555 211 2631 ¹eipdggparrs
226 2557 306 2628 fligi-lis
322 2557 897 2627 Gentiurrtrli.mApudsRomanoerlglig-

31 2637 80 2663 tus
99 2628 297 2670 populusque
317 2636 382 2660 rata
400 2628 532 2661 habebat
550 2628 688 2668 foedera,
720 2640 790 2671 quae
811 2630 896 2662 Con-

32 2671 114 2704 -sules
137 2679 211 2701 cum
231 2670 347 2704 exteris
368 2669 543 2707 iniverant‚
578 2669 629 2701 sed
653 2670 731 2704 inita
761 2675 799 2703 ab
829 2671 896 2711 his,

29 2713 87 2754 -qui
108 2711 289 2744 mandatum
305 2710 557 2743 contrahendi&
575 2710 750 2751 paciscendi
774 2713 897 2745 nullum

28 2752 209 2788 habebant,
233 2752 264 2783 &
281 2751 327 2783 ita
344 2751 389 2783 est
403 2753 482 2792 apud
500 2752 668 2794 Polybium
691 2753 730 2784 L.
741 2753 764 2785 Ι.
778 2752 892 2794 Hzstor.

35 2794 68 2826 C.
84 2798 138 2825 62.
162 2791 198 2827 &⁹
217 2796 270 2834 63.
295 2793 326 2824 ἀ
349 2792 389 2824 L.
408 2793 464 2825 ΠΙ.
490 2794 520 2824 C.
540 2802 592 2825 21.
613 2793 649 2828 ὃ)
664 2804 713 2830 29.
740 2795 769 2827 &
785 2795 892 2827 L.VI.

36 2835 68 2866 C.
91 2844 138 2866 12.
157 2833 192 2868 ὃ)
214 2843 262 2875 13.
286 2832 368 2864 &L
387 2833 460 2865 XV.
483 2835 514 2866 C.
538 2833 671 2869 1.&²18.
688 2835 718 2867 <St
732 2835 892 2869 LXVII.v

35 2875 65 2907 C.
91 2886 122 2913 9.
147 2876 178 2907 ἃ.
204 2874 285 2916 apud
309 2873 442 2906 eundem
465 2874 608 2916 Excerpt.
635 2875 746 2919 Legat.
780 2877 813 2910 C,
836 2877 891 2910 VI.

70 2982 131 3020 (2')
151 2982 228 3011 Piae.
248 2983 298 3011 111.
322 2990 346 3011 1.
371 2989 415 3010 12.
436 2985 464 3012 6.

71 3022 133 3059 (3)
154 3021 258 3050 Omnia
278 3020 327 3050 illa
346 3021 432 3050 habet
445 3021 574 3052 Aitzema
593 3022 629 3054 L.
644 3023 762 3056 XLVII.
784 3033 894 3064 12447·

1730 110 1795 153 '252

936 191 964 232 §.
981 201 1012 231 5.
1038 191 1068 223 &
1095 191 1127 223 C.
1153 190 1225 223 VII.
1252 191 1282 224 <Sc
1309 192 1404 224 XXI.
1429 193 1458 224 <Sc
1481 193 1604 227 XXIV.
1631 197 1661 228 ὁ(
1686 196 1798 229 XXV³

936 235 962 275 ᾖ.
981 243 1009 274 7.
1033 233 1104 271 Sic,
1130 232 1277 273 inquam,
1301 242 1386 273 crat,
1407 234 1459 264 ubi
1476 236 1598 269 nullum
1615 239 1800 269 contrahen-

934 276 966 307 di
998 275 1028 307 ὃ(
1063 274 1237 314 paciscendi
1267 275 1481 306 intercedebat
1511 278 1687 311 mandatum
1707 302 1717 317 ,
1755 278 1800 310 sin

937 325 1042 349 autem
1058 315 1289 355 intercesserat,
1315 324 1349 347 ut
1368 316 1450 357 apud
1469 316 1597 350 Livium
1622 319 1660 350 L.
1685 319 1801 352 XXX.

941 360 971 390 C.
996 367 1048 399 43.
1073 367 1170 399 quum
1190 358 1323 389 Senatus
1337 357 1497 396 decrevit,
1521 364 1554 390 uc
1572 359 1608 390 Ρ.
1628 360 1723 400 Scipio
1744 367 1799 402 pa-

938 410 998 431 cem
1021 409 1086 430 cum
1113 398 1222 439 Populo
1242 398 1487 441 Carthaginensi,
1512 401 1611 441 quibus
1637 401 1747 442 legibus
1772 403 1800 432 ei

941 443 1109 478 videretur,
1125 439 1263 479 faceret,
1286 440 1370 472 nulla
1389 450 1468 481 opus
1479 441 1540 474 fuit
1556 441 1779 474 ratihabitione
1790 465 1801 480 ‚

941 492 1041 524 neque
1055 489 1129 514 tunc
1142 480 1212 522 post
1226 491 1334 521 pacem
1351 481 1465 514 saetam
1478 505 1487 521 ‚
1512 488 1619 523 neque*
1631 483 1705 515 alias
1723 483 1753 515 in
1770 483 1803 515 s1-

940 525 1006 558 mili
1026 523 1132 597 cstUsa'
1157 532 1193 554 ea
1212 522 1282 554 usos
1296 521 1357 555 css‘e
1374 523 1533 557 Romanos
1558 523 1636 556 mihi
1664 533 1804 565 compen

940 575 1006 599 tum
1025 575 1042 596 e
1072 588 1079 596 .
1681 598 1682 601 ,
1724 588 1728 592 -

979 607 1038 639 Sed
1063 606 1147 648 quod
1169 605 1247 638 olim
1267 606 1428 645 obtinuit,
1460 617 1545 639 nunc
1569 608 1632 640 non
1658 604 1807 645 obtinet,

937 656 972 680 ut
992 657 1093 680 mores
1110 647 1262 679 Gentium
1279 647 1359 690 saepe
1376 648 1476 680 solent
1490 651 1623 689 mutari,
1642 659 1711 682 nam
1725 648 1807 690 post-

936 699 1027 731 quam
1045 689 1302 721 ratihabitionum
1320 689 1387 722 usus
1404 690 1559 730 invaluit,
1583 692 1665 723 inter
1684 690 1806 722 Gentes

938 739 1059 762 tantum
1086 739 1149 762 non
1170 741 1280 763 omnes
1297 738 1457 773 receptum
1474 731 1540 772 est,
1565 734 1605 765 ne
1631 732 1755 764 foedera
1773 731 1805 763 δι

937 772 1044 814 pacta,
1070 782 1085 803 a
1103 771 1230 813 Legatis
1249 773 1344 812 inita,
1370 773 1529 813 valerent,
1565 774 1620 807 nifi
1637 784 1672 806 ea
1691 773 1804 815 proba-

938 814 1042 846 verint
1059 813 1238 854 Principes,
1264 824 1398 855 quorum
1415 824 1463 846 res
1478 816 1590 857 agitur.
1623 815 1691 856 Ipse
1710 813 1806 847 Wic-

939 854 1068 894 quefort
1086 856 1179 886 eodem
1201 855 1295 902 Opere
1314 855 1353 887 L.
1372 855 1395 887 1.
1424 856 1497 888 See.
1522 861 1567 889 16.
1593 856 1808 889 necessitatem

939 896 1199 928 ratihabitionum
1220 898 1291 934 latis
1315 896 1456 938 agnoscit
1482 898 1566 930 hisce
1591 899 1714 931 verbis:
1740 898 1809 945 de

940 934 980 969 les
995 940 1131 978 pouvosrs
1139 938 1277 979 ,quelque
1295 939 1403 979 [imples
1417 938 1453 973 ἐπ’)
1469 940 1576 980 czbsblzcs
1587 941 1671 982 qzc‘ilr
1678 941 1785 982 seyent
1795 961 1808 977 ,

939 985 1028 1020 ayeizt
1054 980 1179 1021 toujourr
1203 980 1319 1021 quelque
1344 980 1469 1010 relation
1493 991 1553 1012 aux
1570 984 1665 1013 orclres
1681 982 1808 1022 μείνειε,

940 1023 1023 1062 qu'on
1043 1020 1105 1051 leur
1121 1022 1232 1059 donne,
1258 1022 1307 1062 qui
1319 1026 1450 1060 pezcvent
1477 1021 1534 1053 &tre
1553 1023 1680 1065 changes
1704 1023 1739 1058 &⁹
1763 1023 1808 1054 al-

940 1062 1015 1093 tere's
1026 1083 1035 1095 ,
1059 1061 1095 1096 &⁹
1110 1063 1159 1102 qui
1176 1062 1201 1092 le
1214 1061 1419 1102 somsouvent
1430 1086 1438 1098 .
1455 1063 1539 1102 jelon
1557 1064 1596 1094 les
1612 1064 1811 1106 conjontiures

940 1104 976 1139 &³
994 1103 1034 1134 les
1051 1103 1228 1134 revolutions
1246 1105 1294 1135 cies
1311 1102 1441 1144 affaires.
1497 1103 1572 1136 Non
1592 1114 1696 1138 tamen
1718 1115 1811 1147 nega-

940 1144 1062 1182 verim,
1094 1143 1114 1175 si
1144 1143 1278 1185 Legatus
1302 1144 1462 1185 publicum
1491 1146 1668 1179 mandatum
1685 1170 1693 1184 ‚
1729 1146 1815 1188 quod

939 1185 1025 1218 forte
1052 1184 1187 1226 speciale
1210 1185 1255 1218 est
1263 1209 1274 1225 ‚
1296 1186 1348 1217 vel
1373 1196 1543 1226 arcanum,
1576 1188 1662 1227 quod
1689 1187 1810 1229 semper

940 1227 986 1260 est
1004 1226 1156 1268 speciale,
1180 1227 1361 1259 examussim
1380 1227 1528 1267 sequutus
1543 1253 1553 1268 ,
1578 1229 1697 1262 foedera
1710 1230 1740 1262 &
1760 1238 1812 1270 pa-

942 1269 990 1301 &a
1007 1268 1108 1306 ineat,
1130 1268 1203 1309 justi
1219 1268 1374 1309 Principis
1391 1268 1452 1301 ess'e
1467 1279 1502 1301 ea
1517 1271 1667 1310 probare,
1694 1272 1742 1307 ἀ,
1754 1269 1813 1302 nisi

941 1309 1141 1352 probaverit,
1166 1310 1255 1342 malae
1277 1310 1349 1341 fidei
1366 1320 1452 1342 reum
1471 1311 1553 1350 effe,
1577 1312 1729 1354 simulque
1751 1311 1812 1345 Le-

942 1359 1047 1394 gatum
1065 1360 1224 1393 exponere
1248 1351 1386 1383 ludibrio
1403 1361 1413 1390 ;
1436 1352 1480 1385 fin
1507 1362 1612 1386 autem
1633 1355 1815 1387 mandatum

941 1392 1125 1432 excess‘erit,
1149 1393 1202 1424 vel
1214 1392 1387 1424 foederibus
1404 1393 1434 1425 &
1454 1394 1551 1434 paetis
1569 1405 1653 1427 nova
1671 1395 1818 1438 quaedam

941 1435 1002 1468 fint
1025 1432 1140 1466 inserta
1157 1457 1167 1473 ‚
1207 1433 1246 1465 de
1274 1433 1385 1475 quibus
1410 1434 1489 1467 nihil
1518 1437 1697 1470 mandatum
1723 1444 1817 1476 erat,

943 1476 1067 1517 optimo
1082 1476 1149 1516 jure
1174 1476 1294 1516 poterit
1318 1474 1464 1518 Princeps
1483 1477 1536 1509 vel
1554 1477 1679 1510 differre
1701 1478 1817 1511 ratiha-

943 1518 1100 1549 bitionem
1119 1541 1129 1556 ,
1162 1517 1216 1549 vel
1247 1517 1338 1558 plane
1366 1526 1485 1559 negare.
1538 1520 1723 1556 Secundum
1747 1519 1817 1552 haec

943 1559 1156 1591 damnaverim
1175 1559 1227 1591 vel
1244 1558 1444 1600 probaverim
1465 1569 1590 1602 negatas
1616 1562 1817 1594 ratihabitio-

944 1610 999 1633 nes
1010 1622 1021 1639 ,
1043 1599 1082 1631 de
1098 1600 1212 1641 quibus
1230 1600 1353 1641 prolixe
1368 1601 1434 1641 agit
1452 1601 1661 1644 Wicquefort
1678 1604 1706 1635 d.
1718 1603 1758 1635 L.
1770 1602 1813 1635 ΙΙ.

946 1641 1021 1674 Se&
1050 1649 1097 1681 15.
1123 1640 1159 1672 In
1183 1641 1310 1688 singulis
1330 1642 1446 1682 causis,
1471 1650 1544 1685 quas
1563 1644 1628 1686 ipse
1643 1645 1685 1676 ibi
1707 1653 1815 1677 recen-

944 1684 990 1718 set
1003 1706 1012 1722 ,
1037 1691 1098 1724 ego
1115 1681 1215 1714 nolim
1230 1683 1324 1723 judex
1344 1681 1448 1714 sedere
1459 1708 1469 1724 ‚
1494 1695 1564 1717 nam
1582 1687 1752 1727 plurimum
1768 1684 1814 1717 fa-

938 1725 986 1757 (ti
1006 1723 1144 1764 habent,
1172 1725 1259 1766 quod
1283 1734 1334 1756 me
1359 1724 1458 1761 latet,
1485 1727 1515 1758 δε
1537 1726 1625 1759 forte
1653 1727 1752 1770 ipsum
1772 1727 1815 1759 la-

945 1766 1016 1799 tuit.
1061 1763 1139 1797 Non
1156 1765 1318 1799 immerito
1341 1774 1447 1798 autem
1469 1777 1554 1800 nunc
1573 1767 1729 1801 Gentibus
1751 1769 1817 1811 pla—

944 1807 1013 1840 cuit
1030 1807 1230 1846 ratihabitio,
1255 1816 1326 1839 cum
1346 1808 1492 1841 mandata
1517 1809 1660 1850 publiea,
1686 1820 1722 1842 ut
1746 1820 1815 1842 mo-

943 1849 986 1881 do
1005 1848 1167 1886 dicebam,
1190 1849 1248 1880 vix
1262 1858 1399 1890 unquam
1417 1849 1476 1882 fint
1493 1849 1659 1892 specialia,
1682 1852 1712 1884 ἃ
1727 1861 1815 1883 arca-

944 1900 983 1922 na
1000 1889 1136 1931 Legatus
1156 1891 1189 1923 in
1204 1889 1326 1923 scriniis
1344 1890 1405 1922 suis
1426 1891 1548 1923 servare
1571 1892 1689 1932 soleat,
1713 1902 1817 1933 neque

944 1931 1022 1963 adeo
1034 1932 1075 1963 de
1095 1931 1143 1963 his
1162 1931 1328 1973 quicquam
1346 1931 1460 1965 rescire
1478 1932 1611 1974 posunt,
1627 1935 1814 1975 quibuscum

943 1972 1044 2004 astum
1061 1971 1116 2004 est.

984 2014 1035 2046 Ex
1056 2014 1104 2045 his
1118 2036 1130 2052 ,
1154 2024 1222 2056 quae
1238 2014 1388 2047 haetenus
1403 2017 1560 2058 disputata
1577 2016 1667 2054 sunt,
1694 2016 1813 2057 iudica-

942 2064 976 2087 re
996 2055 1072 2087 licet
1090 2055 1128 2086 de
1147 2055 1236 2087 causa
1260 2056 1411 2097 quadam,
1435 2068 1504 2100 quae
1521 2068 1603 2090 anno
1623 2061 1713 2099 1667.
1754 2058 1816 2090 Re-

942 2106 1013 2138 gem
1031 2096 1150 2128 Sueciae
1172 2106 1244 2128 cum
1263 2097 1435 2131 Ordinibus
1451 2099 1659 2131 Generalibus
1678 2100 1811 2131 commi-

942 2139 991 2170 fit.
1036 2137 1174 2179 Legatus
1195 2138 1346 2170 Suecicus
1372 2149 1463 2173 antea
1486 2141 1553 2173 litis
1576 2141 1736 2182 cujusdam
1756 2150 1815 2173 no-

943 2179 1028 2211 mine
1043 2179 1081 2210 ab
1099 2178 1270 2211 Ordinibus
1287 2180 1393 2220 pactus
1418 2190 1485 2215 erat
1512 2191 1646 2222 140000.
1666 2182 1812 2223 Imperia-

943 2221 988 2252 les
1000 2244 1010 2260 ,
1035 2220 1065 2252 &
1082 2219 1123 2252 fic
1139 2221 1380 2266 renunciaverat
1393 2224 1421 2255 ei
1439 2224 1507 2263 liti,
1534 2226 1564 2256 ὥς
1588 2224 1669 2256 locis
1685 2223 1815 2264 quibus-

941 2262 1013 2293 dam
1031 2271 1062 2293 in
1082 2259 1227 2300 Gumea,
1249 2269 1283 2294 ut
1296 2263 1325 2295 δι’
1335 2262 1398 2302 juri
1416 2266 1453 2296 ad
1469 2275 1504 2296 ea
1520 2265 1593 2297 loca
1609 2265 1744 2306 amplius
1761 2275 1818 2297 na-

942 2302 1080 2344 vigandi.
1125 2301 1234 2348 Quum
1264 2313 1304 2334 eo
1326 2313 1408 2338 anno
1429 2310 1519 2347 16⁶7·
1544 2305 1645 2339 rursus
1662 2316 1698 2338 ea
1714 2306 1754 2338 de
1777 2315 1814 2337 re

942 2353 1087 2386 ageretur
1108 2344 1192 2375 inter
1212 2344 1347 2378 Ordines
1367 2345 1538 2379 Generales
1567 2349 1597 2381 ὅτ,
1619 2348 1697 2379 alios
1715 2347 1815 2388 Regis

941 2385 1060 2418 Sueciae
1078 2384 1233 2426 Legatos,
1258 2386 1291 2418 hi
1308 2388 1337 2419 ei
1363 2388 1564 2421 transactioni
1583 2388 1662 2421 stare
1687 2389 1809 2421 recusa·

936 2427 1034 2465 bant,
1059 2427 1200 2465 causati,
1223 2427 1314 2459 illum
1338 2428 1494 2470 Legatum
1519 2438 1630 2462 contra
1654 2429 1813 2462 secretum

939 2467 1036 2509 Regis
1053 2467 1232 2500 mandatum
1249 2469 1294 2499 ita
1319 2470 1505 2511 transegisse.
1551 2471 1600 2502 Ad
1628 2470 1694 2502 haec
1718 2470 1813 2503 Ordi'-

941 2518 995 2541 nes
1015 2507 1202 2541 Generales:
1227 2509 1265 2540 ad
1280 2508 1311 2541 se
1330 2510 1396 2542 haec
1409 2521 1472 2543 non
1490 2512 1649 2552 pertinere
1661 2535 1671 2548 ,
1696 2511 1814 2544 habere

940 2549 1059 2591 Regem
1082 2557 1194 2581 contra
1209 2549 1363 2591 Legatum
1382 2552 1538 2585 actionem
1563 2553 1730 2594 legationis
1747 2563 1810 2586 ma-

941 2591 972 2622 le
991 2589 1104 2632 gestae,
1130 2590 1161 2622 se
1189 2600 1263 2622 cum
1287 2591 1409 2634 Legato
1428 2616 1438 2632 ‚
1470 2594 1524 2635 qui
1550 2594 1688 2635 generali
1715 2594 1812 2636 Regis

941 2631 1089 2663 mandato
1107 2639 1173 2663 erat
1190 2631 1357 2666 instructus
1369 2658 1378 2674 ‚
1404 2635 1614 2674 contraxisse,
1639 2635 1670 2667 ὃς
1687 2634 1809 2668 suarum

939 2673 1075 2713 partium
1089 2682 1151 2705 non
1171 2672 1232 2704 esse
1248 2673 1368 2707 secreta
1386 2676 1452 2716 ejus
1470 2677 1613 2709 mandata
1641 2686 1808 2709 excutere.

939 2713 998 2746 Sed
1026 2723 1122 2755 quum
1149 2714 1220 2746 Rex
1246 2724 1344 2748 ratam
1371 2726 1434 2749 non
1461 2717 1613 2750 habuiss'et
1637 2717 1747 2758 Legati
1764 2717 1810 2750 sui

938 2753 1175 2787 transactionem
1192 2779 1203 2794 ‚
1243 2756 1338 2798 Regis
1371 2757 1460 2790 causa
1491 2759 1656 2790 videbatur
1684 2758 1806 2799 justior.

937 2795 1154 2828 Obtinuerunt
1177 2804 1283 2830 tamen
1303 2799 1438 2831 Ordines
1462 2798 1630 2832 Generales
1656 2799 1688 2831 in
1719 2799 1748 2840 §.
1770 2809 1809 2840 54

935 2836 1020 2869 Paeti
1039 2840 1122 2869 inter
1137 2838 1255 2880 Regem
1271 2840 1392 2872 Sueciae
1417 2841 1448 2873 &
1477 2840 1610 2874 Ordines
1634 2838 1809 2877 Generales

935 2882 986 2913 28.
1010 2878 1070 2920 Jul.
1099 2882 1189 2920 1667.
1215 2879 1284 2922 (3).

935 2991 1002 3027 487·
1023 2997 1088 3027 491·
1108 2993 1175 3026 496-
1199 2989 1225 3020 δε
1244 2997 1310 3027 497-

1116 3240 1161 3282 15
1189 3253 1211 3283 ω’
1729 3243 1806 3288 αἱ..
