2008 3436
178 113 249 149 452
449 106 849 143 CORNELII

180 192 277 224 terat,
306 183 540 218 Tribonianum
562 187 594 218 in
615 187 643 218 h.
669 187 688 218 l.
712 196 737 219 1.
784 187 925 222 Africani
945 190 1049 231 perso-

179 236 251 257 nam
270 226 420 266 induisse,
444 228 549 269 legato
571 237 673 268 poenae
692 230 838 268 nomine,
865 232 951 271 quod
968 231 1050 271 Jutis

180 269 261 299 novi
287 268 332 299 est
350 292 360 306 ‚
393 269 426 300 in
456 276 582 301 veteres
597 268 698 310 Leges
724 269 932 312 transcript0‚
958 273 1050 305 &ita

181 318 311 350 quoque
365 310 412 342 0st
439 309 605 351 Cujacium
640 310 769 342 censent
801 311 935 345 Grotius
969 314 1049 346 Flur.

187 350 286 391 Spars.
314 361 328 382 a
382 353 410 383 ci.
442 352 462 383 l.
490 361 518 384 1.
549 351 708 384 Donellus
736 353 893 385 commem.
915 355 952 386 ad
976 356 1004 387 d.
1026 356 1046 387 l.

181 402 233 423 urz.
257 393 289 424 C.
301 394 334 424 de
353 392 414 424 His
431 402 490 434 quae
500 400 576 433 poen.
597 403 673 424 noni.
695 395 798 435 reliizq.
824 395 962 434 Broeus,
991 395 1047 427 Gi-

181 433 312 475 phanius
330 434 361 466 &
380 434 562 466 Bachovius
580 435 617 465 ad
641 437 668 465 d.
686 434 713 474 ᾗ.
732 435 786 466 ult.
808 434 879 474 [nst.
892 437 925 466 de
936 437 1048 479 Legat.

184 475 215 506 ἂ
232 475 462 507 Recentiorum
480 476 629 516 pleraque
649 476 775 507 cohors.
822 476 891 516 Ipse
907 477 1047 510 Haloan-

181 516 258 555 der,
283 517 392 548 eadem
420 515 507 547 forte
537 517 678 553 ratione,
701 517 763 556 jain
782 516 916 548 eraserat
933 528 1048 550 vocem

183 557 291 597 talem,
317 557 448 589 servatis
462 566 587 595 tamen,
609 567 679 597 quae
694 557 934 598 prcecefl'erant,
959 561 1049 591 voci-

183 598 242 630 bus
257 599 363 630 illicite
383 599 430 629 vel
441 599 590 638 probrose,
624 598 714 637 cujus
740 599 786 629 rei
814 600 968 632 rationem
985 611 1050 632 non

183 639 347 681 adsequor.
402 639 569 670 Rull'ardus
586 662 596 677 ‚
630 648 671 670 ex
696 648 807 679 more,
833 639 971 673 servavit
988 642 1048 673 Le-

182 681 320 713 ctionem
338 680 571 717 Florentinam,
590 680 620 711 δε
637 679 702 727 ipse
721 689 825 713 tamen
834 689 946 714 notans
959 707 967 722 ‚
979 693 1050 714 ver-

183 722 222 753 ba
245 722 352 753 illicite
376 721 425 752 vel
448 720 579 761 probrose
602 721 664 753 esse
693 722 792 753 videri
819 732 859 754 ex
887 724 1050 755 additione

185 762 398 800 Triboniani,
421 762 460 793 de
484 771 568 793 voce
591 763 679 793 talem
697 763 776 795 nihil
793 764 959 805 quicquam
976 764 1048 796 soli-

182 804 286 842 citus,
311 803 421 844 utique
438 803 517 835 nihil
536 804 703 845 quicquam
721 814 863 836 monens.

226 845 287 877 Sed
302 854 363 885 ego
374 866 384 882 ‚
407 844 460 885 qui
480 854 545 876 non
566 853 629 876 tam
645 844 741 877 facile
751 845 838 878 soleo
852 847 965 886 iatine
975 847 1048 880 Em-

180 887 318 918 blemata
334 885 546 925 Triboniani,
587 887 617 918 δε
640 886 693 928 qui
718 896 818 927 puto,
844 888 853 919 i
878 888 936 921 sius
954 889 1049 930 Juris-

205 927 359 959 rudentiae
377 926 539 966 interesse,
564 937 604 959 ne
627 937 690 959 tam
704 928 800 961 facile
815 929 843 969 ja
876 939 990 969 entur,
1008 940 1050 961 ne

181 938 237 1000 iiic
265 968 391 1009 quidem
415 967 552 1010 agnosco
575 969 798 1010 interpolatam
822 970 884 1002 ess‘e
907 971 1049 1004 Africani

183 1010 315 1052 Legem.
366 1008 536 1052 Nunquam
563 1010 717 1051 ejusmodi
740 1012 1004 1053 interpolationes
1020 1022 1050 1044 a-

185 1050 373 1092 gnoscendae
390 1050 463 1083 sunt
480 1074 490 1090 ,
523 1051 579 1083 nisi
598 1061 693 1093 quum
711 1053 803 1084 aliter
823 1062 872 1084 res
887 1053 970 1086 salva
989 1053 1051 1086 esse

182 1102 248 1125 non
273 1092 366 1134 poffit
384 1115 396 1131 ,
428 1092 480 1124 hic
497 1100 603 1124 autem
631 1100 752 1125 tantum
776 1093 879 1134 abest,
905 1103 940 1127 ut
960 1096 1051 1127 aliter

183 1133 269 1166 salva
289 1133 351 1165 effe
365 1141 519 1175 nequeat,
543 1142 597 1173 ut,
621 1134 644 1166 fi
669 1134 832 1167 Emblema
855 1136 1022 1178 largiamur
1039 1159 1049 1176 ,

183 1175 327 1207 laborare
350 1175 428 1206 mihi
457 1175 602 1206 videatur
628 1183 697 1207 tota
722 1177 839 1208 veteris
861 1179 921 1209 aevi
956 1178 1050 1218 Juris-

182 1216 351 1258 prudentia
364 1216 404 1248 de
420 1215 548 1256 Legatis
560 1225 662 1258 poenae
684 1218 821 1249 nomine.
868 1219 974 1260 Atque
983 1219 1051 1250 haec

183 1256 289 1290 rursus
305 1267 370 1290 non
386 1257 543 1290 laborabit
563 1282 573 1297 ,
605 1258 645 1298 fi,
671 1267 706 1289 ut
723 1260 858 1299 opinor,
880 1269 916 1291 ea
931 1259 1051 1291 fuerint

186 1297 290 1341 legata
306 1309 410 1340 poenae
429 1299 576 1337 nomine,
601 1309 670 1340 quae
689 1298 754 1339 ipse
776 1299 963 1338 Africanus,
987 1310 1050 1331 non

184 1340 395 1382 interpolatus
408 1364 417 1379 ,
441 1340 503 1371 ess‘e
519 1340 599 1370 dicit
618 1363 627 1378 ‚
658 1349 753 1380 quum
773 1340 894 1372 scilicet
912 1342 1053 1372 illicitum

182 1382 233 1414 vel
246 1383 410 1423 probrosum
428 1381 502 1421 quid
519 1380 641 1420 juss'erit
660 1379 811 1419 testator,
837 1383 866 1414 ὅ(
877 1405 889 1421 ,
911 1383 932 1415 fi
951 1383 1054 1414 minus

183 1422 333 1465 paruisset
350 1423 466 1460 haeres,
492 1421 585 1463 legati
600 1431 671 1453 eum
687 1422 888 1463 praestatione
903 1433 1052 1456 onerave-

185 1465 238 1496 rit.
286 1463 374 1495 Cedo
397 1463 498 1501 mihi,
521 1473 590 1504 quae
610 1464 671 1494 alia
695 1463 816 1496 fuerint
834 1466 935 1507 legata
950 1474 1053 1507 poenae

185 1505 341 1538 nomine?
364 1513 400 1536 ea
419 1514 552 1546 namque
569 1514 633 1536 non
651 1503 764 1543 fuiffe,
788 1515 857 1547 quae
876 1508 975 1549 vulgo
988 1516 1056 1548 per-

188 1547 366 1586 hibentur,
399 1545 473 1578 satis
497 1545 631 1587 probavi
665 1547 696 1578 C.
723 1546 778 1578 ΙΙΙ.
813 1548 842 1579 &
865 1549 1055 1589 probaturus

186 1587 255 1620 sum
269 1588 435 1629 deinceps,
450 1587 501 1619 ubi
524 1588 561 1619 ad
574 1588 738 1630 exempla,
750 1589 781 1620 in
799 1588 1056 1622 Institutionibus

184 1636 376 1669 memorata,
399 1637 587 1670 perventum
603 1630 673 1662 erit.

229 1671 325 1709 Scio,
347 1671 423 1712 quid
440 1670 646 1710 obJ'ectionis,
672 1671 702 1704 &
717 1673 842 1714 quidem
858 1673 1054 1715 graviffimae,

188 1712 362 1745 immineat.
406 1712 558 1752 Adeone,
581 1713 704 1754 inquies
716 1737 726 1753 ,
759 1714 875 1747 frustra
891 1714 954 1746 fuit
966 1714 1056 1755 Justi-

187 1754 321 1792 nianus,
343 1761 379 1785 ut
398 1754 429 1784 id
443 1753 544 1795 ipsum
565 1753 772 1787 constitueret
789 1756 821 1788 in
845 1757 865 1788 l.
889 1767 940 1788 un.
968 1758 1000 1788 C.
1022 1757 1056 1787 de

189 1796 236 1827 his
252 1805 312 1837 quae
322 1801 401 1836 poen.
419 1805 493 1826 nom.
511 1796 616 1838 relinq.
650 1797 734 1837 quod
759 1797 820 1838 jam
838 1798 916 1829 olim
932 1798 1055 1830 obtine-

167 1857 174 1863 ·
189 1837 270 1868 bat?
293 1846 370 1868 eane
388 1836 589 1877 Imperatoris
609 1838 659 1870 vel
677 1837 867 1871 Triboniani
891 1839 955 1872 :fuit
970 1840 1058 1881 igno-

187 1878 306 1918 rantia,
338 1885 374 1909 ut
397 1877 609 1917 nesciverint,
631 1889 700 1920 quae
715 1880 793 1911 olim
817 1880 937 1913 fuerint
956 1881 1058 1923 legata

187 1929 291 1962 poenae
308 1919 462 1951 nomine?
486 1928 522 1951 ut
544 1920 765 1962 abrogaverint
783 1922 836 1963 Jus
848 1945 859 1961 ,
882 1923 967 1965 quod
981 1932 1057 1954 nun-

189 1970 282 2002 quam
305 1959 369 1992 fuit
385 1960 403 1992 ἱ)
434 1967 470 1992 ut
497 1962 777 2002 pronunciaverint
801 1965 880 1996 olim
907 1964 1058 1997 illicitum

189 2001 301 2041 fuisse,
331 2002 417 2043 quod
437 2011 546 2033 revera
570 2002 634 2034 fuit
661 2004 784 2036 licitum
798 2029 808 2045 ,
839 2006 869 2038 ὅ(
889 2016 973 2038 nunc
991 2015 1057 2038 rur-

188 2042 240 2076 sus
258 2043 400 2082 licitum,
426 2044 512 2084 quod
532 2044 563 2075 &
581 2045 659 2076 olim
677 2045 720 2077 ita
730 2044 822 2079 fuit?
845 2055 881 2079 ut
899 2048 1058 2090 exceptio-

189 2093 262 2117 nem
281 2084 457 2116 addiderint
476 2085 515 2116 de
532 2084 651 2116 illicito
667 2086 760 2118 hodie
779 2088 902 2130 legato,
933 2099 1002 2130 quae
1024 2098 1057 2120 o-

190 2125 250 2158 lim
277 2123 374 2167 ipsam
399 2126 540 2167 regulam
564 2126 775 2159 constituisset
796 2130 813 2161 ἵ)
843 2140 914 2162 nam
941 2130 1059 2163 summa

192 2166 356 2199 sententiae
372 2176 452 2198 meae
467 2166 529 2198 huc
546 2167 642 2208 redit,
668 2169 800 2202 Veteres
817 2181 882 2203 non
898 2172 983 2203 aliud
992 2181 1057 2213 poe-

191 2218 241 2240 nae
261 2208 391 2251 nornine
407 2208 546 2250 legatum
560 2209 759 2250 agnoviss'e&
769 2212 924 2245 damnass'e
936 2236 946 2251 ,
966 2222 1059 2255 quam

192 2249 272 2281 illud
297 2248 419 2290 ipsum,
454 2249 539 2290 quod
556 2251 687 2291 agnovit
703 2252 733 2283 δε
749 2253 908 2286 damnavit
925 2255 1058 2296 Impera-

193 2297 244 2322 tor
256 2291 289 2322 in
296 2289 354 2331 fin.
377 2292 405 2322 d.
431 2291 451 2322 l.
475 2300 526 2322 un.
560 2291 694 2324 Subfiste
710 2295 885 2336 paulisper,
912 2296 942 2328 ἀ
959 2296 1058 2328 confi-

194 2331 288 2370 dera,
311 2331 398 2373 quod
416 2331 460 2363 est
475 2332 685 2374 veriffimum,
711 2334 946 2369 Tribonianum
963 2338 994 2369 in
1004 2348 1057 2369 ex-

194 2372 340 2414 ponenda
358 2380 502 2405 veterum
527 2373 680 2414 JCtorum
706 2374 858 2409 sententia
873 2379 967 2411 etiam
983 2380 1058 2411 alias

193 2414 266 2455 plus
284 2412 378 2446 semel
394 2414 566 2456 cespitafl'e.
612 2415 743 2449 Testem
768 2419 869 2459 dabo,
894 2430 987 2461 quem
1004 2430 1058 2462 po-

195 2456 280 2494 tius,
310 2465 402 2496 quam
424 2465 475 2487 me
502 2457 608 2489 audies
623 2481 633 2497 ‚
657 2458 856 2492 Franciscum
872 2461 1058 2494 Balduinurn

195 2496 229 2528 in
245 2496 427 2536 Proefati'one
449 2496 677 2539 Juftiniam'sui
692 2522 704 2538 ,
735 2501 787 2533 ubi
804 2502 842 2533 de
857 2502 1059 2535 Triboniano

194 2538 239 2569 ita
263 2537 359 2569 verba
382 2537 477 2570 facit:
512 2540 569 2570 Sed
591 2542 641 2571 ubi
659 2540 720 2582 Jus
737 2544 805 2574 clare
820 2545 966 2586 dicereque
980 2545 1059 2586 serio

194 2579 316 2619 voluit,
346 2582 501 2620 repetitum
530 2591 567 2611 ex
590 2584 719 2623 antiquis
748 2584 863 2627 Legum
879 2586 1002 2623 miamin
1025 2586 1061 2621 {9⁹

194 2620 378 2653 Prudentum
397 2620 595 2653 Romanorum
615 2624 856 2665 Commentariis,
889 2637 977 2668 neque
994 2629 1060 2659 illa-

195 2671 260 2693 rum
272 2685 282 2701 ,
305 2671 395 2704 neque
413 2662 512 2693 horum
529 2672 649 2695 acumen
663 2667 938 2707 perviditsmnper,
949 2669 1060 2710 &sen-

196 2704 324 2734 tentiam
338 2703 495 2745 aliquando
507 2710 615 2744 parum
631 2704 769 2750 affectatus
785 2708 836 2748 effe
850 2710 978 2741 videtur.
1001 2710 1060 2742 Sed

194 2744 296 2776 nolim
342 2753 505 2785 uemquam
528 2745 717 2777 auctoritate
743 2747 879 2780 hominis
904 2752 1027 2782 moveri
1049 2775 1058 2790 ,

194 2785 258 2817 sine
281 2753 470 2817 augtoritate
496 2786 645 2826 exempli.
701 2787 806 2820 Unum
835 2789 994 2830 proferam
1019 2802 1059 2824 ex

194 2827 344 2865 materia,
368 2827 400 2858 in
416 2836 475 2868 qua
493 2827 675 2867 versamur,
707 2829 747 2860 de
772 2829 916 2872 Legatis,
939 2841 1008 2862 nam
1028 2834 1059 2865 in

194 2867 303 2899 Iocum
320 2867 405 2900 hunc
420 2877 621 2901 communem
637 2868 803 2911 exspatiari
826 2881 909 2903 nunc
925 2882 988 2905 non
1005 2883 1059 2905 va-

195 2915 257 2939 cat.
302 2908 357 2940 Ait
373 2909 591 2941 Tribonianus
614 2910 646 2942 in
671 2910 701 2952 §.
719 2921 769 2953 23.
802 2911 875 2952 Iiist.
894 2914 927 2944 de
946 2914 1057 2956 Legat.

196 2950 337 2990 optionis
366 2951 502 2991 legatum
528 2951 605 2983 oiim
630 2952 661 2984 in
684 2952 714 2984 se
740 2952 879 2985 habuisse
899 2956 1057 2986 conditio-

194 2999 286 3028 nem,
319 2991 350 3023 δε
378 2992 467 3030 ideo,
498 2992 554 3024 nisi
580 2992 645 3032 ipse
664 2994 829 3036 legatarius
845 2995 938 3028 vivus
957 3004 1059 3037 optas-

196 3029 261 3068 set,
285 3031 322 3062 ad
339 3032 493 3064 haeredem
511 3043 574 3065 non
593 3033 686 3066 fuiss'e
703 3035 929 3076 transmissum,
955 3038 984 3069 id
1004 3048 1057 3069 ve-

199 3080 236 3100 ro
252 3072 455 3110 Justi'nianum
474 3073 603 3106 mutasse
620 3075 651 3107 in
677 3075 913 3110 Constitutione
931 3077 992 3110 sua.
1016 3080 1058 3111 At

196 3111 289 3142 ausim
315 3114 458 3153 praestare
478 3138 488 3154 ‚
519 3115 592 3155 Jure
618 3118 717 3149 veteri
743 3117 883 3158 nuspiam
906 3119 1056 3160 scriptum

194 3150 277 3198 eil'e,
310 3155 449 3193 optionis
476 3157 614 3197 legatum
637 3158 674 3189 ad
700 3158 855 3190 liaeredem
875 3169 938 3191 non
960 3169 1056 3193 trans-

194 3199 300 3232 mitt13
330 3203 394 3226 non
420 3197 504 3236 quod
528 3198 600 3229 ideo
619 3199 749 3239 praecise
765 3209 896 3241 negem,
920 3202 963 3233 ita
976 3201 1053 3241 juris

916 119 1025 146 VAN

1087 110 1696 155 BYNKERSHOEK

1090 190 1203 231 fuisse,
1233 193 1306 233 quia
1331 192 1480 235 scriptum
1505 206 1569 229 non
1594 197 1710 238 exstat,
1735 208 1858 241 poterat
1872 205 1953 239 enim

1092 233 1123 264 id
1147 234 1196 273 jus
1222 244 1294 265 cuni
1319 242 1367 267 tot
1394 236 1463 267 aliis
1489 236 1685 279 Fragmentis
1700 250 1844 274 veterum
1859 245 1953 285 JCto-

1092 283 1161 305 rum
1179 275 1382 308 intercidisse.
1408 276 1503 316 Non,
1522 279 1667 320 inquam,
1685 291 1721 312 ea
1735 281 1800 315 sola
1814 287 1953 320 ratiome

1092 316 1251 354 moverit,
1277 318 1420 357 quamvis
1437 319 1681 353 animadvertam
1693 346 1702 361 ‚
1726 324 1804 356 alios
1821 335 1888 358 eam
1907 327 1953 359 so-

1091 356 1152 402 lam
1176 366 1306 388 movere
1332 358 1362 390 in
1390 360 1460 391 aliis
1477 360 1558 399 Juris
1578 363 1750 404 capitibus,
1774 365 1825 398 sed
1840 368 1924 408 quod
1941 393 1952 409 ,

1090 398 1231 438 relpectu
1255 400 1372 431 veteris
1395 400 1651 441 jurisprudentia:
1667 427 1678 443 ,
1711 406 1813 446 palam
1833 416 1954 442 contra-

1090 438 1175 469 dicat
1200 439 1263 479 ipse
1289 440 1403 473 Paulus
1426 443 1457 474 in
1482 443 1502 474 l.
1526 453 1574 480 19.
1592 444 1632 485 ff.
1658 448 1692 477 de
1716 446 1788 488 Opt.
1807 450 1854 480 vel
1873 450 1954 485 elea.

1090 480 1147 521 leg.
1193 480 1267 512 Scio
1283 481 1360 521 ess'e,
1393 483 1443 524 qui
1471 484 1500 515 ὅ(
1524 485 1611 517 illam
1634 486 1654 518 l.
1680 497 1727 524 19.
1750 499 1768 519 a
1786 489 1956 524 Tribonia-

1090 530 1152 559 no,
1183 521 1319 553 detracta
1341 524 1509 564 negatione
1527 550 1537 564 ‚
1569 527 1788 569 interpolatam
1805 531 1927 573 fingunt
1942 554 1956 573 ,

1091 562 1354 607 quemadmodum
1373 566 1402 596 dt
1419 564 1484 605 ipse
1502 567 1667 601 Accuriius
1685 579 1720 602 ea
1737 572 1858 605 ratione
1866 576 1956 615 praei-

1092 610 1159 640 vit,
1192 602 1244 633 sed
1272 613 1336 635 non
1361 613 1481 637 tantum
1506 609 1593 640 nulla
1618 612 1824 652 auctoritate,
1845 624 1958 649 verum

1093 644 1186 674 etiam
1211 653 1322 675 contra
1344 646 1561 680 auctoritatem
1577 672 1589 688 ,
1612 661 1704 692 quam
1717 677 1726 692 ,
1752 655 1784 686 in
1802 656 1894 688 firnili
1911 666 1956 689 ar-

1092 692 1243 725 gumento
1262 709 1272 724 ‚
1304 685 1441 728 suggerit
1468 688 1624 730 Ulpianus
1650 693 1680 725 in
1711 695 1731 726 l.
1752 705 1803 736 75.
1835 696 1863 739 §.
1883 704 1956 739 pen.

1085 726 1127 766 ff.
1146 726 1179 756 cle
1198 726 1309 768 Legat.
1335 728 1358 758 I.
1391 728 1521 760 &idem
1545 731 1658 765 Paulus
1681 735 1712 767 in
1735 737 1757 768 l.
1774 741 1823 778 76.
1843 745 1892 780 pr.
1911 739 1954 781 ff.

1092 768 1125 798 de
1146 766 1187 798 V.
1212 767 1252 798 O.
1296 767 1366 799 Iino
1386 768 1450 810 ipsa
1474 771 1495 802 l.
1511 771 1567 803 ult.
1595 774 1627 804 C.
1647 775 1791 810 Commun.
1811 781 1844 811 de
1862 781 1955 823 legat.

1093 806 1313 848 &fideicomm
1339 809 1376 840 ad
1393 820 1485 850 quam
1500 811 1629 853 respicit
1650 818 1677 847 d.
1698 816 1725 858 §.
1747 829 1795 861 23.
1822 821 1896 861 [th.
1912 823 1957 855 ni-

1092 849 1138 881 hil
1155 849 1298 881 meminit
1313 851 1379 890 ejus
1396 853 1614 894 conditionis,
1640 857 1670 888 ἃ
1689 858 1798 899 i'aftae,
1822 864 1907 902 quod
1920 863 1960 895 ad

1093 891 1179 922 illam
1197 914 1208 930 ,
1238 892 1432 924 mutationis.
1478 893 1593 927 Narrat
1624 897 1667 929 ibi
1705 899 1894 939 Justinianus
1924 905 1958 938 in

1088 933 1186 972 princ.
1207 932 1288 972 apud
1307 932 1438 966 Veteres
1456 935 1634 970 dubitatum
1650 938 1762 981 fuiss'e,
1793 944 1868 984 quid
1882 944 1960 985 juris

1093 972 1188 1012 esset,
1213 974 1234 1004 ii
1255 973 1397 1014 pluribus
1414 975 1495 1008 servi
1517 979 1569 1011 vel
1588 980 1715 1013 alterius
1740 983 1785 1014 rei
1804 994 1823 1016 o
1847 986 1894 1017 tio
1910 995 1958 1018 es-

1095 1014 1140 1046 set
1161 1015 1277 1055 legata,
1303 1015 1333 1046 ὅ(
1350 1015 1381 1047 hi
1398 1016 1595 1051 dissentirent
1611 1021 1643 1053 in
1665 1032 1697 1054 re
1713 995 1882 1066 eligenda?
1906 1028 1958 1061 vel

1093 1055 1115 1087 si
1142 1056 1196 1086 uni
1226 1055 1353 1096 quidem
1370 1059 1461 1098 optio
1477 1059 1552 1090 ess‘et
1578 1062 1698 1103 legata,
1722 1064 1773 1097 sed
1791 1067 1836 1106 is,
1859 1068 1958 1108 prius-

1093 1105 1185 1169 quam
1204 1096 1357 1143 optail'et,
1378 1098 1447 1130 fato
1467 1098 1523 1132 suo
1549 1101 1656 1135 fuiss'et
1678 1105 1822 1148 funerus,
1848 1110 1879 1141 ἃ
1894 1119 1960 1142 rur·

1110 1148 1144 1169 us
1168 1144 1248 1169 inter
1273 1147 1339 1178 ejus
1366 1139 1504 1172 haeredes
1518 1152 1582 1175 non
1601 1148 1790 1180 conveniret
1805 1150 1836 1182 in
1854 1160 1887 1182 re
1904 1151 1960 1183 eli-

1093 1179 1192 1221 genda
1210 1178 1226 1210 ,9
1256 1178 1356 1226 Quod·
1378 1180 1569 1226 postremum
1591 1187 1758 1220 manifesto
1776 1199 1963 1232 argumento

1095 1219 1159 1258 est,
1182 1227 1275 1250 etiam
1290 1228 1431 1261 optionis
1453 1233 1586 1264 negatum
1603 1227 1676 1266 Jure
1692 1232 1792 1263 veteri
1812 1235 1843 1264 in
1866 1232 1960 1266 liaere-

1095 1260 1150 1291 des
1175 1259 1270 1291 fuisse
1296 1262 1503 1294 transniill‘um
1524 1288 1535 1302 ,
1566 1268 1683 1301 etiamsi
1712 1271 1777 1311 ipse
1795 1273 1961 1314 legatarius

1094 1311 1159 1333 non
1168 1300 1309 1341 optasset.
1335 1302 1509 1336 Constituit
1520 1308 1615 1338 inodo
1627 1308 1816 1352 Imperator,
1830 1316 1915 1354 ut,fi
1925 1326 1962 1348 ea

1095 1342 1213 1384 species
1232 1342 1367 1383 incidat,
1390 1346 1495 1385 judice
1511 1347 1642 1382 fortuna
1661 1354 1750 1384 cadat
1768 1357 1852 1394 alea,
1864 1362 1961 1398 utque

1094 1385 1137 1415 ita
1161 1384 1242 1415 inter
1266 1385 1370 1425 plures
1396 1388 1562 1428 legatarios
1579 1414 1590 1430 ‚
1628 1393 1679 1425 vel
1705 1394 1796 1427 unius
1821 1396 1963 1437 legatarii

1095 1424 1310 1471 dissentientes
1327 1427 1465 1461 liaeredes
1484 1429 1567 1462 sorte
1582 1432 1898 1478 dirimaturquaestiO.
1920 1438 1962 1471 E-

1097 1476 1139 1509 go
1159 1466 1284 1507 quidem
1302 1467 1398 1500 facile
1418 1470 1493 1502 mihi
1513 1473 1706 1515 persuadeo,
1738 1478 1870 1511 Veteres
1885 1479 1965 1513 hanc
1996 1483 1997 1488 ’

1098 1508 1346 1555 controversiam
1363 1511 1428 1542 alea
1449 1522 1513 1545 non
1540 1518 1738 1559 transegisse,
1764 1527 1798 1551 ut
1819 1520 1961 1561 justinia-

1098 1560 1156 1582 nus
1174 1549 1297 1596 transigi
1310 1551 1416 1592 jubet,
1441 1554 1497 1586 nifi
1516 1554 1601 1588 forte
1619 1559 1657 1589 de
1673 1560 1817 1593 Scaevola
1832 1563 1901 1603 quis
1911 1563 1967 1595 du-

1098 1591 1269 1638 bitaverit,
1292 1602 1383 1639 quem
1403 1595 1485 1627 alveo
1500 1597 1537 1632 ὅ)
1553 1599 1674 1632 calculis
1690 1603 1835 1636 interdum
1852 1605 1965 1647 vacaffae

1099 1632 1208 1665 scribit
1225 1633 1368 1666 Valerius
1392 1636 1434 1668 L.
1452 1637 1541 1670 VIII.
1568 1641 1599 1672 C.
1619 1646 1649 1676 8.
1674 1642 1702 1684 §.
1723 1653 1774 1676 21.
1799 1644 1849 1677 sed
1859 1652 1963 1680 tamen

1099 1684 1139 1706 ne
1158 1674 1223 1721 boc
1241 1675 1366 1717 quidem
1392 1677 1432 1709 de
1455 1679 1599 1713 Scaevola
1613 1705 1625 1721 ,
1655 1692 1691 1716 ut
1711 1692 1747 1717 ut
1764 1685 1819 1728 ipfi
1834 1687 1900 1719 alea
1915 1687 1963 1720 in-

1099 1725 1196 1748 noxia
1204 1738 1227 1763 ³.
1239 1725 1297 1757 pro
1316 1716 1549 1752 obleetamento
1571 1724 1665 1756 animi
1682 1749 1693 1764 ,
1716 1727 1888 1768 placuerit,
1911 1738 1965 1761 au-

1099 1757 1341 1804 simadnrmare.
1388 1760 1549 1807 Quicquid
1574 1772 1678 1798 autem
1698 1768 1764 1808 ejus
1779 1770 1824 1801 rei
1842 1769 1899 1809 fit,
1921 1779 1965 1804 ex

1100 1808 1135 1830 ea
1157 1798 1221 1839 ipsa
1250 1799 1269 1831 1.
1292 1801 1345 1832 ult.
1378 1804 1493 1842 opinor
1515 1805 1659 1839 constare
1678 1832 1687 1848 ‚
1718 1810 1768 1850 jus
1786 1820 1806 1842 o
1831 1811 1914 1843 tandi
1933 1812 1966 1845 δε

1099 1840 1178 1872 olim
1193 1840 1230 1872 ad
1247 1840 1386 1874 haeredes
1404 1844 1568 1886 tranfiiffe,
1592 1856 1688 1890 atque
1704 1850 1746 1882 ita
1764 1861 1780 1883 a
1816 1852 1966 1884 'ribonia-

1098 1892 1142 1914 no
1160 1891 1225 1913 non
1241 1882 1304 1915 ess'e
1323 1891 1475 1918 mutatam
1497 1888 1524 1919 d.
1549 1889 1570 1920 l.
1594 1899 1640 1927 19.
1660 1891 1700 1933 ff.
1720 1893 1754 1924 de
1773 1893 1845 1933 Opt.
1867 1895 1916 1926 vel
1936 1905 1966 1927 e-

1100 1922 1164 1955 lect.
1184 1924 1242 1966 leg.
1286 1924 1361 1956 Scio
1382 1927 1477 1973 etiam
1493 1928 1576 1970 ess'e,
1599 1932 1652 1973 qui
1674 1934 1704 1965 d.
1733 1934 1752 1965 l.
1775 1944 1821 1972 19.
1847 1935 1966 1968 intelli-

1100 1973 1179 2007 gunt
1200 1967 1239 1996 de
1264 1965 1369 2007 legato
1396 1967 1632 2012 disjunctionis,
1658 1974 1722 2006 five
1739 1975 1967 2017 alternationis,

1102 2015 1138 2053 ut
1156 2013 1294 2045 vocant,
1317 2009 1435 2054 quique
1452 2011 1606 2051 ejusmodi
1623 2015 1760 2056 legatum
1776 2016 1902 2049 solicite
1917 2018 1964 2050 di-

1101 2047 1262 2089 stinguunt
1283 2047 1322 2080 ab
1351 2049 1418 2091 ipso
1442 2051 1548 2093 legato
1571 2063 1591 2085 o
1617 2055 1722 2089 tionis.
1777 2058 1838 2090 Sed
1856 2058 1964 2099 quidni

1102 2091 1193 2131 optio
1212 2089 1306 2121 etiam
1317 2090 1462 2124 consistat
1476 2095 1508 2124 in
1524 2094 1587 2126 duo
1613 2096 1674 2129 us?
1698 2099 1728 2130 ἅ
1745 2108 1801 2130 cur
1817 2100 1915 2142 magis
1931 2100 1965 2134 in

1103 2131 1219 2170 tribus,
1252 2131 1304 2162 vel
1327 2132 1359 2163 in
1381 2136 1544 2174 quatuor?
1574 2136 1646 2175 dic,
1670 2138 1722 2170 ubi
1743 2139 1865 2180 fistam3
1888 2141 1965 2182 quin

1101 2172 1235 2203 duorum
1283 2182 1385 2214 uoque
1409 2175 1573 2215 optionem
1594 2178 1656 2210 ess'e
1671 2187 1779 2221 aperte
1798 2181 1882 2214 dixit
1900 2182 1966 2214 Te-

1101 2213 1222 2245 rentius
1284 2213 1401 2246 leniens
1425 2217 1457 2247 in
1489 2217 1510 2252 l.
1532 2227 1578 2259 17.
1606 2219 1648 2261 ff.
1672 2222 1705 2253 de
1730 2222 1804 2263 Opt.
1821 2224 1869 2255 vel
1883 2222 1964 2256 elea.

1101 2255 1160 2302 leg.
1205 2255 1279 2286 Scio
1309 2264 1481 2296 praeterea,
1511 2259 1594 2298 ess'e,
1617 2263 1688 2302 qui,
1714 2270 1749 2295 ut
1763 2264 1967 2297 Triboniano

1101 2305 1133 2328 in
1156 2296 1183 2327 d.
1210 2295 1239 2337 ἓ.
1258 2306 1308 2337 23.
1335 2296 1405 2329 suus
1424 2298 1547 2332 constet
1565 2302 1688 2343 honos,
1711 2305 1801 2337 aliter
1816 2305 1967 2347 interpre-

1102 2344 1208 2369 tantur
1230 2339 1258 2369 οἱ.
1283 2340 1304 2369 ί.
1327 2348 1373 2376 19.
1398 2341 1456 2371 rati
1472 2342 1586 2382 etiam,
1612 2344 1695 2377 inter
1711 2353 1833 2378 veteres
1847 2346 1967 2387 jocos,

1103 2378 1162 2410 hac
1181 2379 1213 2410 in
1243 2388 1331 2419 parte
1345 2403 1354 2419 ,
1389 2379 1481 2413 fuisse
1499 2384 1616 2423 ajentcs
1634 2386 1663 2418 ὅ(
1680 2395 1846 2428 negantes,
1870 2388 1900 2420 &
1918 2387 1964 2420 in-

1103 2428 1151 2451 ter
1179 2420 1297 2460 ajentes
1318 2420 1411 2452 fuisse
1433 2422 1562 2456 Paulum
1588 2426 1619 2458 in
1638 2428 1665 2459 d.
1698 2428 1718 2460 l.
1741 2437 1786 2465 19·
1810 2428 1893 2460 inter
1912 2438 1967 2461 ne-

1102 2469 1211 2504 gantes
1232 2461 1319 2493 forte
1345 2463 1441 2503 alios,
1474 2474 1545 2497 nam
1572 2468 1728 2499 neminem
1744 2469 1870 2501 laudare
1893 2479 1966 2511 pos-

1104 2504 1184 2534 sunt.
1231 2503 1290 2534 Sed
1316 2503 1354 2534 de
1379 2504 1426 2535 liis
1442 2528 1452 2543 ,
1486 2507 1515 2538 ὃ(
1536 2507 1566 2538 id
1592 2517 1689 2549 genus
1707 2509 1795 2548 aliis,
1825 2510 1966 2544 dicamus

1103 2553 1167 2576 non
1195 2544 1315 2584 liquere
1338 2554 1347 2582 3
1378 2546 1538 2578 credamus
1566 2549 1697 2589 potius,
1731 2550 1965 2584 Tribonianum

1101 2595 1166 2617 non
1188 2587 1272 2616 reete
1289 2586 1477 2617 intellexiss'e
1497 2589 1713 2622 conditionem
1730 2614 1740 2630 ‚
1771 2601 1842 2639 quae
1860 2593 1965 2635 legato

1103 2626 1246 2667 optionis
1264 2625 1361 2665 inest,
1384 2628 1528 2667 hahebat,
1551 2630 1653 2670 inquit
1671 2632 1702 2664 in
1722 2634 1751 2664 d.
1774 2634 1802 2673 ς.
1823 2644 1874 2676 23.
1897 2635 1965 2666 olim

1103 2668 1314 2704 conditionem,
1351 2677 1396 2699 ET
1415 2678 1520 2708 ineo,
1543 2671 1599 2710 izifi
1618 2672 1674 2714 1·th
1698 2674 1862 2716 legatarius
1878 2676 1965 2707 vivus

1103 2707 1220 2749 optciffec
1240 2729 1252 2745 ,
1282 2710 1321 2739 ad
1346 2709 1481 2740 haeredem
1509 2711 1638 2754 legatum
1664 2724 1722 2755 non
1739 2717 1964 2748 transmittebat.

1102 2749 1225 2781 Habuit
1243 2747 1313 2779 sanc
1329 2751 1544 2784 conditionem
1567 2755 1677 2795 optio,
1702 2763 1736 2788 ut
1762 2757 1897 2790 rotunde
1912 2757 1963 2789 de-

1102 2784 1207 2822 fidivit
1227 2788 1325 2829 Gaius
1344 2790 1375 2822 in
1399 2792 1459 2833 l.3.
1478 2793 1519 2833 ff.
1541 2794 1603 2838 Q
1620 2795 1656 2830 &⁹
1671 2807 1689 2828 a
1705 2799 1783 2839 quib.
1803 2796 1961 2839 manumiffi

1103 2832 1133 2862 ὅ(
1151 2830 1251 2861 adhuc
1268 2831 1380 2869 habet,-
1413 2833 1463 2864 sed
1488 2844 1551 2866 non
1571 2846 1658 2876 eam,
1692 2848 1749 2877 ut,
1766 2837 1795 2878 fi
1809 2840 1867 2881 ipse
1883 2840 1964 2882 lega-

1102 2873 1195 2902 tarius
1210 2872 1297 2902 vivus
1314 2883 1370 2903 non
1387 2874 1520 2915 optaff'et,
1544 2876 1680 2918 legatum
1699 2888 1806 2920 percat
1824 2903 1835 2919 ,
1858 2889 1962 2922 quem-

1102 2912 1269 2943 admodum
1300 2913 1517 2948 Tribonianus
1549 2927 1711 2959 perperam
1740 2920 1963 2960 existimabat,

1102 2962 1134 2984 at
1151 2962 1248 2992 veru,
1272 2956 1535 2995 quemadmodum
1554 2959 1707 3000 fignificat
1734 2962 1798 3003 ipsc
1818 2961 1913 3003 Gajus
1932 2962 1964 2993 in

1101 2995 1128 3025 d.
1155 2995 1174 3025 l.
1193 3004 1222 3036 3.
1249 3001 1281 3025 ut
1310 3006 1365 3041 tino
1388 3003 1482 3037 optato
1508 3000 1681 3041 reliquorum
1711 3005 1785 3043 optio
1805 3006 1961 3045 extingua-

1101 3041 1167 3074 tur,
1199 3045 1267 3067 nam
1294 3044 1362 3076 ait,
1396 3041 1507 3078 opii-‘ove
1527 3041 1592 3080 five
1615 3042 1845 3085 eletli'onescrvi
1865 3047 1933 3076 daza
1951 3066 1963 3082 ,

1100 3077 1298 3116 quodammodo
1315 3077 1430 3121 fingztli
1454 3091 1513 3113 SUB
1546 3092 1767 3116 couni'riomz
1799 3086 1891 3128 legati
1918 3087 1960 3116 vi-

1098 3120 1213 3149 dentur.
1259 3118 1340 3150 Hazc
1359 3142 1370 3157 ,
1400 3131 1462 3153 non
1486 3123 1546 3154 alia
1569 3125 1714 3156 conditio
1743 3126 1844 3168 legato
1861 3125 1962 3167 optio-

1097 3159 1146 3190 nis
1174 3159 1272 3190 incrat
1288 3182 1298 3198 ,
1330 3161 1360 3192 &
1379 3171 1475 3202 quum
1493 3164 1585 3196 aliam
1604 3165 1699 3197 iness'e
1715 3167 1831 3198 dixerit
1848 3166 1964 3198 Tribo-

1095 3199 1225 3239 nianus,
1258 3208 1370 3233 contra
1395 3210 1444 3235 tot
1467 3205 1543 3238 alias
1566 3205 1701 3239 aliorum
1737 3207 1935 3240 autioritaics
1950 3229 1962 3244 ,

1921 3253 1964 3280 di-
