2008 3436
221 103 261 138 e.
287 113 360 140 vn<
386 101 757 140 BYNKERSHOEK
784 102 977 153 QUAEsT.
1003 100 1139 148 Juuis
1165 100 1298 138 parv.
1327 105 1414 142 Lis.
1441 107 1507 145 ιν.
1537 111 1574 147 e..
1598 112 1626 148 r.

0 218 1 221 ,
46 187 110 223 bris
124 189 260 231 vulgatis
277 189 461 223 Edistorum
481 192 511 224 &
527 190 738 224 Decretorum
754 190 771 232 (
781 201 800 231 4
813 191 837 230 ).
856 192 916 224 Sed

48 232 79 263 δι’
97 231 137 262 ibi
158 231 257 262 exstat
274 230 415 272 Epistula
431 232 568 275 Philippi
585 231 713 265 nomine
731 234 767 264 ad
788 233 914 265 Curiam

41 271 230 305 ‘Hollzindiae
252 272 367 314 scripta
390 284 440 307 20.
461 274 527 316 Jan.
561 279 650 315 1570.
691 274 767 316 (5)
803 284 861 316 qua
885 274 915 306 id

38 313 194 346 ‘Edietum
216 314 246 345 in
270 313 443 347 Hollandia
466 315 616 357 publicari
636 315 769 355 jubetur.
830 316 836 318 “

40 355 118 387 *cum
135 353 186 394 sit,
211 356 240 387 δε
263 356 293 387 in
316 355 508 395 Hollandia,
534 364 596 388 tarn
619 357 648 389 in
675 356 912 398 respondendo,

39 404 139 437 ‘quarn
153 396 344 436 judicando,
368 397 422 430 usu
447 405 600 439 perpetuo
616 398 715 431 fuerit
733 399 912 439 frequenta-

45 445 133 475 tum,
159 438 385 471 homunciones
406 439 556 481 quosdam
574 439 644 480 (6)
665 441 703 472 de
721 442 787 481 ejus
807 442 911 473 aueto-

44 478 136 511 ritate
159 479 314 512 dubitasse
341 480 463 520 miror,
488 480 540 513 sed
562 483 640 513 tanti
667 492 730 514 non
762 482 832 514 sunt
858 492 910 513 eo-

42 528 114 552 rum
139 521 295 560 rationes,
318 527 353 552 ut
377 521 536 562 referam,
569 532 604 554 ut
635 523 777 556 refellam
810 524 912 555 multo

44 562 157 594 minus.
202 562 308 604 Atque
333 562 379 593 lite
413 563 498 605 leges
526 564 674 596 universo
706 565 816 606 Belgio
845 566 912 597 sunt

44 608 249 641 communes,
273 603 355 644 leges
371 613 474 637 autem
493 605 638 647 speciales
661 607 700 638 dc
715 607 912 639 ass'eeuratio-

36 645 138 678 'nibus
166 644 376 677 condiderunt
406 645 723 680 Amsterdannnenses
754 650 807 680 ult.
843 648 910 688 Jan.

36 689 138 728 '1598.
163 685 238 728 (7)
262 686 374 727 quibus
399 688 512 720 deinde
540 690 625 721 varia
656 698 819 731 augmenta
847 690 911 721 live

41 728 166 761 Statuta
180 752 189 768 ,
214 727 252 760 ad
270 729 567 771 interpretationem
592 733 621 763 ὃς
638 732 888 763 emendationem
900 755 909 770 ‚

44 769 258 809 accesserunt,
283 771 313 802 ἃ
327 780 431 810 nunc,
451 779 485 803 ut
501 772 610 810 audio,
630 773 911 805 Amsterdammen-

43 810 91 844 ses
116 811 200 854 leges
227 812 319 853 plane
344 822 443 845 novas
476 815 665 853 parturiunt.
711 814 909 847 Middelbur-

43 853 182 894 gensium
199 853 282 895 leges
301 852 448 894 speciales
464 854 534 888 sunt
549 865 600 898 30.
621 857 707 897 Sept.
732 859 821 888 1600.
839 854 911 896 (8)

37 886 384 927 ·R0tterdaniineiiii·um
418 906 466 929 12.
498 897 594 929 Mart.
626 901 714 938 1604.
745 896 819 938 (9)
851 898 912 929 Sed

41 937 130 978 leges
142 936 273 968 omnino
291 946 389 969 novas
405 937 710 971 Rotterdammeni'es
727 938 827 970 rursus
838 948 911 969 con-

43 978 193 1009 diderunt
213 982 263 1011 28.
288 978 353 1019 Jan.
381 987 470 1020 1721.
495 979 589 1021 (10)
605 979 823 1021 Vliffingenses
835 989 910 1020 quo-

45 1028 108 1060 que
128 1042 139 1058 ,
169 1018 349 1052 constitutis
375 1020 554 1062 specialibus
575 1021 735 1062 judicibus
751 1045 761 1058 ‚
790 1021 841 1062 qui
871 1021 909 1051 tle

45 1059 326 1092 assecurationibus
348 1061 549 1101 iudicarent,
581 1064 664 1103 leges
690 1062 846 1101 judicandi
873 1061 911 1093 iis

46 1100 301 1143 pra—scripserunt
324 1111 373 1133 12.
396 1102 487 1135 Febr.
516 1106 607 1135 1661.
638 1102 735 1144 (11)
767 1098 818 1134 sed
848 1103 909 1136 illa:

35 1149 153 1182 'parum
183 1142 451 1184 frequentantur,
482 1145 550 1177 aliis
576 1153 700 1183 autem,
725 1154 798 1186 quas
824 1144 910 1181 dixi,

42 1184 183 1226 legibue,
207 1184 367 1226 saepisiime
395 1184 464 1219 usus
488 1186 572 1225 sum,
595 1194 707 1227 easque
732 1185 910 1227 compendii

44 1225 155 1263 causa,
176 1225 217 1257 sic
243 1226 399 1265 indicavi,
422 1227 569 1260 EdiCtum
593 1227 729 1268 Philippi
757 1227 794 1258 ll.
824 1236 913 1268 1570.

46 1267 106 1300 Ei.
133 1268 168 1299 P.
196 1267 296 1306 Leges
316 1268 629 1301 Amsterdammenses
651 1268 693 1300 A.
717 1269 914 1300 lNliddelbur-

45 1308 152 1351 genses
174 1308 223 1340 M.
246 1309 553 1343 notter-arnumenfes
574 1319 697 1342 veteres
716 1309 759 1342 R.
776 1310 817 1342 V.
837 1310 913 1342 Rot-

46 1350 286 1382 terdazunienl'es
304 1360 402 1383 noras
419 1351 459 1383 R.
486 1352 532 1384 N.

89 1392 194 1434 Atque
214 1392 276 1423 illce
297 1391 380 1433 leges
407 1394 514 1425 valent
538 1402 598 1425 tam
627 1394 657 1425 in
681 1393 913 1435 peregrinorum

4 1443 8 1447 ·
47 1443 140 1475 quam
171 1433 291 1465 civium
314 1433 431 1472 causis,
453 1435 626 1466 dummodo
654 1444 818 1476 negotium
840 1444 914 1466 con-

46 1475 178 1507 tractum
199 1474 255 1512 sit,
279 1475 330 1507 ubi
356 1485 401 1507 ea:
425 1477 510 1517 leges
534 1478 683 1509 obtinent
708 1476 734 1518 ἓ.
769 1485 821 1518 31.
853 1476 912 1507 Ed.

46 1516 86 1548 P.
111 1516 130 1557 §
156 1525 202 1557 14.
229 1515 272 1551 {5⁵-
302 1527 351 1554 29.
376 1518 418 1550 A.
443 1518 472 1560 §.
506 1523 556 1553 28.
591 1518 626 1554 &²
648 1528 699 1560 33.
725 1518 775 1550 M.
801 1517 829 1559 §.
862 1527 913 1557 24.

47 1558 91 1590 R.
124 1557 166 1589 V.
198 1557 340 1589 Omnino
366 1568 472 1591 autem
498 1561 610 1592 valent
638 1560 670 1591 in
702 1561 794 1592 rebus
813 1583 821 1598 ‚
845 1568 913 1600 quae

45 1599 122 1631 mari
140 1597 349 1640 deferuntur,
370 1600 480 1633 sivein
503 1601 556 1633 has
582 1601 757 1642 Regiones,
783 1601 846 1632 five
872 1609 913 1632 ex

45 1641 85 1673 iis
108 1639 290 1672 deferantur·
315 1640 344 1683 §.
373 1652 420 1684 14.
445 1642 489 1675 A.
513 1643 543 1675 &
568 1642 597 1684 §.
622 1647 672 1678 28-
697 1642 746 1674 Μ.
773 1643 913 1684 quamvis

45 1682 80 1715 in
106 1683 134 1726 §.
160 1682 218 1714 Ed.
241 1684 279 1715 P.
310 1685 342 1716 id
364 1684 514 1716 duntaxat
541 1683 716 1716 resti-ictum
734 1684 771 1716 fit
797 1683 834 1716 ad
863 1693 914 1715 eas

44 1734 95 1756 res
111 1749 120 1766 ‚
143 1734 212 1767 quae
245 1734 286 1757 ex
314 1726 361 1758 his
379 1725 572 1768 Regionibus
593 1726 671 1758 mari
697 1733 913 1767 exportantur.

45 1764 108 1799 Ubi
128 1775 206 1799 vero
228 1766 267 1799 de
287 1768 324 1800 iis
341 1767 432 1800 rebus
449 1768 569 1809 agitur,
594 1777 664 1810 quae
683 1776 764 1799 terra
783 1775 837 1798 aut
861 1766 916 1798 flu-

45 1809 204 1847 minibus,
229 1809 340 1841 aliisve
366 1809 450 1851 aquis
473 1809 706 1841 mediterraneis
720 1831 730 1847 ‚
754 1818 818 1841 non
838 1809 915 1841 mari

46 1850 257 1890 deseruntur,
290 1851 362 1893 quia
389 1860 492 1882 earum
523 1851 624 1883 minus
648 1851 824 1892 perieulum
849 1850 913 1888 est,

45 1893 170 1935 integra
190 1892 236 1924 est
261 1892 435 1934 paciscendi
460 1892 587 1924 libertas
607 1891 634 1933 §.
662 1902 711 1929 29.
738 1891 796 1923 Ed.
822 1892 860 1924 P.
885 1891 913 1933 ᾗ.

49 1943 99 1975 15.
115 1935 157 1966 A.
176 1934 205 1966 dic
221 1932 250 1974 §.
276 1943 326 1975 27.
351 1934 400 1966 M.
423 1933 573 1974 Idemque
591 1932 618 1975 ᾗ.
643 1943 695 1975 30.
719 1933 777 1964 Eri.
803 1933 840 1964 P.
860 1932 915 1965 sta-

38 1978 112 2008 'tuit
127 1977 165 2008 de
185 1980 296 2014 renus,
319 1986 386 2017 quse
409 1975 484 2006 mari
510 1975 541 2006 in
566 1975 619 2006 has
647 1976 804 2017 Regiones
827 1974 914 2006 defe-

46 2026 170 2052 runtur.
215 2016 365 2049 Ceterum
390 2017 433 2049 illi
466 2015 516 2058 §§.
542 2025 591 2053 29-
621 2024 669 2055 15.
695 2007 731 2051 ὃ)
759 2025 810 2056 27.
834 2016 914 2048 nihil

28 2059 214 2101 *quicquain
241 2068 338 2099 agunt
361 2059 400 2090 de
425 2059 578 2096 navrbus,
603 2067 672 2098 qua:
698 2067 791 2098 aquas
819 2057 914 2089 medi-

47 2109 204 2134 teti-aneas
227 2101 404 2142 navigant,
435 2108 530 2141 quare
550 2099 588 2130 de
619 2099 657 2130 iis
682 2099 763 2130 idem
789 2099 914 2130 videtur

45 2143 236 2180 dicendum,
261 2143 344 2182 quod
372 2142 411 2172 de
439 2140 572 2172 navibus
597 2140 780 2181 simpliciter
796 2140 827 2172 in
850 2141 913 2172 illis

30 2193 32 2195 '
46 2185 169 2225 legibus
185 2183 390 2216 constitutum
409 2182 464 2214 est.

87 2225 186 2258 Nune
202 2225 400 2256 excutiamus
413 2225 536 2264 aliquot
553 2222 772 2268 Qurestioncs‚
795 2234 863 2266 quae
873 2224 912 2256 de

28 2267 320 2300 ·ass'ecutationibus
339 2265 526 2297 inciderunt.
571 2267 623 2299 rix
646 2265 674 2305 ἦ.
690 2276 722 2305 5.
748 2266 806 2297 Ed.
831 2266 912 2298 R&

45 2309 75 2351 §.
100 2319 129 2350 3.
153 2308 195 2340 A.
221 2309 306 2340 nulla
325 2306 371 2338 est
387 2306 587 2346 assecuratio,
613 2307 633 2339 li
647 2316 709 2338 non
729 2307 912 2340 instrumen-

45 2360 83 2382 to
109 2349 258 2381 insertum
283 2349 319 2381 sit
347 2350 463 2380 nomen
491 2348 579 2388 loci,
603 2360 620 2380 a
637 2357 700 2388 quo
717 2349 746 2379 δε
764 2349 801 2379 ad
821 2357 913 2389 quem

44 2390 233 2424 destinatum
249 2391 285 2423 sit
304 2391 386 2424 iter.
408 2390 437 2421 &
456 2389 547 2431 ipsius
570 2391 612 2421 rei
637 2397 743 2420 natura
760 2390 792 2420 id
812 2389 912 2420 omni-

44 2437 89 2466 no
105 2432 263 2474 postulat,
285 2431 445 2464 sciendum
461 2430 544 2462 enim
563 2430 624 2470 est,
659 2436 777 2472 eit-quo
796 2431 914 2470 pericu-

43 2475 110 2508 lum
132 2474 170 2506 ad
191 2473 429 2505 assecutatoretn
449 2472 624 2512 pertineat,
657 2473 686 2503 <St
703 2472 826 2512 quando
848 2481 912 2502 ces-

43 2517 101 2549 set.
148 2515 257 2561 Quum
281 2514 471 2546 assecuratus
496 2522 534 2545 ex
556 2514 673 2551 literis,
698 2513 782 2544 adse
802 2513 884 2544 datis
901 2534 911 2550 ,

43 2556 251 2591 intellexisset
266 2580 276 2595 ,
309 2565 444 2593 navem,
478 2555 590 2586 Bilboa
615 2554 796 2586 venientem
812 2553 911 2585 Ham-

43 2599 177 2639 burgum
201 2597 330 2635 versus,
358 2598 461 2637 jacere
484 2596 520 2627 ad
542 2595 675 2627 Insulam
693 2594 736 2627 D.
754 2595 911 2630 Martini,

43 2641 139 2681 idque
164 2638 399 2670 assecurationis
432 2637 665 2674 instrumento,
705 2635 909 2668 Amsterdami

42 2681 194 2713 confesto
215 2700 224 2719 ,
258 2679 336 2711 esset
358 2678 531 2714 insertum,
562 2679 597 2710 ut
614 2687 726 2718 nempe
748 2678 787 2708 ab
810 2677 912 2709 Insula

42 2722 87 2755 D.
104 2721 237 2754 Martini
263 2721 390 2752 demum
413 2720 591 2761 periculum
614 2720 788 2759 inciperet,
815 2719 844 2751 ἃ
858 2728 910 2750 na-

43 2765 112 2802 vis,
135 2773 208 2795 cum
229 2770 344 2793 ventus
359 2760 500 2799 faveret,
524 2761 607 2793 illam
627 2760 763 2792 Insulam
783 2769 911 2800 praeter-

42 2804 215 2846 navigasset
229 2826 239 2841 ,
271 2803 378 2843 ibique
397 2812 461 2834 non
481 2802 623 2842 jacuisset
637 2825 645 2839 ,
670 2801 721 2834 sed
739 2801 844 2843 postea
860 2810 911 2842 pe·

41 2846 142 2879 riisset
163 2845 245 2880 antid
269 2843 480 2875 Duinkcrkam
500 2866 510 2881 ‚
549 2844 633 2875 ret'te
662 2842 841 2885 responsum
867 2842 912 2874 est

47 2885 152 2926 Confil.
178 2887 264 2928 Belg.
290 2884 325 2916 T.
351 2884 374 2915 l.
402 2882 505 2922 Confil.
527 2894 580 2926 43.
603 2895 633 2916 n.
662 2894 688 2916 1.
716 2895 746 2916 2.
766 2895 796 2926 3.
819 2883 855 2918 ὅ)
877 2894 908 2924 4.

43 2929 85 2960 ad*
105 2927 344 2960 assecuratorem
369 2925 546 2966 periculum
568 2926 756 2958 &damnum
773 2926 908 2965 pertine-

82 3049 144 3086 (4)
163 3049 240 3078 Plac.
261 3049 284 3077 I.
307 3056 333 3077 2.
357 3055 381 3081 7.
405 3055 430 3075 1.
451 3055 477 3079 2.

83 3087 242 3155 {⁶5¹}le
271 3088 308 3116 11.
337 3085 457 3122 Append.
490 3094 519 3123 p.
535 3090 619 3117 2116.
642 3086 747 3124 Repert.
767 3086 797 3117 C.
818 3087 859 3117 H.
879 3095 908 3125 p.

132 3164 145 3199 )

45 3136 121 3201 ²¹5‘(6
165 3164 256 3199 Confil.
278 3163 317 3192 H.
342 3161 374 3191 T.
390 3164 414 3191 I.
435 3162 526 3201 Confil.
548 3166 611 3198 187.
624 3162 650 3192 ὅ(
663 3164 781 3195 Vexwer
800 3166 830 3195 in
844 3164 910 3195 Not.

43 3203 78 3233 «d
96 3202 161 3232 LL.
183 3203 270 3233 Naut-
289 3202 364 3231 Phil.
387 3204 470 3238 15⁶3·
494 3201 528 3231 T.
541 3202 607 3233 VII.

817 317 913 363 Quod
937 311 946 321 ’

1750 105 1821 159 427⁴

958 198 1001 222 re.
1046 190 1106 236 Sed
1124 194 1195 222 cum
1213 190 1322 224 eodem
1337 191 1405 224 fere
1420 201 1560 237 tempore
1574 197 1680 231 similis
1698 198 1824 232 incidis«

959 229 1005 263 set
1023 232 1082 263 alia
1097 232 1248 273 quaestio‚
1287 233 1412 274 quidam
1438 244 1478 266 cx
1502 238 1608 270 iisdem
1627 236 1829 273 Consultorinv

957 273 1015 304 bus
1039 273 1138 313 (nam
1157 274 1188 305 hi
1206 274 1347 308 homines
1363 284 1426 307 non
1448 275 1566 317 semper
1583 280 1635 311 sibi
1653 281 1829 324 constant)

957 315 1096 358 itemque
1119 315 1171 346 alii
1201 325 1292 355 quam
1315 316 1443 357 plurimi
1470 327 1580 350 contra
1604 321 1828 361 responderunt.

959 356 1063 395 Consti.
1088 356 1174 398 Belg.
1203 357 1236 388 T.
1263 357 1319 390 ΙΙΙ.
1342 357 1445 397 Confil.
1475 361 1543 393 168.
1568 369 1599 390 ⁷1.
1627 360 1652 391 i.
1677 364 1712 397 ξιξ)
1737 373 1764 395 2,
1792 365 1824 396 ὃς

957 397 1060 437 Consil.
1089 402 1158 435 169.
1185 408 1216 430 π.
1245 408 1271 431 1.
1296 399 1368 436 &²2
1393 399 1620 432 assecuratores
1642 400 1761 435 seilicet
1777 405 1825 437 ni-

955 440 1000 472 hil
1017 440 1136 479 teneri,
1170 439 1354 474 striCtiffime
1377 441 1460 473 enim
1487 441 1700 474 inhaerendum
1723 446 1827 479 verbis?

955 480 1179 519 instrumenti,
1221 483 1322 524 iisque
1350 482 1526 524 expressum
1553 482 1633 523 esse,
1669 483 1710 515 ibi
1726 485 1827 523 jacere

955 532 1089 561 navem,
1112 531 1148 554 ut
1162 523 1205 555 ita
1223 524 1352 556 demum
1379 525 1415 556 ad
1441 523 1680 557 assecuratorem
1698 525 1826 567 incipiat

954 564 1109 606 pertinere
1129 565 1324 605 perieulum,
1346 567 1430 607 quod
1454 567 1571 598 accidit
1593 590 1603 606 ‚
1628 564 1788 607 postquam
1804 568 1827 599 i-

957 606 986 638 bi
1001 605 1147 646 jacuiss'et
1165 608 1272 645 navis,
1298 612 1455 648 nunquam
1490 615 1593 639 autem
1616 607 1759 648 jacuisse,
1782 615 1828 639 at-

956 657 1017 688 que
1033 648 1076 678 ita
1089 648 1306 680 conditionem
1319 671 1329 687 ,
1361 649 1441 681 unde
1465 649 1620 690 inciperet
1633 672 1642 688 ‚
1665 647 1826 682 defeeiss'c.

954 689 1007 721 Sic
1026 696 1114 719 certo
1133 689 1249 721 volunt
1270 690 1374 721 multo
1391 690 1559 722 verborum
1574 691 1713 732 agmine,
1739 690 1830 722 &ad-

955 731 1078 762 vocatis
1098 730 1220 771 aliquot
1239 732 1476 764 auetoritatibus
1494 731 1718 764 semibarbaris.
1764 731 1827 764 Sed

954 771 1099 812 profesto
1114 771 1150 803 iis
1166 773 1341 805 rationibus
1365 774 1442 804 nibil
1467 775 1632 815 quicquam
1653 774 1827 806 calumnio-

954 812 1034 852 iius,
1058 813 1138 844 nibil
1161 815 1256 845 etiam
1275 814 1411 846 stultius.
1459 815 1565 861 Quam
1584 814 1688 846 stricte
1707 815 1746 846 de
1757 823 1828 846 vet-

953 855 1002 886 bis
1020 854 1057 886 iit
1079 855 1261 896 litigandum
1285 878 1296 893 ‚
1328 855 1398 888 satis
1423 856 1539 888 indicat
1559 857 1695 897 vulgaris
1714 855 1828 888 instru-

956 904 1153 934 mentorum,
1177 907 1247 936 quae
1267 897 1306 928 de
1320 897 1601 929 affccurationibus
1618 898 1755 935 exstant,
1769 906 1827 938 po·

956 936 1069 969 strenia
1087 938 1242 977 clausula,
1266 939 1294 969 ὅ(
1325 946 1488 980 tantopere
1512 940 1624 980 jactata
1643 940 1725 971 bona
1749 939 1828 971 fides

956 979 985 1010 in
1006 979 1153 1011 omnibus
1169 980 1326 1021 Legibus,
1353 980 1391 1011 de
1411 990 1450 1011 co
1467 982 1648 1021 conti-actu,
1683 979 1775 1012 factis
1798 981 1829 1012 &

953 1020 1056 1051 editis.
1096 1022 1194 1067 Quod
1216 1030 1320 1052 autem
1341 1022 1491 1062 adjectum
1510 1021 1573 1060 cst,
1592 1021 1682 1061 ficuti
1704 1023 1827 1053 nuncia-

954 1067 1014 1091 tusfi
1034 1067 1116 1100 erat,
1140 1063 1293 1104 ibijczcere
1311 1073 1435 1101 naemu,
1459 1063 1657 1095 manifestum
1673 1062 1737 1103 est,
1759 1073 1826 1095 non

953 1103 1011 1134 alia
1027 1103 1115 1135 causa
1131 1103 1271 1136 factum.
1297 1114 1387 1145 quam
1407 1112 1440 1136 ut
1460 1105 1584 1136 termini
1604 1104 1829 1143 statuerentur,

954 1153 993 1175 ex
1013 1153 1077 1185 quo
1096 1145 1168 1176 loeo
1185 1145 1220 1176 ad
1250 1145 1488 1177 affectu-atorem
1514 1146 1688 1186 pertineret
1706 1147 1830 1186 pericn-

956 1185 1019 1216 lum
1028 1186 1038 1217 ἰ
1063 1185 1125 1218 five
1144 1186 1228 1218 enim
1247 1188 1288 1218 ibi
1304 1187 1528 1227 jacuerit,s1ve
1542 1196 1620 1221 non,
1642 1187 1742 1225 cedo,
1754 1187 1830 1228 quid
1874 1217 1875 1220 ,

959 1227 1104 1259 adrem?
1128 1227 1271 1260 inutilem
1294 1237 1370 1259 vero
1394 1228 1692 1260 demonstrationem
1719 1228 1830 1260 falsam

959 1269 1010 1308 id,
1036 1269 1086 1299 eui
1104 1268 1216 1302 inserta
1240 1269 1304 1307 est,
1339 1270 1418 1302 nihil
1438 1271 1573 1307 vitiare,
1600 1270 1650 1302 cui
1669 1270 1720 1302 vel
1742 1271 1831 1311 igno-

952 1319 1026 1341 ·rare
1047 1310 1096 1340 vel
1115 1320 1226 1352 negare
1247 1311 1434 1352 permittes?
1448 1311 1541 1342 Plane
1557 1311 1578 1342 si
1596 1310 1668 1342 ideo
1682 1311 1830 1344 damnum

957 1352 1064 1383 (latum
1083 1351 1161 1383 essct
1174 1376 1183 1391 ,
1205 1353 1289 1393 quod
1306 1353 1393 1384 navis
1411 1353 1451 1383 ibi
1468 1362 1530 1383 non
1546 1352 1710 1392 jacuisset,
1731 1362 1830 1393 quum

957 1403 999 1424 cx
1018 1393 1085 1434 Iege
1102 1394 1165 1425 loci
1177 1417 1186 1432 ,
1210 1395 1298 1426 sorte
1316 1394 1358 1425 ob
1374 1394 1546 1431 tributum,
1572 1394 1699 1425 deberet
1711 1416 1721 1433 ,
1736 1403 1831 1435 atque

959 1435 1048 1473 ideo,
1072 1435 1189 1466 etiamsi
1210 1437 1273 1476 jam
1297 1434 1584 1478 pi·aetei·1iavigasset
1599 1458 1609 1474 ,
1632 1434 1709 1467 esset
1727 1435 1830 1477 publi-

959 1484 1028 1507 cata
1041 1501 1050 1514 ‚
1073 1477 1158 1508 aliud
1173 1477 1321 1510 dicerem.

1001 1517 1160 1550 Dominus
1173 1543 1182 1557 ‚
1208 1520 1289 1551 ultra
1305 1529 1398 1560 quam
1414 1520 1480 1560 ejus
1506 1519 1634 1552 interest
1645 1544 1655 1559 ,
1679 1519 1828 1552 ass'ecura-

957 1560 982 1591 ri
1003 1560 1122 1600 nequit.
1150 1560 1240 1592 Unde
1255 1561 1417 1602 quaesitum
1436 1561 1482 1593 cst
1498 1562 1536 1593 de
1554 1562 1611 1593 liae
1629 1561 1742 1603 speeie.
1767 1562 1828 1593 'si-

953 1601 1021 1634 ‘tius
1047 1611 1118 1632 cum
1143 1602 1212 1643 plus
1239 1612 1331 1643 quam
1356 1611 1475 1643 partem
1511 1604 1592 1635 suam
1626 1603 1830 1646 all'ecur'atam

957 1643 1086 1674 habetet
1098 1665 1109 1681 ,
1131 1643 1161 1674 id
1179 1645 1262 1685 quod
1281 1643 1437 1685 supererat
1455 1645 1539 1676 cedit
1565 1646 1772 1686 Sempronio,
1797 1647 1829 1675 e'-

955 1684 1078 1726 jusdem
1095 1685 1182 1716 navis
1199 1684 1296 1717 socio.
1351 1685 1453 1718 Navis
1470 1694 1544 1718 tunc
1564 1687 1665 1718 adhuc
1688 1687 1832 1719 credeba-

958 1734 1007 1758 tur
1023 1725 1084 1757 ess'e
1099 1726 1200 1765 salva,
1225 1735 1311 1759 certe
1330 1736 1451 1769 captam
1472 1727 1532 1761 esse
1556 1737 1620 1760 non
1640 1726 1828 1767 constabat,

959 1775 994 1799 ut
1009 1766 1114 1809 postea
1132 1767 1286 1800 constitit.
1340 1769 1560 1810 Sempronium
1581 1778 1692 1802 contra
1713 1769 1831 1801 assecu-

957 1816 1079 1842 ratotes
1101 1810 1218 1842 nullam
1249 1810 1403 1842 actionem
1439 1811 1551 1842 habere
1585 1809 1766 1852 responsum
1783 1809 1830 1842 est

963 1849 1066 1890 Consti.
1091 1851 1127 1883 B.
1167 1851 1199 1883 T.
1225 1851 1264 1883 Il.
1297 1851 1400 1891 Consti.
1437 1862 1505 1885 120.
1530 1862 1561 1884 η.
1591 1862 1615 1884 1.
1642 1851 1679 1887 &³
1703 1862 1731 1883 2.
1777 1852 1830 1884 Sa-

961 1902 1018 1932 ne,
1044 1892 1065 1925 fi
1084 1903 1148 1925 non
1166 1893 1298 1925 ceffiss‘ct
1316 1893 1425 1926 Titius
1439 1918 1449 1933 ,
1484 1894 1604 1925 inutilis
1620 1894 1696 1925 ess'et
1714 1893 1831 1925 assecu-

961 1935 1043 1966 ratio
1071 1935 1156 1977 quod
1179 1935 1216 1966 ad
1243 1937 1393 1975 ὑπεροχὴν,
1430 1937 1460 1968 &2
1479 1935 1608 1967 difficile
1627 1935 1672 1975 est
1692 1935 1796 1967 dicere
1816 1958 1828 1975 ,

959 1976 1188 2018 obligationem
1208 1999 1218 2015 ‚
1249 1986 1319 2018 quae
1349 1977 1380 2009 in
1407 1976 1503 2008 Titio
1528 1986 1591 2009 non
1613 1975 1769 2016 substitit,
1795 1976 1830 2008 in

958 2018 1147 2059 Sempronio
1163 2041 1172 2055 ,
1202 2018 1252 2049 cui
1279 2018 1367 2050 ccffit
1392 2018 1525 2057 Titius,
1557 2017 1725 2050 subsistere.

958 2067 1062 2090 tamen
1082 2083 1091 2098 ,
1133 2069 1187 2092 cur
1213 2059 1355 2099 dubites,
1387 2069 1424 2091 an
1450 2069 1514 2092 non
1529 2059 1612 2092 reete
1631 2059 1678 2101 agi
1702 2058 1804 2099 posset
1820 2084 1831 2094 .

956 2101 1217 2141 quemadmodum
1240 2101 1261 2132 si
1278 2101 1347 2142 quis
1367 2101 1411 2133 X.
1439 2101 1600 2133 assecurari
1622 2100 1748 2132 seciss'et
1765 2100 1828 2141 pri-

955 2142 1008 2173 die
1024 2141 1092 2174 Cal.
1112 2152 1208 2183 quum
1230 2142 1269 2173 V.
1292 2151 1411 2174 tantum
1431 2143 1463 2174 in
1492 2143 1565 2174 navi
1585 2142 1710 2174 haberet
1724 2164 1735 2180 ,
1759 2143 1789 2173 ὅε
1803 2143 1828 2173 i-

955 2183 1014 2224 psis
1038 2183 1105 2216 Cal.
1132 2184 1192 2215 alia
1216 2184 1256 2215 V.
1287 2183 1494 2225 comparasset
1514 2207 1524 2222 ,
1555 2184 1585 2216 δε
1610 2184 1697 2214 navis
1719 2182 1826 2223 postea

954 2225 1111 2266 periisset,
1137 2225 1221 2256 reste
1240 2233 1346 2266 ageret
1366 2226 1402 2256 ad
1424 2225 1467 2257 X.
1487 2225 1559 2266 quia
1577 2234 1686 2255 verum
1701 2223 1746 2255 est
1760 2231 1827 2255 tan-

956 2267 980 2297 ti
997 2265 1048 2298 sua
1064 2265 1258 2304 interfuisse,
1284 2266 1368 2306 quod
1391 2275 1455 2298 non
1482 2265 1537 2297 nili
1552 2275 1591 2297 ex
1610 2273 1727 2297 eventu
1745 2264 1826 2296 aesti-

955 2316 1076 2346 matur,
1103 2317 1203 2348 neque
1226 2307 1310 2339 enim
1340 2317 1380 2338 ex
1408 2316 1550 2348 tempore
1566 2307 1745 2348 contr-achis
1761 2316 1827 2338 rem

956 2349 1166 2388 censebimus,
1190 2358 1288 2391 quum
1304 2358 1343 2382 ex
1359 2349 1474 2381 damno
1491 2348 1691 2380 substantiam
1710 2347 1826 2388 capiat.

958 2391 989 2422 Si
1015 2390 1140 2431 ιῖκςτροχνῖυ
1165 2389 1298 2422 eeffisset
1317 2390 1525 2431 SemproniO,
1548 2397 1602 2421 aut
1622 2388 1829 2429 comparasset

957 2431 1014 2462 illa
1032 2431 1071 2463 V.
1097 2430 1257 2473 postquam
1277 2431 1340 2470 jam
1353 2431 1441 2463 navis
1457 2429 1565 2462 fuisset
1580 2437 1689 2469 capta,
1711 2438 1825 2461 verum

958 2471 1021 2510 est,
1045 2482 1110 2504 non
1126 2472 1210 2504 recte
1226 2471 1294 2512 agi,
1319 2473 1391 2512 quia
1413 2471 1568 2512 obligatio
1584 2471 1644 2511 jam
1661 2469 1826 2502 commissa

956 2514 1051 2550 esset,
1066 2515 1096 2546 ἅ
1114 2522 1235 2545 certum
1255 2515 1286 2544 in
1321 2511 1430 2544 ersona
1446 2511 1549 2552 Titii,
1570 2511 1645 2554 quid
1661 2512 1827 2550 debeatur,

957 2556 986 2586 ἃ
1008 2563 1083 2586 tunc
1100 2555 1190 2586 loeus
1214 2554 1276 2585 erit
1298 2554 1414 2594 regula:
1441 2554 1510 2585 inl.
1536 2563 1587 2595 75.
1602 2553 1643 2595 ff.
1667 2554 1700 2584 (le
1719 2552 1759 2584 R.
1785 2552 1825 2594 J.

954 2597 1102 2628 Attamen
1121 2595 1204 2626 resse
1223 2594 1399 2636 responsum
1412 2603 1491 2635 puto
1503 2618 1512 2634 ,
1536 2595 1606 2636 quia
1622 2594 1681 2626 alia
1696 2593 1741 2625 est
1755 2603 1825 2634 per-

955 2636 1029 2669 sona
1045 2637 1152 2676 Titii,
1173 2636 1233 2668 alia
1250 2637 1446 2678 Sempronii,
1475 2637 1505 2668 &
1521 2637 1593 2677 quia
1618 2637 1649 2667 in
1665 2636 1722 2667 illo
1737 2634 1823 2666 facto

954 2677 1142 2718 constabat,
1167 2677 1294 2709 Titium
1321 2687 1378 2719 pro
1406 2677 1436 2709 sc
1457 2677 1524 2710 solo
1548 2675 1763 2713 contraxisse,
1794 2676 1827 2707 δε

953 2729 1011 2761 pro
1036 2719 1221 2761 Sempronio
1244 2719 1378 2751 noluisse
1402 2719 1600 2750 contrahere.
1646 2717 1751 2756 Atque
1773 2715 1821 2748 his

953 2761 1031 2792 adde
1047 2761 1181 2802 speeiem
1191 2783 1202 2799 ,
1223 2760 1262 2792 de
1277 2761 1412 2792 ceffione
1425 2757 1658 2790 assecurationis
1672 2767 1689 2788 a
1702 2757 1822 2789 Senatu

953 2803 1106 2843 Supremo
1119 2803 1291 2842 judicatam
1313 2811 1361 2843 13.
1377 2801 1463 2842 Sept.
1481 2808 1572 2840 1725.
1588 2799 1626 2830 de
1641 2807 1702 2840 qua
1718 2798 1822 2831 dicam

954 2843 1035 2876 infra
1060 2845 1092 2875 C.
1111 2843 1185 2875 XII.
1209 2842 1251 2882 ’ull
1273 2842 1380 2874 Titius.
1430 2868 1451 2875 ,.
1556 2846 1558 2848 “

996 2885 1168 2932 Quaesitum
1191 2884 1236 2916 est
1259 2885 1289 2917 ὃς
1303 2884 1342 2915 de
1360 2884 1417 2915 hac
1436 2883 1546 2924 specie.
1594 2883 1624 2915 Is
1636 2905 1646 2921 ,
1671 2882 1708 2914 ad
1726 2891 1822 2924 quem

951 2926 1159 2958 mittebantur
1172 2934 1310 2964 merces,
1321 2934 1372 2957 eas
1385 2924 1550 2957 assecurari
1565 2923 1656 2963 feeit,
1669 2932 1824 2970 pereunt,

1735 2974 1821 3007 agit,

987 3049 1051 3087 (7)
1072 3048 1149 3077 Plac.
1162 3048 1185 3075 1.
1202 3055 1228 3076 2.
1248 3054 1273 3082 7.
1292 3055 1318 3076 2.
1337 3054 1363 3082 3.
1384 3045 1571 3084 &separatim
1585 3055 1646 3076 cum
1658 3046 1823 3086 augmentis.

991 3089 1052 3124 (8)
1074 3087 1147 3115 Ibid.
1167 3087 1190 3114 1.
1213 3093 1239 3113 2.
1263 3092 1289 3120 7.
1313 3094 1340 3113 2.
1363 3092 1388 3119 5.
1410 3084 1612 3123 &separatim

993 3125 1055 3162 (9)
1077 3124 1151 3152 Ibid.
1171 3125 1193 3152 I.
1215 3132 1242 3152 2.
1265 3131 1290 3158 7.
1311 3131 1339 3151 2.
1360 3132 1389 3158 4.
1410 3122 1610 3162 &separatim

992 3162 1074 3199 (ιο)
1095 3161 1214 3191 Exstant
1227 3161 1380 3199 separatim.

996 3202 1009 3238 (
1019 3201 1072 3239 11)
1095 3201 1251 3237 separatim.

1107 3248 1260 3282 Hhhz

1772 2016 1868 2049 Est>
