2008 3436
196 124 264 163 168
464 117 862 163 CORNELII

191 197 400 241 apprehensus
425 198 489 232 fuit
506 223 518 239 ,
548 198 601 232 sed
627 199 663 231 ad
690 199 785 272 legati
804 198 993 240 petitionem
1012 197 1056 228 di-

192 240 317 278 miffus,
342 240 408 273 vid.
451 242 598 273 Aitzema
627 241 698 272 Lib.
743 239 810 271 'LL
833 247 864 280 p.
890 250 927 271 m.
951 249 1003 280 31.
1027 239 1058 269 δε

218 292 245 313 2.
291 281 334 313 Et
358 289 459 314 tamen
482 283 526 314 ibi
554 280 738 313 exstinctam
769 280 960 321 legationem
985 289 1055 320 pos-

193 293 241 355 ?es
260 331 409 364 arguere,
434 323 544 364 utique
562 322 706 359 finitum,
729 323 815 362 quod
838 322 875 353 ad
897 322 1031 362 legatum
1046 343 1054 358 ‚

194 363 336 395 officium
362 364 522 402 hominis,
553 364 605 404 qui
631 372 715 393 nunc
738 363 797 393 alia
819 362 930 402 agebat
947 363 977 393 in
997 361 1056 392 lm—

192 405 284 445 perio
312 405 478 437 Ordinum.
522 403 740 436 Nihilominus
757 404 814 435 vix
832 404 886 435 fibi
907 411 1056 443 tempera-

191 446 244 477 vit
261 445 330 477 Rex
349 445 506 484 Franciae,
531 444 605 486 quin
618 467 627 482 ,
650 452 686 474 ut
705 443 850 476 Aitzema
864 452 992 483 narrat,
1010 443 1055 483 ip-

194 485 227 518 sa
250 487 444 519 relaxatione
473 495 537 518 non
560 493 752 524 contentus,
774 485 880 517 durius
906 484 981 526 quid
1003 484 1054 515 de-

193 536 348 560 cerneret.

237 567 448 610 W'iequefort
463 578 498 599 en
515 567 573 609 son
601 566 811 607 Ambaffadeur
836 567 906 599 Lib.
930 566 954 598 Ι.
981 566 1055 597 Sea.

190 615 285 649 2842.
297 615 368 647 890-
384 609 580 650 Principem,
605 609 658 648 qui
675 607 794 640 subitos
812 607 882 639 suos
901 607 1058 649 permittit

191 651 227 682 in
252 651 346 691 legati
363 650 470 681 officio
489 648 567 688 ess'e,
594 658 633 680 eo
651 648 720 690 ipso
738 649 782 680 ait
797 649 1001 690 permittere,
1020 656 1056 680 ut

192 691 322 723 alterius
337 690 546 731 jurisdicitioni
572 688 707 729 subsint,
731 690 761 722 ὅ(
785 690 815 721 id
841 690 952 731 probo,
996 690 1056 721 Sed

193 739 262 763 tota
284 732 338 763 illa
363 731 455 763 Senio
482 736 532 766 28.
554 730 745 772 potiffimum
772 732 836 772 agit
849 732 888 762 de
903 740 936 762 re
954 731 1056 762 crimi-

195 773 281 810 nali,
303 773 342 804 de
360 782 419 813 qua
434 771 497 813 ipse
512 773 613 803 dicam
631 773 779 812 peculiari
800 773 884 804 loeo.

236 813 361 845 Uxores
382 823 454 845 cum
471 813 608 844 maxime
625 814 706 844 inter
724 813 899 855 legatorum
919 813 1054 845 comites

190 855 402 886 numerandae.
460 853 512 886 De
548 863 650 885 uxore
681 853 785 886 seeum
815 855 956 886 ducenda
989 855 1054 895 egit

193 896 363 927 Zoucheus
381 895 456 937 Jnr.
481 895 547 927 Fec.
572 898 651 927 inter
681 896 771 927 Geni.
796 895 883 927 Part.
910 895 949 927 ll.
979 895 1052 927 Sati.

192 937 376 977 4.⁷z.11.de
394 947 457 978 quo
473 937 546 969 vide
564 937 592 969 ὅ(
609 938 628 968 l.
640 947 671 977 4.
683 936 751 978 §.2
766 936 805 978 ff.
817 938 850 968 de
872 936 956 978 OffiC.
982 937 1054 968 Pro-

191 978 267 1019 cons}
282 977 317 1013 ὃ
335 978 393 1021 leg.
417 978 452 1010 In
471 979 629 1020 perpetuis
648 978 711 1009 illis
727 978 757 1010 ὅ(
775 978 998 1019 explorator-iis
1013 979 1053 1009 le-

192 1019 392 1060 gationibus,
415 1020 522 1060 quales
537 1019 604 1051 fere
621 1029 705 1050 nune
721 1019 807 1058 sunt,
825 1018 882 1050 usu
901 1019 1054 1058 obtinuit,

195 1070 232 1091 ut
255 1061 350 1101 legati
380 1060 482 1092 mariti
513 1069 624 1092 uxores
656 1059 724 1092 suas
751 1060 831 1102 apud
856 1059 886 1092 se
911 1060 1051 1091 habeant.

194 1101 276 1133 Cum
303 1101 438 1142 Philippi
463 1100 518 1133 IV.
543 1100 763 1142 Hispaniarum
789 1101 882 1142 Regis
906 1101 942 1132 ad
961 1101 1053 1133 Ordi-

182 1152 248 1174 *nes
272 1140 442 1174 Gener-ales
476 1142 596 1184 legatus
624 1142 825 1180 ordinarius,
854 1139 918 1182 ipse
938 1142 1052 1183 Belga,

193 1193 267 1214 cum
293 1193 395 1214 uxore
413 1182 464 1215 sua
484 1183 575 1215 Anno
593 1187 680 1224 1649.
705 1184 766 1215 huc
785 1183 936 1222 venisset,
961 1183 1053 1214 Fran-

194 1225 284 1255 cicus
312 1225 432 1265 legatus
466 1224 770 1264 Hermaphroditicam
791 1223 853 1255 effe
877 1224 1053 1266 legationem

193 1265 301 1307 inepte
319 1266 485 1297 cavillatus
503 1264 548 1297 est
566 1265 647 1308 apud
666 1265 813 1299 Aitzema
828 1265 898 1298 Lib.
921 1265 1052 1300 XXIX.

802 1366 1155 1402 CAPUT

928 127 1035 155 VAN
1095 118 1701 162 BYNKERSHOEK

1095 204 1127 238 p.
1148 209 1184 230 m.
1201 207 1273 239 724.
1290 198 1398 238 aliquo
1417 198 1500 229 enirn
1517 199 1682 241 legationis
1697 200 1805 233 officio
1821 202 1953 241 stultiam

1099 248 1171 276 earn
1194 239 1357 270 mulierem
1379 261 1389 276 ,
1413 248 1451 269 ne
1478 240 1660 272 calumniari
1684 242 1808 282 quidem
1840 248 1953 285 potuit.

1099 280 1136 311 In
1156 278 1261 311 Gallia
1283 289 1400 310 uxores
1419 280 1592 320 legatorum
1612 282 1774 314 venientes
1795 285 1823 317 ἃ
1843 286 1953 321 abeun-

1101 329 1147 352 tes
1168 320 1248 361 apud
1272 319 1370 366 ipsum
1389 320 1528 360 Regem,
1551 321 1682 354 honoris
1699 323 1807 363 eausa,
1831 328 1954 361 audiun·
1994 326 2000 329 ”

1101 371 1161 393 tur.
1207 360 1266 393 Sed
1288 362 1377 400 lunt,
1402 369 1437 392 ut
1462 361 1549 401 dixi,
1574 363 1655 395 inter
1681 365 1833 405 comites,
1858 368 1887 400 ὅ(
1910 379 1953 401 co-

1098 405 1201 434 mitum
1228 403 1348 442 optimas
1377 402 1459 433 reste
1486 403 1569 435 dixit
1605 404 1775 437 Marselaer
1801 408 1832 439 in
1859 409 1954 452 legato

1099 444 1168 476 Lib.
1196 442 1234 475 11.
1259 442 1380 484 Differt.
1405 447 1452 477 18.
1476 445 1558 475 unde
1575 454 1633 477 nec
1654 445 1736 478 bona
1753 457 1857 481 earum
1872 451 1953 511 reste

1098 483 1214 517 arresto
1232 484 1429 522 detinentur,
1454 484 1473 517 fi
1493 485 1620 518 detenta
1637 487 1803 528 aliquando
1819 488 1954 538 fuerint',

1099 533 1134 557 ut
1154 526 1246 557 Anno
1274 529 1362 563 1689.
1388 525 1521 565 accidit,
1546 527 1578 558 id
1594 527 1769 569 improbavi
1792 531 1860 571 Cap.
1920 543 1953 564 ae-

1099 568 1160 599 ced.
1204 566 1395 607 Legatorum
1422 566 1538 599 liberos
1558 591 1569 607 ,
1592 567 1624 601 in
1649 569 1806 610 legatione
1834 571 1867 603 su
1883 581 1955 615 cep-

1101 616 1170 646 tos,
1193 609 1260 648 Jure
1277 607 1407 649 originis
1425 607 1563 647 censeri,
1585 610 1668 642 inter
1683 620 1792 644 omnes
1815 613 1954 654 constat,

1101 649 1197 681 &ita
1225 657 1352 689 quoque
1381 647 1515 681 Ordines
1544 649 1723 684 Hollandiae
1747 653 1955 687 decreverunt

1100 700 1150 730 25.
1176 690 1246 730 Jun.
1273 692 1364 723 1686.
1388 697 1422 720 ut
1438 689 1483 720 est
1500 690 1532 722 in
1555 690 1703 724 Decretis
1720 703 1783 726 non
1801 695 1902 728 editis.

1096 771 1100 774 ῃ
1141 731 1201 763 Sed
1225 729 1306 770 saepe
1330 729 1491 770 quaesitum
1509 731 1572 770 est,
1593 742 1631 764 an
1650 735 1803 767 comitum
1824 746 1957 770 numero

1099 772 1129 804 &
1152 772 1220 812 jure
1243 771 1374 802 habendi
1399 770 1477 810 fint,
1503 774 1556 813 qui
1580 773 1718 814 legatum
1741 777 1953 818 comitantur,

1094 823 1162 855 non
1177 822 1212 844 ut
1230 811 1408 844 instructior
1423 812 1460 843 fit
1479 813 1615 855 legatio,
1640 813 1692 846 sed
1706 816 1799 848 unice
1815 826 1849 849 ut
1867 819 1956 852 luero

1099 853 1155 886 suo
1179 852 1344 885 consulant
1360 875 1372 892 ,
1400 852 1558 887 institores
1591 854 1677 887 forte
1703 856 1733 888 ὅς
1756 866 1954 894 mercatores.

1092 896 1140 928 ‚Et
1163 895 1305 936 quamvis
1328 894 1386 926 hos
1408 893 1487 935 saepe
1510 896 1727 937 defenderint,
1753 899 1783 930 ὅ(
1805 900 1955 935 comitum

1098 937 1173 969 loco
1201 937 1313 968 habere
1336 936 1497 968 voluerint
1512 937 1629 979 legati,
1652 947 1779 980 apparet
1797 949 1898 973 tamen
1915 941 1956 977 sa÷

1098 978 1156 1016 tis,
1180 987 1219 1008 co
1245 986 1307 1008 non
1333 977 1508 1017 pertinere,
1530 979 1583 1019 qui
1610 979 1642 1010 in
1664 980 1760 1020 legati
1781 981 1954 1023 legationis

1097 1028 1138 1050 ve
1159 1019 1266 1050 officio
1288 1027 1351 1049 non
1377 1018 1456 1049 sunt.
1502 1019 1609 1062 Quum
1633 1029 1739 1052 autem
1755 1031 1792 1054 ea
1815 1032 1863 1054 res
1878 1032 1954 1057 non-

1096 1069 1252 1100 nunquam
1270 1058 1374 1090 turbas
1391 1059 1529 1099 dederit,
1545 1061 1668 1101 optimo
1687 1064 1835 1104 exemplo
1853 1065 1884 1096 in
1893 1060 1957 1106 qui-

1095 1100 1224 1132 busdam
1243 1100 1332 1132 Aulis
1348 1100 1425 1131 oiim
1444 1109 1602 1141 receptum
1619 1101 1704 1141 fuit,
1724 1112 1759 1135 ut
1773 1105 1892 1146 legatus
1911 1114 1954 1137 te-

1096 1150 1222 1173 neretur
1247 1141 1399 1172 exhibere
1420 1143 1687 1175 nomenclaturam
1715 1146 1867 1178 comitum
1885 1145 1954 1178 suo-

1097 1191 1164 1213 rum
1177 1206 1186 1222 ,
1211 1181 1263 1213 sed
1281 1181 1406 1222 pcffimo
1423 1184 1570 1224 exemplo
1586 1184 1618 1215 id
1632 1194 1716 1218 nunc
1735 1186 1850 1229 ubique
1870 1186 1954 1221 Gen-

1097 1223 1176 1256 tium
1195 1223 1376 1265 negligitur.

1253 1366 1397 1402 XVI.

191 1446 383 1500 ,Qgtihus'ex
407 1451 509 1498 causis
534 1453 661 1500 legatus
681 1452 775 1501 poſjir
801 1456 963 1490 conveniri
987 1456 1020 1488 in
1047 1454 1109 1488 loco
1128 1480 1137 1496 ‚
1173 1455 1227 1488 ubi
1251 1454 1410 1500 legatione
1425 1453 1607 1502 fungitur,
1635 1451 1676 1495 ἐξ
1702 1455 1954 1501 quemadmodum

719 1513 795 1539 tanc
809 1503 970 1551 facienda
988 1502 1036 1548 fit
1055 1504 1174 1549 judicii
1201 1504 1414 1538 denunciatio.
1945 1511 1948 1514 ’

189 1599 447 1680 Legatum,ut
458 1599 624 1633 instrustus
639 1600 668 1632 δι
679 1610 751 1632 cum
769 1600 975 1639 instrumento
991 1599 1054 1639 est,

281 1640 413 1673 liberum
432 1641 494 1673 effe
517 1642 605 1673 volo.
652 1640 746 1683 Nego
770 1642 867 1682 igitur
891 1652 962 1674 eum
979 1652 1054 1674 con-

190 1681 294 1713 veniri
314 1681 418 1723 posse,
443 1683 516 1723 quia
533 1683 597 1723 pati
617 1692 680 1714 non
703 1682 806 1725 potest
825 1683 875 1722 id,
901 1684 985 1725 quod
1003 1693 1055 1715 ex-

189 1731 325 1754 tremum
343 1722 388 1755 est
404 1724 436 1755 in
453 1723 691 1764 Jurisdiffione‚
711 1724 765 1756 nisi
781 1723 970 1756 subducatur
986 1725 1053 1756 offi-

189 1765 243 1796 cio
262 1763 418 1803 Principis
439 1764 506 1803 sui,
528 1765 558 1796 &
575 1765 606 1796 id
624 1766 685 1804 est,
711 1766 795 1806 quod
812 1766 900 1804 dixi,
924 1766 1053 1798 consen-

191 1804 258 1837 sum
280 1803 432 1837 Gentium
456 1805 607 1847 probasse.
640 1805 754 1838 Nolim
770 1815 873 1838 tamen
891 1808 1053 1848 quisquam

190 1847 236 1878 ita
253 1845 411 1878 existimet
423 1870 432 1885 ‚
456 1846 546 1878 nullo
563 1847 655 1888 plane
674 1848 769 1879 modo
786 1849 950 1880 conveniri
967 1848 1055 1890 posse

190 1888 346 1929 legatum,
372 1887 424 1920 ubi
453 1888 557 1929 degit,
582 1889 677 1929 quin,
700 1889 722 1922 fi
747 1898 798 1920 me
817 1890 941 1927 audias,
963 1898 1053 1930 pote-

188 1929 232 1960 rit
257 1929 437 1970 aliquando.
484 1928 744 1971 Wicquefortius
762 1952 773 1968 ,
807 1931 859 1972 qui
888 1931 1054 1972 privilegia

192 1969 368 2011 legatorum
394 1971 543 2002 acerrime
557 1972 785 2013 propugnavit,
809 1982 845 2003 en
854 1971 910 2013 stm
928 1971 1051 2003 Ambas-

183 2012 294 2052 sadeur
314 2010 384 2042 Lib.
409 2011 433 2043 l.
454 2011 527 2043 Seet.
549 2017 601 2046 28.
615 2018 646 2053 p.
673 2017 742 2050 899.
764 2012 901 2054 legatum
919 2023 959 2044 ex
978 2023 1052 2045 eon-

191 2051 319 2090 trastu,
333 2060 425 2091 quem
446 2050 513 2093 ipse
528 2062 635 2084 coram
650 2053 789 2085 Notario
809 2054 839 2085 δε
859 2054 987 2086 testibus
1001 2064 1051 2085 ce-

191 2092 330 2138 lebravit
346 2113 357 2130 ,
388 2091 513 2133 subjicit
535 2093 747 2134 Jurisdic'lioni
776 2095 939 2126 ordinariae
957 2118 968 2134 ,
1000 2095 1050 2127 sed

189 2134 246 2165 vix
272 2133 509 2173 animadverto,
534 2143 591 2165 cur
618 2135 715 2176 magis
739 2144 779 2166 ex
806 2136 959 2176 ejusmodi
976 2146 1050 2168 con-

191 2174 292 2206 tractu
308 2173 460 2214 solemni,
484 2184 577 2216 quam
607 2184 647 2207 ex
673 2176 736 2207 alio
753 2177 868 2217 quovis
888 2178 1051 2209 conveniri

188 2213 293 2257 poffitl
340 2214 423 2254 Hie,
449 2215 471 2248 fi
490 2216 599 2254 ullibi,
621 2226 725 2248 manes
742 2216 813 2249 suos
829 2217 929 2259 passus
948 2218 994 2250 est
1011 2220 1052 2251 le-

190 2265 337 2298 gatorum
357 2256 411 2288 ille
427 2257 544 2289 vindex
562 2258 592 2289 ὅ(
615 2257 720 2289 stator.
745 2259 822 2297 Sed,
847 2267 882 2290 ut
896 2259 973 2299 juris
993 2260 1054 2301 pri-

190 2298 259 2329 vati
281 2297 410 2329 minime
435 2298 599 2330 consultus
617 2298 702 2337 fuit,
725 2300 832 2341 potuit
859 2300 890 2332 in
910 2309 949 2332 eo
966 2301 1049 2340 labi,

190 2338 299 2380 potuit
326 2338 356 2370 ὅ(
375 2339 434 2370 alia
461 2340 639 2380 praeterire,
664 2349 700 2371 ut
725 2341 903 2381 praeterivit
926 2343 1051 2380 omnia,

191 2389 261 2420 quae
286 2389 370 2411 nunc
393 2380 554 2422 exsequar.
609 2381 743 2413 Scilicet
774 2382 804 2414 in
830 2382 1024 2426 Regionibus
1041 2405 1052 2421 ,

189 2421 244 2452 ubi
270 2421 312 2452 ob
333 2421 414 2453 bona
439 2422 668 2461 convenimur,
691 2423 721 2454 ὅ(
739 2432 780 2454 ex
803 2432 910 2455 eorum
936 2423 1051 2456 ari-esto

188 2461 296 2494 forum
314 2461 481 2501 sortimur,
504 2464 609 2495 nullus
627 2464 759 2502 dubito,
784 2465 859 2506 quin
880 2465 910 2497 ὃς
935 2465 1051 2506 legato-

189 2512 259 2534 rum
286 2503 368 2534 bona
398 2505 515 2535 arretio
539 2505 692 2543 detineri,
725 2506 754 2537 ἅ
778 2515 833 2547 per
858 2505 920 2537 hoc
940 2507 993 2548 ipii
1022 2507 1052 2538 in

188 2543 238 2584 jus
261 2544 369 2574 vocari
397 2544 521 2584 poflint.
566 2545 673 2584 Bona,
696 2546 770 2578 dico
785 2570 795 2586 ,
816 2546 882 2579 five
909 2548 1052 2580 immobi-

190 2583 252 2623 iia,
275 2582 337 2615 five
354 2584 504 2623 mobilia,
525 2585 698 2616 dummodo
717 2596 818 2628 neque
836 2588 872 2619 ad
891 2588 1052 2629 personam

191 2625 259 2665 eius
276 2625 473 2665 pertineant,
496 2634 616 2697 neque,
635 2633 780 2667 tanquam
800 2629 938 2669 legatus,
961 2629 1051 2670 poffi-

190 2666 284 2705 neat,
310 2675 374 2697 uno
396 2666 514 2706 verbo,
550 2666 602 2697 ine
628 2667 741 2707 quibus
761 2668 951 2708 legationem
971 2670 1053 2701 reae

192 2707 282 2738 obire
298 2706 412 2748 potest.
458 2706 532 2739 Hoc
551 2715 673 2746 tamen,
696 2707 738 2739 ob
754 2707 894 2749 personae
912 2710 1052 2742 rancura-

152 2780 155 2783 ,
192 2755 255 2779 tem
274 2771 284 2787 ,
319 2756 593 2789 temperamentO,
624 2758 664 2780 ne
692 2749 766 2789 quid
796 2750 870 2790 plus
891 2751 1050 2791 capiatur,

191 2798 282 2830 quam
308 2789 429 2830 legatus
448 2790 562 2828 debet,
588 2790 618 2822 ὅ(
643 2799 683 2822 ne
698 2789 791 2830 quid,
813 2790 894 2830 quod
912 2792 967 2822 ille
988 2801 1051 2824 non

189 2830 330 2862 civiliter
349 2830 501 2871 poffidet,
524 2831 554 2863 &
573 2830 614 2869 fi,
638 2831 722 2872 quod
739 2838 863 2872 captum
880 2830 942 2870 est,
966 2841 1049 2872 quae-

190 2878 302 2910 ratur,
326 2872 364 2902 ad
388 2872 481 2913 legati
508 2871 672 2913 personam
697 2881 851 2903 munusve
875 2873 1049 2914 pertineat,

189 2921 250 2943 nee
275 2921 336 2951 ne,
359 2911 478 2953 semper
498 2922 554 2955 pro
579 2913 686 2955 legato
705 2913 870 2954 benignior
884 2913 939 2945 fiat
956 2913 1048 2945 inter—

189 2954 339 2993 pretatio.
383 2953 522 2995 Excipio
544 2954 639 2996 igitur
657 2953 819 2992 triticum,
843 2954 970 2994 vinum,
986 2955 1048 2986 ole-

189 3002 264 3032 um,
287 3003 411 3026 omnem
427 3002 562 3035 penum,
586 2994 826 3037 fflpelleftilem,
850 3004 977 3034 aurum,
1000 3005 1046 3026 ar-

188 3042 317 3073 gentum
335 3058 347 3074 ,
376 3036 546 3075 mundum,
568 3044 768 3075 ornamenta,
793 3044 972 3078 unguenta,
995 3046 1045 3067 ve-

186 3073 348 3114 stimenta,
371 3076 479 3109 rhedas
493 3076 557 3109 sive
575 3086 719 3109 carrucas
739 3077 868 3118 pensiles
884 3078 1043 3119 (dormito-

187 3115 248 3145 rias
264 3114 350 3147 forte
365 3118 504 3158 appellat
524 3119 669 3150 Scaevola
685 3119 714 3151 in
734 3119 754 3150 l.
784 3128 832 3161 13.
851 3118 891 3160 ff.
917 3120 950 3150 de
965 3119 1041 3150 Aur.

184 3155 368 3202 arg3leg.)
394 3167 510 3203 equos,
533 3159 655 3198 ιῃυῑοε,
678 3160 709 3192 &
731 3169 804 3202 quae
830 3162 890 3192 alia
917 3160 1043 3200 prolixo

183 3205 310 3230 nomine
326 3197 420 3240 legati
438 3198 576 3232 mstructi
593 3200 622 3233 ὅ(
638 3209 711 3235 cum
727 3200 936 3235 instrumento
957 3210 1042 3236 com-

1099 1600 1247 1642 prehendi
1267 1599 1403 1641 poffunt.
1455 1601 1686 1641 SupellectiIem
1710 1610 1760 1633 me
1786 1610 1955 1635 enumeras-

1099 1641 1149 1680 se,
1173 1642 1203 1674 &
1232 1651 1303 1673 curn
1327 1642 1462 1674 maxime
1486 1642 1724 1674 enumerandam
1750 1642 1842 1674 fuiss'e
1860 1667 1870 1682 ,
1892 1653 1956 1676 non

1097 1683 1283 1721 mirabitur,
1306 1683 1359 1724 qui
1378 1693 1418 1715 ex
1445 1683 1465 1715 l.
1488 1693 1517 1724 7.
1536 1689 1584 1723 pr.
1605 1683 1645 1725 ff.
1665 1685 1699 1714 cle
1723 1683 1874 1724 Supelleez.
1893 1685 1951 1727 leg.

1096 1724 1262 1762 didicerit,
1285 1725 1440 1766 originem
1457 1724 1658 1766 supellectilis
1672 1726 1711 1756 ab
1727 1725 1774 1757 his
1797 1724 1876 1764 effe,
1900 1725 1955 1767 qui

1097 1766 1173 1797 olim
1197 1766 1228 1797 in
1256 1766 1446 1807 legationem
1476 1765 1762 1807 proficiscebantur.
1804 1765 1885 1798 Haec
1901 1776 1953 1798 au-

1098 1814 1160 1838 tem
1181 1807 1286 1838 omnia
1308 1816 1384 1839 tunc
1401 1808 1525 1839 demum
1545 1808 1692 1847 excipio,
1715 1806 1736 1839 fi
1751 1807 1790 1839 ad
1806 1805 1892 1839 usum
1910 1807 1952 1839 lc·

1096 1848 1160 1889 gati
1186 1848 1294 1888 eiusve
1320 1847 1462 1881 Familiae
1485 1849 1684 1889 pertineant,
1705 1856 1768 1880 non
1791 1849 1954 1888 triticum,

1096 1889 1222 1928 vinum,
1247 1889 1353 1921 oleum
1371 1913 1380 1929 ‚
1412 1891 1497 1931 quod
1520 1891 1639 1929 legatus
1668 1890 1700 1922 in
1724 1889 1842 1921 horreis
1865 1898 1953 1930 repo-

1094 1928 1194 1962 fuerit
1209 1930 1246 1962 ad
1263 1939 1487 1971 mercaturam,
1508 1941 1570 1963 non
1586 1940 1683 1971 equos
1699 1930 1728 1962 &
1744 1930 1862 1969 mulos,
1873 1939 1954 1972 quos

1095 1971 1215 2012 legatus
1243 1972 1452 2013 hippocomus
1476 1973 1556 2011 alit,
1592 1979 1626 2002 ut
1649 1970 1773 2003 vendat.
1824 1971 1956 2004 Merces

1093 2012 1211 2054 legati,
1234 2021 1269 2043 ut
1298 2020 1333 2043 ut
1357 2022 1405 2044 res
1431 2013 1563 2044 mobiles
1581 2012 1620 2043 ab
1645 2011 1759 2043 arresso
1776 2021 1839 2044 non
1857 2012 1954 2054 magis

1092 2054 1245 2085 immunes
1262 2061 1373 2092 erunt,
1397 2063 1487 2094 quam
1507 2063 1555 2085 res
1580 2053 1757 2084 immobiles
1772 2076 1781 2092 ,
1805 2053 1877 2094 quia
1891 2053 1954 2086 fine

1094 2094 1157 2125 illis
1183 2094 1266 2125 recte
1281 2103 1447 2125 exercetur
1471 2095 1609 2135 legatio,
1631 2103 1730 2134 neque
1751 2093 1828 2125 adeo
1846 2103 1954 2127 earum

1093 2135 1237 2208 dtsektentio
1252 2135 1324 2167 ullis
1339 2135 1468 2176 legatis,
1492 2145 1554 2177 qua
1572 2136 1704 2176 legatis,
1729 2134 1953 2176 impedimento

1095 2185 1112 2208 e
1144 2201 1151 2208 .

1147 2216 1218 2258 Ipsa
1247 2216 1401 2258 Principis
1427 2218 1549 2249 externi
1576 2217 1658 2250 bona
1686 2218 1717 2250 in
1738 2217 1874 2259 Imperio
1896 2226 1950 2250 no-

1094 2258 1158 2290 stro
1182 2257 1265 2290 reete
1290 2258 1407 2291 arresto
1435 2258 1564 2301 subjici,
1588 2260 1618 2291 &
1643 2268 1712 2291 eam
1729 2258 1952 2300 subjectionem

1093 2299 1198 2334 forum
1223 2299 1379 2338 tribuere,
1406 2300 1476 2341 Cap.
1500 2300 1554 2332 lV.
1579 2300 1746 2341 probabam
1761 2322 1773 2338 ,
1803 2309 1862 2332 nec
1887 2300 1952 2332 ani-

1093 2341 1277 2379 madverto,
1301 2350 1358 2372 cur
1381 2341 1557 2382 legatorum
1582 2344 1664 2373 bona
1677 2340 1795 2383 potiori
1813 2341 1880 2380 J'ure
1900 2340 1951 2372 ha-

1092 2382 1192 2413 benda
1207 2381 1276 2414 sint.
1300 2381 1369 2424 Ipse
1388 2383 1508 2424 legatus
1529 2382 1669 2414 subditus
1688 2381 1791 2413 noster
1806 2390 1869 2412 non
1886 2379 1953 2420 est,

1094 2422 1144 2455 sed
1159 2423 1224 2463 ejus
1242 2423 1322 2455 bona
1333 2446 1345 2462 ,
1359 2423 1380 2455 fi
1394 2423 1482 2455 sorte
1499 2424 1577 2463 apud
1594 2433 1652 2456 nos
1669 2422 1882 2463 reperiantur,
1897 2431 1951 2453 no-

1095 2464 1143 2496 bis
1159 2463 1279 2496 subdita
1296 2464 1384 2503 sunt,
1410 2465 1439 2497 ὅ(
1457 2464 1649 2496 subditorum
1668 2463 1885 2494 conditionem
1906 2461 1951 2494 se-

1096 2513 1245 2546 quuntur.
1289 2505 1352 2537 Ubi
1371 2507 1415 2543 is,
1437 2505 1491 2546 qui
1509 2506 1588 2536 bona
1607 2503 1718 2543 habet,
1743 2503 1798 2535 etii
1816 2503 1880 2545 ipse
1897 2512 1949 2536 ex-

1097 2554 1145 2578 tra
1167 2546 1359 2578 territorium
1378 2546 1430 2584 fit,
1458 2546 1485 2576 vi
1503 2554 1611 2576 eorum
1629 2544 1784 2576 bonorum
1801 2545 1951 2577 conveni-

1096 2587 1122 2618 ri
1147 2586 1250 2628 potest
1270 2610 1280 2626 ,
1310 2587 1353 2618 ibi
1381 2587 1410 2618 ἀ
1435 2586 1554 2626 legatus
1578 2586 1741 2617 conveniri
1767 2585 1907 2627 poterit,
1929 2584 1951 2619 fi

1095 2628 1269 2659 immobilia
1285 2627 1417 2664 habeat,
1439 2627 1490 2657 vel
1508 2625 1636 2657 mobilia
1650 2648 1660 2664 ,
1677 2636 1748 2668 quae
1765 2627 1802 2658 ad
1823 2627 1852 2658 le
1861 2627 1950 2658 ratio-

1094 2679 1166 2700 nem
1193 2678 1256 2700 non
1285 2668 1453 2708 pertinent.
1501 2666 1633 2699 Grotius
1648 2669 1681 2699 de
1701 2667 1778 2708 Jccre
1797 2667 1833 2699 B.
1912 2667 1949 2700 P.

1095 2710 1165 2741 Lib.
1191 2708 1230 2740 11.
1259 2709 1289 2739 C.
1319 2713 1365 2742 18.
1390 2708 1416 2749 ᾗ.
1442 2717 1472 2745 9.
1499 2717 1547 2739 res
1568 2707 1624 2740 soli
1644 2709 1796 2740 duntaxat
1813 2708 1952 2750 pignoris

1094 2749 1219 2791 capioni
1242 2747 1383 2788 subjicit,
1409 2747 1458 2779 scd
1487 2749 1552 2788 ejus
1574 2748 1782 2782 distinctionis
1798 2752 1950 2781 rationem

1093 2791 1237 2822 deiidero.
1284 2789 1348 2820 Ubi
1375 2791 1486 2820 amelia
1510 2800 1573 2822 non
1605 2789 1847 2832 frequentantur
1866 2812 1876 2826 ,
1899 2799 1950 2822 ne-

1093 2840 1154 2873 que
1178 2830 1352 2862 immobilia
1380 2831 1472 2871 legati
1502 2832 1624 2872 pignori
1650 2831 1718 2873 capi
1738 2839 1888 2873 poterunt
1912 2830 1950 2863 ad

1093 2871 1290 2903 tribuendum
1307 2871 1431 2910 forum,
1459 2872 1508 2903 ubi
1525 2875 1764 2915 frequentantur
1775 2896 1784 2912 ,
1801 2879 1948 2914 poterunt

1092 2914 1121 2945 δι
1138 2912 1286 2950 mobilia,
1311 2913 1381 2952 quia
1400 2913 1529 2945 nia-bilia
1542 2936 1553 2952 ,
1576 2923 1668 2955 quam
1688 2913 1741 2945 diu
1758 2914 1789 2946 in
1806 2922 1844 2945 eo
1863 2913 1948 2945 terri-

1091 2953 1175 2984 torio
1195 2952 1284 2992 sunt,
1310 2962 1373 2985 non
1392 2954 1492 2986 minus
1516 2954 1586 2986 sunt
1607 2953 1759 2995 subjecta,
1783 2963 1875 2996 quam
1892 2953 1946 2986 irrr-

1089 2993 1238 3031 mobilia,
1263 3002 1297 3025 ut
1327 2994 1371 3025 ita
1399 2995 1427 3026 in
1457 2995 1645 3035 mobilibus,
1692 3005 1737 3027 uae
1765 2995 1858 3027 habet
1886 3002 1947 3029 tan-

1088 3044 1180 3076 quam
1208 3035 1348 3076 legatus,
1373 3036 1527 3068 duntaxat
1554 3037 1645 3069 aliter
1686 3037 1794 3069 critias.
1840 3034 1945 3078 Ipsum

1087 3076 1243 3117 legatum,
1265 3077 1408 3116 quamvis
1423 3078 1503 3117 apud
1524 3087 1581 3109 uos
1600 3078 1720 3120 legatus
1737 3077 1791 3117 fit,
1817 3077 1847 3109 δι
1867 3077 1946 3118 apud

1086 3126 1144 3148 nos
1161 3117 1378 3155 contraxerit,
1401 3118 1527 3150 fictione
1544 3118 1641 3158 juris,
1666 3128 1756 3159 quarn
1777 3117 1847 3151 usus
1863 3117 1944 3151 Gen-

1087 3158 1164 3189 tium
1195 3159 1392 3198 introduxit,
1419 3159 1564 3191 habemus
1589 3168 1646 3200 pro
1674 3158 1823 3195 absente,
1845 3159 1944 3191 horni-

1084 3208 1157 3238 nes,
1182 3201 1297 3241 quibus
1317 3199 1371 3233 ille
1391 3200 1508 3240 utitur,
1525 3200 1672 3233 habemus
1685 3209 1744 3242 pro
1758 3198 1945 3238 absentibus,

1855 3247 1942 3273 uten-
