2008 3436
174 123 241 160 150

173 195 250 226 tiam
272 193 397 234 prolixe
424 192 559 226 Ordines
578 192 750 227 Generales
779 200 890 224 contra
917 190 1041 230 Angloa

175 234 336 276 disputant
352 236 382 267 in
402 233 543 266 Deci-eto
559 236 629 268 anni
654 239 745 269 1688.
765 243 812 275 13.
831 234 928 265 Mart.
954 230 1039 272 quod

176 275 221 308 est
245 276 277 307 in
300 277 333 307 cle
359 275 444 307 Hali.
470 276 603 309 Mercur.
634 280 723 310 1688.
744 281 776 315 p.
805 278 875 308 188.
905 278 973 309 189-
1001 271 1037 306 θ’

179 326 250 353 190.
274 317 304 348 ἃ
320 317 403 348 reue
418 317 578 358 disputant
588 340 599 356 ,
622 318 715 348 ctiam
733 315 950 348 consentiente
960 311 1039 344 Gro-

175 358 225 389 tio
242 359 274 389 de
287 356 325 399 J.
350 357 384 389 B.
411 357 447 393 {5⁹
465 358 502 390 P.
528 359 598 390 Lib.
611 358 649 390 ll.
668 358 700 388 C.
710 366 741 396 5.
755 366 842 396 n.24.
859 364 918 387 nec
935 363 1039 396 quem-

176 408 271 439 quam
294 399 396 438 novi,
430 400 483 440 qui
506 400 700 431 contradicat
720 420 730 435 ,
759 397 815 429 nili
843 397 918 428 Ant.
955 396 1039 427 Mat-

177 440 295 479 tliaeuin
317 441 350 471 cie
378 441 500 472 Crimin.
525 441 563 471 ad
589 440 626 471 L.
643 438 794 471 XLVIII.
811 437 852 478 ff.
886 437 919 468 T.
940 436 978 468 II.
1007 436 1040 466 C.

180 490 209 512 1.
233 491 264 512 η.
288 491 317 518 9.
344 481 391 513 illi
418 491 529 522 nempe
553 482 584 512 in
611 487 746 512 mentem
768 480 856 510 venit
878 477 1040 510 adfirmare

178 521 300 563 semper
318 523 471 563 aliquem,
497 522 698 562 quantumvis
713 519 894 557 decesserit,
918 526 1041 563 manere

179 561 357 602 subditum,
383 562 498 594 frustra
515 563 575 593 huc
603 561 776 599 advocata,
799 569 891 601 quam
909 568 973 591 non
995 568 1040 589 in-

179 604 329 643 tellexit,
346 605 371 639 l.
398 614 446 641 29·
465 603 507 644 ff.
531 604 570 634 ad
586 603 734 642 Murztcz‘p.
782 601 842 633 Ubi
864 601 960 641 igitur
977 609 1041 630 non

178 644 225 676 est
250 646 302 677 lex
326 644 490 688 specialis,
523 654 594 685 quae
620 643 651 674 id
674 651 763 674 vetet
782 666 791 682 ,
825 643 902 674 licet
927 640 1043 672 subditi

181 687 398 718 conditionem
418 694 560 723 mutare,
581 692 704 716 mutato
723 693 763 715 ex
779 683 872 714 animi
891 682 1044 714 sententia

178 727 345 758 domicilio
356 749 366 765 ,
382 725 433 762 sed
449 726 501 757 ubi
521 733 676 757 mutatum
691 733 753 756 non
772 723 817 755 est
826 746 841 762 ,s
857 732 891 755 ut
908 722 1042 764 peregri-

180 771 312 806 nantes,
336 767 433 798 etiam
458 767 572 808 privati
585 785 602 805 5
619 775 740 797 mutare
764 775 828 797 non
855 764 977 803 solent,
1002 773 1043 795 ex

179 809 272 840 brevi
290 809 541 840 commoratione
559 817 620 840 non
637 806 780 838 nascetur
795 805 901 838 forum
920 814 1043 845 compe-

180 859 262 882 tens.
307 849 446 890 Excipio
462 849 567 881 delieti
588 847 708 880 causam
722 870 731 886 ‚
757 857 826 879 nam
844 848 875 879 δι»
891 846 962 887 Jure
979 846 1042 877 Ro-

180 898 293 930 mano,
318 890 459 931 quamvis
477 889 593 922 Praeses
608 890 639 921 in
668 888 728 921 suae
747 888 925 920 Provinciae
944 887 1044 918 homi-

180 941 236 964 nes
252 939 374 963 tant-um
399 931 563 973 imperium
587 930 718 970 habuit,
737 930 869 962 habebat
890 938 993 960 tamen
1013 928 1043 959 ἀ

181 971 329 1004 adversus
346 981 533 1010 eXtraneOS,
546 972 567 1005 fi
584 972 658 1013 quid
677 981 770 1003 manu
785 969 1005 1002 commisissent
1024 969 1046 1000 l.

182 1024 214 1056 3.
232 1014 272 1055 ff.
298 1016 331 1045 de
351 1013 439 1055 OffiC.
452 1013 562 1054 praestat.
587 1023 689 1054 neque
704 1013 795 1044 aliter
810 1011 948 1043 moribus
963 1009 1046 1042 Gen-

183 1056 284 1094 tium,
309 1055 360 1096 qui
376 1065 460 1087 nunc
478 1054 565 1094 sunt,
584 1054 636 1086 ubi
652 1054 720 1095 quis
736 1053 888 1095 deliquit,
911 1052 952 1083 ibi
968 1051 1047 1091 iudi-

183 1104 294 1136 catur,
320 1097 430 1137 utique
445 1096 487 1134 fi,
510 1096 562 1128 ubi
588 1096 742 1136 deliquit,
763 1093 862 1126 fuerit
878 1094 1045 1134 apprehen-

183 1137 254 1177 sus,
277 1138 362 1179 quod
380 1138 500 1178 legibus
518 1137 702 1178 quibusdam
717 1136 856 1175 additur,
882 1134 933 1166 sed
951 1143 986 1164 ea
1001 1132 1048 1165 est

183 1179 277 1219 hujus
295 1179 467 1219 argumenti
489 1178 690 1220 magnitudo,
704 1185 739 1208 ut
758 1177 796 1208 de
813 1186 852 1208 co
870 1176 956 1208 silere
971 1184 1046 1215 prae-

184 1221 266 1259 sset,
290 1229 382 1261 quam
399 1229 508 1261 parum
524 1220 646 1251 dicere·
663 1218 801 1259 Exeipio
824 1218 957 1257 denique
976 1225 1046 1247 cau-

185 1260 250 1294 sam
276 1260 401 1300 ari-esti,
424 1271 493 1292 nam
518 1261 714 1302 peregrinum
741 1269 844 1297 nunc,
869 1258 1048 1297 ubieunque

184 1300 327 1342 moratur
336 1325 347 1341 ,
365 1302 497 1334 detineri
515 1301 600 1343 posse
614 1325 623 1340 ,
636 1302 666 1333 ἅ
678 1311 718 1333 ex
733 1301 786 1332 illa
801 1299 983 1333 detentione
999 1298 1048 1330 fo-

186 1353 256 1381 r-um
273 1343 334 1383 effe
354 1352 559 1384 competens,
583 1352 676 1374 nemo
698 1341 868 1382 negaverit.

230 1383 326 1417 Nunc
346 1386 473 1426 propius
497 1393 622 1424 agamus
646 1383 685 1413 de
709 1382 875 1423 Principe,
897 1380 949 1422 qui
970 1380 1051 1413 liber

188 1428 219 1459 &
237 1425 278 1457 sui
297 1427 394 1466 juris,
414 1426 444 1456 in
461 1426 590 1456 alterius
608 1433 711 1455 tamen
731 1423 900 1464 Imperium
918 1422 1048 1461 secedit,

188 1469 252 1499 iive
269 1475 302 1498 ut
317 1476 365 1498 res
382 1466 448 1497 suas
464 1465 528 1507 ipse
542 1474 630 1507 agat,
654 1475 723 1506 quae
745 1465 885 1505 alioquin
899 1473 954 1505 per
970 1464 1049 1505 lega-

189 1518 239 1540 tos
255 1507 355 1539 solent
373 1507 542 1547 explicari,
568 1506 652 1548 quod
668 1506 705 1537 ad
732 1505 871 1544 foedera,
895 1514 1048 1536 commer-

189 1550 255 1588 cia,
281 1549 311 1580 <St
328 1549 357 1580 id
373 1558 469 1590 genus
486 1548 545 1580 alia
557 1571 566 1587 ,
591 1548 663 1583 five,
674 1556 709 1584 ut
725 1548 813 1584 litem
832 1547 1051 1587 obortamipse

188 1590 395 1622 transaetione
417 1594 606 1630 componat,
632 1588 695 1621 ssve
719 1596 754 1620 ut
778 1588 877 1620 discat
892 1597 931 1619 ex
956 1588 1050 1619 ratio-

186 1633 279 1665 nibus
297 1632 387 1663 alicni
417 1630 560 1670 Imperii,
585 1630 669 1670 quod
692 1630 730 1661 ad
752 1629 839 1661 suum
864 1628 1051 1666 transferat,

190 1673 258 1706 sive
277 1671 371 1704 solius
395 1673 488 1704 animi
515 1672 544 1703 ὃς
568 1671 789 1703 oble-&tationis
811 1671 920 1712 gratia.
967 1670 1051 1716 Qua-

191 1723 314 1754 cunque
335 1722 438 1745 autem
462 1712 552 1744 causa
576 1712 749 1751 scceil'erit,
773 1721 867 1744 nemo
882 1712 986 1750 dicet,
1012 1721 1052 1742 eo

190 1757 294 1788 animo
318 1754 483 1793 seceffiffe,
508 1763 544 1785 ut
568 1753 696 1785 alterius
716 1752 898 1794 imperiose
923 1752 1051 1784 submit-

192 1805 237 1829 tat
255 1819 264 1834 ,
296 1804 393 1837 utque
416 1797 469 1828 fiat
496 1795 636 1827 subditus
654 1817 663 1833 ,
698 1795 849 1826 translato
874 1794 1050 1826 domicilio.

190 1839 321 1870 Advena
337 1838 400 1876 eil,
424 1846 459 1868 uc
479 1837 657 1877 quicunque
680 1837 842 1876 privatus,
867 1836 896 1867 ὃς
909 1835 1053 1876 quemad-

191 1879 318 1911 modum
337 1879 460 1910 hicnon
479 1885 599 1909 tantum
614 1886 676 1908 non
693 1876 856 1917 subjicitur
874 1876 1053 1911 muneribus

193 1922 278 1958 loci,
305 1929 368 1960 quo
387 1919 425 1950 de
450 1919 568 1960 agitur,
593 1917 806 1959 personalibus
834 1917 886 1949 vel
904 1918 1052 1959 patrimo-

191 1961 348 1999 nialibus,
373 1959 424 1992 sed
449 1969 508 1991 nec
527 1959 621 1997 foro,
646 1959 690 1990 ita
711 1968 770 1990 nec
787 1959 964 2000 Principem
985 1957 1053 1990 sub-

192 2003 249 2043 jici
268 2012 316 2033 res
332 2000 376 2033 est
394 2001 512 2042 oppido
529 1999 702 2033 manifesta.
736 2000 779 2031 At
796 2009 873 2032 vero
891 2000 1054 2041 exceptio-

192 2054 267 2083 nes,
292 2053 361 2083 quae
381 2043 409 2074 in
426 2043 551 2083 privato
567 2042 732 2081 obtinent,
757 2051 793 2072 an
812 2042 842 2073 ὅ(
859 2042 890 2072 in
908 2041 1055 2081 Principe

192 2085 375 2123 obtineant,
399 2083 480 2115 ambi
506 2094 553 2115 uae
580 2083 696 2124 magis,
718 2084 748 2114 ἅ
768 2082 871 2114 arduae
888 2082 1052 2123 inspectio-

193 2127 243 2165 nis
268 2124 332 2157 esta·
366 2123 428 2155 Fac
444 2148 458 2163 ,,
511 2124 662 2164 rincipem
686 2123 855 2156 homicidia
877 2123 908 2156 ὅ(
933 2124 1054 2165 rapinas

193 2165 517 2209 perpetrare‚irruere
535 2165 568 2196 in
584 2165 712 2205 quosvis
727 2165 888 2203 homines,
902 2174 966 2197 non
984 2164 1054 2196 suos

194 2216 335 2246 tantum,
362 2205 413 2238 sed
431 2206 498 2246 ejus
514 2205 659 2247 Imperii,
684 2205 716 2237 in
730 2215 795 2246 quo
810 2214 966 2244 moratur,
990 2205 1056 2243 fac,

194 2258 268 2281 eum
284 2246 399 2287 hostile
424 2247 501 2288 quid
518 2246 625 2278 moliri
642 2247 674 2278 in
690 2246 887 2287 Principem,
901 2246 1056 2288 hospitem

194 2289 284 2328 suum
294 2312 304 2328 ,
320 2298 358 2320 an
374 2288 535 2327 dicemus,
557 2287 628 2329 quia
641 2287 793 2328 deliquit,
816 2288 949 2319 detineri
966 2289 995 2320 ὅ(
1011 2288 1056 2327 iu-

194 2332 292 2363 dicari
310 2329 396 2370 poss'e
411 2339 428 2361 a
444 2329 606 2370 Principe,
630 2328 720 2368 cuius
742 2327 939 2368 Maiestatem
956 2329 1056 2361 laesit?

193 2373 238 2405 Et
255 2370 380 2410 rursus,
403 2370 474 2410 fac,
499 2370 696 2411 Principem,
722 2370 773 2401 ubi
793 2368 856 2409 est,
881 2369 995 2411 grande
1015 2380 1056 2401 aes

194 2413 331 2447 alienum
354 2411 560 2450 contraxisse,
583 2410 654 2450 fac,
668 2421 719 2446 ex
738 2412 865 2451 antiqua
882 2409 972 2443 causa
987 2411 1055 2452 plu-

195 2456 309 2493 rimum
326 2454 396 2485 aeris
411 2453 503 2486 alieni
514 2452 627 2489 debere
643 2451 772 2484 subditis
781 2452 954 2493 ejus,apud
963 2462 1056 2493 quem

195 2503 355 2534 moratur,
370 2494 421 2525 vel
440 2495 535 2526 etiam
555 2494 624 2526 aliis
637 2502 728 2525 extra
747 2492 907 2532 subditos,
923 2503 960 2525 an
975 2494 1057 2526 dice-

194 2546 285 2575 mus,
304 2535 419 2568 arr-eslo
436 2536 522 2577 posse
536 2535 688 2574 detineri,
708 2536 739 2567 ὃς
756 2534 828 2567 inde
842 2534 917 2566 foro
933 2534 1057 2575 subjici,

197 2575 229 2616 ὃς
245 2577 282 2609 ad
303 2575 493 2609 solutionem
509 2577 608 2618 cogi?
630 2575 766 2609 subsisto.
793 2575 908 2608 Pendet
926 2587 962 2608 ea
974 2586 1056 2617 quae-

196 2617 279 2656 stio,
303 2625 338 2648 ut
361 2618 464 2649 omnis
482 2618 546 2648 {flia
570 2618 651 2648 inter
674 2615 815 2649 diversos
839 2617 1019 2658 Principes,
1042 2627 1059 2649 a

196 2659 269 2699 Jure
285 2657 451 2690 Gentium.
495 2657 530 2689 Id
550 2658 640 2698 quale
656 2657 693 2688 fic
718 2658 748 2688 δε
766 2657 848 2689 unde
864 2657 921 2697 fit,
945 2658 1058 2699 quibus

198 2699 315 2741 regulis
343 2699 562 2736 contineatur,
588 2698 618 2730 ἀ
635 2707 710 2738 quas
727 2696 944 2730 distinctiones
960 2700 1055 2739 patia-

197 2748 266 2781 tur,
291 2740 423 2780 integris
436 2739 539 2771 Libris
553 2739 774 2780 pertractatum
795 2737 849 2769 est.
884 2739 958 2771 Non
978 2749 1056 2770 erra-

197 2783 300 2820 verit,
312 2782 377 2822 ,qui
395 2788 517 2812 veteres
533 2779 614 2820 Juris
639 2778 790 2811 Auum-es
808 2778 931 2811 secutus
949 2780 978 2810 id
996 2779 1057 2811 ess'e

196 2823 337 2860 dixerit,
356 2822 439 2863 quod
457 2821 576 2853 ratione
592 2823 752 2862 praeeunte
770 2820 852 2851 inter
867 2819 986 2851 Gentes
1001 2820 1059 2851 ser-

199 2872 293 2895 tatur
304 2885 317 2902 ,
337 2863 358 2895 fi
375 2872 438 2895 non
455 2863 538 2895 inter
553 2871 662 2894 omncs
673 2884 682 2900 ,
706 2861 787 2892 inter
805 2861 965 2901 plerasque
974 2870 1060 2892 certe

199 2905 231 2937 &
249 2905 446 2936 moratiores.
471 2903 550 2936 Duo
564 2903 658 2945 igitur
674 2903 739 2942 ejus
754 2901 837 2943 quasi
854 2901 957 2933 fulcra
975 2901 1059 2941 sunt,

199 2946 284 2978 ratio
302 2945 334 2977 δι
361 2944 439 2977 usus.
464 2944 498 2977 Id
514 2943 612 2986 ipsum
639 2943 715 2975 mihi
732 2942 919 2984 descripsisse
935 2943 1059 2975 videtur

199 2986 318 3019 Seneca
341 2984 435 3026 Epist.
462 2995 530 3018 120.
557 2985 670 3022 Nobis,
691 2985 816 3025 inquit,
838 2985 954 3015 videtur
970 2984 1056 3024 olgs't’r—

201 3029 283 3058 vatio
300 3025 439 3068 collegiffie
451 3026 505 3062 ,ἃ
518 3037 612 3058 rerum
622 3025 697 3067 saepe
713 3025 859 3061 scabiarum
874 3026 993 3065 interse
1003 3025 1058 3056 col-

199 3069 288 3107 latio,
308 3074 363 3108 per
388 3068 557 3110 analogiam
580 3065 673 3108 nostro
691 3066 840 3098 intellecizc
855 3066 892 3101 ὃ)
914 3065 1059 3103 honestum

197 3108 234 3143 δ’
254 3110 354 3140 bonum
370 3109 533 3151 judicante.
576 3109 618 3140 Et
638 3117 674 3140 ea
690 3108 812 3139 ratione
831 3108 875 3180 as]
883 3117 936 3138 ure
959 3101 1057 3138 Natu-

198 3158 240 3179 rae
263 3148 432 3182 distinxiile
459 3149 603 3188 videtur,
628 3149 712 3189 quod
735 3159 797 3180 non
825 3158 843 3179 u
862 3149 890 3179 ui
912 3147 1057 3179 adscribit

202 3189 295 3231 Epist.
325 3199 394 3229 121.
412 3201 483 3231 nam
503 3188 666 3233 postquam
675 3189 856 3234 instinctum
870 3189 1054 3228 naturalem,

458 112 870 153 'CORNELII
919 116 1032 148 vnn,
1071 107 1666 148 BYN‘KERSHOEK

1080 189 1135 231 qui
1154 190 1186 222 in
1209 189 1395 222 animalibus
1416 188 1481 228 est,
1504 188 1715 230 exposuisset,
1737 195 1813 223 mox
1834 191 1939 226 addit!

1081 240 1118 262 ex
1131 240 1183 272 quo
1201 236 1347 272 apparet,
1367 240 1425 262 non
1445 230 1496 271 usic
1512 232 1550 262 ad
1566 231 1616 261 hoc
1629 233 1806 271 pervenire,
1820 232 1874 273 sed
1887 244 1940 266 naa

1082 272 1173 303 rurali
1187 282 1280 304 amore
1289 272 1398 312 salutis
1406 273 1477 312 suae.
1501 271 1662 317 Quicquid
1678 275 1941 314 autem,&quam

1082 313 1186 352 varie,
1211 313 1240 345 ἀ
1263 322 1354 353 quam
1381 314 1473 344 anxie
1489 312 1529 344 de
1545 312 1617 352 Jure
1635 311 1787 345 Gentium
1804 313 1946 355 disput&
1998 310 2001 320 '

1085 362 1155 392 tur,
1176 363 1216 385 eo
1234 352 1353 394 semper
1375 353 1466 386 causa
1493 353 1626 392 recidit,
1651 361 1687 385 ut
1703 354 1786 394 quod
1800 356 1882 386 ratio
1896 356 1946 389 dis·

1084 395 1180 426 elavit
1195 393 1351 426 Gentibus
1361 419 1371 434 ,
1395 395 1543 436 quodque
1560 394 1624 425 illae
1640 404 1743 426 rerum
1755 393 1834 435 saepe
1849 394 1948 428 sacla-

1084 445 1154 467 rum
1176 435 1348 467 collatione
1373 436 1456 468 inter
1480 435 1511 467 se
1535 433 1726 475 observant,
1750 437 1876 468 unicum
1894 437 1947 477 jus

1084 476 1122 513 fit
1138 485 1246 508 eorum
1258 500 1268 515 ,
1291 477 1344 518 qui
1360 477 1423 509 alio
1437 478 1506 518 Jure
1522 486 1587 509 non
1603 485 1764 517 reguntur.
1788 478 1820 510 Si
1837 487 1949 512 omnes

1083 517 1226 549 homines
1245 517 1387 550 homines
1409 518 1485 558 fint,
1510 518 1541 550 id
1566 516 1630 556 est,
1655 518 1779 550 ratione
1796 526 1948 559 utantura

1083 558 1164 590 haud
1185 558 1251 590 fieri
1277 558 1381 600 potest
1403 560 1518 598 aliter,
1539 559 1615 600 quin
1638 559 1719 590 ratio
1744 559 1782 591 iis
1805 559 1949 600 quaedam

1084 598 1207 631 suadeat
1232 600 1262 631 ὅ(
1282 601 1437 641 imperet,
1460 611 1529 642 quae
1555 609 1668 631 mutuo
1697 599 1779 640 quasi
1795 599 1954 640 consensu:
2007 600 2008 603 ’

1085 639 1231 677 servanda
1254 639 1345 680 sunt,
1368 642 1398 673 ὅ(
1422 651 1492 682 quae
1508 641 1619 674 deinde
1636 642 1665 673 in
1690 640 1778 672 usum
1795 640 1953 675 conversa.

1085 680 1206 713 Gentes
1228 681 1310 713 inter
1336 681 1367 714 se
1393 682 1558 723 obligant,
1582 683 1612 714 &
1633 681 1695 714 fine
1714 692 1778 723 quo
1801 683 1872 723 Jure
1890 691 1953 723 neq

1085 721 1221 761 bellum,
1245 732 1304 754 nec
1321 732 1402 763 pax,
1424 732 1483 755 nec
1509 723 1650 763 foedera,
1672 733 1730 756 nec
1753 723 1954 765 legationes,

1085 772 1144 795 nec
1161 766 1350 795 commercia
1367 764 1597 805 intelliguntur.
1947 775 1954 805 g

1128 804 1307 836 Secundum
1322 804 1390 837 haec
1405 805 1426 837 fi
1444 814 1616 845 quaeramus
1626 829 1636 845 ,
1654 816 1692 839 an
1709 806 1881 847 Princeps,
1893 804 1956 847 qui,

1088 846 1120 877 in
1134 846 1262 877 alterius
1277 845 1415 887 Imperio
1430 846 1564 887 deliquit
1581 848 1630 878 vel
1649 847 1810 879 contraxit
1820 870 1830 884 ,
1841 847 1882 878 ibi
1896 855 1952 888 pu-

1088 886 1148 927 niri
1167 885 1276 927 poffit,
1302 887 1331 918 &
1345 897 1383 919 an
1401 887 1534 919 detineri
1553 887 1594 919 ob
1610 898 1651 920 aes
1669 889 1803 920 alienum
1816 909 1827 926 ,
1851 888 1888 920 ad
1902 897 1954 920 m-

1089 928 1208 959 tionem
1227 928 1369 972 *primum
1384 952 1393 967 ,
1417 928 1530 960 deinne
1554 930 1589 959 ad
1616 929 1703 961 usum
1729 925 1957 963 recurrendum*

1087 969 1159 1000 erit.
1181 969 1285 1000 Solam
1301 970 1454 1001 rationem
1471 970 1491 1002 fi
1509 970 1539 1001 in
1556 970 1720 1002 consilium
1738 971 1952 1010 adhibeamus,

1088 1010 1186 1042 multa
1213 1011 1244 1042 in
1267 1018 1432 1051 utramque
1456 1020 1575 1052 partem
1599 1012 1660 1043 dici
1683 1011 1819 1051 possunt.
1863 1007 1957 1055 Quidss

1089 1052 1172 1083 enim
1202 1050 1224 1083 fi
1249 1051 1397 1093 Princeps
1422 1053 1454 1084 in
1479 1053 1579 1084 aliena
1612 1051 1745 1084 Dinone
1770 1052 1957 1093 Principem.

1089 1099 1206 1131 exuat,
1229 1092 1381 1125 latronem
1400 1093 1430 1124 ὅ(
1447 1093 1633 1125 homicidam
1648 1094 1776 1134 induat,
1801 1094 1821 1126 fi
1837 1104 1886 1126 res
1895 1103 1959 1130 no-.

1090 1143 1143 1165 vas
1160 1133 1329 1173 moliatur,
1354 1133 1506 1166 factiones
1525 1135 1666 1166 concitet
1678 1158 1687 1174 ,
1711 1135 1741 1167 ὅ(
1759 1135 1960 1175 perduellem}

1090 1183 1178 1216 agat,
1203 1175 1341 1216 nunquid
1357 1175 1386 1207 id
1415 1176 1442 1206 ei
1470 1176 1596 1216 impune
1614 1176 1701 1207 erit?
1725 1175 1846 1215 rursus,
1869 1176 1892 1208 fi
1909 1175 1954 1208 ci-

1091 1225 1146 1247 ves
1161 1216 1303 1257 pecuniis
1318 1225 1465 1257 emungat
1479 1240 1487 1254 ,
1512 1217 1619 1257 grandi
1638 1226 1699 1247 aere
1714 1217 1818 1249 alieno
1837 1216 1962 1259 conflaff

1092 1266 1145 1295 ιο,
1169 1266 1204 1287 an
1221 1257 1261 1288 iic
1278 1257 1397 1294 abibit,
1422 1257 1517 1298 spolia
1534 1257 1600 1289 haec
1616 1258 1720 1297 opima
1735 1264 1862 1290 domum
1872 1257 1956 1290 refe-

1091 1299 1186 1330 rens?
1200 1297 1328 1328 difficile
1343 1298 1427 1329 dictu
1445 1297 1500 1329 cst.
1523 1297 1594 1328 Nec
1611 1307 1714 1330 tamen
1731 1298 1959 1340 desunt,quae,

1092 1338 1236 1372 consulta
1252 1339 1391 1378 ratione,
1415 1348 1528 1370 contra
1544 1337 1690 1379 disputes.
1722 1340 1752 1372 ai
1770 1340 1854 1372 enim
1871 1341 1966 1381 legaai

1094 1381 1141 1418 ti,
1163 1379 1215 1420 qui
1240 1379 1415 1421 Principem
1443 1378 1688 1421 repraesentant‚
1711 1381 1816 1412 necin
1831 1386 1962 1418 contra-s

1093 1421 1216 1458 ffibus,
1241 1430 1299 1452 nee
1329 1421 1359 1452 in
1387 1421 1510 1453 delietis
1537 1419 1611 1452 foro
1638 1419 1851 1462 subjiciantur,
1867 1423 1959 1463 eju&

1093 1464 1173 1504 apud
1197 1471 1287 1502 quem
1316 1463 1472 1504 legatione
1494 1462 1691 1502 funguntur,
1725 1471 1760 1494 ut
1781 1464 1872 1504 plena
1894 1463 1958 1495 fide·

1092 1503 1203 1536 deinde
1226 1503 1401 1543 ostendam,
1426 1514 1463 1535 an
1486 1504 1517 1535 in
1540 1504 1685 1545 Principe
1708 1512 1821 1536 contra
1843 1504 1957 1536 statue·

1094 1555 1162 1577 mus
1172 1545 1189 1576 ‘2
1213 1555 1250 1576 an
1276 1545 1360 1586 quod
1384 1546 1466 1577 ratio
1493 1546 1522 1578 &
1549 1546 1690 1577 omnium
1710 1544 1862 1583 Gentium
1881 1554 1954 1579 con-

1094 1586 1191 1618 senfio
1208 1586 1239 1618 in
1259 1586 1369 1628 legatis
1396 1596 1468 1618 rece
1491 1588 1534 1626 it,
1560 1587 1631 1627 quia
1653 1586 1831 1628 Principem
1847 1595 1957 1628 reprae-

1094 1627 1237 1667 sentant,
1263 1629 1291 1659 ἃ
1308 1629 1373 1667 ejus
1386 1638 1455 1659 man
1480 1637 1527 1659 ata
1543 1628 1724 1668 explicant,
1748 1638 1812 1660 non
1830 1629 1959 1669 recipie-

1094 1678 1163 1701 mus
1179 1669 1210 1700 in
1226 1668 1388 1710 Prinmpe,
1414 1670 1466 1710 qui
1482 1669 1545 1710 ipse
1560 1669 1663 1708 adest,
1686 1670 1717 1701 ἃ
1731 1678 1782 1702 res
1796 1669 1862 1702 suas
1870 1669 1958 1702 forte

1094 1719 1148 1752 per
1166 1709 1197 1741 se
1214 1710 1305 1750 agit?
1328 1720 1366 1742 an
1382 1711 1447 1750 ejus
1471 1710 1614 1742 sanctitas
1639 1720 1704 1744 non
1719 1709 1764 1743 est
1778 1711 1875 1751 major
1893 1709 1960 1744 san-

1093 1752 1202 1784 &itate
1217 1751 1420 1792 legatorum?
1433 1761 1471 1784 an
1488 1752 1571 1783 hunc
1586 1752 1702 1793 igitur,
1725 1752 1838 1792 injecta
1853 1753 1963 1792 manui

1094 1794 1126 1824 in
1151 1792 1200 1832 lus
1221 1793 1394 1833 rapiemus,
1417 1801 1453 1825 ut
1478 1792 1599 1825 causam
1624 1793 1738 1825 dicat?
1760 1793 1811 1825 vel
1826 1802 1864 1826 an
1881 1793 1964 1832 ideo·

1095 1835 1126 1866 in
1146 1833 1291 1874 Principe
1318 1834 1447 1873 licebit,
1473 1835 1560 1876 quod
1583 1834 1615 1866 in
1642 1835 1747 1876 legato
1762 1843 1828 1866 non
1854 1834 1931 1867 licet
1958 1854 1962 1857 Δ

1096 1874 1180 1916 quod
1206 1875 1327 1916 legatus
1348 1875 1475 1914 habeat,
1500 1885 1592 1917 quem
1619 1875 1838 1917 repraesentat,
1860 1875 1891 1907 ἀ
1916 1884 1962 1912 a„

1097 1925 1189 1957 quern
1216 1915 1344 1947 domum
1362 1924 1514 1956 revocet,
1537 1915 1602 1958 ipse
1623 1917 1770 1958 Princeps
1785 1926 1849 1948 non
1866 1915 1958 1947 habe·

1097 1957 1155 1989 at?
1179 1965 1214 1988 ca
1235 1956 1321 1988 forte
1345 1958 1487 1997 ratione,
1535 1967 1573 1989 ua
1599 1957 1765 1990 Christinae
1789 1957 1821 1990 in
1845 1957 1964 1990 Suecia-

1097 1997 1224 2043 Miss'ain
1241 1998 1399 2030 celebrare
1417 1999 1513 2039 permi
1544 2009 1593 2030 um
1601 2009 1664 2031 non
1681 1998 1964 2040 fuit,quamquam.

1098 2039 1244 2071 omnibus
1263 2039 1373 2081 legatis
1389 2040 1641 2081 permitteretur,
1652 2047 1687 2071 ut
1702 2039 1800 2072 refert
1810 2039 1959 2070 Aitzema

1099 2081 1169 2124 Lib.
1195 2079 1329 2112 XLVM.
1351 2087 1382 2121 p.
1398 2085 1472 2121 406.
1496 2081 1532 2115 ἐπ’)
1550 2091 1623 2121 407.
1639 2081 1733 2112 etiam
1751 2080 1812 2112 hoc
1826 2079 1963 2118 difficile

1098 2123 1183 2154 dittu
1199 2120 1252 2152 est.
1297 2122 1327 2153 Si
1344 2123 1382 2152 de
1410 2122 1465 2153 usu
1479 2131 1654 2163 quaeramus
1670 2131 1711 2153 ex
1728 2120 1864 2153 secundo
1878 2130 1958 2161 prae«

1097 2172 1192 2204 cepto
1207 2162 1288 2202 Juris
1306 2162 1458 2194 Gentium
1470 2185 1481 2201 ,
1503 2162 1604 2194 adhuc
1621 2163 1807 2195 incertiores
1821 2162 1960 2202 crimus.

1098 2213 1189 2246 quam
1214 2203 1340 2235 dudum.
1387 2204 1475 2250 Quin
1494 2202 1562 2235 fere
1585 2213 1624 2236 eo
1643 2203 1870 2236 deveniendum
1891 2202 1935 2235 est
1943 2220 1962 2242 ,ε

1098 2253 1134 2276 ut
1149 2244 1322 2286 negandum
1340 2245 1502 2281 videatur,
1529 2246 1608 2276 hanc
1632 2255 1697 2276 rem
1714 2245 1787 2285 Jure
1804 2238 1962 2281 Gentium'»

1097 2286 1257 2318 definitam
1279 2285 1358 2324 esse,
1382 2286 1434 2317 vel
1457 2285 1577 2318 definiri
1606 2285 1692 2328 posse
1707 2308 1718 2325 ,
1741 2293 1777 2318 ut
1800 2286 1883 2321 enim
1903 2284 1962 2326 jue}

1100 2327 1206 2360 Civile
1224 2327 1366 2368 praeterit
1378 2349 1389 2365 ,
1412 2337 1480 2367 quae
1501 2327 1647 2359 accidunt
1667 2331 1700 2357 ώκ
1717 2327 1882 2366 awai-7⁸,
1903 2325 1961 2358 vet

1099 2370 1131 2398 πὶ
1150 2368 1227 2405 (Ξῖ-ἠιξ
1244 2369 1255 2398 η’
1272 2369 1327 2406 ὣς,
1345 2376 1380 2399 ut
1394 2368 1466 2409 JCti
1485 2369 1531 2399 lo(
1541 2378 1657 2400 uuntur
1675 2369 1735 2400 inl.
1760 2379 1791 2410 3.
1813 2367 1849 2403 δέ
1862 2371 1893 2400 6.
1913 2365 1963 2408 ff.†

1099 2412 1132 2442 cie
1150 2409 1223 2442 LL.
1247 2409 1287 2441 sic
1307 2409 1357 2440 vel
1374 2410 1508 2441 maxime
1526 2378 1579 2450 ius
1594 2408 1744 2442 Gentium
1760 2418 1795 2440 ea
1809 2417 1873 2440 non
1891 2407 1963 2446 fini,

1099 2452 1165 2490 vit,
1183 2451 1255 2493 quia
1272 2451 1302 2481 id
1321 2450 1350 2482 se
1365 2459 1470 2482 tuetur
1489 2451 1663 2492 exemplis,
1679 2451 1710 2483 ἀ
1723 2448 1963 2490 comparatione¹

1099 2502 1221 2532 rerum,
1246 2502 1263 2523 a
1280 2492 1407 2524 diversis
1422 2491 1578 2524 Gentibus
1594 2491 1674 2533 saepe
1687 2491 1794 2522 eodem
1811 2489 1960 2529 modoju-¹

1099 2534 1282 2566 dicatarum.
1326 2532 1401 2565 Non
1419 2533 1499 2565 adeo
1512 2533 1692 2574 frequentes
1712 2530 1782 2563 sunt
1802 2528 1960 2571 ipsorum,

1101 2575 1155 2616 qui
1173 2575 1326 2616 imperant
1338 2574 1536 2615 ,Principum
1552 2574 1581 2605 in
1596 2573 1704 2605 alienis
1723 2571 1861 2613 Imperiis
1872 2580 1961 2612 pere-⁴

1101 2616 1420 2658 grination-es,minus
1436 2613 1612 2655 frequentia
1627 2613 1757 2645 crimina
1773 2612 1825 2644 vel
1839 2612 1963 2652 debita,⁴

1101 2667 1172 2698 quae
1196 2657 1269 2690 huic
1295 2656 1497 2696 dispumtioni
1523 2653 1644 2686 causam
1668 2655 1806 2695 praebere
1823 2652 1963 2694 possint.

1101 2700 1151 2736 ἅ,
1179 2697 1327 2738 quicquid
1351 2696 1409 2734 iit,
1440 2695 1482 2726 ob
1505 2694 1646 2736 personae
1673 2694 1885 2734 munitatem,
1916 2703 1961 2728 eo

1101 2738 1219 2779 semper
1245 2744 1490 2778 temperamento
1522 2737 1638 2767 utimur
1654 2760 1664 2775 ,
1700 2745 1740 2768 ne
1768 2735 1810 2767 ob
1831 2735 1963 2770 minima.

1100 2788 1230 2820 quaeque
1247 2786 1391 2819 magnum
1404 2777 1581 2818 exemplum
1599 2776 1775 2809 statuamus.
1955 2797 1959 2813 ;

1145 2819 1226 2851 Cum
1242 2827 1346 2850 autem
1357 2841 1365 2856 ‚
1383 2825 1416 2849 ut
1432 2818 1521 2856 dixi,
1537 2818 1682 2850 rarissime
1700 2819 1762 2850 illae
1779 2816 1897 2866 species
1913 2818 1961 2856 ins

1101 2861 1227 2899 eidam,
1252 2860 1280 2891 ὅ(
1297 2859 1316 2891 ii
1333 2860 1519 2900 quandoque
1534 2859 1723 2899 inciderint,
1747 2859 1842 2892 &illa
1852 2858 1961 2900 Gens,

1102 2903 1154 2933 ubi
1173 2899 1307 2941 quaestio
1321 2899 1512 2940 disceptatur
1525 2923 1535 2940 ,
1558 2900 1714 2933 censuerit
1726 2922 1737 2938 ,
1761 2900 1940 2942 Principem

1102 2943 1153 2976 ubi
1179 2941 1311 2987 deliquit
1335 2941 1388 2973 vel
1413 2942 1594 2981 contraxit,
1617 2941 1751 2974 detineri
1775 2941 1882 2984 posse,
1905 2917 1962 2979 vefg

1101 2993 1164 3016 non
1213 2982 1293 3021 ossc,
1317 2990 1431 3021 nem0,
1461 2983 1577 3022 credo,
1599 2982 1705 3021 dicet,
1726 2991 1766 3014 ex
1792 2992 1832 3014 co
1855 2982 1963 3022 statim

1100 3025 1152 3065 Jus
1199 3023 1329 3054 ‘entium
1356 3021 1417 3054 ess'e
1442 3023 1689 3056 intellioendum.
1734 3023 1901 3057 Zouclieus
1921 3023 1962 3062 d&

1103 3066 1180 3107 Jure
1200 3064 1308 3096 steini.
1329 3065 1408 3095 inter
1430 3065 1520 3097 Geni.
1545 3049 1632 3097 Part.
1654 3063 1694 3096 ΙΙ.
1720 3065 1795 3096 δεὲῗ.
1819 3075 1848 3097 2.
1871 3074 1897 3106 q.
1920 3066 1960 3096 σε

1101 3108 1164 3138 duo
1182 3105 1274 3136 babet
1291 3105 1435 3146 exempla
1452 3106 1632 3148 Principum
1643 3128 1652 3144 ,
1676 3106 1748 3146 qui,
1770 3114 1807 3138 ut
1822 3104 1885 3148 ipse
1902 3104 1963 3148 pu—‘

1103 3157 1168 3184 rat,
1192 3147 1221 3178 in
1239 3147 1341 3179 alieno
1359 3146 1494 3186 Imperio
1515 3147 1650 3179 damnati
1668 3145 1758 3186 sunt,
1781 3148 1810 3180 ὅς
1829 3146 1961 3179 tertium·

1103 3188 1194 3220 liabtt
1212 3188 1241 3220 in
1264 3187 1376 3227 Notis,
1391 3187 1440 3220 scd
1457 3188 1590 3227 dubito,
1605 3197 1643 3234 an
1660 3187 1740 3220 bene
1757 3187 1822 3220 haec
1839 3194 1962 3256 conve}

1870 3235 1938 3261 man
