2008 3436
150 113 850 158 DISSERTATIONIS
902 113 994 151 DE
1042 115 1716 162 PACT1s,mc.C.11.111.

52 201 91 235 B.
107 200 143 233 F.
167 201 255 242 pasta
281 199 372 233 inlint
385 223 394 238 ‚
426 208 498 230 cum
519 207 573 230 cos
593 196 714 242 tollere⁸
728 205 792 228 non
807 194 844 242 sit
861 197 917 228 mi-

53 252 130 281 nus,
153 253 245 282 quam
262 241 493 274 conventiones
513 241 617 271 nudas.
663 238 739 269 Scio
756 246 856 269 varias
872 248 917 270 es-

53 283 84 320 se
102 285 174 315 dicti
191 290 311 325 paragr.
337 283 629 323 interpretationes,
654 279 747 310 habet
766 279 795 310 ὃ(
814 280 917 310 Strau-

52 325 142 356 chius
172 325 202 357 in
226 325 346 367 Diffirt.
374 324 461 355 timor.
483 321 577 363 prati.
596 320 671 354 XII.
693 330 724 351 n.
746 329 792 366 ¹0:
818 321 918 362 expli-

52 367 211 407 cationem
229 375 364 404 novam,
379 364 438 396 scd
455 374 518 396 non
539 364 669 400 bonam3
700 360 752 393 sed
768 362 836 393 rere
854 364 897 393 cll
909 385 919 401 ,

52 416 89 438 ut
112 407 150 438 dc
169 408 225 439 liae
241 408 372 448 aliisque
397 405 543 438 omnibus
567 405 672 436 dicere
691 402 807 448 ausim,
837 404 919 445 opti-

52 457 135 480 mam
155 450 271 482 nullam
288 449 374 486 dari,
396 447 454 478 alia
471 447 562 478 aliam
585 446 725 487 pejorem
743 444 815 476 elle.
861 446 918 477 Re-

50 488 262 522 sutationibus
288 487 537 531 supersedemus,
569 497 609 519 ne
637 488 669 518 in
687 486 751 518 illis
766 495 918 528 cogamur

52 531 115 569 ell'e
137 532 249 564 nimii:
279 539 452 572 quanquam
475 528 603 560 facilius
621 529 683 560 hoc
703 527 799 567 ell‘et,
825 537 917 568 quam

52 573 128 604 novi
145 574 174 605 &
191 573 264 605 boni
283 573 358 613 quid
376 570 506 603 adferre.
554 570 763 610 Experiamur
770 578 843 613 ,an
854 579 917 601 non

51 613 96 644 ita
113 613 259 647 constitui
279 612 388 655 polilt:
422 612 549 644 Pactum
574 612 728 651 adjetlum
744 611 854 651 pauo,
880 611 915 643 il-

50 653 105 686 lud
131 656 261 696 abrogat
285 654 354 695 ipso
376 655 444 695 jure
460 675 472 692 ‚
501 652 523 684 s1
550 653 611 685 hoc
640 653 742 684 auum
758 651 823 690 est,
846 662 917 684 nam

51 697 202 728 υῐηειιιιιυι
219 697 382 738 ιεᾳιιὶταείς,
417 706 470 738 quo
479 695 540 735 solo
550 693 768 736 sttftinebutur,
794 704 917 725 conven-

52 739 141 770 tionis
155 739 288 779 aquitane
305 737 488 778 diffislvitur,
511 736 556 768 ait
577 739 604 768 d.
630 736 659 777 §.
684 746 713 775 4.
739 736 758 767 l.
783 745 833 776 95.
859 736 919 768 Sed

50 778 74 814 fi
93 780 250 821 praecedat
277 779 385 812 civilis
409 778 563 818 obligatio
582 801 592 817 ,
625 782 654 809 ot
673 779 799 817 pactus,
820 787 858 809 ne
879 787 918 809 ex

31 842 33 845 -
50 827 245 862 ea2peteres‚
290 820 374 853 ostea
389 821 514 856 denuo,
539 829 573 851 ut
588 827 696 860 petere
710 818 918 858 liceat‚aliud

51 863 219 896 dicendum
240 872 257 893 e
293 873 300 894 :
326 863 356 894 ἃ
373 862 424 901 id,
450 871 483 893 ut
502 862 626 893 conllet
651 859 722 891 usus
738 860 917 900 replicatio-

53 906 112 938 nis.
157 904 307 938 Exnlicat
330 904 393 935 hoc
422 905 594 944 imperator
611 903 710 946 ill-pr.
732 900 802 941 lust.
821 903 854 932 de
875 912 918 932 re-

47 947 154 988 plicat.
202 945 282 978 Peto
298 955 316 977 a
336 952 368 976 te
383 945 511 982 decem,
537 952 571 975 tu
595 943 711 988 objicis
726 944 870 983 pactum,
888 944 918 974 δε

52 996 109 1023 eur
128 996 190 1018 non
203 989 220 1018 ζ)
243 997 302 1027 ego
320 984 422 1017 rursus
435 986 555 1026 pactum
574 992 787 1022 contrarium,
814 993 849 1014 ut
866 993 917 1024 pe-

54 1029 129 1062 titio
147 1027 340 1062 sustineatur.
388 1025 421 1058 lu
438 1027 535 1067 puetis
553 1026 618 1058 illis
634 1024 768 1066 veiyc'ztur
777 1025 897 1065 jucium
906 1047 918 1064 ,

659 1123 1011 1160 CAPUT

1782 135 1830 170 49

960 195 1068 244 inquit
1092 197 1120 228 α’.
1146 195 1175 237 §.
1200 206 1228 228 2.
1264 195 1387 230 scilicet
1403 200 1491 240 pana
1506 211 1569 235 non
1589 211 1761 245 operantur
1776 204 1834 238 nili

960 242 1122 285 oppolita,
1139 238 1260 279 justum
1281 242 1483 282 exceptionis
1505 244 1534 274 ὃ(
1551 246 1768 284 replicationis
1783 245 1832 278 est

960 279 1163 312 necellzuaum
1184 290 1191 311 :
1223 290 1325 320 neque
1352 283 1435 314 enim
1465 284 1497 316 in
1513 285 1551 316 iis
1570 285 1710 317 versatur
1724 286 1773 326 jus
1794 287 1831 319 il-

960 321 1033 359 lud,
1056 331 1120 362 quo
1139 321 1357 362 stipulationes
1374 325 1498 356 donatae
1516 325 1597 358 sunt.
1642 326 1833 360 Haecfinon

961 363 1105 409 placeant
1121 385 1133 401 ,
1166 366 1195 394 et
1219 374 1280 405 qua
1302 365 1342 396 de
1361 365 1451 397 causa
1476 376 1539 399 non
1558 368 1723 408 placeant,
1745 367 1835 401 forte

960 404 1078 445 aliquid
1105 405 1239 446 reperies
1259 429 1268 444 ,
1302 408 1409 438 auctor
1434 407 1548 447 efl‘em,
1572 416 1607 440 ut
1627 410 1659 442 in
1681 411 1709 440 cl.
1734 409 1756 440 l.
1781 420 1832 451 27.

961 445 989 487 §.
1016 455 1043 477 2.
1072 446 1114 477 ita
1142 447 1286 488 legeres:
1318 448 1447 487 Pastas,
1469 457 1516 481 NE
1536 448 1833 492 PETERET,poftea

960 489 1117 527 convenit,
1134 497 1181 519 u'r
1202 497 1381 528 PETERET,
1400 492 1484 531 prius
1497 491 1615 530 patrum
1628 499 1682 533 per
1691 499 1728 533 po
1742 490 1834 524 terius

959 529 1098 568 elidetur,
1124 529 1160 564 ὅ)
1175 531 1289 571 quiderm
1304 532 1361 572 ipsi)
1375 533 1462 574 jure,
1478 533 1556 572 sicut
1574 534 1688 564 tollitur
1702 535 1720 575 J
1735 535 1831 575 ipula-

960 572 999 602 tio
1020 577 1073 611 per
1087 568 1317 611 stipulationem.
1344 574 1403 605 otc.
1449 574 1512 606 Pro
1528 585 1585 606 non
1601 574 1756 607 substituo
1775 575 1832 610 &:

959 612 1177 653 rationemque
1197 612 1362 652 subjectam
1383 614 1445 647 hoc
1461 617 1557 648 modo
1578 626 1727 658 expon03
1752 616 1834 649 sicut

960 654 1008 700 jus
1024 654 1073 693 jus
1087 654 1180 700 'tollit
1196 655 1226 686 in
1245 654 1517 697 stipulationibus,
1531 657 1700 691 itafaelum
1715 657 1836 691 fanum

962 704 992 726 in
1009 695 1131 741 paule
1165 696 1254 737 Opus
1278 704 1381 729 tamen
1405 699 1449 730 cll
1477 700 1705 741 replicatione,
1729 707 1765 731 ut
1787 699 1833 732 se-

962 745 1087 782 qui-tur,
1113 737 1164 784 led
1182 747 1245 784 non
1267 738 1320 770 nili
1340 739 1371 770 in
1395 739 1522 773 saelum.
1549 742 1665 782 Omnia
1682 749 1749 773 tum
1762 739 1833 774 sunt

963 778 1060 824 solida
1077 780 1107 810 ἃ
1128 779 1271 819 Jurldlcu.
1320 780 1556 815 Emendationis
1572 783 1731 816 audaciam
1747 783 1768 815 fi
1781 793 1832 815 ac·

963 821 1070 858 cules,
1102 820 1181 866 nilul
1204 819 1269 860 est,
1302 822 1387 862 quod
1403 833 1571 864 reponam,
1597 834 1688 866 quam
1704 824 1833 857 necessi-

964 868 1060 906 tatem
1079 870 1288 902 omnigenam.
1333 864 1430 895 Serva
1449 864 1632 907 scripturam
1646 890 1657 905 ,
1679 867 1700 899 fi
1718 874 1832 908 potes,

961 903 1150 947 allticrvatis
1170 904 1304 935 aliorum
1330 905 1580 946 expositionibus
1594 933 1603 947 ‚
1627 907 1741 940 frustra
1759 907 1830 940 eris.

962 943 1085 975 Minori
1104 951 1196 976 motu
1214 944 1235 977 fi
1254 954 1320 976 rem
1338 947 1506 988 expedias,
1529 949 1608 981 bene
1627 950 1681 980 ell.
1727 949 1836 990 Atque

962 984 1010 1015 lia:
1036 984 1113 1030 *sunt
1140 985 1222 1025 juris
1251 987 1409 1026 rationes,
1434 998 1504 1029 quae
1524 991 1560 1021 ad
1579 992 1746 1022 veritatem
1765 992 1831 1022 len-

962 1033 1070 1057 tentiae
1089 1026 1205 1059 nostrae
1222 1026 1411 1061 asserendam
1427 1031 1524 1063 menti
1541 1030 1738 1064 succurrunt.

1108 1126 1200 1162 111.

478 1214 558 1250 Haec
584 1212 652 1262 ipsa
667 1210 840 1259 sententia
864 1215 1055 1250 atteror-itate
1080 1214 1181 1261 Jur1‘s
1206 1215 1394 1265 arssriu'tur.

134 1312 257 1344 ationes
293 1311 374 1354 Juris
411 1312 533 1353 excipit
570 1311 708 1352 ejusdem
740 1311 918 1344 auctoritas.
953 1313 1034 1354 serv.
1066 1313 1165 1356 C.37.

156 1352 247 1386 Hine
263 1363 368 1386 autem
389 1354 419 1385 in
439 1362 552 1395 genere
569 1354 652 1384 reete
669 1353 800 1395 colligas
815 1363 854 1385 ex
871 1352 919 1385 so-

53 1396 150 1431 lemni
179 1396 236 1427 illo
266 1396 293 1438 §.
313 1405 344 1435 5.
380 1396 401 1427 l.
419 1406 446 1436 7.
467 1395 508 1436 ff.
528 1396 561 1426 de
573 1394 652 1436 past.
678 1395 730 1426 ubi
752 1395 919 1435 Ulpianum

52 1437 243 1480 respondill'e
258 1438 412 1476 vidimus3
436 1437 527 1478 pasta
551 1442 697 1468 conventa
715 1435 799 1477 ineffe
816 1445 919 1468 noNAE

54 1489 151 1513 FIDEI
163 1478 328 1519 inmens,
340 1479 368 1510 ὁ(
390 1479 432 1510 ita
445 1479 476 1510 in
497 1480 519 1511 l.
534 1488 581 1521 13.
599 1480 631 1511 C.
645 1480 679 1510 de
691 1477 771 1519 past.
798 1477 863 1509 Cur
878 1479 922 1509 bo-

52 1521 199 1562 noeficlei,
223 1521 278 1553 nili
294 1529 327 1552 ut
349 1520 442 1552 striffi
460 1521 537 1561 juris
554 1521 671 1562 judicia
686 1520 724 1551 ab
740 1520 794 1552 illa
804 1519 919 1552 finitio-

54 1572 95 1596 ne
111 1563 300 1595 arceantur?
325 1561 599 1605 Quemadmodum
617 1563 702 1594 enim
720 1561 792 1601 ille,
818 1561 920 1602 quiex

53 1604 178 1636 duobus
204 1604 371 1646 propositis
387 1625 399 1642 ,
429 1605 503 1636 dum
531 1614 627 1635 unum
651 1611 762 1645 negat,
785 1603 919 1636 alterum

53 1647 190 1678 tacendo
217 1645 365 1678 conceffit
381 1668 391 1683 ‚
428 1654 463 1677 ut
487 1646 588 1686 inquit
613 1645 657 1677 D.
687 1645 862 1686 Gregorius
885 1645 917 1678 in

55 1688 127 1728 Cap.
146 1698 176 1727 5.
215 1686 242 1729 §.
267 1696 293 1719 1.
328 1689 345 1720 ἐξ
367 1688 400 1718 de
422 1688 567 1729 proeyz'imt.
599 1687 640 1719 fic
672 1686 776 1718 multo
804 1686 919 1728 magis,

54 1730 108 1770 qui
125 1730 258 1760 alterum
279 1729 434 1760 duntaxat
453 1730 498 1760 ait
510 1753 519 1767 ,
543 1729 676 1760 alterum
694 1727 816 1769 negasse
836 1728 921 1760 vide-

54 1778 124 1802 tur:
147 1779 217 1802 nam
239 1770 330 1802 unius
353 1770 485 1802 inclufio
509 1771 585 1802 licet
602 1779 666 1802 non
685 1769 723 1802 fit
742 1769 862 1810 semper
879 1770 920 1802 al-

54 1811 152 1844 terius
167 1810 308 1844 exclusio
332 1811 387 1852 (ut
401 1822 474 1844 cum
493 1811 721 1853 Interpretibus
738 1810 868 1852 loquar)
886 1821 922 1843 ea

54 1861 159 1886 tamen
174 1853 302 1894 regula,
332 1853 354 1886 fi
381 1854 491 1893 ullibi,
517 1861 604 1885 certe
624 1853 730 1885 locum
747 1852 803 1884 fibi
819 1852 920 1885 vindi-

56 1903 128 1933 cat,
159 1895 212 1926 ubi
236 1895 308 1926 data
334 1904 428 1936 opera
455 1895 533 1935 juris
557 1894 712 1937 principia
744 1894 921 1933 docentur,

53 1934 145 1969 ficuti
170 1936 203 1969 in
230 1937 258 1968 cl.
285 1935 314 1978 §.
337 1946 368 1976 5.
413 1935 540 1968 Etenim
565 1937 617 1968 cui
635 1936 722 1968 bono
741 1935 811 1976 plus
827 1934 922 1967 semel

53 1977 98 2009 ibi
116 1978 250 2019 repetita
272 1978 492 2018 contractuum
523 1979 558 2010 B.
578 1977 615 2009 F.
638 1977 780 2015 mentiO,
803 1977 824 2008 fi
842 1977 924 2008 idem

55 2018 86 2050 &
104 2018 133 2051 in
158 2018 271 2051 strictis
287 2020 459 2051 obtineat?
483 2028 514 2051 at
535 2020 588 2051 illa
605 2019 737 2058 adjectio
744 2019 923 2059 supervacui

56 2060 161 2091 laboris
185 2060 225 2101 er
240 2083 250 2099 ‚
283 2061 405 2102 inquiet
431 2060 657 2093 Hotomannus
695 2061 817 2100 Olgferv.
849 2060 922 2092 Lib.

57 2100 134 2133 XII.
162 2102 195 2133 C.
209 2102 264 2133 uic.
288 2103 320 2134 &
336 2102 367 2134 in
387 2102 479 2134 Schol.
510 2102 548 2134 ad
569 2104 597 2134 d.
624 2101 651 2143 §.
699 2102 762 2134 Alii
779 2101 871 2133 bonae
888 2101 922 2133 fi-

56 2141 105 2182 dei
127 2143 242 2183 judicia
262 2143 331 2175 illic
355 2143 603 2182 παριὲεινμωπκῶς
629 2151 751 2175 tantuin
783 2152 922 2174 comme-

55 2184 170 2215 morari
188 2184 296 2215 iisdem
311 2192 437 2216 cantant
457 2185 602 2217 modulis.
629 2185 687 2217 Sed
705 2184 922 2222 valeanthaec,

55 2226 79 2259 si
98 2226 135 2256 ad
152 2233 270 2256 certam
286 2224 359 2257 fasti
379 2224 511 2265 speciem
529 2227 624 2258 verba
638 2227 834 2267 digerantur,
858 2235 922 2257 non

56 2267 80 2300 fi
98 2267 235 2299 docendi
248 2266 338 2298 causa
352 2267 427 2298 artis
443 2266 645 2299 fundamenta
659 2268 819 2299 tradantur
828 2289 838 2305 ,
848 2277 920 2308 pro-

57 2319 94 2343 ut
105 2309 225 2349 vulgari
242 2308 319 2348 juris
346 2306 431 2339 dieto
454 2308 592 2340 declarat
610 2309 763 2350 Ulpianus
781 2308 814 2340 in
836 2310 863 2340 d.
890 2308 919 2349 ᾗ.

54 2352 196 2391 adeoque
209 2349 285 2382 ferri
313 2347 414 2389 poll'et
438 2349 669 2390 quodammodo
691 2349 775 2382 istaec
793 2349 918 2391 respon-

55 2393 100 2427 fio
117 2392 154 2425 ad
177 2392 198 2423 l.
227 2400 275 2433 13.
309 2392 340 2423 C.
374 2391 407 2422 de
426 2390 504 2432 paci.
530 2391 582 2422 ubi
599 2391 781 2423 rescribitur
797 2391 833 2422 ad
851 2391 920 2423 Ma-

56 2435 138 2474 rium
162 2433 201 2465 de
223 2430 310 2464 fatto
336 2431 370 2463 su
393 2442 427 2463 cr
453 2434 489 2464 B.
510 2431 544 2464 F.
569 2433 734 2465 contractu
750 2432 918 2465 incidenti:

56 2486 121 2509 non
146 2483 225 2506 vero
245 2474 281 2506 ad
306 2474 334 2516 §.
354 2475 506 2519 «zifnimo.
557 2473 685 2506 Habent
707 2483 809 2506 tamen
826 2474 920 2506 ratio-

57 2526 148 2554 nem,
177 2525 272 2555 quare
295 2516 407 2548 nullibi
433 2516 577 2547 locorum
596 2516 713 2556 judicia
727 2524 919 2547 commemo-

58 2567 166 2590 rentur
184 2556 306 2596 stricta,
333 2556 379 2589 sed
397 2557 490 2588 bonae
505 2557 576 2598 fidei
601 2565 740 2590 tantum:
765 2557 837 2598 quia
852 2556 917 2589 scil.

61 2600 93 2632 in
117 2599 165 2630 his
186 2598 381 2638 frequentius
407 2601 436 2630 et
460 2598 639 2630 evidentius
659 2609 695 2630 ea
708 2598 789 2639 Juris
806 2598 920 2630 (1οᾶῑί-

60 2650 101 2673 na
118 2639 266 2671 cernitur.
312 2639 428 2680 Atquin
445 2640 551 2672 eadem
571 2641 652 2672 ratio
667 2640 766 2681 JCtos
787 2639 920 2671 movisse

61 2689 207 2723 poterat,
230 2688 267 2711 ut
281 2680 317 2712 B.
335 2680 369 2712 F.
391 2682 570 2713 contrastus
584 2681 708 2713 silentio
729 2690 918 2723 praetereun-

61 2731 127 2761 tes,
153 2720 347 2753 solummodo
362 2721 537 2755 sti-istorum
557 2723 785 2762 meminissent,
811 2731 923 2764 utpote

61 2772 135 2795 cum
155 2763 185 2808 in
204 2761 251 2793 liis
270 2771 318 2794 res
337 2764 432 2805 magis
448 2764 542 2796 dubia
560 2765 710 2804 &anxia,
735 2765 765 2796 in
784 2765 846 2796 illis
868 2764 921 2796 tri-

63 2813 96 2836 ta
121 2803 197 2835 eslet
221 2803 251 2834 ἀ
275 2812 390 2843 aperta.
433 2805 475 2837 Et
500 2814 600 2837 tamen
619 2809 719 2839 bonam
739 2806 924 2847 ficIemJurss

61 2845 205 2877 auaores
226 2842 344 2885 semper
367 2845 579 2886 ingeminant,
611 2857 683 2880 cum
703 2850 832 2890 utique,
857 2848 878 2880 fi
901 2849 924 2880 i-

60 2887 136 2918 dem
154 2885 230 2931 juris
252 2885 282 2916 ὅ(
308 2886 338 2916 in
361 2885 472 2919 strictis
499 2888 596 2928 esset,
620 2889 713 2922 semel
727 2890 852 2932 quidem
868 2899 923 2922 eos

65 2925 260 2964 retulissent,
271 2926 322 2957 vel
336 2925 443 2959 saitem
459 2931 637 2962 contraetus
655 2938 754 2962 moon
768 2931 830 2963 fine
840 2941 923 2963 men-

62 2969 155 3000 tione
174 2966 245 2998 fidei
263 2966 361 2999 bonae.
407 2969 487 3000 Satis
504 2970 608 3011 itaque
631 2973 756 3004 videtur
772 2981 894 3004 certum
912 2996 923 3012 ‚

63 3018 132 3041 non
148 3008 286 3048 exempli
303 3008 392 3040 causa
408 3011 542 3050 proponi
558 3012 594 3043 B.
610 3012 643 3044 1³.
660 3014 794 3054 judicia,
818 3014 869 3046 sed
889 3024 924 3047 ut

61 3050 193 3091 penitus
208 3050 414 3082 excludantur
432 3050 553 3092 strit'la,
576 3061 610 3084 ut
629 3056 813 3096 plerumque
830 3057 926 3096 alias,

68 3100 140 3163 Ruae
157 3090 196 3121 de
212 3091 423 3123 conti-auibus
445 3092 536 3124 bonae
553 3093 622 3126 fidei
639 3097 865 3136 praedicantur,
887 3098 927 3130 de

100 3131 185 3163 ristis
206 3141 246 3163 cx
278 3133 425 3173 oppoiico
445 3135 580 3175 neganda
611 3135 692 3169 sunt.
735 3138 927 3180 Exemplum

59 3182 107 3204 =ea
122 3172 161 3203 de
180 3181 214 3203 re
232 3172 373 3205 dedimus
391 3175 459 3215 Cup.
475 3177 596 3215 praececl.
628 3178 712 3218 quod
731 3180 768 3210 ad
806 3181 872 3212 aeta
886 3190 928 3212 ex

72 3213 260 3287 intfirvalltff
284 3214 372 3256 plura
392 3215 540 3257 Cujacius
553 3217 637 3250 dabit
662 3219 777 3252 Lunx
799 3221 851 3254 ⁷11.
868 3222 929 3255 Ob·

146 3264 198 3285 σπι.
257 3281 262 3287 .

1085 1356 1089 1360 1
1212 1315 1317 1358 Atque
1335 1318 1400 1349 illae
1426 1328 1442 1349 a
1464 1320 1645 1360 contrario,
1669 1326 1706 1352 ut
1724 1319 1835 1360 ajunt,

962 1355 1169 1388 collectiones
1194 1365 1229 1388 ut
1253 1359 1424 1399 plurimum
1451 1360 1520 1392 sunt
1545 1369 1643 1400 tutae,
1671 1361 1840 1401 &injure

962 1395 1070 1428 nostro
1086 1397 1191 1444 paffim
1209 1408 1354 1441 receptae.
1401 1401 1481 1433 Sunt
1500 1410 1652 1443 praeterea
1669 1404 1699 1435 in
1724 1404 1751 1434 d.
1763 1402 1791 1444 §.
1800 1410 1835 1443 5.

961 1438 982 1470 l.
1003 1447 1031 1479 7.
1057 1449 1134 1486 var-11
1154 1441 1275 1481 generis
1298 1443 1445 1482 voculae,
1468 1453 1563 1484 quas,
1588 1445 1641 1486 qui
1662 1444 1749 1486 pacta
1762 1445 1792 1476 S.
1804 1443 1832 1484 J.

964 1480 1178 1512 conti-astibus
1202 1481 1298 1514 inesse
1323 1484 1375 1516 vel
1396 1484 1507 1524 ajunt,
1534 1486 1587 1518 vel
1603 1495 1736 1528 negant,
1762 1485 1838 1517 hor-

963 1522 1094 1553 rendum
1123 1531 1275 1564 torquent
1295 1548 1305 1563 ,
1338 1533 1375 1557 ut
1402 1526 1565 1558 sententiae
1590 1526 1654 1559 suae
1673 1525 1838 1559 velificen-

964 1572 1036 1601 tur,
1059 1562 1109 1595 sed
1129 1572 1220 1605 turpe
1236 1564 1281 1597 est
1302 1566 1448 1599 difficiles
1468 1567 1581 1600 habere
1597 1578 1703 1610 nugas.

989 1605 1104 1651 ‘Quod
1115 1605 1159 1652 ‘de
1178 1606 1275 1638 stricti
1291 1607 1370 1647 juris
1387 1609 1526 1650 negotiis
1543 1610 1574 1642 in
1593 1609 1773 1643 universum
1788 1610 1838 1642 di-

963 1656 1088 1685 ximus,
1112 1657 1145 1679 in
1165 1647 1268 1688 specie
1285 1648 1482 1690 stipulationi
1499 1652 1693 1692 applicatum
1713 1651 1788 1683 vide
1802 1652 1839 1684 in

963 1689 1044 1736 2399.
1064 1687 1105 1730 ff.
1123 1690 1156 1736 fle
1168 1689 1210 1722 V.
1224 1690 1264 1721 O.
1280 1689 1434 1737 Qudquid
1450 1690 1665 1735 adstringendae
1682 1693 1837 1735 obligatio-

963 1740 1010 1761 ms
1025 1727 1085 1770 est,
1117 1732 1149 1761 ul
1175 1730 1233 1770 mfi
1244 1737 1352 1805 flutiam
1370 1734 1468 1764 verbis
1487 1736 1664 1775 exprimitur
1672 1757 1684 1774 ,
1707 1734 1837 1775 omiffum

964 1772 1190 1814 intelligendum
1216 1773 1243 1814 eJ
1284 1774 1344 1806 &a
1390 1774 1478 1821 Quid
1500 1776 1564 1808 dici
1589 1775 1695 1818 potest
1720 1776 1839 1808 clarius

964 1813 1001 1844 ad
1030 1813 1234 1855 detegendam
1258 1813 1471 1856 stipulationis
1496 1818 1668 1850 natu-ram?
1691 1817 1835 1859 quidquid

964 1852 1179 1897 adstringendae
1198 1857 1386 1898 obligationis
1402 1855 1462 1899 est,
1487 1859 1507 1890 i.
1521 1868 1548 1890 e.
1573 1859 1723 1900 quidquid
1742 1857 1837 1900 stipu-

964 1897 1116 1939 lationem
1136 1897 1270 1929 stri&am
1287 1897 1385 1939 sapit,
1409 1900 1436 1928 τὲ
1464 1899 1671 1934 evacuamus-ov
1686 1903 1715 1938 τῇ
1733 1902 1839 1934 weard

967 1941 1010 1969 τῆς
1030 1940 1135 1977 ἑωχῆς,
1158 1947 1290 1971 vertunt
1319 1939 1448 1979 Graeci,
1471 1941 1501 1973 id
1520 1942 1575 1974 nili
1595 1949 1703 1984 aperte
1721 1942 1752 1974 &
1769 1942 1839 1974 evi-

965 1979 1076 2011 denter
1105 1980 1276 2012 verborum
1306 1980 1498 2015 solemnitati
1523 1983 1623 2015 fuerit
1650 1983 1806 2016 inclusum
1823 2006 1838 2023 ,

965 2021 1082 2052 nullius
1110 2023 1263 2054 momenti
1300 2022 1456 2056 censetur.
1518 2025 1721 2071 Quapropter
1748 2025 1840 2067 pasta

965 2061 1120 2108 consensu
1134 2062 1266 2108 simplici
1286 2073 1438 2097 contenta
1456 2066 1574 2108 respuit
1589 2066 1760 2099 necess'aria
1769 2076 1841 2099 ver-

964 2104 1077 2150 borum
1102 2104 1286 2136 10111citudo
1306 2117 1313 2138 :
1347 2106 1468 2139 discant
1494 2108 1718 2140 contrahentes
1743 2108 1841 2141 latius

964 2155 1135 2192 coneipere
1163 2147 1333 2179 verborum
1365 2147 1540 2188 formulas,
1562 2159 1602 2182 ne
1618 2150 1762 2182 alterutri
1780 2150 1838 2181 ob-

963 2195 1091 2232 jiciatur
1114 2187 1196 2219 illud
1222 2188 1348 2221 Adriani
1367 2213 1377 2229 ,
1411 2190 1489 2223 αῡιδς
1513 2195 1602 2228 σκοπῷ
1629 2194 1757 2230 ἀπεῖναι.
1801 2191 1838 2224 Si

965 2238 1034 2274 quis
1056 2229 1197 2274 capiatur
1216 2252 1227 2267 ‚
1260 2231 1438 2263 meminerit
1455 2231 1506 2264 hic
1523 2243 1588 2265 non
1605 2243 1646 2265 ex
1660 2232 1744 2265 bona
1770 2232 1836 2265 fide

964 2279 1032 2315 agiu,
1058 2279 1128 2301 eum
1147 2272 1216 2301 lero
1233 2269 1355 2312 sapere,
1380 2273 1512 2306 verbum
1531 2274 1742 2306 irrevocabile
1757 2283 1837 2305 evo-

965 2311 1054 2342 lulle:
1070 2321 1131 2342 uno
1149 2312 1267 2358 yerbo,
1280 2313 1367 2354 pasta
1376 2323 1537 2347 conventa
1553 2325 1617 2347 non
1625 2315 1687 2347 effe
1703 2315 1835 2348 adstrin-

964 2352 1074 2399 geudae
1100 2353 1303 2393 obligationis
1324 2378 1334 2394 ,
1364 2365 1430 2388 non
1453 2355 1516 2388 ess'e
1529 2357 1630 2398 palam
1650 2356 1755 2389 verbis
1780 2366 1834 2389 ex-

964 2395 1082 2440 prella,
1116 2395 1146 2439 §t
1169 2404 1224 2435 per
1251 2396 1313 2427 hoe
1332 2396 1443 2428 omissa
1459 2398 1607 2440 intelligi.
1651 2397 1836 2430 Producent:

962 2435 1089 2477 quidem
1106 2437 1173 2467 luas
1188 2437 1393 2477 exceptiones
1408 2461 1418 2478 ,
1443 2448 1573 2478 verum,
1598 2439 1670 2481 quia
1687 2438 1834 2472 solemni-

963 2485 1219 2522 ter'nuncupata
1241 2488 1305 2510 non
1333 2477 1404 2510 sunt
1425 2502 1437 2518 ,
1467 2481 1590 2512 ratione
1617 2479 1837 2521 stipulationis

961 2517 1070 2564 omissa
1090 2528 1258 2560 putantur,
1282 2520 1404 2552 ratione
1425 2522 1596 2554 verborum
1612 2546 1621 2562 ,
1647 2522 1756 2555 saltem
1786 2521 1835 2554 so-

962 2560 1113 2606 lemnium
1125 2585 1134 2599 ,
1158 2560 1276 2593 etiamsi
1295 2561 1327 2593 in
1345 2561 1442 2602 pastis
1457 2564 1508 2596 vel
1535 2563 1599 2605 ipsa
1615 2564 1711 2595 verba
1728 2563 1833 2597 abesse

963 2600 1049 2647 polle
1066 2601 1200 2634 constet.
1243 2602 1308 2642 Jam
1328 2612 1405 2634 vero
1426 2604 1553 2637 adversa
1562 2604 1671 2637 fronte
1689 2612 1834 2647 pugnant

962 2642 1089 2682 onustum.
1115 2643 1164 2684 effe
1192 2644 1221 2675 δε
1249 2643 1351 2684 ineffe:
1381 2646 1468 2685 quod
1495 2647 1605 2688 utique
1622 2646 1738 2678 sufficit
1757 2669 1767 2685 ,
1790 2655 1832 2678 ne

964 2684 1051 2730 pacta
1069 2684 1181 2717 stricta:
1203 2683 1415 2727 stipulationis
1433 2688 1572 2720 membra
1582 2688 1649 2720 fieri
1667 2687 1754 2729 poffe
1763 2696 1831 2719 cre-

964 2733 1082 2758 uanius.

1008 2767 1073 2812 Qui
1092 2770 1183 2801 nobis
1196 2768 1266 2802 sunt
1280 2768 1415 2808 adveffi,
1437 2770 1516 2802 hanc
1533 2770 1626 2812 Legis
1643 2769 1832 2803 sententiam

965 2810 1097 2843 eludunt
1117 2811 1214 2843 varie.
1250 2810 1426 2851 ,Goeddeus
1448 2814 1482 2843 de
1503 2812 1534 2844 C.
1560 2812 1596 2847 &⁴
1615 2812 1648 2843 C.
1663 2810 1736 2853 stip.
1758 2813 1831 2885 Οίίφ.

967 2852 1052 2884 VIII.
1077 2863 1107 2884 iz.
1127 2858 1178 2892 85.
1203 2851 1239 2887 ὅ)
1261 2856 1314 2886 86.
1338 2851 1476 2892 speciose
1499 2862 1564 2894 prae
1588 2853 1711 2885 caeteris
1730 2854 1767 2884 ad
1798 2862 1818 2884 o

965 2893 1026 2925 lam
1045 2892 1253 2935 stipulationis
1270 2894 1563 2932 interpretationem
1578 2903 1645 2924 eam
1661 2894 1835 2936 restringit,

966 2943 1001 2966 ut
1016 2936 1112 2966 verba
1127 2935 1158 2967 in
1181 2936 1210 2967 d.
1233 2935 1254 2966 l.
1272 2944 1321 2971 99.
1348 2934 1565 2975 subsequentia
1584 2933 1707 2976 possent
1723 2944 1833 2978 argue-

965 2985 1019 3015 re,
1051 2977 1081 3008 &
1111 2976 1186 3007 hinc
1218 2976 1256 3007 ad
1271 2975 1358 3016 paCta
1382 2976 1499 3015 adjecta
1523 2976 1604 3008 male
1628 2976 1734 3008 induci
1750 2981 1831 3008 eon-

968 3017 1081 3049 tendit.
1126 3017 1205 3056 Sed,
1229 3016 1306 3048 iicet
1333 3017 1521 3051 vem'flimum
1544 3017 1601 3056 fit,
1618 3018 1666 3059 agi
1686 3019 1725 3049 de
1740 3026 1832 3050 certo

968 3058 1179 3100 stipulationis
1210 3057 1452 3098 interpretandae
1475 3059 1572 3090 modo
1591 3081 1602 3097 ,
1633 3059 1712 3091 nihil
1730 3068 1834 3091 tamen

969 3109 1056 3131 vetat
1075 3100 1143 3131 haec
1172 3097 1290 3130 adsumi
1313 3108 1353 3129 ex
1372 3108 1558 3140 argumento
1576 3099 1614 3131 ab
1631 3101 1837 3143 obligationis

970 3140 1083 3173 strittae
1116 3149 1227 3172 natura
1251 3139 1382 3180 petito,
1413 3140 1499 3180 quod
1535 3139 1648 3174 Celsus
1676 3142 1707 3174 in
1740 3143 1759 3174 ἰ.
1784 3151 1836 3180 99·ν
1860 3173 1865 3176 .

970 3183 1139 3224 praemittit
1161 3181 1252 3218 velut
1268 3180 1508 3214 fundamentum
1526 3191 1633 3215 eorum
1646 3207 1656 3222 ‚
1679 3193 1748 3225 quae
1760 3191 1839 3215 mox

971 3223 1162 3266 exsequitur.
1206 3222 1408 3295 Baghovius
1429 3223 1466 3258 ad
1495 3223 1606 3260 Tremi.
1623 3224 1709 3268 Dtsp.
1737 3226 1839 3298 ἀπᾶρα-

1798 3275 1844 3306 15,
