2008 3436
400 118 844 157 VCORNELII

192 199 274 240 ipsos
289 199 468 240 Principes,
493 200 567 232 dum
588 200 796 236 contrahunt,
822 197 925 229 haberi
950 197 1050 238 priva-

194 248 300 271 torum
316 241 399 272 loco.
444 240 573 273 Exstare
589 242 684 272 etiam
704 239 866 280 exempla,
890 248 958 278 quae
978 247 1049 279 pro-

194 281 269 312 bant
280 303 290 319 ,
308 282 427 322 legatos
443 282 474 313 in
491 281 580 313 causa
597 282 704 319 civili,
721 290 790 322 quae
807 280 844 311 ad
860 279 1051 324 legationem

193 331 257 354 non
283 322 480 362 pertinebat,
505 322 598 354 suiss'e
621 323 784 353 damnatos
805 344 816 359 ,
846 321 876 352 ὅ(
902 320 932 351 se
956 327 1050 350 etiam

197 372 245 394 10.
277 362 366 394 Nov.
401 373 489 404 1710.
519 362 673 395 damnass'e
696 363 832 403 legatum
858 361 1020 401 quemdam
1040 383 1050 398 ‚

193 402 270 434 foro
286 403 341 435 suo
359 414 424 435 non
440 405 708 436 contradicentem
720 427 728 441 ,
754 403 790 434 ad
812 402 987 434 tradendam
1006 401 1052 432 ad-

195 443 335 476 versario
361 446 539 477 cautionem
569 453 680 476 contra
700 444 853 482 Ordines,
878 452 971 482 quain
991 440 1055 487 ipse

196 485 366 526 poffidebat
384 510 393 525 ,
430 486 459 518 ὅ(
490 486 569 517 alius
601 485 790 516 vindicabat.
834 484 930 516 Addit
958 482 1055 514 Curia

196 527 227 558 <Sc
242 527 302 558 alia
321 527 358 558 ad
374 526 604 558 defendendum
628 525 735 557 forum
755 525 859 564 suum,
885 533 954 565 quae
972 524 1003 554 in
1020 523 1055 554 il—

196 567 226 598 la
251 566 354 608 specie
373 567 551 599 militabant
575 574 686 598 contra
713 567 848 608 legatum
863 589 871 604 ,
896 565 977 605 quod
997 563 1053 595 sci-

195 608 274 639 licet
299 608 418 639 actione
435 609 563 648 quadam
580 630 590 645 ,
621 608 660 639 de
679 617 738 647 qua
763 599 948 648 litigandum
970 612 1055 643 erat,

196 649 225 680 ei
244 649 393 681 cesserant
409 649 480 687 alii,
501 650 588 680 cives
607 649 637 680 ὅ(
654 648 768 679 subditi
784 648 901 686 nostri,
925 647 954 678 ὅ(
971 646 1055 687 quod

196 688 263 731 ipse
281 690 449 731 privilegio
466 689 531 721 fori
548 690 806 721 i·enunciavei·at.'

241 730 292 761 De
309 730 356 761 his
369 753 380 768 ,
396 740 464 770 quae
482 729 626 771 specialia
640 738 728 761 erant
746 731 776 762 in
793 740 831 761 eo
847 728 934 762 fa&o
946 752 956 768 ,
977 728 1057 761 nihil

197 771 300 802 dicam
311 795 320 810 ,
345 772 480 803 maxime
495 781 566 802 eum
583 781 618 802 ea
633 770 782 811 quaestio,
807 781 844 802 an
862 771 981 812 legatus
992 769 1057 800 fori

199 812 369 854 privilegio
381 812 471 853 posfit
481 813 664 844 renunciare
674 836 682 850 ,
694 812 766 844 alibi
784 822 909 854 operam
921 810 1056 843 nostram

197 854 382 894 occupabit.
426 853 605 894 Nequidem
629 863 785 894 quaeram,
807 863 844 885 an
861 862 924 884 non
943 852 1056 884 111010-

196 903 307 936 gatus,
331 895 384 935 qui
401 895 430 927 8(
446 895 590 935 proxime
614 903 686 925 ante
701 895 890 936 legationem
906 894 1058 935 plurimos

194 945 293 967 annos
309 935 408 976 Hagae
427 935 531 966 fuerat
544 944 757 967 commoratus
769 959 778 974 ,
803 936 839 967 ad
857 935 983 967 Curiam
1000 943 1056 964 vo-

198 977 264 1008 cari
288 976 457 1017 potuisset,
483 977 576 1008 etiam
605 976 672 1018 post
696 977 902 1018 legationem,
927 984 962 1007 ut
986 983 1058 1006 ante

196 1018 388 1059 legationem
405 1026 547 1059 poterat,
570 1027 610 1049 ex
626 1017 739 1049 Editio
755 1018 908 1049 Ordinum
924 1016 1059 1048 Genera-

199 1059 278 1091 Iiuin
309 1068 354 1095 19.
379 1058 446 1099 Jun.
477 1063 568 1094 1681.
591 1059 675 1099 quod
702 1059 831 1090 exhibui
849 1060 919 1099 Cap.
945 1057 1003 1090 XI.
1030 1057 1059 1088 &

197 1100 288 1140 cujus
306 1099 402 1131 Curia
416 1110 480 1132 non
498 1100 651 1132 meminit.
696 1099 864 1132 Ostendam
881 1100 1006 1140 potius,
1028 1108 1059 1129 in

199 1141 305 1182 legato
320 1149 515 1180 mercatore,
536 1141 620 1182 quod
634 1141 670 1172 ad
684 1140 789 1173 forum
799 1163 809 1179 ,
832 1150 895 1172 non
913 1140 995 1172 aliud
1007 1138 1060 1184 sta·

198 1182 350 1213 tuendum
365 1182 485 1222 videri,
496 1192 586 1223 quam
603 1183 633 1214 in
650 1183 712 1214 alio
727 1183 838 1223 quovis
850 1205 858 1220 ,
870 1182 922 1222 qui
940 1191 981 1212 aes
990 1181 1062 1211 alie-

199 1233 295 1262 num,
316 1233 357 1255 ex
372 1232 555 1264 quacunque
579 1223 668 1255 causa
691 1223 906 1261 contraCtuin,
929 1232 993 1254 non
1007 1231 1060 1252 ex-

200 1264 311 1296 solvit.
356 1265 451 1311 Quod
469 1264 565 1296 Curia
589 1265 652 1302 ait,
675 1265 795 1305 legatos
811 1263 885 1294 foro
904 1262 1010 1295 nostro
1030 1263 1061 1294 in

201 1306 251 1337 his
268 1306 421 1337 duntaxat
440 1315 504 1337 non
523 1304 658 1343 subesse,
670 1312 803 1345 quae,ut
821 1305 915 1344 legati
929 1311 1060 1345 egerunt

200 1347 233 1379 ὅ(
246 1355 492 1385 contraxerunt,
509 1345 703 1386 desumptum
721 1345 765 1377 est
783 1355 822 1377 ex
838 1345 1062 1385 Disputatione

200 1389 405 1429 quorumdam
421 1387 501 1428 apud
517 1387 595 1418 Bort
612 1388 645 1418 de
670 1385 801 1428 Ari-estis
818 1387 851 1418 C.
877 1386 931 1418 IV.
955 1396 986 1418 ⁷2.
1013 1396 1059 1428 13.

201 1431 232 1461 ὅ(
249 1438 287 1460 ex
312 1428 441 1470 epistola
467 1428 572 1460 Curiae
598 1429 635 1459 ad
662 1428 794 1460 Ordines
819 1427 1000 1459 Hollandiae
1030 1430 1063 1459 in

199 1469 292 1501 causa
306 1470 398 1511 legati
414 1469 537 1502 Suecici
564 1478 610 1506 19.
634 1468 712 1500 Dec.
735 1473 823 1509 1644.
842 1470 946 1500 ibidem
962 1478 992 1500 η.
1013 1478 1060 1509 14.

201 1511 262 1543 Sed
278 1511 356 1542 adeo
372 1510 402 1542 id
417 1510 482 1551 Juri
499 1509 651 1541 Gentium
667 1510 907 1549 adversatur,ut
915 1510 979 1541 duo
988 1510 1063 1542 dun-

201 1559 290 1584 taxat
304 1553 448 1593 exempla
464 1552 652 1592 repererim,
675 1552 788 1592 quibus
806 1551 858 1583 vel
877 1552 909 1583 in
928 1551 1063 1592 Imperio

200 1593 363 1633 Turcieo,
381 1601 471 1624 extra
486 1592 607 1624 causam
626 1593 809 1633 legationis,
829 1593 922 1633 legati
941 1593 972 1624 in
991 1602 1062 1623 cau-

201 1634 233 1667 sa
258 1635 347 1666 civili
372 1635 402 1666 &
426 1634 602 1675 pecuniaria
625 1633 811 1674 respondere
835 1634 915 1674 apud
940 1633 1063 1673 Judices

202 1676 303 1708 coaffi
320 1676 396 1714 fint,
419 1685 482 1707 non
499 1674 560 1706 fine
581 1675 795 1716 indignatione
812 1675 904 1716 ipsius
919 1674 1063 1706 Praefetii

201 1717 379 1756 Praetorio,
402 1717 455 1758 qui
472 1715 513 1747 ibi
529 1724 616 1754 erat,
639 1717 668 1748 ἃ
684 1716 753 1748 haec
770 1715 987 1748 detestabatur.
1013 1716 1062 1757 lp-

201 1757 253 1791 sos
269 1758 429 1799 Principes
448 1757 669 1789 contrahentes
686 1758 834 1799 obligari,
860 1758 944 1798 quod
959 1756 1004 1789 est
1022 1767 1064 1789 ex

202 1800 310 1832 eadem
337 1799 401 1831 Dis
418 1799 560 1830 utatione
587 1798 668 1839 apud
692 1799 770 1830 Bort
787 1800 815 1831 d.
839 1809 869 1830 iz.
899 1808 946 1840 13.
971 1799 1001 1831 ὃ(
1022 1809 1063 1831 ex

201 1841 309 1872 eadem
328 1840 386 1881 Epi
419 1840 471 1871 ola
487 1840 516 1871 d.
539 1849 568 1870 n.
597 1849 645 1880 14.
670 1840 858 1872 vei-iflimum
871 1840 1063 1881 quidemest,

202 1882 255 1914 sed
280 1880 492 1913 alieniffimum
518 1882 556 1912 ab
576 1881 639 1912 hoe
657 1888 840 1922 argumento
852 1904 863 1920 ,
886 1891 956 1913 nam
975 1882 1005 1913 ὃ(
1023 1883 1064 1913 10-

202 1923 266 1966 gati
285 1923 508 1954 contrahentes
532 1921 729 1963 obligantur,
752 1932 811 1954 nec
835 1923 874 1954 de
894 1932 933 1954 eo
950 1923 1062 1963 quaeri-

186 1974 275 1997 *mus
292 1986 303 2002 ,
336 1971 369 1995 at
394 1963 448 1995 ubi
478 1973 518 1994 ex
543 1964 707 1995 eontraCtu
731 1964 895 1996 conveniri
918 1964 1063 1996 debeant.

204 2005 300 2050 Quod
323 2013 427 2036 autem
452 2004 548 2037 Curia
573 2004 604 2036 d.
637 2004 783 2036 Edictum
807 2015 836 2042 9.
860 2006 945 2046 Sept.
973 2009 1062 2046 1679.

204 2045 371 2087 restringat
386 2046 423 2076 ad
440 2056 481 2077 aes
496 2045 631 2077 alienum
641 2069 650 2084 ,
661 2055 723 2086 quo
740 2044 771 2077 se
788 2045 922 2087 suosque
936 2047 1062 2078 exhibe-

205 2094 239 2119 at
255 2087 376 2128 legatus
384 2086 597 2124 ,conti-aetum
609 2108 619 2124 ,
631 2096 694 2118 non
710 2087 944 2126 animadverto,
954 2096 1061 2128 quem—

204 2127 373 2160 admodum
400 2126 537 2164 Edicto,
568 2127 755 2167 generaliter
779 2136 955 2169 concepto,
989 2137 1064 2160 con-

204 2169 315 2201 venire
331 2167 442 2209 posfit,
467 2168 497 2199 ὅ(
512 2168 771 2208 quemadmodum
786 2169 834 2207 ei,
857 2169 941 2209 quod
958 2169 1001 2201 ibi
1020 2169 1064 2200 di-

205 2211 291 2244 citur
312 2210 345 2240 de
370 2209 478 2251 legatis
502 2210 738 2248 transeuntibus,
762 2210 794 2241 in
821 2210 933 2251 quibus
957 2211 988 2242 id
1009 2211 1066 2242 vix

205 2252 353 2288 obtinet3
377 2250 399 2282 fi
425 2259 557 2290 nempe,
579 2257 615 2281 ut
639 2250 755 2291 vulgo,
780 2251 819 2282 de
843 2251 951 2292 legatis
969 2258 1064 2283 tranr-

205 2293 358 2332 euntibus,
383 2291 414 2323 id
439 2290 583 2322 Edidium
602 2291 859 2332 interpretemur,
885 2293 915 2324 &
930 2298 994 2324 non
1010 2301 1065 2333 po-

205 2335 270 2365 tius
286 2333 325 2364 de
341 2333 528 2371 abeuntibus,
554 2339 590 2363 ut
605 2331 670 2372 ipse
693 2333 889 2373 conjeceram
911 2334 980 2374 Cap.
1006 2333 1064 2366 IX.

205 2374 354 2415 Denique
374 2374 475 2412 ratio,
499 2382 568 2445 (ἧψε
593 2373 766 2405 Ordinibus
788 2374 867 2406 hanc
882 2375 982 2415 legem
998 2384 1065 2421 per-

206 2415 297 2448 suasit
311 2439 320 2455 ,
353 2414 460 2446 eadem
482 2423 500 2445 e
551 2414 583 2446 in
605 2423 794 2455 quocunque
816 2416 911 2457 legati
935 2416 1063 2455 debito,

206 2466 280 2488 cum
298 2466 363 2488 non
380 2464 441 2487 tam
459 2455 575 2496 legati,
600 2464 691 2496 quam
707 2456 798 2496 ipsius
813 2456 967 2498 Principis
976 2456 1065 2488 causa

206 2505 325 2539 agatur.
371 2497 521 2529 Rationes
548 2496 579 2528 &
595 2495 779 2529 consensum
803 2496 956 2530 Gentium
975 2497 1065 2539 supra

207 2538 356 2579 expedivi
383 2538 416 2569 C.
439 2536 509 2568 VII.
536 2536 566 2568 &
591 2536 677 2569 VIII.
704 2539 733 2570 ὅ(
758 2538 848 2570 11111111
865 2538 1000 2571 refutavi
1019 2549 1063 2571 ra-

206 2579 328 2612 tionem
351 2578 503 2619 plebejam
526 2577 564 2608 de
589 2576 711 2609 sublato
734 2578 790 2610 usu
810 2579 874 2611 fori
900 2581 999 2612 mutui
1027 2589 1067 2612 ex

207 2619 301 2653 causa
316 2619 408 2651 unius
421 2617 621 2657 eiusdemque
644 2619 774 2659 negotii.
818 2620 889 2652 Nec
906 2629 1068 2660 moveret,

208 2659 328 2693 etiamsi
338 2659 434 2692 Curia
446 2658 537 2690 aliter
553 2657 715 2698 judicasset
737 2659 768 2691 d.
790 2670 837 2692 10.
860 2660 949 2693 Nov.
976 2671 1066 2702 1710.

210 2709 417 2744 quamquam,
442 2706 478 2731 ut
500 2697 564 2739 ipsa
585 2699 747 2739 explicat,
771 2700 813 2732 fic
828 2701 1017 2739 judicaverit
1035 2702 1067 2734 in

208 2743 334 2775 afflone
353 2742 385 2773 in
401 2750 487 2779 rem,
509 2748 601 2780 quam
618 2739 755 2780 legatum
772 2742 836 2781 pati
855 2750 1003 2782 oportere
1014 2751 1067 2774 ex-

209 2793 260 2816 tra
276 2792 401 2815 ornnem
418 2779 662 2813 controverfiam
681 2780 742 2812 effe
767 2781 863 2814 Curia
882 2782 919 2813 ad
933 2782 1067 2815 Ordines

210 2823 366 2898 }escriss³fit
382 2823 413 2855 d.
442 2831 488 2860 19·
534 2820 616 2854 Dec.
642 2825 730 2863 1644.
756 2822 787 2855 ὅ(
808 2821 874 2863 ipse
887 2821 995 2864 postea
1011 2824 1065 2856 ob-

227 2875 300 2897 erva
322 2874 352 2897 o.

253 2905 322 2938 Nisi
345 2906 441 2948 igitur
461 2904 611 2938 arrestum
634 2905 678 2937 rei
705 2905 836 2946 alicujus
860 2906 1069 2945 interveniat,

235 2956 276 2978 uo
291 2946 464 2987 jurisdiCtio
478 2946 615 2986 nitatur,
627 2954 663 2978 ut
681 2947 873 2979 intervenire
887 2947 972 2989 poss'e
984 2947 1069 2979 dein-

211 2957 253 3021 de
266 2988 386 3030 dicam,
407 2988 487 3022 nihil
503 2987 675 3029 proderunt
688 2988 753 3022 illae
769 2988 915 3023 rationes.
960 2988 1069 3029 ExJu-

195 124 264 157 1⁴66
915 129 938 154 v
956 128 976 154 Λ
999 127 1023 153 N

1096 112 1692 154 BYNKERSHOEK

1093 205 1127 228 re
1143 196 1287 227 Romano
1304 196 1400 227 veliin
1419 196 1450 227 in
1461 196 1539 228 hanc
1554 206 1619 228 rein
1635 195 1793 230 observari
1812 198 1833 230 l.
1857 209 1887 239 4.
1913 197 1945 233 C.
1999 222 2003 234 1

1094 239 1126 268 de
1155 238 1306 268 Conziizerc.
1340 236 1376 272 ἐξ
1398 243 1547 269 mercator.
1580 246 1672 279 negat
1694 238 1746 269 illa
1759 262 1769 277 ,
1804 239 1950 274 Romanis
1996 264 1998 271 s

1095 278 1336 310 Perfisve'ultra
1357 278 1496 318 quaedam
1522 278 1591 309 loca
1610 302 1620 317 ,
1653 279 1768 310 ibidem
1794 280 1949 326 expressa,

1095 328 1301 350 mercaturam
1321 318 1425 350 facere
1448 319 1564 357 licere,
1587 321 1715 360 exceptis
1734 321 1870 352 videlicet
1886 322 1949 360 his,

1099 362 1147 401 qui
1164 361 1322 403 legatorum
1339 359 1493 401 Perfarum
1510 360 1634 401 quolibet
1644 366 1766 401 tempore
1780 360 1950 404 adizojiram

1101 402 1292 432 Clementiam
1307 402 1512 432 iiiittemioriciiz
1529 403 1585 432 iter
1603 403 1733 432 comitati
1744 423 1756 439 ,
1780 412 1884 434 merces
1898 405 1950 434 du·
2002 403 2005 411 ⁴

1098 444 1198 473 xeriizt
1223 444 1455 474 comiizuicinclas:
1477 444 1577 484 quihus
1603 443 1795 473 humanitatis
1820 443 1854 478 δ’
1869 444 1950 487 lega-

1099 484 1186 514 tionis
1210 484 1321 514 intuitu
1347 489 1430 514 extra
1446 482 1595 523 praefinita
1615 485 1704 514 etiam
1725 483 1788 514 loca
1806 483 1952 525 mercandi

1098 526 1426 566 copiamnoiznegamus.
1447 524 1568 565 Agitde
1578 524 1747 556 comitibus
1759 525 1953 566 legatorum,
2004 553 2006 556 .

1097 566 1150 606 qui
1169 565 1277 596 eodem
1301 566 1369 605 jure
1396 565 1582 604 censentur,
1606 575 1669 606 quo
1696 565 1750 607 ipsi
1768 566 1884 607 legati3
1907 565 1954 598 his
2004 566 2006 569 “

1098 606 1263 647 legationis
1286 606 1403 637 intuitu
1425 607 1579 647 permittit
1603 607 1697 638 etiam
1723 607 1800 638 ultra
1826 616 1862 638 ea
1886 603 1954 639 loca'

1098 647 1289 678 commercia
1307 645 1358 677 sua
1372 655 1579 687 promovere,
1600 648 1648 678 sed
1664 647 1732 679 audi
1743 670 1753 686 ,
1770 648 1844 689 quid
1853 647 1953 681 addat}

1098 687 1321 729 iiifiszibspecie
1340 688 1495 729 legationis
1510 689 1619 719 diritius
1635 690 1666 720 iiz
1682 689 1809 730 qualibet
1827 688 1952 720 Provin-

1099 731 1147 760 cia
1164 727 1334 767 residentes,
1357 739 1409 760 nec
1426 730 1519 771 legati
1540 731 1664 760 reditum
1685 731 1722 760 (id
1734 731 1853 770 propria
1871 728 1958 762 comi:

1100 776 1209 802 tentiir.
1255 769 1319 801 Hos
1333 771 1411 801 enim
1428 776 1594 800 mercatum
1610 769 1769 810 infistentes
1784 779 1841 801 non
1859 770 1954 807 imme-

1099 814 1156 843 rito
1174 821 1237 842 cum
1251 821 1311 842 una
1326 812 1371 842 his
1382 834 1392 849 ,
1416 821 1479 842 cum
1497 812 1596 851 quihus
1610 813 1810 842 contraxerint
1815 813 1871 852 seu
1886 811 1957 854 rest-⁸

1100 855 1212 891 (lerini,
1233 859 1320 892 poena
1335 851 1588 895 hirjiisstznc'iiowis
1603 852 1795 893 persequetur.
1837 852 1955 885 Posti-e-

1100 904 1168 926 mus
1184 893 1362 925 Verficulus
1377 893 1540 924 videbatur
1558 894 1716 932 indicare,
1739 893 1873 925 comites
1883 893 1960 927 merss

1101 944 1224 966 catores
1248 944 1312 966 non
1334 934 1479 975 distingui
1508 944 1524 965 a
1553 935 1680 975 reliquis
1705 935 1961 976 mercatoribus,

1102 976 1153 1008 sed
1170 976 1308 1007 eamdem
1328 984 1479 1016 utrosque
1497 976 1563 1015 ejus
1587 976 1665 1016 legis
1681 985 1804 1017 poenam
1826 985 1962 1009 manere:

1102 1018 1144 1049 Et
1160 1017 1266 1058 quidni
1284 1017 1365 1048 idem
1382 1017 1524 1048 dicemus
1542 1017 1572 1048 in
1590 1016 1680 1048 causa
1701 1016 1791 1049 fori?
1814 1016 1897 1049 Idem
1913 1017 1960 1050 dia

1103 1067 1227 1096 cerem,
1249 1057 1269 1089 fi
1293 1067 1435 1098 ageretur
1452 1057 1491 1089 de
1514 1058 1702 1097 comitibus,
1725 1058 1764 1090 de
1787 1058 1899 1100 quibus
1917 1058 1964 1091 ibi⁵

1103 1099 1205 1130 serino
1222 1098 1283 1137 est,
1296 1099 1334 1129 de
1353 1100 1400 1130 his
1415 1108 1544 1139 nempe,
1557 1100 1609 1139 qui
1631 1097 1684 1130 sub
1706 1097 1808 1140 speeie
1829 1100 1966 1141 legatio-¹

1104 1141 1151 1171 nis
1168 1140 1247 1180 apud
1270 1149 1327 1170 nos
1351 1140 1489 1178 haerent,
1515 1149 1565 1170 uec
1591 1141 1684 1182 legati
1704 1142 1828 1172 reditum
1845 1142 1883 1172 ad
1894 1148 1960 1183 pro-

1099 1183 1170 1221 pria
1186 1182 1360 1212 comitamur
1371 1203 1382 1218 ,
1405 1180 1466 1211 hoc
1483 1180 1547 1219 est,
1573 1183 1625 1222 qui
1643 1181 1807 1213 abeuntem
1823 1182 1965 1223 legatum

1105 1222 1223 1262 sequuti
1241 1231 1302 1252 non
1320 1221 1399 1252 sunt.
1447 1221 1558 1252 Omnis
1576 1222 1691 1262 legatio
1707 1223 1784 1254 olim
1803 1231 1893 1254 extra
1911 1222 1969 1255 or·⁴

1103 1264 1207 1294 dinem
1226 1262 1353 1293 decreta
1372 1263 1401 1293 ὅ(
1418 1262 1544 1302 perusto
1571 1263 1702 1304 negotio
1719 1263 1867 1295 exstineia
1886 1263 1959 1296 fuit.

1104 1302 1204 1336 Persae
1222 1303 1315 1343 legati
1330 1303 1459 1334 redeunt
1475 1303 1512 1334 ad
1529 1302 1616 1342 suos,
1641 1305 1775 1336 comites
1791 1312 1826 1335 ut
1842 1313 1905 1335 rem
1919 1303 1966 1336 fa-

1105 1345 1209 1383 ciant,
1235 1345 1266 1375 in
1284 1343 1460 1375 Provinciis
1476 1343 1597 1376 haerent
1609 1369 1618 1384 ‚
1643 1353 1825 1376 mercaturae
1845 1344 1964 1378 studen-

1107 1394 1174 1424 tes,
1196 1385 1360 1425 quaeiitum
1375 1385 1439 1423 est,
1462 1394 1499 1416 an
1516 1386 1545 1417 ὃ(
1559 1386 1604 1417 1111
1622 1393 1784 1418 uterentur
1798 1386 1964 1428 privilegio

1106 1427 1192 1459 illius
1205 1425 1477 1458 Constitutionis?
1500 1435 1614 1467 negant
1632 1426 1858 1468 Imperatores,
1882 1427 1973 1459 &rex

1105 1468 1154 1500 Cte
1169 1475 1303 1508 negant,
1325 1468 1397 1509 quia
1413 1466 1562 1499 exstincta
1583 1468 1741 1509 legatione
1758 1468 1851 1500 etiam
1869 1468 1964 1510 privi-

1106 1509 1187 1551 legia
1203 1509 1379 1550 legatorum
1400 1509 1430 1541 &
1446 1509 1599 1540 comitum
1619 1509 1869 1551 exstinguuntur.
1908 1508 1962 1541 Vi-

1105 1551 1170 1582 deri
1190 1559 1294 1582 tamen
1310 1549 1411 1591 po'ss'et
1427 1551 1454 1579 όν
1470 1550 1560 1583 mira
1586 1551 1617 1582 jd
1639 1550 1700 1582 effe
1726 1550 1963 1591 accipiendum,

1105 1601 1207 1632 neque
1223 1592 1283 1631 ita,
1295 1599 1349 1629 ut,
1367 1591 1388 1623 si
1405 1591 1633 1636 hodielegatus
1650 1591 1964 1633 pi·0fieiscatur,pos-

1107 1633 1200 1665 tridie
1214 1633 1347 1664 comites
1362 1632 1537 1674 privilegiis
1553 1633 1681 1672 cadant,
1695 1632 1747 1665 sed
1757 1641 1813 1672 ,ut
1831 1634 1875 1665 ait
1884 1632 1965 1673 Lex,

1106 1676 1214 1706 diutius
1237 1673 1389 1713 reficientes
1417 1674 1446 1706 ὅ(
1469 1680 1635 1706 mercatura>
1655 1673 1826 1715 infistentes.
1870 1674 1962 1706 Anno

1110 1720 1198 1754 1689.
1223 1715 1318 1757 legati
1334 1715 1458 1756 Anglici
1476 1715 1601 1754 uxoris,
1614 1726 1683 1757 quae
1701 1716 1847 1748 maritum
1860 1715 1973 1758 sequu‘q

1107 1765 1176 1788 tura
1199 1757 1337 1788 nondum
1364 1757 1498 1796 abierat,
1531 1756 1614 1789 bona
1641 1757 1671 1789 in
1699 1755 1815 1789 arresto
1839 1757 1971 1789 detenta'

1105 1797 1194 1837 sunt,
1218 1798 1330 1839 idque,
1356 1797 1409 1829 illa
1421 1798 1628 1839 nequicquam
1645 1799 1833 1837 reluctante,
1854 1797 1966 1840 proba·

1107 1847 1173 1871 tum
1191 1861 1203 1878 ‚
1232 1839 1298 1871 vid.
1331 1838 1528 1880 Hollandsche
1557 1839 1690 1871 Mei-cur.
1722 1840 1794 1871 anni
1820 1843 1908 1876 1689.
1929 1844 1962 1879 p.
1978 1872 1984 1877 ,

1108 1889 1178 1922 272.
1205 1881 1295 1921 quia,
1306 1888 1340 1911 ut
1357 1880 1400 1912 ibi
1416 1881 1557 1920 additur,
1572 1881 1705 1913 Ordines
1720 1881 1780 1922 jam
1792 1887 1862 1913 ante
1877 1880 1905 1911 ei
1922 1880 1966 1912 le-

1106 1922 1225 1963 gationi
1243 1921 1522 1953 obnunciaverant.
1565 1922 1624 1954 Sed
1638 1922 1842 1954 nihilominus
1859 1920 1965 1962 displi-

1106 1971 1194 1994 ceret
1219 1971 1254 1994 ea
1268 1962 1430 1994 festinatio
1449 1963 1479 1994 in
1495 1972 1595 1994 uxore
1607 1987 1616 2002 ,
1642 1973 1710 2003 quae
1728 1961 1913 1994 remanserat
1927 1961 1978 1998 ad⁴

1104 2003 1329 2036 exsolvendum
1350 2004 1454 2035 mariti
1474 2002 1519 2035 sui
1543 2014 1585 2036 aes
1601 2004 1735 2035 alienum
1751 2004 1782 2036 &
1797 2001 1966 2035 confestim

1105 2053 1172 2076 erat
1188 2044 1362 2076 discessura.
1394 2044 1482 2076 Utile
1498 2045 1543 2076 est
1560 2047 1592 2076 in
1611 2045 1689 2076 hanc
1706 2054 1771 2076 rem
1787 2042 1975 2086 expendiffe

1107 2087 1127 2118 l.
1156 2095 1204 2123 19.
1228 2085 1257 2127 §.
1283 2095 1311 2117 2.
1332 2085 1371 2126 ff.
1397 2087 1431 2116 de
1450 2085 1556 2126 Judic.
1971 2093 1976 2100 '

1122 2152 1124 2154 v
1150 2127 1188 2160 In
1201 2126 1225 2158 F
1228 2127 1366 2158 oederato
1374 2127 1473 2168 Belgo
1491 2127 1609 2159 etiamfi
1625 2127 1745 2169 legatus
1755 2134 1975 2160 mercaturam

1108 2169 1139 2200 in
1159 2169 1234 2200 loco
1266 2167 1431 2209 legationis
1458 2176 1625 2206 exerceat,
1646 2179 1709 2200 non
1727 2176 1829 2201 tamen
1847 2169 1918 2201 ideo
1935 2169 1976 2210 &1

1109 2209 1152 2241 ibi
1170 2209 1332 2241 conveniri
1350 2208 1456 2250 posse,
1479 2208 1733 2250 persuasissimum
1752 2209 1853 2242 habeo
1870 2219 1911 2242 ex
1925 2219 1965 2242 eo

1108 2251 1175 2291 ejus
1193 2250 1347 2282 Ordinum
1369 2249 1531 2288 Decreto,
1553 2251 1636 2291 quod
1662 2251 1791 2282 recitavi
1812 2252 1880 2293 Cap.
1904 2250 1974 2284 XL'

1108 2292 1266 2324 Petierant
1294 2290 1415 2323 scilicet
1441 2290 1751 2324 Amsterdammenses
1775 2293 1976 2331 creditores,·

1108 2342 1147 2364 ne
1170 2333 1342 2374 legatorum
1360 2332 1528 2374 privilegio
1555 2340 1715 2364 uterentur
1732 2356 1742 2372 ,
1773 2334 1826 2374 qui
1851 2332 1977 2366 subditi*

1109 2374 1139 2406 &
1163 2373 1275 2405 incolae
1302 2373 1422 2411 essent,
1445 2374 1476 2405 δι’.
1502 2382 1647 2415 tanquam
1674 2374 1870 2406 Mercatores
1886 2381 1977 2407 con->

1109 2414 1282 2447 traxissent.
1328 2414 1462 2446 Ordines
1488 2414 1694 2456 respondent,
1718 2413 1857 2446 subditos
1872 2415 1902 2447 δ(
1922 2415 1967 2448 111-

1107 2456 1211 2495 colas,
1223 2464 1259 2487 ut
1278 2464 1313 2487 ut
1332 2456 1520 2497 legationem
1539 2455 1727 2496 susceperint
1741 2477 1750 2493 ‚
1762 2455 1830 2495 jure
1846 2455 1964 2496 legato-

1107 2507 1175 2529 rum
1192 2506 1256 2528 non
1283 2495 1391 2529 usuros
1405 2520 1414 2535 ,
1439 2497 1478 2528 de
1502 2504 1673 2528 mercatura
1697 2502 1803 2536 parum
1825 2495 1965 2530 solliciti.

1110 2537 1186 2570 Non
1208 2538 1314 2578 aiunt,
1338 2538 1358 2570 11
1383 2537 1452 2578 quis
1469 2538 1547 2569 hanc
1572 2544 1733 2575 exerceat,
1764 2537 1966 2579 privilegium

1109 2578 1173 2611 fori
1195 2588 1258 2610 non
1277 2578 1472 2617 habiturum,
1484 2587 1542 2618 qua
1557 2577 1594 2608 de
1609 2586 1642 2607 1-0
1658 2577 1753 2609 etiam
1769 2578 1843 2609 aditi
1864 2587 1979 2619 erant,¹

1111 2619 1163 2652 sed
1180 2619 1201 2651 fi
1218 2620 1286 2660 quis
1302 2618 1441 2650 subditus
1460 2619 1490 2650 ὅ(
1505 2618 1609 2649 incola
1622 2616 1740 2657 fuerit,
1765 2628 1826 2651 non
1845 2619 1978 2667 gavisu-³

1111 2671 1179 2693 rum
1197 2670 1236 2692 eo
1252 2660 1428 2701 privilegio.
1445 2698 1451 2704 .
1474 2657 1509 2689 Id
1531 2657 1702 2690 Decretum
1731 2659 1824 2692 etiam
1842 2661 1975 2693 silentio¹

1119 2700 1307 2733 wraeterinifit
1332 2699 1475 2732 Curiam
1500 2698 1551 2730 sua
1575 2699 1734 2740 Epistola,
1768 2701 1798 2733 &
1814 2708 1915 2734 tamen
1934 2702 1977 2742 id,

1124 2742 1230 2784 iquido
1244 2740 1375 2787 probat,
1386 2740 1528 2780 quamvis
1544 2749 1718 2773 mercatura
1731 2741 1768 2773 ad
1778 2742 1977 2784 legationem·

1108 2792 1173 2816 non
1188 2782 1284 2814 faciat
1296 2804 1305 2820 ‚
1330 2788 1365 2812 ut
1390 2789 1448 2812 nec
1472 2779 1593 2812 faciunt
1611 2782 1698 2814 mille
1716 2782 1873 2815 causarum
1890 2783 1978 2826 sign-j

1109 2834 1170 2863 rae,
1181 2832 1221 2855 ex
1260 2822 1348 2853 uibus
1365 2821 1574 2862 obligationes
1591 2823 1620 2854 ὅ(
1633 2822 1768 2856 actiones
1784 2823 1979 2864 nascuntuw

1111 2865 1143 2897 in
1161 2863 1245 2896 omni
1272 2872 1306 2895 us
1322 2863 1413 2901 iilis,
1429 2863 1459 2894 id
1476 2862 1539 2909 est,
1551 2863 1596 2909 ¹in
1612 2873 1794 2906 quacunque
1810 2864 1901 2897 causa
1919 2866 1980 2898 ci-¹

1111 2905 1190 2943 vili,
1214 2904 1350 2945 legatum
1366 2911 1487 2939 externi
1507 2903 1660 2946 Principis
1675 2905 1758 2938 reete
1774 2905 1902 2940 domum
1916 2910 1977 2941 rev·

1110 2954 1234 2979 vocare.
1972 2968 1978 2973 -

1870 3212 1977 3271 cii-¹
