2008 3436
499 131 898 170 CORNELII
949 141 1054 167 vAN

200 218 312 244 mutuo
339 211 507 254 praestant,
535 213 566 245 ὅ(
589 222 605 243 a
630 211 760 253 publico
785 210 897 242 deinde
922 209 1064 250 exigunt.

198 254 258 286 Sed
284 253 340 285 hos
359 253 464 285 Curiae
488 263 551 286 non
576 252 636 284 esse
660 252 833 291 subjectos,
862 250 1064 294 0010111381-

198 296 282 325 cium
300 295 455 333 declarat,
479 296 509 327 &
535 304 604 326 cum
629 295 698 334 quis
719 292 939 331 appellationis
961 290 1065 322 11111111-

199 336 307 366 tudine
320 357 329 373 ‚
349 344 384 366 ut
400 336 535 376 opinor,
550 335 701 374 deceptus
714 357 722 369 ,
734 331 959 373 stipendiorum
986 331 1065 370 ejus·

197 376 282 408 modi
309 376 466 409 exastores
491 378 528 408 ad
554 375 680 407 Curiam
708 372 869 412 vocasset,
894 373 989 404 Curia
1016 381 1062 403 11.

199 417 258 456 Jul.
289 421 378 458 1667.
411 418 492 458 (20)
525 415 747 456 exceptionem
769 414 1004 445 declinator-iam
1028 413 1065 444 ad

199 457 419 499 Magistratum
437 454 748 499 Haganumadmisit.
791 455 835 486 Et
854 463 956 485 tamen
970 453 1064 484 Curia

199 508 262 530 tam
289 500 320 531 in
344 499 471 537 Forma,
505 508 594 539 quam
620 497 674 528 fibi
702 496 852 536 concepit
869 505 950 526 anno
975 498 1064 534 1670.

193 545 225 580 p.
255 549 302 582 13.
327 550 417 580 quam
436 539 514 581 saepe
529 540 675 579 deinceps
691 537 788 577 (21),
814 537 914 577 palam
935 535 989 567 fibi
1012 535 1062 566 ad-

198 591 288 620 rogat
316 581 562 620 jurisdictionem
590 580 620 611 in
650 587 757 609 omnes
781 587 854 615 eos,
886 577 936 618 qui
963 575 1062 617 Hagae

198 621 357 659 habitant,
381 622 411 652 ἃ
430 631 491 652 11011
514 628 662 652 exercent
684 627 765 650 artes
793 618 987 650 mechanicas
1009 617 1062 648 vel

199 663 348 694 tabernas.
382 662 546 693 Refer-endi
566 661 661 702 igitur
677 658 863 690 videbantur
878 659 915 690 ad
932 658 1060 690 tertium

197 713 295 744 genus
312 703 495 740 hominum,
520 703 558 733 de
573 711 637 742 quo
656 702 757 741 Capite
771 702 902 740 proximo
917 700 1029 731 dicam.

240 744 415 782 Quaelitum
432 743 498 782 est,
520 753 558 775 an
584 753 620 774 ea
637 742 743 774 Curiae
767 742 804 774 fit
828 741 1001 781 jurisdictio
1029 742 1061 772 in

202 145 272 179 300

824 880 1180 916 CAPUT

1102 128 1694 166 BYNKERSHOEK

1108 208 1289 249 Suppofitos
1308 208 1398 246 suos,
1421 215 1455 239 ut
1480 217 1581 248 neque
1597 207 1692 246 alibi,
1721 208 1758 239 ad
1782 208 1885 242 forum
1906 211 1963 245 sor.
1995 226 1998 235 ν

1109 250 1249 282 tiendum
1267 249 1405 280 arrestari
1422 249 1559 289 poffint?
1583 248 1623 280 sic
1639 249 1699 288 ait,
1725 252 1754 281 ἃ
1777 251 1882 283 multis
1907 253 1964 286 Cu-
1992 244 2008 285 l

1108 291 1164 322 riae
1183 291 1307 331 judiciis
1326 289 1467 321 defendit
1485 289 1590 320 cadem
1615 290 1669 320 illa
1687 291 1782 321 nubes
1802 290 1963 332 Pragmati-

1107 341 1217 363 corum
1240 340 1286 370 15.
1312 331 1392 362 Dec.
1421 334 1512 370 1654.
1536 329 1616 370 (22)
1639 331 1668 362 ὃς
1697 331 1758 362 1100
1785 331 1889 371 postea
1911 336 1963 370 ali-i

1108 371 1315 413 scripserunt,
1340 371 1389 404 sed
1416 373 1570 409 rationes,
1594 381 1667 411 quas
1693 370 1856 412 adferunt,
1887 375 1962 410 adeo

1108 413 1183 445 mihi
1204 413 1350 451 videntur
1368 413 1515 451 inutiles,
1540 421 1576 443 ut
1594 412 1693 444 nolim
1718 411 1854 451 referre,
1875 415 1963 451 refel-

1109 454 1173 486 lere
1190 453 1293 484 multo
1309 454 1420 485 minus.
1468 453 1587 485 Omnes
1605 453 1728 493 possunt
1744 453 1881 487 arrestari
1893 461 1963 500 ‚qui
2000 455 2002 458 ’

1107 504 1145 526 ex
1163 494 1331 535 privilegio
1348 495 1576 525 immunitatem
1594 504 1657 525 non
1684 495 1799 526 babent
1811 517 1820 532 ‚
1844 506 1900 530 nec
1919 501 1962 534 ul-

1107 536 1171 567 lum
1204 535 1269 565 vidi
1291 535 1405 575 privile
1429 535 1491 566 ium
1510 558 1520 573 ‚
1552 545 1615 575 quo
1650 535 1771 567 Subditi
1804 536 1907 571 Curiae
1932 541 1961 574 se
2001 557 2003 573 ;

1107 575 1189 608 tueri
1202 575 1336 616 poffunt.
1419 576 1489 607 abet
1503 576 1627 616 quidem
1649 576 1744 608 Curia
1762 576 1791 607 in
1809 587 1863 610 eos
1878 581 1962 620 juris.

1105 617 1274 648 difflonem
1293 616 1477 657 separatam,
1502 617 1552 649 sed
1568 627 1631 648 non
1653 618 1706 649 nili
1729 625 1838 649 contra
1861 620 1960 664 Magi.

1105 658 1234 689 stratum
1256 656 1440 697 Haganum,
1465 667 1552 688 certe
1571 659 1608 688 de
1624 668 1659 689 ea
1676 659 1737 691 sola
1759 659 1858 692 sermo
1880 663 1911 696 in
1931 666 1958 698 d.

1105 699 1133 741 §.
1157 709 1187 736 9.
1213 696 1352 739 Juffiom's
1369 698 1544 730 Fiduciariae
1561 700 1633 731 anni
1655 704 1743 740 1614.

1282 879 1342 914 11.

200 969 335 1016 Deforo
352 981 475 1011 eorum,
510 971 564 1016 qui
587 970 690 1015 Hagae
714 967 885 1011 habitant,
919 979 1052 1015 quosque
1071 980 1127 1003 nec
1151 969 1273 1010 Carice,
1300 979 1357 1002 nec
1382 965 1600 1014 Magistratui
1630 968 1963 1016 Haganospecialiter

247 1028 366 1062 addicit
389 1027 545 1061 Ordinum
572 1025 757 1060 Fiduciaria
781 1023 888 1071 Juffio
909 1025 987 1058 anni
1018 1028 1120 1068 1614.
1148 1023 1188 1064 &³
1204 1036 1241 1058 ea
1255 1022 1410 1068 occafione
1426 1024 1553 1069 prolixa
1577 1024 1768 1071 disputatio,
1796 1028 1915 1074 Curiae,

312 1084 593 1131 Hagaesedentis‚
618 1095 660 1118 an
678 1081 900 1128 Magistratus
918 1081 1052 1128 Hagani
1069 1085 1158 1129 prior
1174 1081 1215 1122 &²
1229 1083 1391 1127 antiquior
1410 1080 1631 1128 Hagaefuerit
1641 1084 1834 1129 jurisdiczio.

207 1177 211 1179 “
271 1179 296 1212 st
321 1181 448 1212 tertium
469 1181 625 1222 quoddam
670 1189 746 1211 enus
768 1178 953 1218 hominum,
978 1178 1064 1220 quod

285 1221 383 1262 Hagae
402 1222 599 1254 domicilium
621 1221 655 1252 ha
680 1229 732 1259 et,
751 1221 790 1251 de
806 1229 869 1260 quo
883 1221 913 1251 C.
928 1220 951 1251 I.
975 1220 1062 1258 dixi,

196 1264 226 1294 ἀ
240 1264 278 1294 de
298 1263 344 1294 his
365 1262 542 1295 hominibus
561 1262 732 1302 quaeritur,
754 1261 791 1292 ad
815 1260 1063 1300 jurisdictionem

197 1304 325 1341 Curiae,
356 1313 392 1334 an
415 1304 451 1334 ad
479 1302 682 1343 Magistratus
707 1301 827 1343 Hagani
857 1301 1062 1342 pertineant?

196 1346 368 1387 Quumque
408 1343 438 1375 hi
478 1343 622 1375 homines
658 1341 744 1374 forte
778 1342 901 1374 tertiam
933 1351 1064 1381 eorum,

199 1387 251 1426 qui
281 1385 378 1426 Hagae
401 1384 564 1423 habitant,
597 1392 717 1424 partem
745 1383 938 1415 constituant
956 1406 965 1420 ,
996 1393 1062 1415 cre-

196 1427 331 1458 berrima
348 1425 393 1458 est
410 1426 449 1457 de
467 1426 505 1457 iis
526 1424 666 1467 quaestio.
712 1424 803 1456 Unde
819 1424 887 1456 haec
904 1424 989 1456 finiri
1012 1424 1063 1456 de-

196 1468 267 1499 beat
279 1491 288 1506 ‚
300 1477 362 1499 non
382 1466 453 1499 satis
471 1465 616 1505 constat3
640 1466 776 1507 plurima
792 1475 832 1497 ex
849 1475 981 1506 utraque
996 1475 1062 1507 par-

196 1518 228 1540 te
247 1510 277 1540 in
295 1508 372 1539 hanc
390 1517 454 1539 rem
473 1507 677 1546 adferuntur,
702 1516 771 1548 quae
796 1516 846 1538 me
867 1516 932 1539 non
956 1516 1063 1538 move-

195 1551 268 1582 rint.
316 1549 410 1581 Curia
427 1549 634 1589 jurisdictioni
657 1548 715 1580 suae
743 1548 817 1579 illos
836 1548 978 1580 homines
998 1546 1062 1580 sub-

195 1591 265 1631 jicit
286 1600 326 1622 ex
347 1590 408 1632 ipsa
425 1590 478 1622 illa
496 1589 623 1632 Juffione
639 1589 812 1621 Fiduciaria
823 1612 834 1628 ‚
858 1590 889 1622 &
902 1599 942 1621 ex
956 1589 1064 1621 eadem

197 1632 299 1664 rursus
321 1631 512 1664 contradicit
543 1630 744 1672 Magistratus
769 1630 927 1672 Haganus.
967 1630 1064 1663 Curia

198 1674 262 1713 ait,
286 1683 326 1705 ex
344 1672 371 1717 §.
401 1682 449 1705 10.
470 1674 497 1704 d.
524 1672 628 1705 Fiduc.
646 1672 714 1716 juff.
739 1671 878 1714 Haganis
904 1678 1062 1712 compete-

197 1725 230 1746 re
242 1714 492 1755 jurisdictionem
510 1714 541 1746 in
563 1723 670 1746 omnes
685 1723 757 1752 eos,
780 1714 832 1754 qui
857 1723 898 1747 ex
924 1723 945 1745 0
970 1713 1062 1746 ificiis

197 1755 227 1788 se
244 1755 375 1797 suosque
390 1755 560 1794 exhibent,
574 1756 604 1789 &
622 1755 701 1787 nihil
719 1764 816 1796 porro
837 1755 906 1789 addi
918 1723 991 1794 ‚iilai
1007 1763 1060 1785 ve-

195 1807 232 1828 ro
248 1806 285 1831 ex
305 1797 335 1838 §.
358 1806 388 1833 9.
412 1806 474 1828 non
493 1796 646 1828 duntaxat
672 1804 854 1835 competere
872 1796 1060 1838 jurisdictio-

194 1848 265 1870 nem
284 1839 315 1869 in
342 1837 475 1870 Nobiles
499 1837 530 1869 &
557 1838 707 1870 Subditos
731 1837 859 1877 Curiae,
890 1837 941 1869 sed
965 1837 1059 1869 etiam

197 1890 265 1911 over
291 1880 396 1910 amlere
420 1879 664 1921 gepriviligeerde
683 1878 840 1920 perfinen,
869 1880 899 1912 ὅ(
921 1888 976 1920 per
1002 1878 1059 1910 hos

193 1920 343 1961 intelligit
362 1923 489 1952 tertium
508 1920 585 1952 illud
597 1930 694 1962 genus
711 1921 886 1952 hominum.
924 1920 983 1952 Sed
999 1929 1059 1962 ego

197 1971 262 1993 non
286 1961 496 1993 intellexerim
510 1983 519 1997 ‚
550 1962 614 2003 agit
635 1961 718 1994 enim
742 1962 781 1994 de
803 1961 862 2001 iis,
887 1961 999 2003 quibus
1017 1970 1059 1992 ex

193 2003 352 2044 privilegio
368 2002 473 2035 datum
492 1997 555 2042 est,
567 2011 601 2034 ut
618 2003 656 2034 ad
673 2002 803 2036 Curiam
820 2010 972 2035 revocare
988 2011 1060 2043 pos-

197 2043 256 2075 fint
270 2065 279 2081 ‚
310 2046 340 2076 <Sc
361 2043 474 2075 frustra
494 2044 661 2085 quaerirnus
685 2044 910 2085 privilegium,
933 2053 975 2075 ex
997 2053 1060 2084 quo

197 2084 276 2116 illud
288 2084 414 2115 toi-*tium
431 2093 528 2124 genus
537 2084 783 2124 jurisdictionem
794 2085 898 2117 Curiae
914 2084 1061 2125 implora-

196 2136 230 2157 re
239 2124 351 2166 posset,
363 2124 413 2155 sed
425 2124 551 2164 poffunt
567 2135 604 2158 ex
615 2126 781 2167 privilegio
798 2126 926 2167 pupilli,
936 2125 1040 2157 viduae
1050 2148 1062 2164 ‚

196 2168 311 2206 aliique
321 2166 372 2206 qui
389 2165 563 2207 miserabiles
579 2166 729 2205 audiunt,
741 2168 771 2199 &
785 2174 900 2208 praeter
912 2170 970 2198 hos
985 2177 1062 2199 non-

196 2207 273 2240 nulli
287 2229 298 2248 ,
319 2207 358 2237 de
373 2216 505 2247 quorum
525 2207 621 2239 causis
638 2206 742 2239 statim
759 2207 925 2249 cognoscit
945 2207 1060 2247 Curia,

197 2258 233 2280 ut
253 2258 293 2279 cx
313 2247 340 2288 §.
357 2252 385 2282 8.
410 2248 539 2288 aliisque
560 2247 664 2280 Form.
695 2258 786 2290 1531.
831 2249 910 2281 alam
935 2258 1060 2290 expres-

198 2289 263 2321 sum
283 2289 346 2327 est,
372 2289 401 2320 &
419 2289 475 2320 hos
490 2290 606 2330 placuit
623 2290 734 2321 addere
750 2259 922 2322 Nossilibus
940 2291 970 2323 δε
984 2290 1060 2323 Sub-

197 2331 272 2362 ditis
293 2330 420 2368 Curiae,
444 2340 483 2362 ne
498 2330 617 2362 exclusi
637 2331 828 2364 viderentur.

241 2370 357 2403 Rursus
378 2371 507 2402 eandem
532 2370 690 2413 Juffionem
718 2372 918 2404 fiduciariam
941 2374 973 2405 in
994 2382 1061 2406 rem

199 2413 284 2444 suam
304 2412 403 2443 vertit
427 2412 632 2453 Magistratus
653 2412 822 2454 Haganus,
852 2408 896 2446 ait
919 2414 1003 2446 enim
1020 2423 1061 2446 ex

197 2453 224 2495 §.
251 2464 281 2490 9.
304 2452 410 2484 forum
429 2452 535 2485 Curiae
554 2453 656 2485 sortiri
678 2453 762 2486 solos
779 2453 931 2494 Nobiles,
956 2454 1061 2488 Curiae

197 2495 366 2533 subditos,
393 2495 423 2526 &
441 2504 515 2532 eos,
537 2496 607 2536 qui,
630 2495 705 2527 dato
724 2495 914 2537 privilegio,
938 2496 976 2528 ad
998 2495 1060 2529 Cu-

198 2537 275 2567 riam
299 2544 470 2574 revocant,
493 2536 632 2576 reliquos
651 2545 760 2569 omnes
788 2537 871 2576 apud
900 2536 931 2569 se
952 2537 1061 2571 forum

199 2576 323 2614 sortiri,
347 2585 410 2607 non
426 2577 510 2616 quod
529 2576 556 2617 §.
580 2586 626 2608 10.
651 2577 682 2608 id
699 2577 889 2618 expressum,
913 2578 963 2611 sed
979 2578 1063 2620 quod

197 2618 236 2649 de
254 2626 293 2648 co
313 2617 491 2648 dubitatum
508 2627 665 2657 nunquam
685 2617 795 2650 fuerit.
839 2619 882 2651 At
909 2619 1063 2651 scireive-

199 2659 271 2697 lim,
295 2667 351 2689 cur
367 2658 395 2689 d.
416 2656 443 2697 §.
471 2666 517 2689 10.
542 2658 695 2690 duntaxat
709 2659 856 2699 loquatur
872 2659 910 2691 de
926 2661 963 2691 iis
974 2655 994 2698 ,”
1031 2660 1062 2692 ui

198 2709 238 2731 cx
254 2698 389 2740 opificiis
408 2698 540 2736 vivunt,
563 2707 625 2729 non
644 2699 738 2730 etiam
756 2699 795 2730 de
811 2700 899 2739 aliis,
922 2701 974 2740 qui
996 2669 1061 2733 1913.-

199 2750 245 2782 gae
263 2740 411 2772 habitant.
457 2739 488 2770 Si
506 2748 556 2771 me
577 2739 702 2776 audias,
726 2748 782 2780 per
806 2739 1001 2773 oblivionem
1028 2741 1060 2773 hi

199 2781 297 2812 omilii
325 2780 411 2819 sunt,
437 2780 467 2811 ὃς
494 2780 571 2812 1111111
599 2780 630 2811 111
653 2788 815 2821 utramque
830 2788 947 2822 partem
971 2791 1061 2813 exea

199 2821 437 2854 Constitutione
453 2820 534 2852 effici
551 2820 664 2862 potest.

237 2862 313 2894 Non
333 2863 422 2902 potui
438 2862 532 2893 ctiam
559 2862 820 2901 animadvertere,
844 2863 917 2904 quid
940 2864 976 2895 ad
994 2873 1059 2895 rem

197 2905 379 2944 praelentem
396 2902 492 2934 faciat
507 2926 516 2939 ,
539 2903 624 2944 quod
646 2903 742 2935 Curia
763 2912 927 2945 tantopere
949 2913 1057 2945 urget,

200 2944 398 2985 Mag-{stratui
418 2943 551 2984 Hagano
577 2943 624 2976 fas
648 2954 711 2981 non
725 2945 787 2976 ess‘e
809 2952 936 2978 exteros
959 2945 1056 2986 Hagae

196 2986 363 3025 arrestal'e,
387 2992 420 3015 ut
443 2985 475 3016 id
496 2985 628 3024 liceret,
655 2996 673 3018 a
690 2985 880 3028 Magistratu
902 2988 1057 3028 petitum,

336 3115 409 3143 Bello
423 3115 520 3155 Jurz'd.
545 3116 611 3155 Casii
635 3125 677 3152 70.

337 3156 430 3189 Ampe!
452 3155 548 3193 Berigt
567 3158 655 3184 variis
672 3157 742 3186 locis.

235 3115 314 3150 (20)

232 3154 314 3189 (21)

231 3192 310 3227 (22)
332 3193 415 3227 Apud
435 3193 504 3221 Bort
527 3194 552 3221 d.
574 3196 620 3223 loc.

1106 1176 1157 1211 sed
1180 1188 1197 1209 a
1222 1177 1370 1218 Philippo
1394 1176 1434 1208 11.
1461 1186 1608 1219 negatum
1639 1177 1732 1211 fuisse
1761 1179 1814 1213 ⁴20.
1844 1180 1964 1222 januar.

1110 1223 1200 1259 1561.
1225 1217 1293 1258 (1).
1340 1218 1401 1249 Res
1423 1218 1486 1258 ipsa
1502 1229 1573 1250 vera
1596 1219 1659 1257 est,
1682 1229 1861 1254 exterorum
1885 1223 1967 1256 bona

1106 1257 1255 1291 ari-estare
1277 1258 1376 1296 licet,
1405 1258 1549 1298 personas
1579 1261 1750 1293 nonlicet.
1808 1262 1893 1300 Cur,
1922 1265 1967 1297 in-

1106 1301 1216 1342 quies,
1242 1308 1315 1331 cum
1333 1298 1707 1342 MagistratusdHaganus
1729 1303 1759 1333 ὅ(
1781 1302 1966 1342 jurisdictio-

1106 1351 1178 1373 nem
1195 1341 1225 1373 &
1243 1340 1409 1381 imperium
1431 1339 1569 1372 habeat?
1592 1341 1651 1372 Sed
1670 1351 1755 1374 curae
1773 1343 1967 1384 Principibus

1106 1381 1199 1414 fuisse
1213 1381 1360 1419 videtur,
1382 1388 1418 1412 ut
1434 1390 1526 1422 quarn
1545 1381 1702 1414 liberrime
1725 1382 1824 1425 Hagae
1848 1385 1909 1417 esse
1933 1388 1967 1420 li-

1106 1432 1191 1455 ceret
1202 1446 1213 1462 ,
1237 1423 1289 1454 vel
1306 1422 1399 1464 ipsius
1416 1422 1572 1463 Principis
1587 1423 1718 1456 adeundi
1731 1447 1742 1463 ,
1765 1425 1816 1457 vel
1840 1426 1966 1468 judicii,-

1107 1465 1150 1496 ibi
1168 1464 1278 1506 agendi
1297 1487 1306 1503 ,
1331 1463 1431 1495 causa.
1477 1463 1553 1495 Huc
1580 1462 1709 1504 refero,
1732 1466 1815 1506 quod
1838 1467 1968 1502 Carolus

1106 1506 1279 1547 Imperator
1301 1515 1346 1543 19.
1371 1504 1430 1545 Jul.
1461 1514 1551 1545 1541.
1577 1505 1759 1545 constituit,
1782 1507 1841 1549 (2)
1858 1518 1876 1540 a
1899 1509 1967 1542 Lei.

1105 1547 1248 1581 denfibus
1261 1547 1432 1588 relegatum
1457 1555 1498 1578 ex
1521 1545 1629 1577 officio
1649 1547 1834 1589 Hagano'&
1860 1549 1965 1593 Haga¹

1107 1588 1206 1630 Hagae
1230 1596 1334 1620 tamen
1357 1587 1418 1619 esse
1436 1587 1522 1628 poss'e
1545 1588 1699 1628 pendente
1724 1589 1812 1622 causa
1833 1592 1966 1632 appella·

1107 1630 1216 1662 tionis.
1260 1630 1338 1669 Sed,
1361 1630 1434 1670 quie
1460 1629 1511 1660 uid
1527 1628 1583 1667 fit,
1606 1630 1735 1661 difficile
1756 1630 1801 1663 est
1823 1631 1894 1664 inde
1915 1633 1966 1665 de-

1104 1671 1194 1704 finire
1212 1670 1418 1712 quaestionern
1455 1680 1472 1701 e
1488 1669 1562 1702 foro
1573 1680 1683 1702 eorum
1694 1694 1705 1710 ,
1728 1672 1780 1713 qui
1800 1671 1898 1714 Hagae
1914 1674 1965 1706 ha-

1103 1712 1225 1786 pki'tanss
1245 1714 1293 1751 &,
1304 1720 1338 1744 ut
1353 1712 1439 1751 dixi,
1456 1711 1584 1744 tertium
1598 1721 1694 1752 genus
1713 1712 1874 1746 hominum
1892 1723 1966 1748 con-

1132 1761 1248 1787 ituunt.

1144 1796 1250 1837 Magis
1266 1795 1304 1828 ad
1331 1805 1398 1828 rem
1425 1795 1563 1836 pertinet
1583 1794 1712 1827 illustris
1733 1797 1964 1839 controversia,

1102 1835 1184 1869 inter
1214 1838 1267 1868 has
1292 1835 1369 1879 ipsas
1387 1844 1490 1878 partes
1514 1836 1650 1878 agitata,
1672 1837 1771 1869 utrius
1793 1838 1964 1878 jurisdictio

1102 1877 1202 1919 Hagae
1222 1878 1322 1910 fuerit
1341 1879 1427 1919 prior
1449 1877 1480 1909 ὅς
1502 1877 1669 1918 antiquior.
1716 1878 1811 1911 Curia
1831 1878 1963 1914 Hollan-

1101 1920 1162 1952 diae
1180 1918 1342 1958 defendit,
1353 1918 1437 1951 suam
1453 1918 1700 1958 jurisdictionem
1719 1919 1762 1952 ibi
1776 1919 1868 1952 fuiss‘e
1881 1922 1963 1962 prio-

1100 1971 1167 1994 rem
1184 1961 1214 1993 &
1229 1961 1437 2003 antiquiorem
1447 1982 1458 1997 ,
1481 1960 1512 1992 ἂ
1531 1959 1623 1992 fuisse
1637 1960 1847 1993 omnimodam
1857 1985 1866 1999 ,
1880 1963 1964 2003 quod

1102 2003 1140 2035 ad
1161 2011 1270 2035 omnes
1292 2002 1455 2041 homines,
1480 2000 1578 2042 Hagae
1604 2001 1775 2041 haerentes,
1799 2002 1962 2044 Magistra·

1102 2051 1153 2076 tus
1173 2043 1270 2084 igitur
1288 2042 1411 2084 Hagani
1428 2041 1489 2074 esse
1511 2042 1661 2082 probare,
1694 2043 1767 2083 quid
1787 2042 1890 2076 Curiae
1911 2045 1963 2077 ad·

1103 2092 1243 2126 emptum
1260 2084 1290 2116 &2
1307 2084 1362 2116 fibi
1374 2084 1480 2116 datum
1495 2083 1549 2121 fit,
1573 2083 1651 2114 1111111
1666 2091 1770 2115 autem
1785 2083 1966 2126 ademptum

1105 2125 1251 2168 probari,
1274 2135 1366 2166 quam
1382 2123 1629 2165 jurisdietionem
1652 2124 1683 2155 in
1708 2133 1783 2162 eos,
1806 2126 1857 2166 qni
1881 2135 1963 2160 artes

1105 2167 1303 2206 mechanicas
1320 2166 1372 2197 vel
1392 2164 1531 2196 tabernas
1546 2172 1706 2197 exercent.
1750 2165 1837 2204 Imo,
1862 2167 1963 2208 inquit

1105 2207 1309 2249 Magistratus
1326 2206 1473 2247 Haganus
1484 2227 1494 2243 ,
1511 2205 1615 2238 nostra
1633 2206 1807 2246 Jurisdifflo
1818 2206 1862 2239 est
1878 2209 1964 2249 prior·

1105 2249 1136 2281 δι
1154 2249 1313 2290 antiquior
1325 2270 1336 2286 ,
1357 2248 1386 2280 &
1403 2247 1540 2287 pertinet
1558 2247 1594 2278 ad
1608 2256 1716 2280 omnes
1734 2248 1852 2280 incolas
1863 2271 1873 2288 ,
1886 2246 1964 2282 haud

1103 2289 1192 2322 secus
1210 2298 1303 2331 atque
1320 2288 1495 2328 iurisdietio
1512 2290 1651 2320 omnium
1667 2289 1699 2320 in
1715 2288 1882 2322 Hollandia
1904 2290 1964 2323 Ur-

1102 2331 1208 2370 bium,
1232 2331 1262 2362 &
1277 2329 1410 2372 proinde
1431 2328 1533 2361 Curiae
1554 2328 1598 2361 est
1619 2329 1770 2370 probare,
1792 2330 1865 2371 quid
1891 2331 1963 2364 Ma-

1103 2371 1243 2413 gistratui
1262 2371 1463 2411 ademptum,
1487 2370 1516 2402 &
1536 2370 1589 2402 fibi
1607 2371 1713 2402 datum
1736 2370 1793 2409 fit,
1816 2381 1874 2403 nec
1913 2381 1963 2403 ro—

1104 2413 1171 2445 bari
1188 2413 1354 2454 quicquam
1372 2411 1550 2452 ademptum
1570 2411 1651 2450 esse,
1673 2421 1764 2452 quam
1778 2411 1883 2451 jurisdi
1918 2412 1962 2443 io-

1104 2464 1176 2487 nem
1193 2455 1224 2486 in
1244 2453 1401 2491 Nobiles,
1424 2451 1529 2484 Curiae
1543 2452 1706 2491 Subdito‘s‚
1717 2452 1855 2492 aliosque
1870 2462 1961 2494 quos-

1104 2497 1173 2528 dam
1190 2505 1231 2527 ex
1247 2494 1437 2536 privilegio,
1461 2493 1564 2525 Curiae
1583 2492 1704 2524 Formis
1719 2490 1844 2524 inserto.

1148 2536 1242 2570 Curia
1275 2534 1522 2576 jurisdictionem
1557 2532 1636 2564 suam
1663 2533 1783 2564 derivat
1809 2543 1849 2565 ex
1879 2544 1962 2568 anno

1109 2588 1199 2619 1250.
1213 2587 1276 2618 quo
1296 2576 1469 2608 Wilelmus
1486 2574 1525 2606 11.
1536 2574 1604 2606 Rex
1622 2572 1867 2614 Germanorum,
1885 2575 1961 2609 XV,

1105 2621 1157 2651 vel
1182 2618 1349 2652 secundum
1372 2617 1469 2654 alios,
1491 2614 1612 2647 XVIII.
1639 2614 1755 2646 Comes
1780 2614 1961 2649 Hollandiae

1105 2660 1203 2702 Hagae
1218 2658 1369 2692 exstruxit
1385 2656 1555 2693 Palatium,
1585 2656 1666 2696 quod
1687 2656 1782 2687 ctiam
1807 2666 1888 2689 nunc
1911 2667 1962 2691 ex-

1104 2701 1181 2740 stat,
1205 2701 1235 2732 &
1257 2699 1335 2732 tanti
1347 2698 1426 2730 fecit
1439 2695 1588 2769 {osephus
1604 2696 1760 2738 Scaliger,
1784 2705 1819 2729 ut
1838 2696 1893 2730 soli
1910 2698 1964 2730 Pa-

1104 2743 1182 2774 latio
1206 2739 1362 2772 Parifienfi
1410 2739 1443 2770 01
1460 2745 1591 2777 poneret
1613 2736 1680 2779 (3).
1736 2737 1779 2769 Et
1804 2739 1841 2769 dc
1866 2738 1964 2779 Aula,

1104 2789 1180 2814 tunc
1197 2782 1249 2812 vel
1266 2781 1350 2811 circa
1367 2779 1374 2810 i
1416 2787 1537 2819 tempus
1553 2779 1705 2810 aedificata
1728 2788 1767 2810 cx
1791 2779 1962 2812 Annalibus

1104 2822 1332 2855 Hollandorum
1372 2819 1488 2851 erfeeie
1504 2819 1646 2857 constat,
1658 2819 1708 2851 sed
1722 2829 1784 2852 non
1802 2819 1873 2852 satis
1888 2830 1962 2853 con-

1103 2863 1183 2902 stat,
1206 2873 1263 2901 an,
1288 2868 1321 2892 ut
1367 2861 1430 2892 uria
1449 2859 1626 2898 existimat,
1646 2868 1719 2892 tunc
1737 2870 1859 2902 quoquc
1876 2860 1959 2893 insti-

1103 2913 1172 2937 tuta
1190 2903 1287 2936 fuerit
1307 2902 1359 2934 illa
1377 2901 1490 2939 Curia,
1512 2911 1580 2941 qua:
1601 2900 1700 2942 Hagae
1724 2902 1822 2934 adhuc
1843 2902 1890 2942 jus
1914 2902 1958 2934 di-

1101 2946 1169 2984 cit,
1193 2946 1224 2977 &
1248 2944 1290 2976 ibi
1319 2951 1495 2983 perpetuam
1523 2942 1624 2974 ledem
1652 2942 1774 2980 habuit,
1797 2943 1850 2975 nili
1874 2942 1960 2977 foi-te

1101 2987 1138 3018 ad
1161 2995 1283 3027 tempus
1306 2992 1452 3016 motuum
1469 2982 1623 3015 Civilium
1641 2982 1731 3015 causa
1750 2983 1812 3016 alio
1838 2983 1957 3030 secesse-

1905 3031 1954 3056 rit.

1139 3118 1199 3155 (1)
1222 3116 1315 3152 Ampe!
1336 3115 1439 3153 Berigt.
1461 3125 1487 3153 p.
1511 3124 1572 3145 101.
1594 3113 1712 3154 &seqq

1138 3156 1198 3193 (2)
1218 3155 1348 3192 [repertor.
1370 3154 1399 3182 C.
1421 3155 1461 3183 II.
1485 3165 1511 3190 p.
1532 3164 1580 3190 42.
1601 3155 1638 3182 A.
1659 3154 1695 3188 &²
1716 3154 1748 3182 B.

1137 3196 1197 3232 (3)
1216 3194 1344 3229 Scaliger
1363 3193 1397 3221 11.
1419 3195 1447 3221 irn
1467 3194 1549 3222 Verbo
1569 3192 1714 3221 Palatium.
