2008 3436
415 113 817 150 CORNELII

173 191 251 227 bus,
273 200 341 231 quae
363 191 415 223 hic
437 193 632 235 undiquaque
650 195 681 226 in
704 193 911 235 Pomponium
933 195 1035 235 fiunt,

174 239 308 272 eumque
324 233 456 266 reddunt
477 235 614 267 lacerum
630 236 799 268 crudeliter
813 245 887 274 ora,
910 246 965 268 ora
974 247 1035 268 ma—

175 280 296 312 nusque
313 274 426 306 ambas.
472 276 630 308 Caeterum
647 287 687 309 ex
705 277 766 308 hoc
784 277 857 308 loco
876 278 906 308 in
925 278 1034 318 primis

172 311 299 351 juvatur
324 316 501 348 emendatio
525 317 699 350 Casauboni
721 319 752 350 in
784 317 957 358 Capitolini
982 318 1030 350 M.

175 351 327 386 Antonino
356 356 437 388 Phil.
470 359 503 389 C.
524 369 555 398 4.
584 368 652 391 nam
669 359 719 392 Μ.
738 359 937 398 Antoninus,
961 368 1033 390 cum

172 402 230 433 pro
252 395 488 438 Magistratibus
504 400 623 440 egerit,
645 410 709 432 non
725 400 808 430 refte
820 423 830 438 ,
862 409 897 430 ut
915 400 958 446 ibi
979 410 1033 430 ro-

172 444 279 475 catur,
312 440 472 471 vocandus
493 441 657 472 videbatur
672 465 681 480 ,
711 440 869 480 Praefefftzis
883 440 1035 472 Feriarum

171 475 372 518 Latinarum,
400 479 450 511 sed
467 503 478 518 ,
511 489 546 512 ut
575 483 706 513 vocavit
729 482 760 513 ἀ
778 481 956 512 emendavit
977 480 1034 511 Ca-

165 515 326 551 ,sanbonus
343 543 353 558 ,
394 521 530 559 Praefeet.
565 522 621 553 Ur.
663 522 842 553 Latinarum
880 521 1034 552 Feriarum

170 559 275 599 enasib·
297 562 326 593 δε
345 563 384 593 iic
400 558 469 593 eum
487 562 706 603 Magistratum
722 563 858 603 appellat
877 562 929 593 bic
941 562 1031 594 Pom-

169 601 294 639 ponius.
337 602 405 634 Nisi
420 611 521 634 tamen
542 613 595 644 per
607 603 726 644 ellipsin
744 604 775 634 id
794 602 947 649 subaudiri
960 613 1031 644 pos-

166 639 226 679 iit,
260 643 348 682 cujus
372 644 543 675 locutionis
574 645 719 686 exempla
736 644 958 685 inscriptiones
976 653 1033 676 no-

168 681 216 713 bis
236 683 402 724 suggerunt
420 685 498 724 apud
518 684 692 726 Rupe-rrum
707 685 743 716 ad
766 687 794 717 h.
817 685 846 727 §.

243 724 297 754 'am
315 724 474 763 Priasec'isas
490 736 609 757 annona*
621 726 657 761 &²
670 727 797 768 wlgilztm
813 736 870 758 non
878 726 951 768 sunt
960 726 1031 760 ,Ma-

168 763 329 804 gistratnr,
343 766 397 805 sed
416 772 499 797 extra
515 768 663 806 ordinem,
683 768 824 799 utilitatis
843 768 947 809 causa,
967 778 1032 800 con-

161 806 362 847 ,lllsslttisffllss
387 806 423 841 &⁹
442 813 538 839 tamen
553 809 605 847 hi,
628 819 695 851 qnos
716 807 867 849 Cistiberes
886 810 1032 850 diximus,

165 845 263 887 pasiea
282 847 397 878 AEaiies
416 849 492 880 SCto
515 852 696 882 creabantur.
742 849 895 889 Constat,
917 849 1032 882 Praefe-

167 888 236 919 clos
260 888 399 920 Annonae
426 891 456 921 dt
482 890 622 931 Vigilum
647 892 719 923 ideo
742 891 945 933 Magistratus
967 901 1032 923 non

166 929 228 960 dici
242 952 252 967 ‚
275 930 359 970 quod
377 931 525 963 ordinarii
542 942 607 965 non
623 932 764 971 fuerint3
784 942 854 974 quae
874 931 1032 979 oppositio

167 971 197 1001 ot
215 971 288 1001 alias
307 972 448 1002 occurrit
468 974 498 1004 ὃς
512 983 529 1004 a
545 974 702 1015 plerisque
727 973 954 1014 interpretibus
980 974 1032 1005 hic

167 1020 277 1042 notata
292 1011 346 1043 est.
392 1013 451 1045 Sed
462 1014 500 1045 de
517 1014 750 1047 constructione
767 1014 857 1055 hujus
875 1015 940 1046 loci
959 1015 1033 1056 quid

166 1052 222 1084 fiet
239 1053 256 1084 ἵ)
288 1053 423 1095 Vulgata
448 1055 478 1086 <Sc
502 1054 684 1088 Haloander
709 1056 860 1088 exhibent
879 1056 954 1097 sane
974 1065 1033 1097 pro

168 1104 258 1134 nam,
280 1095 352 1136 quia
367 1106 437 1126 nam
455 1095 506 1127 hic
525 1096 646 1128 causam
666 1107 730 1129 non
752 1097 867 1136 habet3
891 1096 941 1129 sed
960 1107 1031 1128 cau-

167 1134 229 1167 sam
249 1135 322 1168 satis
338 1136 530 1177 probabilem
546 1136 694 1170 adscribit
710 1138 866 1178 Coccejus
890 1138 928 1170 ad
947 1139 977 1172 h.
1001 1137 1029 1180 §.

168 1176 262 1209 Addo
281 1178 312 1210 ὅτ.
325 1177 417 1209 aliam
429 1188 446 1216 ι,
457 1178 496 1209 de
506 1178 743 1220 Magistratibus
759 1179 882 1211 dixerat
897 1179 1033 1220 Pompo-

166 1219 237 1249 nius
248 1242 257 1258 ,
281 1218 498 1251 &absolverat
504 1241 516 1257 ,
528 1221 643 1261 nequis
655 1227 760 1252 autem
779 1220 942 1265 Utriusque
950 1219 1030 1251 Prae-

168 1258 267 1299 fecti,
300 1260 445 1292 Annonae
470 1261 500 1292 &
525 1260 666 1302 Vigilum
681 1284 692 1300 ,
722 1261 860 1293 oblitum
883 1261 1005 1292 diceret
1021 1282 1033 1299 ,

167 1301 226 1334 hac
241 1302 364 1334 ratione
384 1300 415 1332 se
430 1309 535 1333 tuetur
545 1325 556 1341 ,
576 1312 645 1333 nam
653 1326 665 1342 ,
675 1302 797 1343 inquit,
813 1301 952 1342 nonsunt
962 1301 1034 1335 Ma-

168 1342 319 1388 gistratus.
364 1343 424 1375 Sed
445 1343 475 1374 ἀ
499 1353 589 1382 nam,
613 1342 675 1379 fine
691 1343 801 1384 quavis
823 1341 931 1381 causa,
952 1341 1034 1384 apud

165 1385 376 1428 posteriores,
395 1384 489 1415 etiam
506 1383 628 1423 JCtos,
660 1383 742 1425 saepe
757 1382 916 1429 duntaxat·
928 1382 1032 1416 tranfi-

168 1428 250 1460 tioni
266 1425 363 1458 servit
373 1448 384 1464 ,
405 1424 762 1498 quemadmodumeti‘pud
780 1423 891 1471 Cajum
902 1434 941 1471 ‘m
961 1424 1033 1457 Fra·

190 1469 314 1505 mentis,
335 1465 478 1507 plurimis
501 1465 600 1506 locis,
629 1465 660 1498 ὅ(
697 1474 768 1498 orte
786 1473 883 1498 etiam
899 1475 932 1498 1n
955 1466 975 1497 Ζ.
1005 1475 1031 1499 1.

166 1479 201 1551 ξ.
221 1520 250 1551 3.
266 1508 307 1550 ff.
329 1509 362 1538 de
386 1506 563 1539 calumniat.
606 1507 667 1540 Sed
695 1507 769 1548 quid
783 1507 836 1538 hic
856 1504 1034 1549 Cistiberes?

169 1550 244 1593 quid
256 1548 382 1587 tamen?
404 1547 479 1589 quid
494 1548 637 1591 AEdiles?
664 1548 738 1590 quid
757 1548 944 1596 §vtum-Q&
962 1559 1033 1596 quae

166 1594 293 1625 demum
320 1590 434 1621 horum
459 1589 601 1622 omnium
629 1588 811 1622 sententla‘.)
838 1589 914 1622 Vldl
931 1600 1034 1623 vanas

166 1634 259 1675 huJus
284 1631 349 1664 loci
373 1631 675 1672 interpretationes,
730 1641 839 1664 uarum
863 1631 949 1664 nulla
964 1632 1032 1678 qui-

166 1676 239 1708 dem
253 1674 353 1713 bona,
375 1671 426 1704 sed
443 1672 503 1704 alia
518 1672 579 1705 alia
592 1673 682 1714 pejor
697 1681 714 1704 e
756 1696 766 1712 ,
799 1679 835 1704 ut
850 1672 889 1703 de
907 1674 1034 1706 mulier-

167 1717 249 1750 culis
263 1715 392 1747 Plautus
407 1713 499 1746 dixit.
545 1712 598 1746 Ne
612 1714 651 1746 de
666 1713 794 1755 fingulis
810 1713 932 1754 dicam,
953 1713 1033 1747 bifa-

167 1759 246 1792 riam
258 1756 326 1788 fere
342 1755 497 1797 accipitur
514 1754 668 1788 sententia
684 1756 751 1796 eJ'us
767 1755 848 1796 loci,
871 1756 924 1788 vel
942 1764 978 1803 ut
998 1756 1033 1789 fi-

189 1797 365 1832 nificaverit
389 1796 583 1837 Pomponius
598 1820 607 1836 ,
637 1806 750 1829 munus
773 1806 901 1837 eorum,
925 1807 1033 1845 qul-o-

186 1842 228 1873 im
247 1840 294 1871 cis
309 1839 340 1871 ἅ
365 1838 414 1870 uls
441 1838 587 1870 Tiberim
609 1838 779 1877 curabant,
801 1837 908 1879 postea
921 1839 1033 1884 AEdssi-

167 1883 228 1914 bus
245 1879 338 1913 fuiffe
357 1879 536 1911 mandatum
548 1903 557 1919 ,
577 1880 630 1912 vel
650 1887 687 1911 ut
703 1879 820 1911 dixerit
832 1903 841 1919 ,
865 1879 1035 1912 Cistiberes

169 1924 266 1962 illos,
297 1920 482 1962 pei-fundos
508 1930 548 1952 eo
572 1930 719 1960 munere,
744 1931 784 1952 ex
807 1920 894 1953 SCto
911 1929 1034 1954 creatos

169 1964 261 1997 fuisse
280 1962 410 1995 AEdiles.
432 1961 491 1994 Sed
509 1972 586 1994 vero
603 1969 712 1994 neutra
728 1963 947 2003 interpretatio
959 1972 1033 1995 con-

172 2006 262 2037 venit
283 2004 386 2035 verbis
407 2003 497 2043 hujus
517 2003 600 2043 loci,
623 2004 672 2043 dt,
696 2003 780 2044 quod
796 2004 834 2035 ad
855 2013 919 2036 rem
939 2003 1034 2050 ipsam

171 2047 286 2078 attinet
302 2069 310 2084 ,
334 2044 424 2085 ,nihil
449 2044 564 2076 horum
593 2052 673 2086 puto
688 2044 786 2076 facile
800 2044 975 2086 persuasum
996 2045 1033 2076 iri

173 2087 371 2124 hominibus,
406 2095 508 2116 rerum
526 2085 736 2118 Romanarum
752 2087 864 2127 gnaris.
911 2086 1034 2118 Vellem

170 2127 285 2161 adesset
298 2127 467 2164 Medicus,
487 2136 537 2158 me
556 2128 688 2168 peritior
706 2128 736 2159 ἃ
749 2128 1034 2168 prudentior,nam

172 2179 232 2206 eqo
253 2167 320 2200 fere
345 2166 480 2199 subfisto.
527 2167 738 2209 intelligerem
753 2192 762 2207 ‚
785 2169 807 2201 si
825 2169 870 2200 ita
886 2168 1035 2210 scriptum

172 2203 267 2243 vilet:
292 2209 327 2245 ἕξ
343 2215 440 2240 tamen
453 2209 483 2239 hi
496 2232 504 2248 ,
529 2208 565 2244 &⁹
578 2219 643 2250 quos
660 2208 811 2250 Cistiberes
833 2209 910 2251 (vel
928 2213 969 2242 cis
986 2210 1035 2242 Ti·-

174 2254 285 2290 herim,
315 2259 350 2282 ut
374 2249 418 2281 est
438 2259 563 2291 quoque
581 2253 613 2282 in
634 2250 706 2282 MS.
727 2260 798 2282 meo
814 2251 876 2283 fine
895 2250 1036 2292 Gloffis)

175 2294 321 2330 diximus,
339 2290 453 2332 postea,
470 2296 501 2321 ut
519 2291 654 2330 AEdiles,
673 2291 748 2323 SCto
764 2294 947 2327 creabantur.
971 2293 1034 2325 Co-

171 2336 267 2369 rafius
292 2333 387 2365 etiam
413 2331 448 2367 59⁹
471 2331 609 2371 addidit,
639 2333 700 2364 hoc
722 2334 818 2365 modo
835 2357 844 2373 ,
868 2335 899 2366 hi
918 2335 954 2370 ὅ)
970 2344 1037 2376 quos

177 2374 328 2417 Cistiberes
352 2375 479 2405 diximus
495 2396 504 2412 ,
527 2372 579 2405 sed
600 2373 720 2420 reliqua
735 2373 857 2414 servat,
880 2375 910 2407 ὃς
927 2385 1033 2418 perpe-

173 2427 239 2449 ram
259 2416 405 2456 explicat.
451 2414 483 2447 Si
499 2415 543 2446 ita
554 2438 564 2453 ‚
590 2424 625 2447 ut
641 2415 705 2456 iple
717 2415 782 2448 dixi
796 2441 806 2456 ,
831 2416 980 2459 scriptum
992 2428 1037 2450 es—

174 2458 220 2491 set
233 2480 244 2497 ,
275 2457 520 2498 interpretarer,
550 2455 721 2489 Praefectos
745 2457 888 2491 Annonae
904 2460 933 2492 δι
950 2459 1036 2500 Vigi-

174 2501 238 2532 lum
251 2521 260 2536 ,
284 2498 315 2530 ἃ
331 2497 424 2534 illos,
449 2506 528 2537 quos
547 2497 691 2536 dixerat,
722 2498 890 2532 Cistiberes
903 2523 914 2540 ,
934 2511 1037 2542 quam-

174 2541 223 2572 vis
240 2537 441 2579 Magistratus
458 2547 520 2569 non
538 2538 656 2578 ess'ent,
679 2549 696 2571 a
711 2540 826 2573 Senatu
856 2550 977 2582 tamen,
1002 2550 1038 2574 ut

175 2580 281 2624 postea
296 2578 416 2612 AEdiles
428 2601 439 2616 ,
461 2578 553 2611 fuiffe
568 2589 707 2612 creatos:
742 2589 777 2614 ut
798 2583 882 2624 quod
904 2584 941 2615 ad
955 2593 1038 2616 crea-

178 2623 298 2655 tionem
323 2620 488 2651 Videantur
511 2620 715 2661 Magistratus
733 2646 743 2662 ,
776 2622 826 2655 sed
851 2632 953 2657 tamen
973 2635 1038 2658 non

175 2665 244 2697 sint.
293 2659 443 2702 Cistiberes
464 2661 516 2692 vel
545 2662 587 2692 cis
618 2661 765 2702 Tiberim,
788 2666 975 2705 compendio
993 2667 1038 2698 di-

177 2706 244 2744 xit,
266 2713 324 2745 pro
344 2700 494 2744 Cistiberes
512 2701 542 2734 ὃ(
566 2700 746 2743 Ulstiberes,
769 2705 820 2736 vel
844 2714 902 2745 pro
926 2708 968 2738 cis
990 2707 1036 2738 Ti-

176 2748 265 2778 berim
282 2745 312 2777 &
334 2744 378 2775 uls
398 2743 536 2774 Tiberim.
580 2743 684 2784 Atque
707 2744 746 2776 iis
770 2745 934 2787 acquiesco
949 2769 961 2786 ,
982 2748 1037 2780 do-

174 2797 233 2820 nec
251 2785 327 2829 quid
344 2784 455 2817 melius
474 2782 642 2816 adferatur.

464 2866 516 2899 Aa
560 2866 589 2909 ς.
612 2867 760 2902 xxxv.

177 116 245 157 318
892 127 998 152 vAN

181 2993 342 3024 Romanam
363 2992 491 3032 fuerunt
521 2991 639 3032 (eorum
699 2996 732 3026 in
751 2998 904 3038 prasentia
929 2999 1036 3028 mentio

179 3035 309 3064 habenda
324 3031 375 3073 est.
419 3031 621 3066 Doffiffnnus
667 3036 869 3076 renkmanus,
893 3036 956 3078 ipse
973 3037 1035 3070 Co-

179 3074 258 3104 dicis
274 3073 447 3105 Florentini
467 3076 615 3113 άυτέππς,
638 3076 714 3108 mihi
732 3077 936 3119 significavit,
960 3079 1036 3111 alte-

180 3123 248 3145 rum
267 3123 360 3144 eorum
377 3123 441 3145 non
460 3115 550 3155 plane
563 3115 665 3148 deeffe
680 3118 711 3149 in
726 3127 766 3149 eo
783 3119 922 3158 Codice,
948 3128 984 3152 ut
993 3128 1036 3152 ta-

179 3163 249 3186 men
267 3152 424 3198 jl‘aurellii
439 3164 516 3186 nota
529 3156 666 3198 indicat,
691 3157 741 3190 sed
751 3159 981 3202 antiquiuscule
999 3160 1037 3193 ad

178 3201 349 3238 marginem
372 3192 433 3227 esse
457 3194 655 3238 adscriptum.
700 3199 798 3234 Recte
820 3201 916 3238 etiam
933 3201 1036 3237 obser-

223 2953 277 2983 Sed
292 2952 341 2993 qai
360 2960 454 2982 eorum
472 2952 604 2983 maximae
618 2953 799 3066 dignationis
812 2955 889 2996 apud
896 2955 1036 2996 Populum

1071 117 1671 162 BYNKERSHOEK

1078 206 1133 230 vat
1143 221 1152 237 ‚
1179 206 1255 244 tuto
1266 208 1370 244 carere
1384 209 1441 231 nos
1456 201 1542 242 posse
1558 213 1598 235 eo
1613 204 1849 248 supplemento,
1865 220 1936 246 nant

1078 240 1130 271 vel
1141 239 1222 285 ⁴sati—s
1238 240 1427 285 lubintelligi
1438 264 1447 280 ,
1467 244 1518 275 vel
1532 243 1683 278 facillima
1697 251 1935 291 transpositione

1077 280 1118 312 sic
1140 288 1264 312 initium
1289 281 1376 321 polle
1407 284 1539 324 mutari,
1565 286 1618 327 sed
1637 298 1747 329 eorum,
1768 294 1817 333 qui
1840 297 1933 326 maxi·

1076 331 1134 393 ⁷125}
1140 322 1325 392 dignationis
1348 323 1407 355 ἃς.
1440 324 1470 356 ὅ(
1493 325 1535 357 fic
1550 328 1644 360 etiam
1660 329 1776 363 habent
1792 335 1934 375 quaedam

1127 372 1135 392 1
1155 371 1249 394 iones.

1122 404 1215 435 Ceteri
1242 410 1339 435 autem
1366 407 1404 436 ad
1427 406 1504 438 hunc
1524 409 1572 440 vel
1589 410 1620 440 in
1634 411 1739 445 latenti
1754 414 1815 456 Jus
1837 416 1934 450 Civile

1076 445 1200 475 retinere
1218 447 1407 487 cogitabant,
1421 449 1568 491 salumque
1587 453 1823 493 consultatoribus
1842 467 1931 491 vaca-

1078 495 1107 515 re
1121 507 1132 522 ,
1157 487 1253 526 potius
1282 496 1366 528 quam
1394 489 1500 530 discere
1524 492 1687 525 volentibus
1692 495 1727 536 se
1741 496 1930 539 praestabant.

1075 526 1223 570 Muretus
1237 527 1413 568 existimat,
1437 531 1516 562 illud
1533 534 1580 564 vel
1601 535 1789 577 redundare,
1819 549 1882 572 non
1903 550 1934 572 e-

1074 576 1154 611 nim·
1169 566 1254 608 sequi
1278 569 1410 614 alterum
1430 572 1498 610 vel,
1526 581 1561 605 ut
1584 575 1716 609 debebat
1732 579 1763 611 in
1782 579 1934 621 disjuncta

1075 615 1247 647 oratione3
1287 610 1419 649 conjicit
1445 612 1542 653 igitur
1567 614 1716 658 scriptum
1739 619 1832 652 fuiffe
1849 646 1860 662 ,
1896 624 1936 656 ad

1074 648 1149 679 hunc
1169 649 1217 679 vel
1233 650 1280 681 illi
1295 652 1424 690 intenti,
1449 655 1479 685 &
1493 654 1564 686 inde
1579 656 1755 693 Librarium
1776 661 1934 703 effecisse,

1072 690 1111 721 ad
1128 689 1203 720 hu'nc
1220 691 1268 721 vel
1286 692 1318 721 in
1333 692 1449 724 latenti.
1494 695 1555 727 Sed
1579 707 1673 738 quum
1696 711 1792 734 unum
1810 703 1935 737 Corun-

1073 730 1197 776 canium
1212 731 1312 776 adhuc
1329 739 1451 778 tantum
1475 742 1698 773 memoraverit
1720 742 1936 786 Pomponius,

1073 769 1179 803 nescio
1190 795 1201 810 ,
1225 772 1301 812 quld
1317 772 1373 805 slbl
1392 774 1512 815 vellet,
1530 779 1568 808 ad
1583 779 1657 812 hunc
1673 784 1721 815 vel
1739 784 1824 817 illam
1838 788 1935 819 inten-

1074 814 1109 843 ti.
1130 819 1167 843 ut
1193 820 1312 844 taceam
1342 814 1372 846 &
1395 815 1434 846 de
1452 817 1577 850 audacia
1596 823 1820 865 correetionis,
1842 828 1872 860 &
1895 829 1936 860 de

1074 853 1164 885 nullo
1187 854 1239 886 vel
1266 862 1419 887 contorto
1446 856 1534 890 sensu
1557 863 1706 895 correctae
1722 865 1755 897 in
1769 865 1852 899 hunc
1869 879 1936 902 mo-

1073 895 1148 926 dum
1163 893 1335 942 scripturae..
1379 896 1488 930 Potest
1507 901 1555 932 vel
1571 903 1672 945 accipi
1689 915 1748 946 pro
1767 909 1875 948 etiam,
1898 919 1936 942 ut

1074 935 1155 977 saepe
1170 936 1244 982 alias
1254 959 1266 976 ‚
1286 945 1380 969 etiam
1396 938 1427 971 in
1444 939 1517 980 Jure
1534 942 1642 975 nostro
1652 967 1663 983 ,
1687 947 1717 978 ἀ
1737 947 1779 979 fic
1798 950 1880 982 resta
1889 950 1936 984 est

1074 976 1227 1009 sententia
1249 987 1259 1016 3
1288 978 1428 1020 alioquin
1448 1003 1461 1019 ,
1484 981 1506 1013 fi
1533 984 1607 1024 quid
1635 988 1817 1021 mutandum
1837 990 1936 1033 effet,

1074 1019 1171 1059 magis
1188 1018 1343 1059 placeret,
1367 1021 1492 1053 velutin
1507 1023 1635 1066 latenti,
1655 1029 1740 1069 quod
1761 1031 1856 1063 video
1871 1032 1936 1067 An-

1075 1061 1166 1091 tonio
1181 1059 1283 1092 Fabro
1301 1060 1458 1101 placuisse.
1482 1062 1534 1096 sed
1550 1066 1628 1100 nihil
1668 1070 1810 1111 uicquam
1831 1082 1935 1108 muto.

1074 1100 1124 1133 Ita
1153 1107 1256 1132 autem
1273 1124 1283 1140 ,
1316 1109 1351 1133 ut
1375 1103 1524 1145 exhibui,
1548 1107 1631 1140 hunc
1686 1120 1758 1142 cum
1776 1112 1938 1156 interpun-

1073 1142 1121 1183 git
1140 1140 1338 1182 Taurellius,
1359 1152 1394 1175 ut
1411 1146 1438 1173 π’
1452 1155 1558 1179 vacare
1574 1148 1689 1183 referat
1703 1152 1741 1183 ad
1755 1156 1938 1194 praecedene

1073 1184 1245 1224 cogitabant
1261 1205 1273 1222 ‚
1302 1182 1355 1215 sed
1375 1194 1484 1217 manca
1508 1187 1549 1219 fic
1577 1190 1606 1221 ἀ
1631 1191 1735 1225 hiulca
1754 1194 1799 1227 est
1819 1199 1934 1232 oratio.

1074 1223 1256 1256 Haloander
1274 1223 1394 1256 delevit
1408 1226 1486 1258 illud
1502 1237 1629 1270 vacare,
1643 1233 1687 1264 ita
1698 1234 1809 1268 edens:
1824 1238 1935 1279 stilum-

1074 1273 1127 1310 que
1146 1263 1381 1303 consultatoribus
1393 1268 1509 1307 potius,
1532 1279 1618 1311 quam
1635 1273 1740 1314 discere
1757 1278 1936 1320 volentibus,

1066 1308 1101 1347 je
1113 1304 1300 1346 praestabant.
1334 1316 1425 1348 quam
1449 1308 1616 1344 lectionem
1634 1314 1789 1356 Muret0,
1809 1319 1854 1351 ita
1872 1323 1937 1363 pri-

1075 1354 1162 1378 mum
1175 1346 1372 1388 emendanti,
1405 1348 1457 1381 alii
1485 1351 1682 1395 tribuerunt,
1703 1356 1742 1388 de
1754 1367 1817 1400 quo
1832 1367 1940 1397 tamen

1075 1386 1141 1433 ipse
1161 1387 1253 1435 valde
1274 1388 1423 1423 dubitem.
1468 1391 1540 1434 Ego
1562 1395 1685 1429 malim:
1705 1397 1852 1443 stilumque
1869 1412 1938 1435 con·

1066 1429 1259 1470 saltatoribus
1273 1432 1423 1463 vacabant
1436 1435 1554 1474 potius,
1585 1432 1795 1481 quam‘discere
1812 1443 1938 1476 volenti-

1077 1469 1167 1511 busfi
1176 1468 1366 1511 proestabant.
1408 1474 1531 1506 Minori
1548 1475 1619 1510 sane
1633 1478 1766 1526 Jafitura,
1791 1483 1936 1518 &Libra-

1076 1511 1159 1551 rius,
1180 1511 1223 1543 ob
1238 1513 1369 1559 iequens
1385 1514 1511 1556 discere,
1534 1517 1717 1554 hallucinari
1734 1524 1843 1564 potuit
1849 1548 1866 1566 ,
1883 1535 1938 1561 va·

1075 1562 1141 1585 care
1163 1553 1193 1586 ἀ
1213 1552 1340 1595 dzfiere,
1361 1564 1421 1597 pro
1444 1560 1605 1594 vacabant.
1926 1572 1928 1574 '

1341 1638 1394 1671 Aa
1436 1639 1465 1681 §.
1487 1641 1650 1678 XXXVI.

1118 1718 1188 1762 Post
1206 1721 1281 1767 lianc
1306 1722 1422 1765 Appius
1444 1724 1582 1759 Claudius
1601 1730 1728 1772 ejusdem
1741 1735 1859 1775 generis
1876 1746 1938 1769 ma·

1076 1763 1187 1794 :cimam
1195 1764 1355 1809 scientiam
1374 1766 1484 1799 habuit.
1509 1768 1556 1800 hic
1581 1771 1937 1817 Centemmanusappena-

1077 1810 1123 1835 tus
1140 1802 1189 1844 est.
1234 1804 1287 1836 Sic
1309 1804 1497 1852 Florentiae,
1531 1811 1759 1848 Centemmanus.
1801 1816 1838 1848 In
1860 1818 1935 1851 MS.

1078 1844 1155 1876 Cam
1179 1845 1258 1885 enfi,
1289 1847 1420 1889 aliisque
1443 1849 1552 1892 libris,
1583 1854 1790 1895 Centimanus,
1809 1857 1841 1890 in
1862 1867 1938 1891 meo

1076 1886 1139 1918 fine
1190 1886 1294 1927 loffis,
1327 1889 1515 1930 Cecimanus,
1546 1894 1577 1926 in
1596 1894 1664 1926 aliis
1683 1897 1861 1931 Centimalus
1882 1900 1938 1934 vel

1080 1928 1285 1974 Centumalus,
1311 1940 1382 1976 nam
1405 1932 1435 1964 ὅς
1455 1933 1572 1966 Claudii
1589 1936 1770 1978 Centumali,
1792 1942 1938 1986 quamvis

1076 1978 1141 2000 non
1157 1969 1268 2015 hujus,
1291 1973 1434 2017 meminit
1452 1973 1568 2008 Cicero
1587 1977 1617 2009 &
1635 1976 1777 2011 Valerius
1791 1981 1936 2023 iislocis,
1951 1996 1953 2000 ⁴

1076 2019 1155 2055 quos
1169 2010 1220 2041 alii
1239 2011 1343 2051 passim
1361 2013 1546 2048 indicarunt.
1591 2018 1649 2049 Sed
1669 2019 1698 2051 ὅ(
1723 2020 1782 2053 alia
1800 2021 1938 2056 monstra

1077 2050 1248 2082 lectionum
1265 2052 1317 2084 hic
1331 2062 1421 2086 enata
1438 2054 1528 2096 sunt,
1555 2058 1772 2093 Centennianus
1795 2072 1909 2105 nempe
1924 2087 1937 2104 ,

1076 2092 1128 2123 vel
1148 2092 1388 2138 Centemmanus,
1409 2097 1461 2128 vel
1481 2098 1688 2139 Centinianus,
1706 2102 1736 2134 ἀ
1751 2103 1858 2136 nescio
1889 2115 1938 2138 uae

1076 2142 1140 2164 non
1159 2133 1237 2172 alia,
1255 2143 1388 2175 quorum
1398 2137 1517 2170 animus
1536 2141 1708 2173 meminisse
1727 2143 1846 2178 horret.
1866 2115 1949 2179 ῗίοέ

1077 2183 1163 2214 rum,
1187 2183 1255 2220 quae
1279 2176 1344 2208 dixi
1364 2201 1374 2216 ,
1407 2179 1549 2213 omnium
1573 2182 1653 2214 nihil
1672 2182 1740 2215 fere
1754 2185 1876 2227 placuit
1889 2187 1958 2221 In-·

1078 2216 1290 2256 terpretibus,
1322 2228 1392 2250 nam
1417 2229 1493 2251 ecce
1513 2228 1656 2263 veteres,
1693 2226 1791 2265 novi,
1816 2235 1938 2262 tantum

1078 2266 1143 2289 non
1161 2258 1297 2290 unanimi
1315 2259 1548 2302 conspiratione
1562 2288 1572 2304 ‚
1602 2264 1686 2297 hunc
1701 2266 1834 2309 Appium
1852 2269 1939 2301 Clau·

1077 2300 1157 2330 dium
1174 2299 1408 2333 Centemmanum
1421 2324 1433 2340 ,
1456 2311 1600 2337 truncata
1623 2306 1759 2347 primum
1775 2319 1882 2348 manu,
1905 2310 1938 2343 ἀ

1077 2349 1172 2380 mox,
1206 2350 1276 2382 quae
1301 2351 1384 2375 mera
1409 2343 1566 2378 barbaries
1581 2345 1642 2384 est,
1665 2347 1779 2381 effoffis
1793 2350 1889 2383 etiam
1905 2360 1939 2382 o-

1078 2381 1158 2413 culis
1174 2405 1183 2421 ,
1212 2392 1337 2416 mutant
1362 2384 1394 2417 in
1420 2386 1530 2418 Coecum
1548 2411 1559 2427 ,
1588 2388 1636 2419 hic
1663 2390 1757 2421 Caecus
1775 2391 1938 2431 appellatus

1079 2422 1140 2464 est,
1160 2431 1222 2455 tam
1242 2426 1398 2465 unanimi,
1420 2434 1456 2458 ut
1472 2428 1569 2460 modo
1583 2428 1724 2461 dicebam
1739 2453 1750 2469 ,
1780 2431 1939 2474 conspira-

1081 2466 1188 2503 tione,
1211 2472 1247 2496 ut
1268 2467 1365 2498 Caecus
1381 2468 1476 2499 etiam
1490 2468 1522 2500 in
1543 2469 1708 2502 Editiones
1736 2471 1939 2516 migraverit,

1077 2506 1122 2538 fic
1152 2508 1236 2539 enim
1261 2508 1357 2540 edunt
1381 2508 1517 2549 Vulgata
1543 2509 1573 2541 ὅς
1598 2509 1788 2545 Haloander.
1832 2514 1940 2557 Atque

1080 2549 1150 2582 haec
1166 2547 1231 2590 ipsa
1254 2549 1348 2581 leffio
1372 2549 1435 2589 est,
1475 2558 1543 2581 uam
1563 2559 1661 2592 nuper
1677 2553 1822 2587 nonnihil
1840 2555 1938 2590 inter·

1081 2590 1205 2632 polavit
1221 2588 1429 2622 Almeloveen
1471 2589 1523 2631 ast.
1547 2591 1657 2633 Consul.
1671 2593 1831 2634 secundum
1839 2598 1936 2632 ordin.

1080 2631 1175 2672 Alph.
1191 2636 1226 2671 p.
1245 2634 1297 2671 46.
1317 2641 1373 2671 ne,
1398 2639 1433 2663 ut
1449 2639 1548 2672 put0,
1574 2641 1624 2665 tot
1642 2633 1741 2667 literae
1779 2637 1939 2673 erirentin

1083 2673 1303 2705 Centemmanus
1317 2694 1328 2710 ,
1357 2672 1538 2714 quibusdam
1565 2672 1714 2715 servatis,
1760 2678 1798 2710 ed
1818 2679 1848 2712 ὁ(
1869 2680 1939 2715 aliis

1079 2713 1223 2754 adjectis,
1244 2712 1310 2754 ipse
1329 2713 1489 2753 emendat,
1516 2715 1614 2747 Caecus
1630 2716 1815 2751 aRomanis.
1859 2721 1938 2755 Sane

1079 2755 1183 2796 negari
1211 2763 1275 2786 non
1299 2754 1403 2796 potest
1417 2778 1428 2794 ,
1457 2756 1623 2789 maximam
1652 2766 1770 2799 partem
1801 2770 1938 2804 eorum,

1079 2805 1149 2837 quae
1176 2803 1253 2827 mox
1283 2794 1462 2837 exsequitur
1488 2796 1706 2839 Pomponius,
1740 2809 1861 2835 veteres
1876 2803 1939 2837 Au·

1081 2837 1182 2868 tiores
1201 2836 1231 2867 &
1245 2835 1384 2868 Tabulas
1403 2836 1598 2878 Capitolinas
1610 2840 1650 2871 de
1662 2840 1767 2883 Appio
1784 2842 1919 2880 Claudio
1925 2853 1938 2886 ‚·

1103 2887 1171 2908 uem
1190 2877 1300 2908 Caecum
1313 2877 1443 2910 Romani
1461 2880 1674 2921 appellarunt,
1698 2885 1936 2928 memoriaepro-

1078 2887 1206 2956 3idisse3
1228 2916 1278 2950 sed
1294 2926 1395 2951 tamen
1411 2928 1471 2961 ego
1487 2921 1625 2954 nondum
1640 2921 1718 2958 scire
1735 2926 1848 2966 potui,
1890 2937 1936 2961 uae

1080 2959 1162 2990 ratio
1174 2968 1214 2990 co
1231 2968 1268 2990 'at
1285 2960 1351 2991 vim
1370 2961 1516 3000 majorem
1536 2963 1565 2994 ὅ(
1582 2963 1679 3000 crisin,
1690 2964 1768 2997 adeo
1783 2974 1874 3000 trucu
1887 2969 1938 3003 en‘-

1080 3007 1153 3031 tam.
1211 3010 1325 3038 ⁴ccur,
1360 3000 1466 3041 sodes,
1498 3003 1574 3036 fides
1593 3003 1826 3047 eit-'abroganda
1843 3008 1934 3045 Pom÷

1101 3041 1195 3080 onio,
1219 3042 1354 3073 narranti
1366 3065 1377 3081 ,
1400 3043 1486 3075 hunc
1498 3044 1632 3086 Appium
1649 3045 1816 3084 Claudium
1832 3050 1934 3092 appel-

1091 3089 1176 3113 atum
1190 3081 1281 3114 fuiffe
1301 3083 1536 3117 Centemmanum
1549 3109 1561 3125 ,
1590 3087 1643 3118 vel
1662 3088 1793 3127 potius,
1814 3089 1835 3123 fi
1857 3092 1934 3124 mihi

1079 3122 1169 3154 unius
1186 3123 1286 3155 literae
1307 3125 1462 3158 mutandae
1480 3127 1646 3160 fitvenia‘l
1671 3129 1936 3166 Centummanum?

1077 3164 1158 3204 apud
1173 3162 1304 3197 Graecos
1321 3165 1445 3207 AEgeon
1469 3167 1634 3203 dicebatur,
1655 3169 1834 3209 ὖκιτοῑνχοιρ,
1857 3181 1892 3204 ea
1906 3171 1931 3204 i-

1077 3202 1130 3245 psa
1145 3203 1231 3239 forte
1245 3206 1385 3248 ratione,
1406 3216 1466 3250 qua
1482 3208 1535 3243 hic
1553 3208 1673 3251 Appius
1692 3211 1932 3286 Centummanffu

1892 3260 1933 3283 ve
