2008 3436
225 105 417 143 OPUSC.
471 103 547 140 DE
598 100 747 151 JURE
796 99 1125 136 OCCIDENDI
1174 101 1424 141 LIBEROS
1473 104 1513 142 C.
1537 106 1605 142 IX.

46 186 106 221 stio
123 186 185 226 est,
210 187 317 227 utique
334 185 375 218 fic
392 184 467 217 milii
489 183 623 215 videtur.
866 219 872 226 Ι

88 230 147 263 Sed
167 228 359 260 Diocletiani
377 227 407 259 δε
423 224 609 260 Maximiani
631 227 722 266 aetate
739 219 909 266 expositio-

45 282 116 304 nem
132 280 195 301 nun
214 268 303 301 fuisse
322 269 526 309 improbatam
545 290 554 304 ,
587 263 731 309 videntur
749 261 803 294 sibi
823 261 907 308 vide:

45 324 78 346 re
99 314 128 344 in
153 312 173 343 l.
200 315 244 342 16.
270 311 300 341 C.
324 311 356 340 ile
382 309 476 348 szt.
508 316 575 348 quae
604 313 667 350 ait,
690 311 837 349 patrem-,h
853 312 906 343 qui

44 353 141 388 filiam
167 351 313 393 εκροίὶυῑ
331 374 340 389 ,
372 358 519 390 oportere
547 354 680 391 nuptiiS,
704 353 775 375 cuni
797 344 863 376 tilio
877 353 908 389 e-

45 395 204 427 ducatoris
222 391 460 428 contrahendis,
475 387 656 421 consenlum
675 387 835 430 prazbere,
853 384 908 416 nifi

44 436 152 474 malit,
179 434 308 475 repetita
328 433 410 469 iilia,
444 431 664 462 alimentorum
685 425 835 472 solutioni
857 434 905 471 pa-

44 486 124 510 rere.
171 475 243 507 Non
264 473 406 514 intelligo
428 471 506 502 hanc
528 469 663 509 Legem,
690 475 724 497 ut
748 466 908 498 intellexit

47 517 196 558 Cujacius
229 515 330 547 Paris.
365 514 431 544 Coti.
460 513 493 542 de
516 510 631 549 Insunt.
655 506 772 553 exposit.
793 508 831 538 de
855 517 905 548 pa-

46 567 111 596 tre,
136 559 186 598 qui
200 556 282 588 farne
301 552 479 594 compulsus
494 551 628 592 pucilam
645 549 810 596 exposuit,
823 557 905 586 nain,

45 608 139 642 quum
167 599 204 629 de
225 606 263 628 eo
286 596 364 628 niliil
395 594 436 625 ibi
454 593 508 631 lit,
531 592 609 624 nihil
624 599 717 623 etiam
735 590 799 629 est,
823 589 908 631 quod

44 649 104 673 nos
133 648 172 670 co
200 645 301 678 cogat.
347 635 540 676 Simpliciter
566 633 710 678 intelligo
732 631 770 663 de
795 639 906 673 patre,

45 682 98 723 qni
123 680 217 712 filiam
232 703 241 718 ,
269 685 453 719 quacunque
481 675 605 707 demum
625 675 732 714 caula,
757 671 908 714 exposue-

45 731 111 760 rat,
133 721 163 753 δε
179 721 217 752 dc
235 729 275 750 eo
289 728 368 760 puto
386 717 480 758 quaeri
495 741 504 755 ,
527 726 564 748 an
582 715 673 757 poilit
691 714 907 747 contradicere

45 773 87 796 nu
112 763 164 795 tiis
189 761 263 793 iilia:
283 783 294 799 ,
328 769 419 801 quam
448 758 516 790 filio
533 756 588 789 suo
608 757 758 788 educator
776 763 907 788 uxorem

44 773 208 836 deffinivit
226 803 242 834 ⁴?
275 803 305 833 &
334 808 426 842 negat
450 799 556 841 polle,
584 798 640 830 nili
660 807 746 839 pater
762 798 909 829 alimenta

43 844 157 879 solvat.
204 843 288 884 Ergo
310 867 318 881 ‚
348 841 512 881 inquiunt,
542 840 632 872 licuit
647 840 726 880 patri
742 847 817 870 tunc
832 845 908 868 tem-

44 887 131 929 poris
146 886 240 918 filiani
258 892 424 931 exponere.
470 882 512 914 At
529 882 579 912 ubi
598 882 658 911 lioc
676 877 908 924 Imperatores?

47 929 78 960 ὗε
93 938 161 969 qua:
172 924 271 958 viscst
285 935 350 965 ejus
364 922 564 965 argumenti?
587 921 672 954 forte
689 921 759 952 inde
775 917 908 968 quis-'ef-

46 968 160 1001 fecerit
169 992 178 1008 ,
189 977 264 1009 ergo
276 975 361 1008 pater
371 988 381 1003 ,
394 966 506 996 linei-os
522 971 701 1004 exponens,
714 969 909 1002 temporibus

46 1009 242 1045 Diocletiani
266 1011 293 1054 ᾳ
312 1005 494 1038 Maximiani
514 1004 625 1045 capitis
648 1013 754 1048 poenas
775 1011 837 1034 non
857 1001 908 1033 de-

48 1052 114 1091 dit,
148 1059 182 1082 ut
210 1049 294 1080 dedit
321 1048 425 1088 postca
451 1055 489 1076 ex
508 1044 746 1076 Constitutione
768 1043 905 1075 Valenti-

48 1093 150 1131 niani,
183 1089 348 1126 Valentis,
383 1088 412 1118 ἃ
435 1085 576 1118 Gratiani
596 1086 625 1117 in
647 1085 668 1117 1.
690 1095 718 1117 2.
743 1086 774 1117 C.
799 1086 832 1116 de
857 1085 905 1116 In-

40 1134 124 1175 fant.
149 1129 262 1172 exposit.
295 1129 366 1170 quia
388 1129 426 1159 de
443 1126 594 1159 consensu
612 1129 726 1169 pati-is,
751 1127 805 1168 qui
824 1136 905 1158 moi·-

49 1183 111 1206 tem
130 1179 244 1204 meruit
258 1195 267 1210 ‚
314 1169 421 1202 uaestio
442 1169 539 1200 videri
553 1177 678 1210 poterat
696 1169 805 1200 inanis.
848 1167 909 1200 Sed

44 1215 97 1247 vel
112 1214 153 1246 iic
170 1213 278 1245 licebit
319 1212 417 1250 icere,
441 1211 573 1242 immane
599 1219 749 1251 quantum
765 1208 908 1248 differre,

45 1255 170 1298 capitali
208 1263 300 1296 poena
326 1263 388 1285 non
413 1251 505 1284 fuill'e
529 1253 673 1292 punitum
691 1275 700 1290 ,
730 1253 759 1283 ὅ(
779 1251 909 1282 omnino

42 1289 135 1331 ffiiffe
149 1296 357 1337 impunitum3
374 1295 412 1325 de
430 1303 521 1334 poena
539 1302 633 1333 patris
650 1292 837 1333 exponentis
846 1301 910 1324 non

43 1337 219 1372 rescribunt
239 1336 465 1378 Imperatores,
487 1344 549 1366 non
567 1335 660 1366 etiam
675 1338 713 1365 dc
731 1343 822 1375 poena
837 1343 910 1366 con-

44 1379 140 1418 sulti,
167 1378 217 1410 sed
236 1379 274 1409 dc
293 1377 465 1418 sumptibus
487 1376 702 1414 educationis,
727 1385 805 1415 quos
824 1382 910 1416 pater

46 1419 198 1462 superstes
225 1419 386 1451 restituere
413 1418 542 1456 debeat,
565 1418 618 1449 nili
640 1418 719 1449 velit
736 1418 765 1448 in
782 1426 848 1455 eas,
872 1416 910 1448 de

45 1463 160 1504 quibus
177 1462 297 1504 agitur,
322 1460 444 1500 nuptias
461 1458 646 1490 consentire.
694 1457 760 1499 lpse
781 1467 858 1489 vero
872 1467 910 1489 ne

45 1503 172 1550 quidem
195 1503 288 1534 aurini
315 1501 474 1533 adfirmare
492 1523 502 1538 ,
526 1510 564 1532 ex
585 1504 613 1532 a.
637 1501 656 1531 l.
685 1504 730 1531 16.
758 1507 829 1531 tuto
846 1500 910 1531 col-

45 1545 103 1587 ligi
129 1544 213 1586 poffe
232 1568 242 1584 ,
273 1543 368 1585 patris
393 1543 582 1584 exponentis
598 1551 721 1583 poenam
739 1551 801 1573 non
820 1539 911 1572 fuisse

44 1587 211 1627 capitalem
233 1609 242 1624 ‚
272 1584 341 1626 quia
365 1584 403 1615 de
427 1585 551 1625 privato
567 1584 634 1623 jure
651 1591 786 1624 partium
803 1583 909 1614 dunta-

43 1636 101 1661 xat
123 1627 222 1659 sermo
237 1625 289 1658 est.
336 1624 440 1657 Nemo
457 1627 635 1666 negaverit,
668 1624 721 1656 diu
735 1633 808 1656 ante
822 1623 911 1664 justi*

43 1670 170 1702 niarium
204 1667 431 1710 expositionem
471 1666 627 1698 infantum
664 1666 789 1707 capitali
819 1674 910 1706 poena

42 1708 138 1743 fuiise
155 1712 347 1748 coercitam,
372 1717 502 1749 eamque
525 1717 649 1749 poenam
666 1708 732 1747 ejus
751 1715 843 1738 aetate
861 1706 909 1738 ad-

43 1751 108 1784 huc
127 1750 300 1793 perdurasse
316 1773 328 1789 ,
359 1751 388 1782 Gt
408 1758 508 1781 tamen
534 1749 578 1780 illi
606 1749 636 1780 in
660 1749 680 1779 1.
730 1773 737 1780 .
758 1749 787 1780 ὃ(
811 1749 831 1779 l.
855 1747 909 1779 ult.

49 1792 82 1826 C.
110 1795 144 1825 de
176 1793 293 1834 lnfant.
323 1790 415 1832 expofi
439 1792 468 1823 ὅ(
498 1790 618 1822 Novell.
644 1789 700 1821 CL
721 1789 756 1821 11.
784 1789 910 1821 interdi-

43 1834 92 1866 cit
114 1835 175 1874 iis,
209 1835 261 1875 qui
289 1833 525 1875 exposuerunt,
549 1831 634 1863 omni
651 1832 843 1873 repetitione
863 1831 907 1863 in-

43 1873 140 1908 fantis
167 1875 328 1917 expositi,
358 1885 426 1916 qua:
450 1875 481 1906 in
514 1875 543 1905 d.
572 1873 591 1904 l.
622 1877 669 1905 16.
694 1873 907 1912 conceditur,

43 1914 95 1949 sed
121 1916 231 1950 solutis
255 1917 421 1949 alimentis.
468 1916 517 1948 Ex
541 1924 600 1956 qua
624 1915 833 1956 repetitione,
857 1913 909 1945 vel

43 1957 186 1998 admissa,
208 1960 259 1990 vel
278 1967 387 2000 negata
405 1982 414 1997 ,
443 1967 507 1989 non
526 1957 608 1988 recte
624 1958 842 1997 argumentum
859 1955 911 1986 du—

44 2000 130 2032 xeris
153 2001 191 2032 ad
216 2001 335 2032 licitam
360 1999 548 2031 illicitamve
571 1996 726 2029 infantum
744 1996 912 2038 expositio-

44 2049 138 2081 nem,
167 2041 426 2084 quemadmodum
454 2049 554 2080 ncque
579 2048 619 2069 ex
643 2039 799 2070 alimentis
815 2061 825 2077 ,
856 2037 911 2068 ubi

45 2082 229 2123 repetitioni
249 2083 338 2114 locus
358 2091 443 2121 erat,
470 2080 640 2122 susceptori
657 2080 752 2111 modo
770 2079 912 2120 negatis,

46 2123 144 2155 modo
159 2124 316 2156 concellis.
367 2138 370 2139 ⁷

91 2164 171 2196 Sane
197 2175 260 2196 non
287 2165 319 2196 in
344 2165 519 2197 Rhetorum
545 2171 666 2196 tantum
689 2162 833 2202 Scholis,
859 2161 910 2193 sed

47 2205 167 2246 &apud
182 2205 280 2246 JCtos
299 2204 379 2247 szepe
395 2207 522 2238 trattata
537 2204 668 2246 quaestio
685 2204 751 2244 est,
775 2213 832 2242 an,
856 2203 909 2244 qui

45 2246 221 2287 expolitum
245 2249 358 2288 repetit
377 2269 388 2286 ,
417 2249 468 2288 qui
497 2249 528 2279 in
550 2248 724 2279 libertatem
743 2245 885 2276 vindicat
899 2266 910 2282 ,

46 2288 112 2320 five
126 2288 204 2320 alius
222 2289 417 2330 quicunque,
443 2288 505 2320 sive
531 2287 593 2329 ipse
623 2286 675 2326 se,
699 2295 845 2329 oporteat
861 2286 909 2325 ei,

69 2330 99 2361 ui
125 2330 302 2371 expolitum
326 2331 458 2371 collegit
481 2354 489 2368 ‚
522 2329 684 2360 restituere
708 2326 858 2370 expensas
881 2328 912 2359 ὅ(

63 2379 188 2412 umptus
204 2371 424 2403 educationis?
449 2371 539 2402 mistis
554 2380 637 2402 nunc
658 2370 834 2402 Rhetorum
846 2367 909 2400 De-

48 2406 288 2444 clamationibus
308 2422 348 2444 ex
363 2413 431 2452 jure
449 2422 572 2444 manum
594 2410 803 2443 conseramus.
850 2409 911 2441 Pli-

47 2453 118 2484 nius
139 2453 310 2494 TraJ'anum
337 2464 373 2486 ea
392 2455 430 2485 de
456 2463 488 2484 re
503 2451 662 2485 consuluit
686 2452 727 2484 L.
745 2451 789 2484 X.
813 2449 908 2492 Epist.

47 2503 99 2535 70.
143 2494 288 2538 Magna,
312 2496 431 2537 inquit,
456 2494 601 2533 Domine,
622 2493 659 2529 ὃ)
679 2495 717 2525 ad
732 2499 822 2524 totam
839 2492 908 2523 Pro-

47 2536 178 2568 vinciam
190 2539 341 2578 pertinens
356 2535 467 2578 quzestlo
483 2534 523 2576 est
534 2560 543 2574 ‚
568 2538 601 2566 de
619 2536 780 2566 conditione
801 2533 837 2568 {5⁹
853 2533 908 2564 ali-

47 2579 152 2608 mentis
172 2587 264 2610 eorwn
284 2601 296 2616 ,
325 2588 390 2620 quos
416 2583 522 2609 vocant
547 2585 683 2609 eaeor-m.
728 2574 910 2616 Respondet

47 2617 202 2659 Traianus
219 2619 314 2659 Epist.
324 2620 386 2661 seq.
412 2620 443 2651 in
463 2620 530 2651 haec
548 2618 659 2650 verba:
725 2615 816 2657 uoeslio
834 2616 909 2653 illa,

49 2669 109 2701 quae
125 2662 253 2699 pertinet
267 2663 303 2691 ad
320 2671 382 2698 eos,
405 2663 453 2702 qui
469 2661 552 2692 liberi
571 2661 637 2692 nati
647 2684 656 2699 ,
676 2659 815 2701 expositi,
827 2658 907 2689 dein-

48 2702 82 2732 de
97 2701 209 2741 sublati
230 2711 249 2732 a
270 2703 436 2742 qu'busdaoi
452 2725 464 2740 ,
500 2701 536 2737 δ’
560 2703 592 2732 in
609 2701 756 2742 servitute
791 2701 906 2732 educari

39 2741 114 2783 sunt
125 2765 134 2780 ‚
150 2742 225 2782 sape
243 2742 369 2774 truttam
382 2742 431 2784 est.
475 2744 518 2776 Et
533 2743 622 2785 post:
645 2752 698 2774 nec
716 2743 905 2784 adsertionem

48 2784 249 2825 denegandam
275 2785 329 2821 iis,
357 2786 405 2825 qui
424 2795 460 2816 ex
471 2785 608 2828 ejusmodi
632 2784 717 2825 causa
737 2787 769 2815 in
787 2785 906 2814 liberta-

49 2829 107 2855 tem
127 2825 355 2856 vindicabuntur
372 2847 382 2862 ,
407 2832 473 2866 puto
485 2849 496 2865 ,
525 2836 614 2868 neque
634 2826 725 2868 ipsam
742 2826 905 2857 libertatern

48 2865 244 2896 redimendam
265 2867 358 2905 pretio
379 2867 420 2897 ali
431 2874 587 2899 uentorum.
637 2867 737 2909 Igitur
767 2865 877 2899 licebit
893 2886 905 2902 ‚

48 2914 89 2937 ex
107 2913 212 2937 mente
227 2905 374 2945 Traiani,
394 2907 430 2938 ad
444 2908 618 2940 libertatem
633 2909 847 2950 proclamare,
861 2913 906 2937 et-

48 2947 111 2978 iarn
134 2956 197 2978 non
219 2945 328 2978 refuiis
348 2947 501 2981 alimentis
516 2972 528 2988 ,
558 2949 608 2981 sed
634 2950 767 2982 aliorum
787 2947 904 2981 Princi-

48 2996 124 3029 pum
142 2996 204 3018 non
227 2986 344 3028 semper
361 2987 465 3020 eadem
477 2989 628 3022 sententia
643 2990 707 3023 fuit
719 3001 779 3030 ‚ne
796 2998 906 3021 eorum

48 3028 172 3069 quidem
186 3051 196 3066 ,
219 3038 298 3069 quos
315 3028 355 3060 ibi
376 3028 479 3061 laudat
500 3030 673 3071 Traianus,
707 3041 742 3064 ut
761 3031 826 3074 ipsa
840 3031 906 3071 ejus

47 3070 144 3099 verba
175 3078 238 3100 non
270 3069 400 3101 obscure
432 3069 610 3111 significant.
655 3073 761 3105 Habet
797 3073 906 3114 utique

47 3119 84 3142 ea
114 3119 162 3141 res
191 3110 304 3151 aliquid
335 3120 375 3142 ex
400 3110 528 3151 iniquo,
550 3122 637 3153 narn,
659 3115 681 3146 si
701 3115 762 3147 hoc
782 3114 850 3154 jure
873 3123 906 3144 u-

50 3159 172 3189 tatnur,
197 3161 289 3182 nenio
309 3151 403 3183 saeue
426 3153 584 3192 expolitos
603 3156 787 3196 collegerit.
809 3165 906 3195 mox,

49 3192 104 3224 ubi
123 3192 342 3233 adoleverint,
357 3192 583 3238 restituendos,
603 3195 666 3231 fine
687 3197 751 3230 un,
768 3197 821 3241 spe
833 3206 907 3230 con-

1754 106 1821 151 363

951 178 1096 225 sequendi
1109 181 1226 221 pretii,
1249 182 1300 213 vel
1317 183 1506 223 necessario,
1529 186 1580 217 vel
1604 184 1726 217 utiliter
1743 184 1774 216 in
1794 192 1824 215 e-

950 220 1152 266 ducationem
1183 223 1318 263 expensi.
1365 223 1512 256 Domino
1531 249 1541 264 ,
1580 235 1672 267 partu
1699 225 1823 258 ancillae

949 264 1095 307 expolito
1113 285 1122 300 ,
1155 272 1220 295 non
1240 271 1332 304 negat
1379 264 1482 296 uidem
1506 268 1729 306 repetitionem
1751 267 1825 299 Ale-

950 302 1066 345 xander
1086 312 1118 335 m
1142 304 1164 334 l.
1190 312 1218 336 1.
1245 305 1276 335 C.
1301 306 1335 335 de
1380 305 1481 345 nfant.
1505 308 1597 346 expoll
1613 308 1676 348 Jezl.
1705 308 1820 348 inquit,

949 343 1092 385 restitutio
1122 345 1188 387 ejus'
1213 347 1258 377 ita
1278 346 1334 385 fiet
1352 369 1363 384 ,
1391 352 1423 377 ut
1448 345 1477 385 fi
1504 357 1560 389 qua
1584 350 1616 378 in
1637 350 1737 379 alendo
1762 358 1791 380 eo
1810 371 1823 387 ,

949 385 997 417 vel
1012 384 1094 425 forte
1118 387 1156 417 ael
1178 386 1343 428 discendum
1363 386 1545 427 artificium,
1559 387 1637 430 juste
1656 394 1823 429 consumpm

943 425 1091 467 fuerint,
1131 426 1336 468 restituantur.
1381 427 1458 461 Non
1482 430 1664 462 neccirarias
1699 438 1823 462 tantum

951 469 1022 506 ille,
1049 466 1098 499 sed
1123 469 1151 501 δι
1174 470 1267 501 utiles
1289 469 1440 511 impensas
1463 470 1671 503 refundendas
1691 470 1753 502 effe
1777 480 1823 501 re-

951 508 1077 548 scribit,
1103 511 1187 551 quod
1213 511 1305 542 habet
1326 511 1498 552 rationem,
1524 513 1619 544 etiam
1645 511 1825 544 Alexandro

950 549 1133 582 Chaffanaeo
1157 551 1354 585 observatam
1373 553 1530 586 Commeat.
1550 556 1588 586 acl
1603 554 1760 594 Rejcri'pta
1778 552 1822 584 A·

951 592 1069 623 lexana.
1095 593 1194 624 Sever.
1218 594 1248 625 in
1282 598 1308 625 d.
1338 595 1356 626 l.
1388 605 1413 627 1.
1451 596 1480 627 δι
1503 596 1567 637 agit
1590 595 1764 636 Imperator
1784 594 1825 625 de

950 641 986 663 ea
1010 630 1131 673 specie,
1167 644 1227 675 qua
1250 637 1346 666 inviro
1369 637 1418 668 vel
1442 639 1595 679 ignorante
1619 638 1732 668 domino
1757 645 1824 676 pai·-

952 680 1003 704 tus
1025 674 1150 719 ancillae
1173 676 1335 716 expolitus
1349 677 1441 709 fuill‘e
1455 679 1702 720 proponebatur.
1727 676 1826 723 Quod

950 724 1048 756 magis
1068 724 1176 747 verum
1195 718 1277 755 erit,
1292 718 1311 750 fi
1332 718 1397 760 ipse
1412 719 1559 752 dominus
1578 720 1676 752 sciens
1695 722 1821 751 volens-

949 765 1009 797 que
1024 758 1226 797 cxpotuerit3
1251 760 1332 790 unde
1349 761 1378 792 ὅ(
1400 761 1436 792 ad
1456 770 1598 802 patrem,
1621 761 1673 802 qui
1694 759 1756 802 ipse
1769 769 1824 791 ex-

950 796 1116 838 posuerat,
1136 799 1219 831 rette
1238 799 1269 831 id
1288 801 1511 834 transtulerunt
1528 803 1627 844 impp.
1648 802 1825 834 Diocletia-

951 848 1009 870 nus
1040 840 1069 870 ὅ(
1099 840 1315 873 Maximianus
1348 842 1377 874 in
1407 845 1435 874 d.
1471 843 1492 875 l.
1528 848 1574 876 16.
1611 844 1642 876 C.
1664 846 1697 875 de
1723 843 1821 884 NuPt.

952 879 1162 926 Constantino
1183 882 1234 915 M.
1270 883 1382 915 deinde
1413 884 1498 916 aliud
1527 886 1672 926 placuit,
1711 885 1766 917 ille
1792 894 1826 915 e-

951 930 1082 968 mm.¹P¹
1123 922 1144 954 1.
1174 932 1199 956 1.
1235 924 1267 955 C.
1304 924 1356 956 Th.
1387 927 1419 957 de
1443 926 1574 967 Expofit.
1600 926 1621 959 fi
1643 935 1747 968 patres
1770 925 1824 957 vel

951 962 1069 994 domini
1093 962 1226 997 scientes
1251 965 1459 1008 volentesque
1476 968 1703 1009 exposuerint,
1725 978 1824 1009 expo-

952 1003 1042 1036 fitum
1067 1005 1229 1037 educatori
1254 1007 1393 1047 addicit,
1409 1007 1473 1047 five
1488 1011 1609 1049 silium,
1624 1009 1825 1050 five—servum

950 1045 1001 1086 effe
1022 1046 1180 1085 maluerit,
1208 1050 1285 1079 omni
1318 1051 1499 1090 repetitionis
1521 1053 1722 1092 iriqu'etuclirie
1740 1052 1825 1092 peni-

951 1092 996 1118 tus
999 1089 1197 1128 submovenda
1213 1099 1324 1129 eorum,
1335 1092 1384 1132 qui
1392 1092 1495 1131 servos
1506 1098 1557 1123 aut
1567 1093 1690 1130 liberos,
1710 1101 1825 1124 scum-

949 1137 1034 1174 TEs,
1068 1139 1215 1176 rnorarA
1251 1140 1490 1171 VOLUNTATE‚
1521 1135 1600 1165 domo
1621 1143 1718 1165 recens
1741 1141 1827 1165 natos

949 1171 1120 1216 abjecerint.
1165 1170 1270 1214 Negat
1288 1173 1385 1213 igitur
1405 1174 1655 1206 vindicationem
1682 1176 1826 1216 patribus

952 1212 984 1257 <it
1001 1212 1139 1243 dominis
1164 1211 1334 1245 scientibus
1359 1215 1388 1246 ὃ(
1412 1216 1625 1256 patientibus,
1644 1215 1767 1256 sei-vat,
1789 1223 1828 1247 ut:

954 1253 1101 1292 videtur,
1125 1262 1166 1285 ex
1188 1255 1261 1295 jure
1283 1255 1415 1297 antiquo
1431 1280 1441 1296 ‚
1465 1258 1576 1290 invitis
1598 1259 1627 1290 ἀ
1652 1257 1828 1299 ignoranti-

956 1297 1031 1341 bus,
1055 1293 1161 1341 refuso
1191 1296 1414 1329 alimentorum
1443 1299 1557 1340 pretio.
1605 1299 1701 1331 Vides
1725 1307 1827 1331 muta-

955 1343 1074 1382 tionem
1098 1336 1197 1376 juris,
1221 1347 1314 1379 quam
1338 1348 1410 1370 cum
1435 1349 1544 1381 parurn
1557 1340 1828 1374 animadvertisset

954 1377 1103 1417 CuJacius
1134 1377 1240 1425 Parae.
1275 1380 1340 1412 Cod.
1370 1381 1404 1412 de
1429 1381 1546 1422 Infant.
1572 1383 1666 1424 expos.
1691 1383 1723 1415 in
1748 1383 1796 1415 his
1813 1406 1827 1422 ‚

954 1429 1022 1460 quae
1048 1426 1170 1465 tantum
1192 1419 1370 1466 discrepant
1388 1446 1398 1463 ,
1427 1425 1657 1465 componendis
1675 1424 1830 1457 incaffuin

954 1461 1120 1492 laboraVit.
1167 1461 1262 1494 Vides
1295 1463 1390 1494 etiam
1409 1488 1420 1504 ,
1450 1474 1486 1497 ut
1515 1466 1612 1497 modo
1654 1466 1828 1504 dicebam,

953 1502 1183 1548 omnem-lianc
1205 1502 1408 1544 quaestionem
1437 1506 1476 1538 de
1507 1507 1700 1548 repetitione
1721 1508 1751 1539 ἀ
1772 1507 1831 1539 ali-

954 1551 1067 1589 mentis
1088 1542 1244 1588 infantum
1269 1545 1330 1577 effe
1350 1556 1441 1588 quam
1468 1548 1681 1580 alieniffimam
1703 1560 1720 1581 a
1743 1558 1829 1590 quae-

955 1584 1055 1617 stione
1084 1584 1126 1632 de
1156 1584 1220 1625 ipsa
1251 1587 1471 1629 expositione,
1506 1590 1593 1621 licita
1615 1590 1666 1621 vel
1688 1591 1832 1629 illicita,

954 1626 1206 1668 &nequicquam
1223 1636 1263 1659 eo
1284 1629 1394 1661 adduci
1426 1631 1456 1662 d.
1483 1631 1504 1663 l.
1530 1635 1576 1663 16.
1604 1632 1635 1662 C.
1664 1635 1697 1664 de
1727 1632 1828 1672 Nupt.

997 1667 1116 1708 Pergo,
1139 1666 1260 1701 servata
1283 1671 1406 1703 ratione
1436 1673 1609 1713 temporis,
1633 1673 1669 1705 ad
1693 1674 1713 1705 l.
1738 1684 1767 1705 2.
1793 1672 1828 1705 C.

951 1711 985 1741 de
1004 1708 1236 1756 lofam-'equfi
1259 1720 1329 1752 quae
1356 1713 1511 1754 primum,
1538 1722 1572 1745 ut
1593 1715 1702 1754 ajunt,
1725 1713 1828 1746 infan-

953 1757 1020 1797 tum
1038 1755 1266 1796 expolitionem
1279 1776 1288 1792 ‚
1311 1761 1401 1785 antea
1418 1754 1557 1794 licitam,
1585 1756 1742 1787 coercuit.
1767 1755 1831 1788 Sed

952 1792 1027 1838 quid
1050 1792 1122 1824 dico
1140 1816 1150 1832 ,
1176 1794 1305 1833 primum
1326 1794 1343 1826 ?
1373 1795 1403 1826 id
1427 1795 1526 1836 ipsum
1558 1797 1664 1836 enim,
1691 1805 1725 1828 ut
1750 1805 1832 1830 mox

952 1833 1058 1865 audies
1078 1856 1087 1872 ,
1148 1842 1239 1866 utant
1267 1834 1362 1867 fuiffe
1395 1845 1524 1870 cautum
1557 1838 1577 1870 l.
1599 1843 1627 1873 8.
1665 1839 1697 1870 C.
1722 1839 1761 1870 ad
1786 1838 1829 1872 L.

955 1842 1203 1914 Cornetaesijcar.
1223 1875 1279 1909 Est
1291 1886 1395 1909 autem
1404 1879 1462 1910 ἀλ.
1475 1889 1502 1910 2.
1517 1879 1745 1918 Valentiniani,
1767 1879 1829 1911 Va-

955 1917 1072 1956 lentis,
1097 1917 1124 1948 ἀ
1143 1915 1308 1957 Gratiani,
1333 1918 1379 1950 his
1400 1919 1505 1951 verbis
1526 1919 1701 1961 descripta,
1730 1921 1830 1953 Unus-

954 1959 1070 2001 quisque
1092 1957 1217 1999 fiibolem
1241 1960 1328 2000 Ji‘eam
1356 1963 1482 1992 nutriat.
1561 1964 1614 1994 uod
1631 1960 1660 2000 fi
1682 1969 1827 2003 exponen·
1847 1979 1850 1985 ·

955 2002 1023 2031 dam
1049 2001 1234 2039 putaverit,
1263 2001 1509 2041 animadversioni
1523 2027 1533 2042 ,
1576 2014 1637 2045 quae
1668 2003 1830 2044 constituta

955 2039 1018 2081 est,
1037 2041 1207 2083 subjacebit.
1254 2042 1310 2073 Sed
1333 2053 1386 2074 nec
1413 2045 1539 2075 dominis
1558 2045 1606 2076 vel
1625 2048 1760 2085 patronis
1781 2055 1831 2076 νε*

949 2083 1069 2123 petendi
1092 2083 1205 2114 aditum
1227 2083 1437 2125 relinquimus,
1451 2084 1480 2124 fi
1502 2087 1538 2118 ab
1568 2085 1635 2127 ipfis
1658 2085 1796 2127 expofitos
1815 2108 1831 2125 ,

953 2124 1153 2166 quodammodo
1188 2126 1226 2156 ad
1254 2131 1393 2166 mortem,
1418 2127 1553 2159 voluntas
1576 2128 1773 2169 misericordiae
1794 2139 1827 2160 α-

953 2166 1030 2212 rriica
1059 2164 1209 2207 collegerit
1227 2189 1239 2205 ,
1268 2176 1320 2198 nec
1342 2169 1419 2199 enim
1433 2168 1522 2210 ficum
1543 2171 1606 2211 quis
1633 2170 1727 2201 dicere
1746 2175 1831 2210 pote*

952 2211 1013 2245 rit,
1036 2215 1118 2247 quem
1135 2214 1302 2247 pereuntem
1325 2209 1501 2251 contempfit.
1547 2211 1656 2243 Plures
1684 2211 1746 2251 jam
1771 2211 1829 2243 ob-

954 2246 1116 2279 servarunt
1135 2272 1163 2295 ,·
1178 2248 1241 2281 ess‘e
1267 2260 1342 2281 vanc
1371 2251 1412 2283 L.
1433 2251 1602 2284 conflatam
1625 2262 1665 2284 ex
1686 2253 1829 2292 duabus,

976 2297 1096 2335 uarum.
1117 2299 1216 2331 prima
1245 2291 1291 2323 est
1322 2291 1560 2333 Valentiniani,
1595 2293 1739 2326 Valentis
1759 2316 1771 2331 ,
1794 2294 1828 2325 &3

987 2338 1114 2377 ratiani,
1142 2341 1159 2363 a
1178 2331 1282 2364 Princ.
1305 2333 1343 2365 ad
1367 2333 1453 2376 Versz
1468 2334 1523 2375 sed
1545 2344 1607 2366 nec.
1642 2335 1739 2367 altera
1756 2334 1828 2367 Ho-

953 2380 1036 2404 norn
1066 2371 1096 2404 ὅ(
1129 2372 1330 2413 Theodosii,
1361 2384 1430 2415 quae
1470 2375 1633 2417 separatim
1659 2374 1761 2407 exstat
1790 2376 1827 2410 in.

953 2414 975 2446 l.
999 2424 1029 2445 2.
1052 2413 1084 2444 C.
1109 2413 1165 2445 Th.
1184 2415 1218 2446 de
1243 2414 1374 2455 Expofit.
1408 2417 1437 2448 δε
1470 2417 1601 2458 incipit:
1628 2417 1755 2449 Nullum
1776 2418 1826 2449 do-

953 2455 1040 2486 minis
1071 2454 1119 2486 vel
1145 2459 1279 2495 patronis
1296 2480 1306 2496 ,
1338 2458 1368 2490 &
1397 2467 1466 2498 qua:
1500 2467 1597 2499 porro
1624 2458 1827 2500 sequuntur,

952 2497 1044 2537 plane
1071 2505 1106 2527 ut
1137 2497 1169 2528 in
1203 2497 1325 2529 Codice
1356 2498 1548 2539 justinianeo
1565 2523 1575 2539 ,
1605 2499 1661 2532 nisi
1684 2500 1769 2541 quod
1790 2500 1825 2532 in

939 2537 1014 2569 -finie
1032 2537 1177 2569 addatur:
1192 2538 1222 2578 si
1241 2540 1318 2570 modo
1342 2539 1425 2581 testes
1451 2541 1634 2582 Episcopalis
1648 2543 1825 2587 subjcriptio

945 2578 1044 2618 fuerit
1058 2578 1235 2620 sicb'ecuta,
1263 2583 1298 2611 de
1333 2591 1389 2623 qua
1412 2583 1495 2614 nulla
1514 2585 1633 2623 penitus
1655 2584 1692 2614 ad
1705 2584 1822 2623 securl-

952 2625 1042 2666 tatern
1061 2626 1098 2661 po
1120 2629 1144 2651 ιε
1163 2621 1213 2662 ff
1236 2621 1392 2655 cunctatio.
1438 2623 1599 2664 Jueiiniani'
1621 2623 1732 2656 Codex
1754 2623 1822 2655 ssm-

949 2661 1078 2702 pliciter
1105 2664 1234 2703 praefert
1266 2673 1380 2696 annum
1413 2664 1658 2697 CCCLXXIV.
1692 2664 1743 2696 sed
1765 2674 1822 2705 po-

950 2702 1060 2734 strema
1091 2712 1160 2744 pars
1177 2727 1188 2743 ,
1219 2713 1255 2737 ut
1278 2714 1318 2736 ex
1341 2705 1463 2738 Codice
1485 2705 1708 2738 Theodossano
1729 2715 1820 2746 appa-

949 2752 1024 2782 ret,
1055 2747 1098 2776 est
1126 2746 1202 2777 anni
1228 2746 1422 2779 CCCCXII.
1454 2755 1489 2778 ut
1515 2757 1552 2778 ue
1583 2749 1626 2778 ita
1654 2746 1819 2787 utriusque

947 2786 1007 2818 alia
1026 2795 1099 2818 cum
1123 2786 1288 2829 inscriptio
1307 2811 1318 2827 ,
1341 2797 1409 2820 turn
1433 2788 1486 2820 sub
1502 2788 1619 2829 criptio
1642 2786 1689 2818 fit.

1026 2828 1131 2860 uodad
1143 2838 1207 2860 rem
1222 2828 1318 2870 ipsam
1338 2830 1473 2867 attinet,
1498 2828 1620 2869 Lipsius
1647 2828 1764 2861 Centur.
1790 2828 1817 2861 1.

947 2870 985 2902 ad
1035 2870 1092 2912 elg.
1125 2868 1220 2910 Epist.
1253 2875 1302 2910 85.
1332 2880 1394 2901 non
1419 2871 1520 2901 utitur
1542 2874 1596 2899 hac
1619 2868 1640 2900 l.
1666 2878 1695 2900 2.
1717 2868 1769 2901 sed
1791 2871 1816 2902 l.

949 2917 980 2946 8.
1008 2913 1039 2944 C.
1071 2912 1110 2942 ad
1140 2911 1180 2942 L.
1216 2911 1328 2943 cornel.
1359 2912 1391 2941 cle
1418 2909 1508 2949 ficar.
1532 2918 1566 2940 ut
1583 2909 1817 2950 expositionem

948 2951 1105 2984 infantum
1129 2952 1264 2992 primum
1280 2951 1469 2983 vindicatam
1487 2951 1617 2991 probet,
1642 2949 1693 2982 sed
1710 2961 1816 2993 quam-

949 2994 998 3025 vis
1021 2996 1049 3025 d.
1070 2994 1090 3025 l.
1116 3003 1145 3024 2.
1168 2992 1199 3023 ἃ
1219 2994 1246 3023 d.
1271 2992 1291 3023 l.
1314 2997 1343 3026 8.
1368 2992 1539 3023 eorundem
1556 2991 1737 3033 Principum
1754 2993 1817 3033 fit,

949 3035 979 3067 ὅ(
1002 3034 1140 3074 ejusdem
1163 3034 1257 3071 anni,
1278 3042 1373 3073 quum
1398 3041 1501 3064 tamen
1535 3033 1564 3064 h.
1588 3033 1609 3064 l.
1635 3043 1663 3065 2.
1687 3035 1815 3076 proprie

948 3075 987 3106 de
1007 3073 1220 3115 expositione,
1243 3074 1263 3105 l.
1283 3078 1313 3107 8.
1338 3073 1464 3114 proprie
1485 3073 1525 3104 de
1549 3073 1635 3106 caede
1658 3074 1815 3108 infantum

949 3124 1038 3156 agat,
1070 3115 1185 3155 opinor
1201 3138 1210 3153 ,
1239 3114 1260 3145 fi
1289 3114 1426 3154 Lipsium
1455 3123 1519 3146 non
1539 3113 1667 3157 fugisset
1685 3117 1712 3147 b.
1734 3117 1754 3149 l.
1781 3127 1812 3149 ε’..

949 3158 982 3190 in
1004 3157 1066 3188 hoc
1085 3162 1270 3196 argumento
1292 3156 1400 3196 potius
1421 3155 1458 3187 ad
1488 3155 1566 3188 hanc
1596 3157 1814 3198 provocasset,

950 3208 1042 3241 quam
1064 3197 1102 3229 ad
1122 3197 1208 3275 illlam
1231 3196 1252 3228 l.
1277 3201 1306 3231 8.
1351 3196 1396 3229 Ut
1419 3206 1497 3230 vero
1523 3199 1556 3234 C.
1582 3197 1652 3232 vil.
1676 3198 1813 3246 disputa-
1842 3213 1847 3216 ·

1028 3260 1030 3262 -
1192 3246 1212 3272 z
1235 3247 1253 3273 2
1755 3250 1814 3280 vi„
