2008 3436
152 126 221 159 166

143 209 174 243 Ρ.
199 206 269 236 806.
296 202 327 233 in
350 202 378 233 d.
404 201 430 243 ἓ.
461 212 508 234 12.
534 202 687 243 intelligit
706 201 851 240 reticula,
877 199 1010 241 quibus,

146 244 241 274 etiam
259 252 342 274 nuuc
361 267 370 282 ,
395 243 432 274 ad
450 245 600 284 maiorem
616 242 840 275 firmitudinem
855 240 1012 282 amphorae

147 284 432 317 circumtexuntm·.
479 285 538 317 Sed
563 286 592 316 ὃς
614 284 674 315 hoc
692 284 782 315 nihili
799 283 862 322 est,
887 280 1011 321 resticu-

145 326 172 356 lo
197 325 314 357 interea
336 326 419 357 reete
446 325 476 358 se
504 326 648 367 opponit.
695 325 849 356 Reticulis
875 325 904 355 in
935 326 961 354 cl.
989 323 1007 352 l.

147 376 198 406 25.
225 365 252 407 §
282 376 328 398 10.
353 367 508 398 adduntur
532 367 749 406 croc-nfantia,
775 366 816 396 ita
842 366 925 395 enim
951 363 1011 394 esse

144 407 311 448 legendum
329 407 399 449 post
415 409 529 440 multas
542 409 728 445 varietates,
744 406 930 438 auctoritate
949 404 1011 435 Co-

145 448 226 480 dicis
245 448 420 481 Florentini
442 474 452 489 ‚
485 450 610 480 videtur
634 447 824 486 obtinuiss'e,
862 445 912 478 scd
936 445 1010 486 quid

144 490 286 521 dicemus
314 490 375 521 effe
394 492 410 522 ἱ)
434 501 471 522 an
492 489 609 522 vestem
630 498 772 520 croceam
790 512 799 526 ‚
824 497 879 528 per
897 495 1008 527 quun,

145 531 231 572 quod
247 531 275 562 ei
293 530 411 570 subest,
425 530 620 572 transparet‘.)
646 538 680 561 ut
698 530 804 560 tunica
824 529 878 560 illa
895 529 923 560 ὃ(
939 537 1009 568 pur—

145 581 242 613 purea
262 572 340 604 laena
357 596 366 611 ‚
399 582 458 613 qua
478 572 605 612 Europa
631 571 737 601 induta
758 594 767 609 ‚
803 573 844 605 &a
866 569 917 606 2224:
939 573 959 596 ‘r'
982 568 1010 596 ‘¹¹²‘

144 618 225 646 σῶμα
244 616 410 651 ommam,
433 614 512 654 apud
528 612 686 644 Achillem
697 611 830 642 Tatium
847 613 880 642 de
905 610 1008 641 Amor.

147 655 273 695 Ciztopl).
296 655 332 688 ὅ)
349 656 490 694 Lezzcipp.
516 655 544 685 L
565 653 590 684 I.
611 661 640 693 p.
651 663 688 683 m.
709 662 740 692 4.
764 662 833 693 quae
848 661 1009 684 ornamen-

144 697 185 727 tis
216 697 267 727 hic
291 697 593 734 adnumerarentur,
625 694 697 735 quia
719 703 781 725 non
809 702 872 725 tam
901 699 1011 733 tegunt

144 746 280 777 corpus,
305 747 397 778 quam
420 735 651 776 repraesentant.
698 734 774 778 Quo
798 735 936 776 pertinet
958 733 1011 765 Se-

143 788 229 810 necae
249 779 337 810 locus
361 778 400 809 L.
426 777 496 810 VII.
523 779 557 810 cle
573 775 701 818 Benefic.
725 777 754 808 C.
776 786 804 813 9.
831 776 884 807 ubi
900 775 1009 807 mulie-

723 865 1082 904 CAPUT

1028 162 1036 177 Ι

408 119 812 159 CORNELII
884 128 995 156 VAN
1037 113 1668 153 ‘BYNKERSHOEK

1055 207 1104 230 res
1122 197 1159 228 iis
1176 196 1223 227 uti
1241 196 1285 227 ait
1300 218 1310 233 ,
1333 202 1369 226 ut
1391 194 1484 226 nudae
1505 194 1588 235 fint3
1612 196 1735 237 qualem
1758 196 1911 232 libertina·
1949 188 1951 191 Α

1055 248 1124 270 rum
1148 237 1287 268 habitum
1309 235 1457 267 describit
1481 235 1634 269 Horatius
1655 238 1846 278 Satyrorum.
1869 241 1907 274 L.

1055 280 1077 312 I.
1106 290 1132 310 ρ.
1159 283 1233 320 vers
1260 283 1309 319 [33.
1336 277 1372 311 &
1385 279 1468 317 seqq.
1500 277 1559 308 Sed
1575 278 1606 309 id
1623 288 1684 310 non
1703 280 1824 320 placet,
1843 281 1912 322 quia

1054 321 1206 361 Ulpianus
1232 319 1282 350 hic
1307 327 1394 350 totus
1418 318 1463 350 est
1487 318 1517 349 in
1540 327 1654 350 ornatu
1676 321 1788 360 capitis
1805 322 1910 353 muiie-
1937 335 1940 339 ·
1980 340 1983 346 ‹

1053 362 1126 393 bris.
1172 361 1276 401 Magis
1302 360 1406 400 placet
1422 383 1431 398 ‚
1463 359 1547 400 quod
1567 359 1651 392 dixit
1668 361 1829 394 Salmaiius
1851 364 1912 396 Ob·

1048 408 1135 444 Jerv.
1158 405 1196 433 ad
1213 402 1276 442 Jur
1296 401 1364 431 An.
1387 400 1423 435 &³
1442 401 1516 432 Rom
1553 402 1625 440 C.5.
1646 409 1676 442 p.
1695 406 1747 433 61.
1770 406 1910 441 κςοκυφοιί-

1055 458 1099 474 mc
1121 443 1182 475 esse
1206 443 1305 474 videri
1330 442 1620 483 interpretationem
1642 453 1773 485 graecam
1797 443 1818 474 ff
1841 445 1911 477 reti-

1055 486 1143 524 cula,
1168 491 1204 515 ut
1224 482 1354 515 sciamus
1362 507 1372 522 ‚
1396 492 1464 524 quae
1480 485 1610 515 reticula
1629 484 1786 526 intelligat
1806 485 1911 527 Ulpia-

1052 536 1110 558 nus
1125 549 1134 564 ‚
1168 534 1239 556 nam
1262 524 1347 555 varia
1365 523 1410 556 est
1425 547 1435 563 ,
1475 533 1510 556 ut
1531 525 1666 557 vidimus
1686 549 1695 565 ‚
1734 527 1800 567 ejus
1823 528 1912 560 vocis
1950 553 1952 558 .

1052 566 1246 608 significatio.
1294 565 1335 596 Et
1361 565 1432 596 sane
1454 564 1572 597 Gloss'ae
1599 576 1721 599 veteres
1743 567 1824 608 apud
1848 568 1912 600 Sal-

1053 608 1179 640 malium
1210 609 1239 637 d.
1262 607 1315 637 loc.
1344 607 1503 638 reticulum
1525 617 1650 648 quoque
1675 609 1837 650 explicant
1859 617 1914 650 per

1053 653 1243 686 ,ιμκόφαντοη
1268 657 1302 678 ea
1314 648 1404 679 vocis
1419 648 1558 688 origine,
1583 658 1674 689 quam
1698 650 1814 682 indicat
1829 649 1913 682 Tur-

1053 690 1151 763 pebus
1174 689 1215 721 L.
1237 687 1359 720 XVIII.
1385 689 1553 729 Adversar.
1582 691 1616 723 C.
1648 700 1699 732 23.
1729 690 1780 723 sed
1802 691 1841 723 de
1865 691 1917 724 his

1067 740 1136 764 atis.

1170 864 1348 900 XVIII.

268 955 441 1004 Compofita
468 958 508 992 L.
537 967 592 1003 23.
619 968 689 992 cum
716 956 753 990 L.
781 966 836 1001 33.
866 965 915 1000 pr.
945 952 981 989 ἃ
1006 951 1036 1000 ᾗ.
1064 963 1095 988 2.
1123 950 1161 987 ff.
1188 951 1231 987 de
1257 951 1449 988 Donation.
1477 952 1580 989 inter.
1608 952 1656 990 V.
1684 951 1721 990 ἃ
1747 953 1795 990 U.

146 1055 366 1138 MorijS
392 1055 472 1097 apud
498 1056 657 1087 Romanos
683 1060 845 1092 receptum
870 1050 914 1083 est
933 1075 942 1091 ,
975 1060 1013 1082 ne
1058 1056 1120 1088 tat,
1145 1059 1236 1088 nain,
1261 1056 1295 1080 ut
1311 1050 1446 1081 donator
1463 1049 1589 1090 potuit,
1613 1049 1655 1081 sic
1668 1050 1774 1082 noluit
1791 1051 1918 1084 heredem·

279 1098 360 1129 inter
385 1099 489 1129 virum
510 1097 540 1128 ὃς
568 1104 700 1126 uxorem
722 1094 909 1125 donationes
929 1093 1011 1123 vale-

1056 1092 1166 1131 eri'pere
1178 1113 1188 1128 ‚
1210 1090 1340 1131 snrfiton
1360 1092 1495 1132 adveijzis
1518 1091 1698 1123 voluntatem
1708 1093 1875 1133 supremam
1892 1103 1919 1125 e-

146 1149 227 1172 rent.
272 1139 304 1171 Si
319 1139 473 1171 rationem
487 1138 553 1177 ejus
568 1137 644 1177 juris
664 1145 799 1176 quaeras,
818 1144 909 1165 unam
926 1133 1012 1179 dabit
1051 1133 1123 1174 jus,
1146 1133 1193 1173 qui
1212 1133 1344 1163 donavit.
1389 1131 1465 1164 Non
1493 1133 1630 1178 eripimus
1645 1155 1657 1171 ,
1680 1133 1734 1165 nisi
1760 1133 1845 1174 quod
1867 1134 1917 1167 da*

146 1182 302 1222 Ulpianus
318 1181 349 1211 in
373 1179 394 1211 l.
417 1190 443 1211 1.
468 1180 497 1211 &
513 1178 588 1209 duas
606 1177 680 1209 alias
694 1176 807 1208 Paulus
825 1177 856 1206 in
881 1176 901 1206 l.
924 1186 950 1206 2.
969 1174 1011 1215 ff.

148 1223 224 1255 an.
249 1221 309 1253 Tit.
354 1221 459 1261 Atque
479 1230 529 1251 eas
547 1219 685 1250 rationes
701 1226 795 1249 nemo
818 1226 881 1248 non
900 1216 1012 1257 praefe-

145 1269 196 1297 ret
217 1262 362 1295 omnihus
380 1262 449 1293 aliis
456 1286 466 1301 ‚
492 1271 567 1302 quas
588 1259 682 1292 finxit
699 1258 886 1290 Plutarchus
903 1254 1012 1303 Qitesi.

146 1307 274 1339 Roman.
299 1302 368 1334 VII.
397 1304 426 1335 ἃ
442 1303 469 1334 ei
490 1326 499 1342 ‚
525 1311 617 1343 quam
634 1299 698 1341 ipse
717 1299 835 1339 elegit,
859 1308 932 1330 cum
952 1298 1010 1328 ibi-

147 1348 218 1379 dem
236 1370 245 1385 ,
272 1353 348 1376 tunc
371 1344 497 1376 Libello
520 1345 553 1374 (le
574 1343 713 1382 Praecepit.
746 1340 900 1382 Conjzigal.
916 1345 949 1380 p.
974 1349 1012 1369 m.

149 1393 221 1423 280.
268 1386 320 1418 Sic
338 1393 403 1416 erat
420 1393 493 1416 ante
509 1392 652 1425 tempora
666 1382 773 1415 Severi
792 1384 822 1413 ἃ
840 1380 1015 1418 Antonini,

148 1430 199 1462 sed
217 1429 267 1460 hic
286 1451 296 1467 ‚
321 1427 475 1459 Oratione
492 1426 524 1457 in
540 1426 656 1457 Senatu
672 1423 796 1462 habita,
821 1423 957 1463 rigorem
985 1430 1015 1451 e-

148 1473 197 1513 ius
216 1467 472 1510 Jurisprudentiae
497 1465 686 1507 temperavit
703 1488 712 1504 ,
745 1463 937 1505 effecitque,
960 1462 1017 1503 fos

148 1512 200 1553 effe
216 1534 227 1549 ,
251 1520 314 1541 eunt
332 1509 446 1550 quidem
482 1509 512 1539 ui
530 1509 653 1539 donavit
671 1528 682 1544 ,
701 1507 861 1546 poenitere,
884 1505 1014 1536 heredem

149 1563 217 1585 vero
245 1552 377 1591 eripere,
393 1549 447 1590 for
460 1555 524 1581 iton
552 1547 689 1588 adversus
712 1547 892 1578 voluntatem
911 1545 1013 1588 supre-

148 1605 226 1626 mam
244 1593 306 1635 ejus
325 1593 374 1633 qut
393 1591 568 1628 donaverit,
592 1591 694 1620 duriam
714 1588 750 1623 ὃ)
770 1597 892 1620 avarum
916 1587 966 1628 effe
991 1587 1013 1617 l.

149 1647 200 1677 qe.
221 1641 269 1675 pr.
291 1633 326 1668 ὅ)
344 1632 373 1674 §.
399 1642 428 1664 2.
456 1631 498 1673 ff.
524 1631 598 1663 Eod.
626 1630 687 1662 Tit.
732 1628 937 1661 Convalescit
962 1628 1017 1669 igi-

148 1673 200 1709 'tur
215 1674 346 1707 donatio
365 1683 405 1705 ex
423 1683 459 1704 ea
473 1673 645 1711 Oratione,
664 1671 685 1703 fi
698 1671 834 1703 donator
849 1670 943 1702 vivus
953 1679 1017 1701 non

148 1716 359 1751 revocaverit.
404 1714 464 1747 Sed
479 1724 516 1745 an
533 1713 717 1745 tantundem
734 1713 893 1750 dicemus,
917 1711 940 1743 fi
963 1711 1017 1741 do-

149 1759 310 1792 nationem
334 1766 397 1788 non
424 1755 523 1787 fuerit
540 1754 724 1795 subsequuta
743 1753 891 1791 traditi0‚
914 1760 946 1783 at
968 1761 1017 1783 res

149 1800 272 1833 steterit
288 1799 368 1830 intra
383 1797 460 1829 fines
476 1797 576 1838 promi
582 1795 684 1827 ffionis
694 1795 710 1827 ⁸?
729 1794 780 1826 fac
795 1794 918 1835 paetum
931 1818 940 1833 ‚
965 1793 1017 1824 vel

151 1841 386 1883 stipulationem
400 1838 439 1869 de
454 1848 487 1869 re
504 1837 646 1868 donanda
666 1835 865 1867 intercellisse
876 1860 885 1875 ,
911 1843 1019 1866 revera

149 1892 253 1916 autem
271 1881 349 1912 nihil
365 1879 427 1911 effe
439 1878 615 1910 traditum?
628 1879 746 1917 magnis
763 1877 874 1908 animis
888 1885 923 1907 ea
935 1885 1017 1917 quae-

149 1925 210 1957 stro
232 1925 260 1954 ᾰῑ
277 1922 355 1953 olim
374 1923 404 1953 ἅ
421 1930 505 1952 nunc
520 1919 635 1961 agitata
651 1919 696 1950 est
713 1942 722 1958 ‚
748 1917 798 1950 sed
819 1917 925 1950 nescio
947 1941 957 1956 ‚
982 1926 1020 1948 an

150 1967 224 1998 satis
237 1964 376 1995 feliciter
391 1962 492 1993 adhuc
510 1961 547 1992 ab
566 1960 794 2001 Interpretibus
806 1959 953 2000 expedita
971 1957 1017 1990 fit.

152 2007 238 2040 Mihi
257 2004 364 2042 sedet,
389 2004 576 2034 Orationem
592 2011 657 2033 non
672 2001 829 2042 pertinere
845 1999 900 2031 nili
917 1999 954 2031 ad
970 2009 1020 2030 cas

150 2047 339 2080 donationes
354 2069 364 2084 ‚
389 2054 457 2085 quae
481 2042 666 2083 subsequuta
684 2042 854 2074 traditione
873 2042 903 2073 in
927 2041 1020 2072 dona-

152 2089 267 2121 tarium
285 2086 511 2123 transiverunt,
536 2093 600 2115 non
617 2084 654 2121 ad
676 2093 748 2122 eas,
773 2092 841 2124 qua:
863 2081 948 2114 nudo
968 2090 1019 2123 pa-

151 2131 224 2168 eto,
249 2128 300 2159 vel
319 2126 519 2168 stipulatione
537 2125 692 2166 promiffae
710 2124 781 2156 sunt
800 2124 962 2155 duntaxat.
988 2122 1020 2154 Si

152 2171 238 2204 nudo
265 2168 356 2210 pauo
376 2166 530 2209 proiniss'ae
548 2165 667 2197 fuerint
683 2189 692 2205 ,
716 2166 777 2206 jam
794 2165 853 2196 alia
869 2164 950 2196 ratio
967 2173 1019 2195 ve-

153 2220 200 2244 tat
225 2221 276 2242 eas
299 2210 425 2250 exigere
441 2232 449 2246 ‚
474 2207 557 2249 quod
575 2216 686 2248 nempe
708 2207 745 2238 ad
762 2206 949 2248 implendam
965 2205 1020 2236 do-

152 2253 313 2286 nationem
330 2275 340 2290 ,
372 2250 456 2281 nudo
484 2248 575 2290 pacto
602 2247 715 2279 faciam
732 2271 742 2287 ,
766 2248 834 2288 jure
858 2246 1020 2278 pandecta-

154 2305 223 2327 rum
252 2292 339 2325 nulla
364 2297 560 2331 competeret
584 2289 665 2320 attio
681 2311 692 2327 ,
732 2288 764 2320 id
784 2288 868 2320 enim
896 2287 1022 2319 demum

154 2335 327 2377 Justiniano
344 2333 464 2374 placuit
482 2332 513 2363 in
538 2331 559 2362 l.
583 2340 635 2371 35.
662 2331 695 2362 C.
718 2331 751 2361 de
769 2329 932 2361 Donation.
962 2327 1022 2359 Sed

153 2377 176 2410 fi
197 2376 249 2408 vel
277 2373 439 2416 stipulatio
466 2371 673 2404 inter-cellerit
691 2395 700 2410 ‚
736 2371 836 2402 adhuc
861 2370 1021 2409 dicemus,

155 2417 332 2457 Conjugem
352 2414 547 2455 superstitem
563 2437 572 2452 ‚
598 2413 648 2444 cui
666 2412 848 2453 promiss'um
865 2419 932 2443 erat
952 2434 961 2450 ,
986 2410 1023 2441 ab

154 2458 321 2491 heredibus
354 2455 516 2487 donatoris
545 2454 728 2496 promissum
755 2464 818 2486 non
847 2453 930 2485 recte
952 2452 1022 2497 exi-

156 2510 239 2532 ecre.

156 2525 176 2542 r,
200 2541 245 2573 Ut
261 2540 293 2572 id
310 2539 431 2571 credam
449 2560 459 2575 ‚
483 2547 547 2569 non
566 2547 627 2568 una
644 2537 725 2568 ratio
745 2546 795 2568 nie
814 2543 933 2567 movet.
958 2535 1023 2567 Pri-

157 2593 209 2616 ma
224 2581 311 2621 esto,
337 2579 421 2622 quod
438 2578 553 2610 frustra
580 2577 710 2609 fuiss'ent
735 2577 807 2618 JCti
830 2577 978 2619 lllyrici,
1002 2576 1024 2608 fi

155 2625 194 2656 dc
209 2624 266 2655 hac
287 2621 350 2654 i'isa
370 2619 584 2651 controversia
597 2643 606 2658 ,
631 2629 723 2659 quam
740 2618 892 2650 Antonini
910 2618 1024 2650 Oratio

156 2664 285 2697 definivi
311 2663 346 2694 'et
364 2685 374 2701 ‚
400 2661 575 2701 Principem
597 2659 738 2691 adiiss'ent
753 2683 762 2698 ,
788 2660 819 2691 &
840 2659 996 2700 rogass'ent
1013 2683 1023 2699 ‚

157 2715 193 2738 ut
230 2707 254 2737 is
288 2713 356 2736 eam
387 2702 438 2734 sua
469 2701 657 2732 auum-itate
684 2701 784 2732 vellet
809 2709 1001 2740 componere
1014 2725 1023 2740 ‚

181 2744 419 2779 ueinadmodum
446 2741 552 2774 adiiss'e
573 2742 603 2773 &
627 2741 746 2782 rogasse
772 2749 875 2773 narrat
902 2741 1023 2773 Novell.

191 2787 291 2819 miri.
320 2787 352 2818 C.
382 2794 406 2816 1.
453 2783 593 2816 Secunda
618 2783 685 2813 elio
703 2806 712 2821 ,
743 2783 826 2823 quod
851 2792 890 2813 ex
918 2783 1024 2823 regula

157 2829 238 2870 juris
261 2824 380 2868 a‘ntiqui
402 2825 483 2857 aetio
500 2848 510 2864 ,
542 2834 612 2865 quae
639 2833 656 2854 a
678 2822 829 2855 defuncto
844 2823 897 2855 vel
913 2830 1024 2854 contra

1057 1181 1124 1204 tum
1141 1172 1185 1204 cst
1200 1196 1210 1211 ‚
1235 1181 1326 1214 atque
1345 1173 1388 1204 ita
1412 1181 1625 1214 retentionem
1642 1174 1672 1205 ὃς
1697 1175 1920 1216 exceptionem

1056 1214 1198 1255 indulget
1218 1214 1404 1254 donatario,
1428 1214 1585 1246 actionem
1602 1222 1703 1255 negat.
1729 1215 1920 1257 AEquiffime.-

1057 1254 1218 1286 Continua
1240 1255 1387 1286 donantis
1412 1254 1450 1286 ad
1471 1263 1606 1286 mortem
1625 1256 1740 1288 volunt
1793 1257 1923 1298 perinde

1057 1294 1102 1327 est
1119 1296 1241 1335 habita,
1267 1304 1360 1337 atque
1375 1294 1396 1328 fi
1418 1305 1467 1327 res
1483 1296 1636 1327 incideret
1659 1296 1691 1328 in
1802 1296 1927 1335 tionem'

1057 1335 1149 1368 causa
1166 1337 1297 1374 mortis,
1321 1346 1392 1368 nam
1412 1337 1531 1377 conjux
1551 1337 1677 1379 conjug*
1774 1339 1814 1371 tis
1832 1337 1922 1372 causa

1060 1378 1175 1409 donare
1199 1377 1310 1419 potest.
1336 1378 1356 1409 l.
1380 1387 1411 1415 9.
1436 1377 1464 1419 §.
1489 1379 1543 1410 ult.
1569 1379 1599 1410 ἃ
1623 1379 1644 1410 i.
1673 1388 1720 1412 10.
1737 1379 1779 1421 ff.
1802 1381 1835 1411 de
1862 1380 1922 1413 Do-

1059 1425 1124 1451 nat.
1148 1421 1226 1450 inter
1249 1419 1292 1451 V.
1316 1419 1352 1454 {3⁹
1378 1419 1418 1450 U.
1442 1429 1545 1461 eoque
1566 1419 1671 1452 refero
1689 1443 1700 1459 ‚
1744 1421 1806 1452 uod
1831 1428 1932 1455 vetus.

1060 1459 1248 1493 Scholiastes
1262 1460 1388 1492 notavit
1397 1460 1434 1492 ad
1442 1460 1602 1501 Juvenalis
1619 1461 1718 1503 Satyr.
1747 1461 1772 1494 I.
1782 1472 1835 1494 ver
1849 1487 1857 1495 .
1865 1463 1929 1503 58..

1057 1502 1261 1548 Quapropter
1275 1525 1285 1541 ‚
1310 1509 1345 1533 ut
1372 1501 1484 1534 mortis
1506 1501 1596 1534 causa
1618 1502 1750 1535 donatio
1776 1503 1814 1536 de
1838 1502 1945 1536 derat‘

1058 1543 1279 1582 traditionem,
1292 1543 1333 1575 fic
1349 1550 1475 1584 quoque
1492 1543 1674 1576 desiderabit
1694 1544 1826 1577 donatio
1842 1543 1927 1581 interf

1057 1584 1098 1616 V.
1124 1585 1155 1616 ὃς
1178 1585 1218 1617 U.
1244 1592 1280 1616 ut
1304 1592 1408 1616 morte
1435 1585 1650 1617 confirmetur.
1695 1585 1849 1618 Retentio
1881 1577 1955 1619 eff·

1060 1625 1238 1666 donatarii,
1261 1625 1332 1667 quia
1345 1626 1491 1657 donantis
1508 1627 1615 1665 heres,
1633 1626 1720 1668 quod
1738 1627 1845 1660 datum
1860 1627 1926 1669 est,

1059 1667 1167 1708 eripere
1185 1677 1249 1699 non
1265 1666 1387 1708 potest,
1412 1665 1464 1699 sed
1481 1667 1563 1699 aetio
1579 1677 1643 1699 non
1660 1666 1706 1700 est
1719 1691 1730 1707 ,
1755 1669 1829 1710 quia
1847 1669 1925 1702 Ora*

1060 1709 1108 1740 tio
1125 1718 1190 1740 non
1207 1708 1313 1747 dedit,
1340 1715 1375 1739 ut
1393 1708 1476 1739 enirn
1490 1708 1522 1740 in
1539 1708 1607 1740 aliis
1626 1708 1708 1749 Juris
1723 1710 1883 1750 articulis,
1901 1709 1926 1743 i-

1061 1758 1092 1781 ta
1117 1750 1146 1781 &
1170 1750 1221 1781 hic
1246 1748 1397 1781 differunt
1419 1749 1500 1781 aetio
1518 1749 1548 1782 &
1565 1751 1734 1790 exceptio,
1759 1752 1876 1793 petitio
1895 1751 1927 1784 Gt
1967 1743 1970 1751 ¹

1060 1791 1208 1823 retentio.
1253 1791 1313 1823 Sed
1329 1790 1403 1832 quid
1419 1791 1600 1822 cunctamur
1615 1791 1768 1824 adducere
1786 1792 1828 1824 Pa
1851 1792 1927 1825 inia-'

1061 1841 1156 1871 num,
1193 1832 1357 1864 Orationis
1381 1831 1586 1872 interpretem
1601 1832 1618 1863 ἱ)
1641 1841 1737 1872 nam,
1761 1840 1797 1865 ut
1849 1833 1926 1874 lpia-

1061 1882 1119 1904 nus
1137 1872 1236 1904 refert
1252 1874 1282 1904 in
1308 1874 1328 1904 l.
1342 1872 1439 1915 23.ff.
1451 1875 1484 1904 de
1504 1873 1615 1905 Donat.
1627 1874 1705 1904 inter
1716 1874 1759 1906 V.
1771 1873 1807 1909 ἐξ
1821 1874 1862 1906 U.
1872 1869 1928 1907 ille

1061 1914 1135 1945 rede
1149 1916 1297 1955 putabat,
1323 1915 1495 1946 Orationem
1508 1914 1586 1946 Divi
1606 1915 1709 1946 Severi
1719 1916 1758 1946 ad
1774 1922 1870 1947 rerum
1879 1916 1926 1948 ἆυ·-

1061 1957 1211 1986 nationem
1230 1957 1390 1996 pertinere.
1435 1955 1532 1987 Forte
1556 1955 1668 1987 melius
1699 1956 1858 1998 legeretur
1875 1957 1926 1990 da-

1063 1999 1170 2028 tionem
1187 2019 1199 2035 ‚
1221 2005 1257 2028 ut
1276 1997 1379 2038 aptius
1398 1997 1590 2028 conveniant
1611 1996 1778 2044 sequentia.
1826 1997 1927 2037 Dona-

1062 2040 1103 2070 tio
1114 2061 1125 2077 ‚
1148 2037 1226 2079 saepe
1245 2038 1297 2069 hic
1311 2038 1433 2077 audita,
1457 2037 1544 2069 forte
1560 2037 1720 2070 librarium
1733 2038 1862 2071 fefellit.
1893 2039 1929 2077 Si

1063 2079 1107 2110 ita
1126 2089 1189 2110 non
1208 2080 1308 2120 legas,
1334 2080 1443 2120 utique
1459 2079 1500 2111 fic
1517 2087 1647 2120 oportet
1668 2079 1867 2122 intelligere,
1891 2080 1928 2114 uti

1062 2121 1124 2161 jam
1142 2119 1251 2151 Gloss'a
1267 2120 1420 2151 indicavit
1435 2144 1445 2160 ‚
1471 2120 1501 2152 &
1527 2120 1579 2152 alii
1601 2119 1723 2162 sequuti
1742 2120 1834 2154 sunt:
1857 2127 1927 2159 ,nam

1063 2171 1159 2193 rerum
1177 2162 1343 2192 donationes
1361 2161 1549 2203 distinguere
1565 2171 1582 2192 a
1607 2162 1809 2194 donationibus
1830 2165 1927 2196 verbo-

1062 2212 1146 2240 rum,
1170 2211 1205 2233 ut
1222 2202 1384 2243 distinguit
1401 2203 1474 2234 Ant.
1496 2202 1594 2234 Faber
1618 2202 1720 2235 L.11.
1746 2200 1928 2247 0οη]εὲῗ.·ί”.’

1064 2249 1092 2278 8.
1118 2243 1158 2276 fic
1177 2242 1249 2275 satis
1265 2242 1309 2275 cst
1324 2243 1489 2276 frivolum.
1515 2244 1600 2276 Mox
1619 2243 1792 2286 Ulpianus,
1816 2254 1858 2278 ex
1872 2244 1927 2278 Pa-

1063 2285 1209 2327 piniano,
1233 2285 1264 2316 ni
1284 2285 1398 2324 fallor,
1420 2284 1590 2326 superdicit
1606 2294 1618 2317 ε·
1647 2287 1767 2327 denique
1789 2285 1819 2326 fi
1834 2284 1927 2328 stipu-

1064 2327 1142 2358 lanti
1151 2326 1343 2367 spopondiffet
1360 2328 1443 2358 uxori
1453 2326 1513 2368 ficae
1532 2349 1543 2365 ,
1571 2336 1629 2358 non
1646 2328 1773 2367 putabat
1791 2327 1926 2359 conveni-

1065 2369 1090 2400 ri
1102 2367 1174 2409 poffie
1194 2369 1323 2399 heredem
1342 2369 1444 2399 mariti
1454 2368 1544 2405 ‚licet
1561 2369 1683 2399 durante
1695 2367 1845 2399 voluntate
1865 2378 1926 2400 ma-

1064 2411 1140 2441 ritus
1157 2408 1311 2449 [iecefferit.
1336 2409 1414 2441 Sunt
1435 2408 1505 2440 haec
1521 2408 1654 2451 liquida,
1681 2408 1711 2440 ὅτ.
1731 2408 1769 2439 ab
1786 2408 1930 2451 Ulpiano·
1967 2411 1973 2428 ²

1066 2451 1162 2482 relata
1182 2450 1271 2481 Libro
1287 2450 1344 2482 VI.
1368 2450 1405 2481 ad
1428 2450 1578 2481 Sabinum.
1890 2462 1892 2464 v

1108 2491 1168 2523 Sed
1186 2491 1267 2522 idem
1283 2491 1453 2532 Ulpianus,
1473 2490 1584 2522 codem
1603 2491 1634 2523 O
1653 2501 1698 2523 ere
1715 2493 1753 2523 ad
1772 2491 1929 2532 Sabinum.-

1067 2533 1159 2565 Lihro
1184 2541 1295 2573 nempe
1321 2531 1480 2578 XXXVI.
1508 2531 1592 2564 aliud
1633 2533 1677 2564 cri
1702 2531 1767 2565 fisse
1790 2528 1928 2566 creditur

1067 2575 1100 2606 in
1123 2574 1144 2604 l.
1168 2584 1219 2615 33.
1240 2579 1287 2614 pr.
1312 2572 1348 2607 &²
1370 2574 1398 2614 ᾖ.
1424 2583 1453 2604 2.
1478 2572 1553 2606 Eod.
1580 2573 1641 2606 Tit.
1670 2596 1673 2599 -
1709 2574 1788 2606 rinei
1813 2574 1845 2607 io
1863 2573 1926 2607 ait:

1070 2616 1103 2646 Si
1114 2614 1261 2656 stipulata
1271 2614 1371 2654 fuerit
1390 2615 1493 2646 mulier
1510 2625 1661 2654 annuum,
1683 2616 1714 2647 id
1733 2623 1770 2647 ex
1813 2614 1927 2657 ipulam

1066 2662 1181 2697 petere,
1203 2656 1350 2697 constante
1366 2657 1548 2688 matrimonio
1568 2666 1625 2688 non
1637 2655 1752 2698 potest,
1764 2658 1819 2698 sed
1831 2650 1927 2696 fimo*-

1067 2703 1153 2729 neme
1171 2699 1354 2729 matrimonio
1372 2695 1504 2738 cieceffiffi,³
1523 2699 1651 2729 maritur
1655 2703 1833 2739 proponatur
1842 2719 1855 2737 ‚
1871 2703 1926 2740 pu-

1068 2746 1094 2770 zo
1114 2762 1126 2778 ,
1148 2740 1215 2780 quia
1244 2740 1276 2770 in
1295 2748 1391 2769 annuo
1413 2741 1518 2779 quoque
1546 2740 1668 2770 donatio
1680 2740 1809 2770 vertitur
1823 2760 1835 2777 ‚
1853 2737 1927 2812 ptiiffe

1066 2782 1125 2812 clici
1142 2803 1153 2819 ,
1184 2779 1403 2821 stipulationem
1426 2778 1592 2819 confirmari
1617 2790 1653 2811 ex
1681 2779 1768 2811 SCto.
1810 2779 1877 2813 Rur
1893 2784 1927 2812 ue

1066 2822 1104 2853 de
1122 2829 1235 2852 marito
1254 2823 1284 2852 in
1309 2819 1336 2862 §.
1364 2830 1391 2852 2.
1439 2820 1483 2851 Et
1494 2820 1522 2860 fi
1537 2821 1620 2861 forte
1641 2821 1766 2853 maritus
1785 2822 1821 2852 ab
1838 2829 1925 2853 uxore

158 2879 229 2900 eum
250 2878 315 2901 non
334 2874 497 2908 coeperat,
529 2874 631 2906 neque
654 2865 691 2896 ab
712 2865 823 2896 herede
842 2865 895 2896 vel
912 2872 1024 2895 contra
1059 2861 1220 2903 stipulatus
1232 2861 1272 2900 fit
1300 2864 1330 2892 icc
1347 2871 1496 2900 annuum,
1518 2861 1717 2904 decefferitque
1743 2861 1847 2894 mulier
1863 2859 1924 2897 con-⁸

158 2911 305 2943 heredem
328 2909 481 2949 inciperet
500 2931 510 2946 ‚
541 2914 576 2938 ut
600 2905 645 2938 est
668 2906 749 2947 apud
765 2905 876 2946 Cajum
901 2904 1021 2947 Fragm.

161 2951 203 2982 L.
230 2951 268 2982 II.
302 2950 337 2982 T.
360 2960 391 2988 9.
425 2948 455 2989 ᾗ,
479 2958 508 2989 7.
543 2948 573 2980 δε
595 2948 625 2979 in
649 2947 678 2989 §.
706 2956 754 2979 12.
781 2946 855 2988 Inst.
879 2948 912 2978 de
938 2945 1019 2977 Inut.

155 2990 290 3031 Ji'Jriilsit.
315 2993 344 3023 ἅ
362 2992 392 3022 in
408 2989 598 3030 exceptione
613 2989 748 3030 regulae,
773 2997 866 3029 quani
883 2987 1021 3028 Julianus

160 3031 301 3071 suggeffit
319 3033 350 3063 in
374 3032 393 3062 ί.
419 3036 469 3072 84.
488 3030 529 3071 ff.
555 3032 592 3061 ad
617 3031 657 3061 J..
682 3029 796 3060 Fulcici.
841 3028 950 3060 Valuit
964 3027 1018 3067 igi-

158 3079 210 3101 tur
225 3082 260 3102 ea
274 3073 378 3113 regula
394 3073 465 3112 jure
483 3071 703 3103 Posideum-um
714 3095 723 3110 ,
748 3081 764 3102 a
778 3069 950 3111 Justiniano
968 3069 1019 3099 dc-

160 3121 245 3142 rnum
271 3111 388 3144 sublata
411 3114 442 3145 iu
465 3113 485 3144 l.
509 3123 560 3143 mr.
587 3113 618 3143 C.
669 3113 712 3143 Ut
732 3112 839 3144 crelion.
867 3113 903 3141 ul)
923 3111 1019 3141 hered.

161 3151 199 3186 &J
213 3157 316 3195 'contra
346 3154 439 3184 hereri.
472 3155 562 3193 incip.
608 3153 726 3199 Quidni
756 3153 864 3183 addam
894 3152 1019 3183 tertiam

159 3199 312 3226 rationem
329 3215 338 3231 ,
362 3202 452 3233 quam
473 3194 535 3233 ipsa
559 3194 674 3227 Oratio
693 3192 853 3228 manifeste
880 3192 1019 3234 suppedi-

1056 2903 1156 2945 stcrnte
1173 2904 1357 2934 matrimonio
1367 2903 1541 2941 ,dicendum
1557 2905 1636 2942 erit,
1659 2913 1697 2934 ex
1716 2902 1859 2935 Oratione
1879 2903 1924 2935 da-

1063 2946 1211 2976 nationem
1235 2944 1442 2984 convaltsstere.
1487 2942 1586 2985 Igitur
1606 2944 1649 2977 Ul
1675 2944 1760 2975 ianus
1786 2953 1849 2976 uno
1872 2946 1926 2977 eoi'v

1063 2986 1195 3026 demque
1214 2986 1309 3025 Opere
1324 2986 1415 3016 aliam
1430 2992 1461 3016 at
1486 2994 1524 3015 ue
1540 2985 1631 3016 aliam
1646 2953 1926 3026 furisprudentian'f

1063 3027 1155 3058 nobis
1170 3025 1340 3067 suggeilit‘?
1363 3026 1454 3057 aliam
1493 3025 1650 3067 apiniani,
1674 3025 1766 3057 aliam
1791 3024 1874 3058 suam
1898 3024 1923 3058 i-

1062 3068 1168 3141 piiusi‘f'
1193 3069 1348 3139 &gamen
1365 3067 1409 3098 ait
1432 3068 1461 3099 d.
1485 3066 1507 3098 l.
1532 3075 1582 3108 23.
1628 3065 1830 3108 Papinianum
1849 3065 1923 3109 reete

1084 3117 1137 3141 uta
1163 3118 1199 3148 c,
1244 3116 1282 3139 ἐ.
1874 3115 1875 3118 ’
1920 3115 1922 3118 ’

1061 3120 1082 3151 p
1105 3149 1151 3182 Ut
1166 3149 1355 3181 amoliantur
1372 3148 1453 3183 hanc
1477 3149 1696 3183 difficultatem
1716 3149 1923 3192 Interprctes,

1062 3192 1148 3228 varia
1173 3190 1452 3224 comminiscantur
1471 3216 1479 3231 ‚
1505 3201 1572 3233 quae
1590 3191 1770 3234 priusquam
1787 3188 1921 3228 1·ccense-'

1852 3238 1922 3263 am«
