2008 3436
152 97 440 148 QUAEST.
492 97 718 146 jonis
767 87 1736 143 PRIVATI,LIB.1V.C.XXV.XXV1.'

55 186 217 227 incognita
237 185 280 217 est
308 185 377 217 liaee
401 184 538 224 species,
559 194 618 217 nec
639 185 680 216 ibi
701 183 769 216 fere
785 183 920 225 disputa*

52 237 104 262 tur
130 230 168 259 de
187 227 384 259 resarciendo
405 228 519 259 damno
539 253 546 265 ,
579 225 633 258 nisi
657 225 822 257 occalione
847 236 919 256 nau-

50 271 142 312 fragii
155 294 164 308 ,
184 269 232 301 sed
248 278 351 301 mores
366 294 373 304 .
389 269 438 309 qui
459 278 542 300 nunc
561 267 649 306 sunt,
665 267 700 298 ad
714 276 806 298 omne
823 276 921 308 genus

51 313 186 355 periculi
206 311 477 342 contributioncm
503 310 667 352 porrigunt
686 307 759 349 (3‘)
777 333 785 345 ,
815 312 845 341 ot
867 309 918 339 da-

51 363 149 391 mnO,
174 352 244 384 inde
262 360 354 389 nato,
377 351 456 392 saepe
475 352 568 383 etiam
584 350 858 391 comprehendunt
871 348 919 380 sti-

50 395 165 438 pendia
188 395 216 426 <St
243 394 388 426 alimenta
412 401 572 425 nautarum
593 415 602 429 ‚
637 392 759 431 longius
783 390 920 433 praestita

51 433 138 479 (4).
160 438 239 468 Sane
254 459 264 474 ‚
289 435 339 466 ubi
359 435 465 465 eadem
485 434 565 464 ratio
585 434 664 464 idem
685 434 732 474 jus
748 432 848 470 facit,
866 441 917 463 ne-

51 480 115 521 gari
141 487 274 518 nequit,
304 476 379 516 quin
405 475 510 506 omnia
528 498 537 514 ,
563 484 632 515 quze
657 477 685 506 in
706 475 788 515 jatlu
804 473 918 505 deiide-

51 528 101 553 rat
125 520 178 561 Jus
203 520 400 553 Romanum,
428 517 522 547 etiam
553 517 605 548 hie
634 524 814 547 occurrant.
858 514 918 547 Sed

51 562 125 603 quid
141 562 160 593 li
181 559 331 601 Magister
346 558 452 597 navis,
473 568 587 589 exorta
604 557 690 589 forte
709 556 895 598 tempestate
907 579 917 594 ,

48 604 102 636 vel
127 603 223 634 etiam
249 600 427 632 admonitus
442 622 451 636 ‚
482 600 534 631 hic
558 600 625 631 illic
649 599 765 630 haerere
784 599 917 640 piratas,

52 643 254 677 constituerit
276 651 398 682 portum
423 641 558 684 aliquem
585 641 684 673 subire
702 663 712 679 ,
733 641 762 672 ὃ(
787 640 830 671 ibi
852 649 918 671 mo-

51 689 111 719 rari
120 711 134 726 ‚,
153 694 192 716 an
208 684 236 716 δι
256 684 312 715 hos
327 682 467 724 sumptus
483 684 631 725 protracti
651 683 767 714 itineris
782 683 918 723 imputa-

615 780 973 818 CAPUT

1760 118 1831 153 425

961 184 1064 217 bimus
1084 183 1222 216 dominis
1249 185 1428 218 mercium?
1452 187 1591 222 Difficile
1609 192 1691 224 dictu
1708 192 1774 232 est,
1802 195 1832 225 v&

962 236 996 256 ea
1015 235 1062 256 res
1083 226 1219 257 immane
1238 235 1390 266 quantam
1410 238 1552 269 vergeret
1574 233 1604 263 in
1623 243 1732 266 rit-cem
1751 244 1830 266 mer-

963 274 1080 298 caturae
1106 290 1115 304 ‚
1147 276 1250 308 coque
1280 277 1466 308 argumento
1495 272 1574 310 apud
1602 272 1672 305 Nos
1699 276 1832 307 Senator

963 318 1083 349 magna:
1096 308 1292 340 mittor-itatis
1312 310 1407 341 etiam
1427 309 1478 340 liic
1493 320 1603 344 contra
1622 317 1829 348 contributio-

963 359 1034 382 nein
1057 349 1273 390 respondebat.
1297 349 1420 393 Reliqui
1441 359 1543 383 tamen
1559 362 1665 387 omnes
1682 366 1738 397 pro
1755 367 1830 389 eon-

964 391 1152 429 tributione,
1168 391 1392 433 prohibuerant
1409 393 1524 434 quippe
1544 395 1694 428 mercium
1709 398 1831 430 domini

962 432 1024 464 fine
1048 432 1182 464 tuitione
1206 433 1375 474 navigare,
1402 435 1430 466 ὁ(
1457 443 1492 464 ea
1517 434 1678 475 neglecta,
1702 438 1833 477 prazscns

962 473 1145 505 imminebat
1168 475 1353 514 periculum.
1390 474 1524 507 Accedit
1544 499 1553 513 ‚
1574 477 1656 516 quod
1676 478 1742 517 ipso
1761 480 1834 519 jure

963 515 1107 547 Romano
1123 517 1257 556 pretium
1276 517 1501 557 redemptionis
1517 517 1548 548 in
1559 517 1832 552 contributionem

961 557 1067 588 veniat
1082 556 1143 588 l.2.
1160 556 1221 599 §.3
1235 556 1276 598 ff.
1286 559 1320 589 de
1334 558 1371 590 L.
1383 558 1477 589 Rhocl.
1497 559 1530 590 cle
1542 557 1619 600 jabi.
1641 559 1831 601 redemptio-

961 599 1010 629 nis
1026 606 1127 629 autem
1150 601 1221 630 vice
1235 600 1287 630 liic
1304 599 1469 631 videbatur
1481 599 1570 642 fungi
1589 603 1781 640 protractum
1791 611 1833 633 ex

962 639 1142 670 necestitate
1161 642 1231 672 iter.
1252 641 1446 681 Simpliciter
1459 642 1676 682 igituromnes
1696 644 1832 674 anterio·

961 689 1013 712 res
1029 679 1197 714 sententias
1208 682 1354 723 probavit
1366 682 1496 715 Senatus
1506 692 1536 723 5.
1550 682 1748 724 Mart.1721.
1759 683 1830 725 (5).

1070 779 1279 817 XXVI.

745 868 854 905 Variae
878 867 1137 918 Qtaes'liurzcirlae.

52 971 78 1006 I.
177 973 245 1004 etle
269 971 349 1004 fiunt
377 967 616 1002 ass‘eeuiationes
650 968 680 1001 in
713 966 921 1001 instrumento

96 974 172 1055 R
197 1015 326 1054 publico
343 1021 396 1044 aut
412 1012 619 1053 chirographo
637 1011 762 1051 privato
777 1033 786 1048 2
809 1019 824 1040 a
844 1019 919 1042 eon-

52 1058 248 1088 trahentibus
264 1063 316 1086 aut
332 1053 459 1086 testibus
475 1053 534 1084 fide
548 1053 661 1092 dignis,
673 1060 764 1092 prout
780 1051 831 1087 iis,
844 1061 920 1091 quo-

32 1109 118 1131 *rum
145 1108 192 1130 res
215 1098 336 1138 agitur,
361 1095 462 1125 visum
482 1094 549 1131 est,
574 1093 746 1133 subscripto
763 1093 789 1133 ᾗ.
807 1096 836 1123 6.
862 1092 919 1123 Ed.

53 1140 90 1172 P.
114 1139 143 1181 §.
167 1144 212 1174 18.
240 1138 280 1169 A.
304 1137 332 1178 §.
351 1141 380 1170 8.
403 1135 451 1166 M.
468 1135 503 1170 ὃ
519 1134 545 1176 §.
565 1145 614 1166 2ο.
640 1134 681 1165 R.
704 1134 746 1165 V.
771 1133 922 1165 Chartam

50 1182 222 1221 legitimam
240 1178 303 1210 sive
320 1178 499 1219 rigillataim
524 1186 584 1216 qua
600 1175 666 1207 fieri
684 1176 798 1207 debent
813 1199 821 1212 ,
843 1185 921 1215 prae-

51 1214 161 1256 sci-ibit
181 1221 208 1263 §.
225 1225 278 1262 58.
294 1219 350 1251 Ea.
372 1219 446 1250 Orci.
467 1217 549 1248 Holl.
574 1227 623 1259 2?-
639 1216 699 1257 Jul.
720 1221 807 1257 1677.
827 1218 922 1249 &eo-

50 1263 180 1297 rundem
205 1262 360 1293 Ordinum
381 1259 554 1299 publicatio
583 1269 611 1289 2.
632 1258 710 1289 Dec.
732 1261 821 1299 1716.
840 1265 872 1289 ut
893 1258 923 1290 &

52 1305 80 1346 ἦ.
99 1314 129 1345 5.
162 1304 219 1335 Eel.
245 1303 340 1334 Ordd.
366 1302 473 1333 Gener.
498 1305 544 1334 18.
566 1300 645 1339 Maj.
668 1303 746 1341 1635
763 1300 778 1339 (
798 1299 846 1340 1).
873 1298 922 1331 An

51 1339 128 1387 ergo
146 1345 208 1378 sine
236 1344 387 1384 scriptura
413 1342 477 1374 lieri
503 1351 565 1372 non
589 1341 712 1381 poll‘unt
730 1344 745 1372 ἓ
768 1342 795 1372 ὅ(
817 1348 895 1380 puto
911 1362 922 1378 ,

51 1381 159 1430 ponc,
183 1387 212 1418 &
229 1387 291 1417 illis
308 1384 353 1426 §§.
376 1387 405 1415 6.
434 1388 481 1418 18.
500 1389 528 1428 3.
553 1393 604 1414 20.
619 1387 673 1428 583
691 1382 727 1417 &²
741 1392 772 1422 5.
797 1382 876 1414 nihil
891 1391 920 1428 a·

51 1430 119 1462 liud
140 1427 312 1463 constitui,
334 1434 449 1468 quam,
472 1424 491 1456 fi
511 1434 540 1455 m
568 1423 690 1470 seriptis
708 1423 802 1462 fiant,
826 1424 923 1464 qualis

51 1470 204 1511 scriptura
229 1468 437 1504 desideretur,
457 1466 540 1507 quod
566 1465 595 1497 &
620 1465 691 1497 latis
707 1465 826 1496 indicat
839 1466 866 1496 d.
892 1465 919 1504 §.

49 1522 82 1554 5.
103 1514 133 1544 ὅ(
158 1516 184 1546 ξ.
210 1519 262 1551 57.
284 1510 312 1540 d.
340 1508 441 1540 Edist.
465 1506 592 1548 23.Ju1.
616 1511 703 1548 1677.
724 1507 850 1547 repetiti
870 1511 919 1540 28.

50 1555 133 1594 Aug.
160 1557 251 1594 1716.
276 1551 392 1591 quippe
414 1549 466 1591 qui
488 1549 568 1580 idem
586 1547 723 1580 statuunt
748 1550 786 1580 de
811 1547 920 1580 instru-

50 1595 168 1627 mentis
183 1619 190 1631 ‚
213 1593 326 1635 quibus
347 1592 425 1624 fiunt
448 1600 551 1621 rerum
579 1590 746 1621 mobilium
767 1589 920 1621 venditio-

51 1646 126 1673 nes,
148 1646 220 1677 quas
241 1643 345 1666 tamen
362 1633 442 1664 citra
461 1630 645 1671 scripturam
667 1631 733 1662 fieri
756 1631 842 1672 poffe
858 1640 919 1662 ma-

51 1677 203 1710 nifestum
226 1675 282 1708 est.
327 1675 437 1708 Solent
459 1673 554 1704 etiam
581 1672 732 1711 Ordines,
759 1682 830 1704 cum
849 1672 921 1714 quid

50 1719 115 1752 fine
133 1718 251 1759 scripto
273 1717 340 1748 fieri
359 1716 470 1747 nolunt
484 1738 494 1753 ,
520 1714 549 1745 id
574 1713 750 1755 specialiter
770 1714 922 1754 exprime-

50 1771 105 1799 re,
129 1761 174 1792 uti
193 1761 231 1791 de
247 1760 407 1791 locatione
427 1756 636 1787 conduffione
655 1765 757 1786 rerum
778 1755 921 1787 immobi-

49 1803 128 1836 lium
153 1800 333 1842 express‘um
357 1797 401 1830 est
429 1800 456 1838 §.
483 1806 535 1838 59.
565 1798 592 1828 (l.
621 1797 678 1829 Ed.
709 1797 802 1828 Ortlcl.
836 1796 920 1828 Holl.

53 1848 144 1885 1677.
162 1844 214 1884 qui
233 1843 262 1884 §.
277 1846 330 1882 58.
354 1839 481 1881 speciali
499 1838 611 1870 Edicto
626 1838 689 1870 fuit
706 1839 921 1879 promulgatus

51 1896 85 1960 ᾗ.
104 1887 176 1927 Apr.
205 1888 294 1925 1677·
315 1882 390 1923 (2)
408 1881 437 1913 ὅ(
460 1881 562 1913 addita
586 1890 679 1922 poena
700 1880 853 1921 repetitus
868 1890 920 1911 22.

88 1936 135 1958 ec.
157 1936 167 1958 1
227 1938 249 1957 ⁷.

96 1969 144 2000 11.
173 1936 256 1999 lister
276 1975 348 2004 eos,
372 1964 482 2006 quibus
499 1962 668 1996 assecurare
687 1972 748 1995 non
772 1962 868 2001 lieet,
888 1962 920 1994 in

51 2010 79 2048 Q.
94 2020 143 2052 30.
157 2008 325 2047 A.29.7M.
337 2006 407 2048 &§
423 2012 472 2042 82.
495 2006 610 2047 Legunt
623 2005 736 2045 Noviff.
752 2004 792 2036 R.
813 2013 919 2035 recen-

50 2044 156 2087 ‘sentur
171 2051 297 2092 Judices
311 2072 326 2094 ,
356 2050 407 2092 qui
432 2049 470 2079 de
487 2047 775 2079 Affecurationibus
801 2055 918 2087 cogno-

49 2095 160 2132 scunt,
181 2101 354 2132 eorumque
371 2090 535 2127 officia,&
552 2090 582 2120 id
601 2089 694 2121 habet
714 2097 856 2129 magnam
873 2097 918 2118 ra-

49 2137 179 2168 tionem.
226 2133 286 2166 Sed
305 2133 389 2164 nulla
411 2132 493 2162 ratio
516 2130 584 2169 est,
608 2140 663 2161 cur
689 2129 743 2171 ipsi
760 2128 917 2161 assecurari

49 2187 115 2210 non
135 2175 266 2218 poffint.
284 2184 386 2215 neque
400 2173 494 2204 etiam
511 2181 660 2204 vetantur
676 2173 704 2203 d.
716 2170 783 2212 Μ.
796 2171 823 2211 §.
842 2171 918 2211 quin

49 2217 213 2251 ass‘ccurari
230 2216 313 2256 poffe
328 2214 514 2247 nominatim
526 2215 764 2246 declaraverunt
782 2213 916 2245 Amster-

48 2257 242 2293 clammcnses
262 2257 365 2290 mense
390 2256 561 2287 Februario
589 2258 676 2287 1600.
695 2256 724 2287 ἂ
743 2253 846 2286 mense
869 2255 918 2294 Ju-

47 2303 103 2334 nio
131 2304 219 2332 1601.
249 2307 285 2330 ut
307 2297 401 2329 estin
417 2297 628 2328 additionibus
651 2297 687 2328 ad
715 2297 742 2327 d.
758 2296 784 2337 §.
796 2306 848 2337 30.
872 2295 914 2328 A.

48 2343 84 2376 In
103 2343 164 2375 illis
182 2350 285 2372 autem
301 2338 350 2381 ᾗῇ.
369 2349 420 2380 30.
442 2338 471 2369 &
495 2349 544 2376 29.
566 2338 705 2369 additum
723 2361 733 2377 ,
757 2339 852 2369 etiam
871 2336 915 2368 as-

47 2385 191 2419 securare
215 2392 279 2414 non
305 2380 389 2422 posse
411 2379 586 2421 d'Officlers.
617 2379 705 2411 Scire
725 2379 841 2416 velim,
861 2380 915 2420 qui

48 2425 275 2466 intelligantur.
302 2423 352 2454 An
368 2421 516 2453 officiales
534 2420 914 2460 i1101·nmJudicuin?non

46 2476 172 2510 putem,
197 2475 269 2497 nam
297 2465 329 2496 in
354 2465 383 2496 d.
407 2462 457 2503 §§.
479 2470 705 2503 praeponuntur
731 2461 912 2501 Judicibus,

47 2511 79 2542 ὅ(
95 2507 165 2548 post
182 2507 306 2548 judices
324 2512 522 2538 enumeratos
541 2503 710 2543 sequuntur
729 2512 835 2536 eorum
854 2502 913 2535 Of-

46 2551 175 2584 ficiales.
219 2549 262 2581 Et
287 2557 383 2588 quum
410 2546 448 2577 de
479 2545 646 2584 maioribus
671 2543 722 2574 vel
741 2544 913 2576 minoribus

45 2591 210 2624 Praefeffis
229 2590 352 2622 militiae
367 2597 402 2619 ea
419 2596 484 2618 vox
503 2586 637 2625 intelligi
659 2594 808 2625 nequeat,
831 2585 910 2617 nihil

45 2631 198 2674 super-effe
214 2631 355 2670 videtur,
369 2637 462 2670 quam
480 2636 515 2659 ut
530 2627 740 2667 intelligamus
749 2626 913 2665 Ballivios,

47 2675 100 2708 sed
124 2683 178 2705 cur
203 2672 330 2704 Ballivii
355 2670 453 2711 magis
474 2677 679 2705 vetarentur,
702 2677 794 2707 quam
810 2667 912 2709 Magi-

46 2716 162 2749 stratus
181 2714 198 2746 ‘2
221 2712 339 2745 nescio.
383 2713 415 2744 Si
433 2711 551 2744 dictum
575 2709 672 2748 ess'et,
698 2707 833 2750 Officiers
851 2719 913 2740 van

48 2757 219 2791 Havenen,
243 2755 384 2796 Bruggen
409 2753 444 2793 of
467 2751 626 2793 Paffagien
641 2773 652 2788 ‚
684 2759 720 2782 ut
741 2750 911 2796 illi-prohi-

45 2800 158 2831 bentur
173 2796 343 2828 assecurare
359 2795 390 2826 in
413 2798 440 2828 5.
458 2804 504 2831 19.
527 2793 586 2825 Esl.
605 2792 642 2824 P.
667 2791 844 2833 prohibitio
861 2791 899 2823 ha

46 2842 136 2873 beret
152 2839 327 2874 rationem,
347 2836 376 2867 ἃ
390 2837 486 2876 magis
505 2834 550 2866 est
563 2857 572 2872 ,
594 2842 629 2865 ut
648 2833 704 2866 hos
722 2833 803 2866 solos
819 2833 912 2865 etiam

45 2882 268 2922 intelligamus.
313 2877 470 2909 Vetantur
489 2877 519 2908 ἀ
540 2875 711 2907 assecurare
726 2874 912 2906 Proxenetae

48 2925 76 2956 d.
98 2923 147 2965 §§.
172 2931 226 2964 30.
250 2920 286 2956 ἐπ”
316 2929 366 2957 29.
391 2917 426 2952 &²
447 2917 476 2959 ἓ.
494 2922 545 2952 80.
568 2917 611 2949 R.
636 2917 709 2958 quia
734 2915 858 2948 scilicet
881 2915 913 2947 id

88 3023 143 3062 (3)
166 3022 288 3051 vinnius
303 3019 338 3047 ad
354 3020 486 3048 Peckium
501 3020 531 3048 de
544 3020 585 3048 Re
598 3020 716 3049 Nautica
733 3022 762 3049 in
777 3021 831 3048 l.2.
849 3019 872 3056 §.
886 3027 909 3048 r.

41 3062 83 3101 ff.
103 3063 137 3090 ad
158 3061 191 3089 L.
202 3060 277 3089 hand
302 3059 332 3086 de
340 3059 406 3096 μᾶ.
423 3058 492 3087 Lm.
509 3060 547 3087 A.
568 3058 593 3087 &
610 3059 734 3088 Weitsen
755 3059 784 3087 de
800 3059 914 3087 Avariis

51 3103 78 3139 §.
97 3101 180 3129 Waar
203 3099 262 3126 door
283 3105 327 3132 31.

87 3139 148 3175 (4)
169 3138 285 3166 Vei-wer
301 3135 334 3164 ad
351 3134 439 3164 Edia.
454 3134 569 3172 Philipp.
580 3134 616 3164 11.
628 3138 710 3170 1563.
729 3135 760 3165 T.
775 3143 805 3170 4.
827 3135 851 3172 ᾗ.
869 3142 913 3163 12.

49 3187 79 3215 p.
94 3184 211 3223 ¹¹¹·1117·
231 3175 256 3214 §-
273 3183 297 3205 1.

963 965 1032 1001 fere
1055 977 1140 1002 nunc
1164 978 1274 1002 eorum
1291 967 1432 1002 officium
1454 968 1515 1008 est,
1540 969 1622 1011 quod
1640 970 1718 1002 olim
1733 969 1831 1002 Curr-

966 1012 1044 1043 toris
1071 1010 1342 1043 Affeeurationum
1366 1010 1550 1050 Generalis,
1579 1013 1649 1053 qui,
1681 1011 1835 1052 cujusque

965 1053 1077 1084 vicarii
1093 1053 1169 1084 olim
1186 1062 1312 1094 quoque
1327 1052 1496 1085 assecurare
1512 1054 1666 1094 prohibiti
1689 1054 1717 1094 ᾗ.
1733 1058 1780 1088 18.
1793 1054 1832 1084 Ρ.

1009 1093 1063 1125 111.
1089 1093 1218 1131 Titius,
1241 1095 1385 1126 damnum
1412 1095 1535 1135 pass'us,
1560 1096 1663 1126 varios
1682 1094 1833 1126 all'ecura-

967 1142 1070 1172 tores,
1091 1135 1144 1176 qui
1163 1135 1342 1167 habitabant
1360 1135 1585 1174 Amsterdami‚
1611 1136 1834 1173 Rotterdami,

967 1178 997 1209 ὅ(
1021 1176 1052 1208 in
1079 1176 1178 1208 tractu
1198 1176 1337 1209 Eoi-calis
1357 1175 1541 1209 Hollandiae
1563 1177 1650 1209 simul
1672 1187 1783 1209 omnes
1802 1178 1836 1209 in

965 1218 1014 1258 jus
1034 1225 1129 1249 vocat
1144 1218 1180 1248 ad
1200 1217 1350 1256 Curiam,
1373 1219 1458 1260 quod
1479 1227 1591 1264 nempe
1609 1218 1639 1250 in
1660 1219 1755 1250 variis
1773 1228 1835 1250 ter-

965 1259 1085 1291 ritoriis
1102 1259 1297 1299 habitarent,
1323 1261 1352 1292 δι
1372 1268 1527 1291 metueret
1546 1261 1771 1292 ientcntiarum
1789 1261 1835 1292 di-

965 1300 1153 1332 versitatem.
1200 1300 1403 1342 Magistratus
1420 1300 1745 1340 Amsterdammenfis,
1770 1302 1835 1333 hoc

965 1342 1145 1380 intellecto,
1168 1343 1205 1374 ad
1221 1342 1348 1373 Curiam
1363 1343 1467 1375 literas
1482 1343 1589 1381 dedit,
1612 1351 1667 1380 ut,
1691 1343 1776 1383 quod
1795 1343 1835 1375 ad

965 1383 1197 1416 Ass'ecumtores
1222 1383 1538 1416 Amsterdammenses
1554 1405 1565 1421 ,
1588 1393 1739 1415 revocare
1768 1385 1834 1417 vel-

966 1425 1032 1456 lent
1049 1425 1236 1457 Mandatum
1256 1425 1288 1457 in
1311 1425 1360 1466 jus
1377 1425 1574 1464 vocationis,
1597 1425 1654 1457 hos
1682 1426 1764 1457 (nim
1794 1426 1835 1457 de

964 1467 1124 1507 negotiis,
1147 1466 1188 1497 ibi
1218 1467 1390 1499 contraitis
1406 1490 1416 1504 ,
1441 1467 1605 1498 conveniri
1635 1477 1697 1498 non
1724 1467 1833 1508 poss'e,

964 1508 1020 1540 nili
1037 1508 1117 1548 apud
1133 1507 1258 1548 judices
1276 1508 1306 1539 in
1324 1509 1403 1540 hanc
1416 1517 1481 1540 rem
1494 1508 1654 1550 delegatos
1669 1519 1707 1540 ex
1727 1508 1755 1550 §.
1777 1519 1832 1551 32.

963 1548 1006 1581 A.
1031 1550 1060 1581 ὃ(
1078 1550 1152 1580 hine
1169 1559 1296 1592 quoque
1315 1550 1345 1581 in
1363 1549 1460 1582 causis
1476 1549 1740 1583 affecurationum
1760 1560 1833 1591 pro-

963 1590 1094 1622 hibitam
1118 1590 1177 1623 effe
1201 1591 1431 1631 Jurisdiffionis
1459 1600 1714 1633 prorogationem
1737 1602 1774 1623 ex
1800 1591 1830 1633 §.

963 1637 992 1666 8.
1016 1632 1174 1672 ampliatae
1194 1632 1318 1664 Formae
1342 1637 1432 1674 1644.
1479 1632 1589 1665 Titius
1612 1633 1754 1674 pori-etto
1770 1634 1834 1666 Cu—

963 1674 1017 1705 riae
1035 1674 1144 1706 libello
1166 1673 1288 1706 causam
1313 1674 1396 1706 stiam
1416 1674 1496 1716 apud
1512 1674 1638 1707 Curiam
1655 1677 1703 1717 agi
1725 1675 1832 1717 postu-

965 1716 1027 1754 lat,
1053 1714 1102 1746 sed
1122 1714 1218 1747 Curia
1243 1715 1322 1747 nihil
1347 1717 1513 1758 quicquam
1538 1715 1703 1750 rescribit.
1729 1719 1758 1749 δε
1786 1717 1832 1749 111-

965 1764 1050 1788 terea
1070 1757 1248 1789 mandatum
1273 1766 1415 1790 revocat.
1461 1757 1572 1789 Titius
1599 1759 1664 1789 adit
1683 1759 1832 1790 Senatum

964 1798 1169 1840 Supremam,
1195 1809 1231 1830 en
1245 1799 1374 1841 verybekt
1390 1809 1452 1831 vcm
1469 1801 1520 1830 dat
1538 1800 1612 1831 alles
1629 1799 1832 1832 Mandanzenc

964 1842 997 1871 in
1017 1850 1067 1871 cas
1086 1841 1209 1881 cl’appel.
1256 1840 1489 1885 Quaerebatur,
1523 1851 1561 1873 an
1591 1842 1833 1873 concedendum

964 1881 1067 1913 esset?
1091 1880 1143 1914 De
1168 1892 1201 1913 re
1222 1881 1286 1922 ipsa
1315 1883 1493 1914 dubitatum
1519 1882 1572 1914 est.
1619 1883 1739 1924 Regula
1766 1882 1831 1923 est,

964 1930 1000 1954 ut
1017 1923 1103 1961 dixi,
1126 1923 1157 1955 in
1174 1925 1202 1955 d.
1228 1924 1257 1965 ᾗ.
1279 1934 1333 1965 32.
1356 1923 1407 1956 sed
1423 1923 1500 1956 nihil
1520 1924 1561 1955 ibi
1580 1924 1744 1957 definitum
1767 1924 1832 1963 est,

963 1965 1036 2006 quid
1052 1965 1127 2005 juris
1139 1987 1150 2003 ,
1173 1965 1195 1997 fi
1211 1965 1337 1997 diversis
1351 1965 1431 1998 loeis
1449 1966 1627 2001 habitarent
1644 1966 1831 1998 assecurato-

963 2016 1012 2038 res
1032 2006 1049 2038 ¹?
1075 2006 1192 2038 Verum
1219 2006 1342 2048 quidem
1366 2006 1411 2038 est
1426 2032 1433 2043 ,
1457 2006 1479 2039 ss
1502 2006 1597 2039 Curia
1624 2006 1727 2040 statim
1750 2007 1829 2039 adiri

963 2047 1073 2089 possit,
1096 2047 1224 2079 simulac
1241 2057 1320 2080 unus
1337 2049 1389 2080 vel
1407 2049 1486 2080 alter
1501 2049 1746 2081 assecuratorum
1766 2058 1831 2081 non

963 2088 1167 2121 Amsterclami
1179 2113 1188 2128 ,
1214 2088 1266 2121 sed
1280 2090 1352 2122 alibi
1369 2090 1514 2122 locorum
1531 2090 1740 2129 habitaverit,
1763 2091 1831 2122 inu-

962 2131 1053 2163 tilem
1074 2130 1116 2162 sic
1135 2131 1225 2163 reddi
1241 2132 1268 2162 d.
1293 2130 1322 2173 ἓ.
1346 2141 1398 2173 32.
1424 2130 1474 2163 sed
1496 2141 1561 2163 non
1577 2132 1680 2163 minus
1696 2141 1829 2169 verum,

960 2172 982 2204 fi
1002 2173 1105 2213 plures
1125 2171 1183 2204 fint
1203 2172 1444 2212 affeeuratores,
1469 2173 1499 2205 &
1517 2172 1645 2214 quisque
1659 2174 1829 2204 convenia-

960 2221 1010 2246 tur
1026 2223 1130 2245 coram
1151 2214 1261 2254 Judice
1285 2214 1340 2246 suo
1353 2240 1361 2251 ,
1386 2215 1499 2246 evitari
1519 2224 1583 2246 non
1604 2214 1690 2255 poffe
1708 2213 1830 2246 senten-

961 2255 1070 2288 tiarum
1089 2255 1298 2288 diversitatem
1310 2279 1320 2294 ,
1344 2265 1407 2288 non
1424 2264 1546 2287 tantum
1565 2256 1645 2295 apud
1661 2255 1830 2287 inferiores

959 2296 1101 2337 Judices‚
1125 2296 1175 2328 sed
1194 2298 1224 2329 ἀ
1248 2298 1280 2329 111
1308 2296 1380 2328 casu
1402 2295 1641 2337 appellationis,
1664 2307 1736 2328 cum
1757 2296 1828 2328 haec

960 2338 1050 2369 causa
1080 2337 1174 2370 serius
1189 2362 1198 2377 ,
1220 2338 1272 2370 illa
1296 2347 1397 2380 ocyus
1425 2339 1550 2370 finiatur
1567 2360 1578 2376 ‚
1602 2338 1632 2369 ἀ
1661 2337 1702 2370 sic
1725 2337 1828 2379 poss'et

958 2379 1061 2412 sortiri
1089 2380 1168 2412 alios
1189 2388 1283 2422 atque
1306 2380 1385 2411 alios
1408 2378 1552 2420 Judices,
1575 2379 1628 2419 qui
1653 2379 1736 2411 forte
1762 2388 1829 2411 11011

957 2421 1041 2453 idern
1059 2420 1221 2453 sentirent.
1269 2421 1455 2454 Mandatum
1476 2429 1579 2452 tamen
1605 2421 1827 2462 appellationis

955 2469 1100 2503 negatum
1125 2461 1170 2493 est
1204 2471 1252 2504 13.
1284 2461 1365 2493 Dec.
1396 2470 1485 2502 1710.
1517 2461 1590 2502 (3)
1613 2463 1685 2502 quia
1713 2461 1826 2493 Titius

955 2503 1036 2535 nihil
1060 2511 1185 2545 poterat
1210 2502 1379 2541 exhibere,
1401 2502 1486 2544 quod
1504 2501 1600 2533 Cur1a
1625 2505 1656 2534 in
1680 2502 1824 2543 praejudi-

954 2545 1040 2575 cium
1059 2545 1146 2577 suum
1162 2544 1325 2576 statuisset.
1366 2543 1409 2576 Et
1426 2553 1568 2585 quamvis
1583 2553 1617 2575 ea
1633 2545 1714 2585 ratio
1729 2552 1826 2577 etiam

955 2585 1028 2618 alias
1048 2586 1180 2618 vSenatui
1205 2585 1378 2627 placuerit,
1402 2583 1509 2617 nescio
1534 2592 1658 2624 tamen,
1683 2595 1721 2617 an
1749 2585 1823 2617 satis

957 2627 994 2659 fit
1011 2627 1131 2659 idonea.
1176 2627 1207 2659 Si
1228 2627 1434 2668 Pragmatiei,
1454 2627 1504 2668 qui
1524 2625 1618 2658 Titio
1632 2636 1759 2666 operam
1776 2626 1825 2658 fo-

956 2667 1075 2700 rensem
1089 2667 1292 2710 praestabant,
1318 2667 1521 2707 testarentur,
1545 2677 1562 2698 a
1578 2667 1608 2699 se
1621 2668 1763 2699 exactum
1779 2677 1825 2699 es-

957 2708 989 2741 se
1014 2710 1219 2749 Mandatum,
1244 2709 1352 2751 quidni
1373 2710 1576 2750 appellationi
1599 2709 1676 2740 ess‘et
1702 2710 1792 2740 locus
1808 2709 1825 2739 2?

954 2751 1010 2783 Sin
1029 2751 1121 2782 aliter
1145 2751 1248 2789 dicas,
1272 2751 1303 2782 in
1322 2750 1475 2791 potestate
1490 2750 1593 2781 Curiae
1616 2749 1691 2780 esset
1717 2749 1822 2789 prohi-

955 2792 1050 2830 berc,
1071 2801 1111 2824 ne
1128 2792 1270 2824 homines
1288 2793 1336 2831 jus
1352 2790 1440 2822 suum
1457 2790 1601 2831 persequi
1626 2790 1747 2831 posfint.

998 2833 1054 2865 IV.
1087 2833 1262 2878 Quaefitum
1291 2831 1357 2870 est,
1382 2832 1401 2864 fi
1429 2833 1470 2863 ob
1499 2830 1720 2870 profeflionem
1739 2841 1820 2863 mei·-

956 2875 1039 2907 cium
1063 2884 1116 2905 aut
1144 2875 1259 2906 nullam
1288 2881 1340 2904 aut
1364 2873 1443 2905 male
1467 2871 1581 2904 factam
1600 2882 1647 2904 res
1671 2873 1818 2912 perierit,

955 2924 1085 2957 propter
1103 2915 1245 2947 fraudem
1257 2913 1342 2945 forte
1361 2914 1520 2955 vectigalis
1535 2913 1700 2946 commisso
1722 2912 1820 2946 subla-

1767 2963 1816 3000 ta,

1040 3018 1054 3056 )
1075 3016 1183 3055 Observ.
1208 3015 1324 3044 Tumulc.
1348 3014 1419 3043 Tam.
1437 3015 1500 3043 VII.
1521 3023 1547 3042 n.
1567 3021 1650 3048 1720.

1046 3059 1058 3093 )
1078 3057 1155 3085 Plac.
1174 3056 1194 3082 1.
1219 3062 1245 3089 3.
1266 3062 1292 3087 9.
1316 3061 1341 3087 3.
1362 3063 1389 3089 p.
1410 3061 1495 3088 2233.

1042 3101 1054 3170 ἐ
1075 3094 1141 3122 Plac
1171 3094 1220 3121 ΠΙ.
1244 3101 1269 3125 7.
1291 3099 1317 3124 9.
1341 3099 1367 3124 9.

993 3018 1007 3056 (

994 3058 1007 3093 (

995 3096 1008 3170 ἓ
1075 3131 1212 3169 Olgservut.
1236 3129 1353 3159 'l'zmiuln
1377 3128 1408 3159 T.
1426 3130 1475 3158 111.
1499 3138 1524 3158 71.
1542 3131 1608 3163 676.
