2008 3436
279 121 717 161 osssEiWATioiinM
765 119 903 168 JURIS
952 111 1163 159 ROMANi
1211 123 1300 161 ΜΒ.
1327 124 1392 162 111.
1446 128 1484 164 c.
1510 109 1589 164 xx.

622 235 986 273 CAPUT

1083 235 1185 272 XX.

468 327 521 362 Acl
542 325 582 360 L.
616 335 646 360 1.
683 323 714 372 §.
744 335 776 359 2.
825 322 862 359 ff.
898 323 942 359 de
975 324 1073 371 Lege
1101 324 1205 376 Corn.
1236 318 1280 362 de
1304 325 1378 362 fals.

90 455 164 490 ergo
181 444 212 476 in
231 441 416 492 explicando
435 442 621 487 Marciano,
646 438 735 479 eujus
756 438 784 480 §.
801 449 828 470 ρ.
852 440 883 470 d.

109 490 129 520 1.
149 493 174 519 i.
203 485 234 517 in
249 484 358 517 'Iusco
375 483 474 516 Libro
491 483 534 514 ita
555 483 689 524 legitur:
715 480 772 512 Sed
801 480 837 516 ὅ)
856 479 886 520 fi

26 533 93 574 quis
105 532 137 562 ob
152 527 384 560 renuntiandum
402 526 653 557 remittendumve
671 520 884 564 testimonium,

26 574 178 606 dicendum
200 569 249 600 vel
269 578 325 599 non
340 568 516 605 dicendum,
536 567 694 607 pecuniam
711 567 857 606 acceperit
875 588 885 605 ‚

22 623 108 659 paena
122 612 211 653 Legis
226 611 365 642 Corneliae
378 608 532 650 adficitur.
578 607 683 641 Etiam
701 616 741 639 ex
760 606 885 653 hoc'lo-

23 666 64 689 co
88 653 228 687 constare
249 658 397 693 poterat,
429 651 599 683 dictionem
607 651 662 690 sed
676 648 713 684 δυ’
731 658 794 681 non
812 650 886 695 lein-

22 707 76 740 pei·
95 704 206 735 augere
226 694 255 726 <St
273 693 432 725 intendere
449 692 625 724 orationem
637 714 647 730 ,
672 698 704 722 at
727 689 809 737 saepc
831 699 886 722 ini-

22 748 116 772 nuere
134 729 166 770 ⁸&
182 735 361 773 reinittcre3
385 735 489 766 multo
513 733 638 775 gravius
655 731 699 764 est
715 732 862 763 delictum
875 755 885 770 ,

22 782 139 822 dequo
156 778 278 810 dixerat
301 776 330 818 §.
353 786 378 808 1.
404 776 507 807 levius
531 780 660 812 autem,
691 773 729 804 de
766 781 828 814 quo
859 774 886 804 b.

23 824 53 864 §.
75 833 102 854 ρ.
125 819 238 862 incipit
255 827 377 856 tamen,
395 817 449 857 sed
465 816 510 851 65⁹.
555 815 630 847 Hoc
650 815 679 847 ἃ
700 815 758 846 alia
783 824 887 845 exeni-

23 865 92 906 pla,
117 872 187 904 quae
205 861 242 892 ad
258 868 382 891 manum
400 858 488 897 sunt,
500 857 671 889 debuerant
687 865 815 887 monere
825 855 887 887 Cu-

23 906 137 947 jacium
159 904 188 935 &
204 902 337 939 Fatuos,
365 900 536 932 Antonium
555 899 584 930 dc
600 898 726 943 Petrum
739 920 747 936 ‚
774 906 829 936 ne,
845 904 889 943 ,ut

25 946 148 979 seilicet
171 943 273 975 oratio
297 940 466 979 cresceret,
493 940 544 970 ubi
560 948 595 970 ea
612 938 709 969 didio
726 945 887 976 occurrit,

25 988 157 1029 plurima
174 986 245 1017 loca
265 984 345 1024 Juris
363 982 475 1013 Civilis
493 981 698 1012 inverterent.
745 978 804 1010 Sed
819 984 886 1020 aga-

25 1039 110 1067 mus,
158 1026 219 1057 uod
235 1034 282 1056 res
299 1023 353 1055 cst.
404 1063 410 1068 ·
506 1063 511 1068 -
642 1061 647 1066 ¹
865 1061 871 1066 Ι

65 1070 119 1102 Ait
172 1065 290 1098 ornelia
313 1073 434 1102 teneri,
460 1072 511 1104 qui
537 1071 699 1103 pecuniam
730 1068 888 1102 acceperit

25 1109 303 1143 abrenuntiandum
327 1107 575 1137 reiiis'cleriaumve
596 1102 795 1144 testimonium
812 1126 821 1140 ‚
844 1105 886 1135 cli-

24 1154 145 1184 rendum
165 1150 214 1180 vel
231 1158 287 1179 non
302 1148 465 1179 dicendum.
515 1146 575 1177 Pro
601 1146 838 1177 renuntiandum
853 1154 886 1176 o-

24 1203 108 1225 mnes
134 1190 201 1224 fere
224 1189 407 1227 Editiones,
437 1195 572 1229 excepta
589 1186 612 1219 F
615 1187 771 1219 lorentina
791 1187 820 1218 ὃς
835 1196 886 1217 an-

22 1233 187 1277 tiquissima
202 1231 282 1272 apud
299 1230 542 1263 Chevallonium
554 1251 563 1268 ,
574 1228 688 1260 liabent
706 1230 873 1260 denuntiem

21 1278 100 1308 ditm.
144 1273 260 1306 Probat
282 1279 384 1304 tamen
409 1273 646 1304 renuntiandum
676 1269 832 1303 Hei-aldus
852 1271 886 1301 de

21 1317 115 1350 Αιιὲἶ.
149 1316 221 1347 Rer.
250 1313 357 1355 Jucitc.
392 1313 427 1345 L.
450 1314 473 1347 I.
500 1314 530 1346 C.
551 1317 582 1344 6.
606 1311 796 1344 Renuntiare
811 1335 820 1351 ‚
840 1312 885 1343 in-

22 1361 91 1402 quit
103 1383 113 1399 ‚
139 1357 335 1399 testimonium
349 1354 390 1397 est
406 1357 520 1393 dicere,
546 1357 699 1387 remittere
714 1360 818 1386 contra
829 1363 887 1385 non

21 1405 146 1434 dicere:
175 1408 243 1441 ergo
264 1399 296 1430 012
322 1399 555 1430 renuntiandum
579 1398 827 1429 reminendumve
843 1401 882 1427 te*

15 1443 188 1486 stimonium
204 1465 211 1477 ,
244 1439 286 1480 eft
302 1463 312 1478 ‚
346 1441 378 1472 ob
394 1439 592 1480 testimonium
604 1439 816 1478 perhibendum
835 1438 885 1470 vel

20 1496 80 1519 non
94 1483 318 1526 perhibendum.
360 1481 403 1513 At
429 1491 465 1513 ue
481 1482 525 1513 ita
541 1481 720 1519 existimat,
743 1481 780 1513 ad
793 1479 884 1512 testes

19 1528 84 1561 hoc
101 1523 272 1568 pertinere,
296 1491 554 1565 quemadmodum
577 1524 608 1556 &
624 1523 709 1565 quod
725 1520 883 1569 sequitur,

19 1570 177 1602 dicendum
191 1566 241 1598 vel
253 1575 311 1596 nnn
328 1567 501 1603 dicendum,
527 1564 577 1597 sed
603 1565 675 1607 quia
703 1572 780 1595 tunc
795 1564 842 1596 bis
859 1573 883 1595 i-

18 1612 91 1644 dem
107 1609 223 1642 diceret
234 1631 244 1647 ,
268 1607 336 1640 haec
361 1607 471 1640 ultima
491 1614 582 1650 putat
597 1606 658 1639 effe
677 1615 696 1637 e
712 1604 883 1653 Glossema-

20 1661 73 1692 te,
100 1660 163 1694 quo
208 1650 255 1682 uis
275 1650 881 1695 renuntiandumremittendumvpinter-

43 1691 160 1726 retatus
181 1701 198 1723 e
227 1715 234 1723 .
280 1690 366 1723 Idem
396 1690 552 1723 Heraldus
576 1691 683 1723 eadem
706 1696 827 1722 ratione
849 1699 882 1721 in

35 1761 42 1768 .
68 1737 123 1767 ult.
142 1733 181 1775 ff.
204 1736 237 1765 de
257 1732 386 1773 Concuff.
414 1742 473 1775 pro
495 1735 735 1765 denunciandum
756 1732 805 1763 vel
825 1742 882 1763 rion

19 1777 256 1810 denuntiandum
289 1774 488 1817 testimonium
509 1800 518 1813 ,
550 1775 672 1807 mavult
691 1774 812 1815 legere,
837 1783 882 1806 re-

17 1820 218 1852 nuntiandum
247 1817 296 1850 vel
322 1827 380 1849 non
410 1819 647 1849 renuntiandum
672 1814 880 1857 testimonium.

17 1861 78 1895 Sed
105 1860 219 1893 merito
242 1859 308 1891 liaec
330 1856 498 1899 displicent
523 1858 668 1891 Salmasio
695 1859 822 1894 Oblhrv.
844 1859 882 1890 ad

19 1901 82 1945 Jur
104 1902 171 1934 Ait.
194 1900 230 1935 ἐξ
253 1900 335 1932 Rom.
361 1901 518 1933 CXXX.
540 1907 572 1940 p.
596 1911 629 1931 m.
658 1904 730 1934 866.
750 1900 882 1944 &seqq.

19 1939 144 1987 praelata
166 1939 316 1983 scriptura
331 1967 340 1982 ‚
377 1951 446 1983 quae
473 1943 710 1974 denunciandum
727 1942 855 1974 exhibet
869 1965 882 1982 ,

41 1994 170 2028 namque
199 1993 258 2025 ego
285 1983 394 2015 lubens
427 1983 569 2025 przefero.
621 1983 726 2025 Negat
767 1985 881 2016 Salma-

20 1996 79 2061 ἓως
95 2029 270 2058 renuntiare
291 2025 342 2057 vel
367 2028 519 2056 remittere
539 2024 738 2063 testimonium
757 2035 797 2057 eo
816 2024 880 2058 sen-

20 2067 77 2108 su,
121 2078 162 2100 uo
183 2067 236 2099 ille
251 2066 398 2108 putabat,
421 2067 532 2100 Latine
552 2068 635 2107 diei,
659 2077 729 2099 nam
746 2068 865 2099 remitte

21 2118 54 2141 re
68 2078 258 2150 testimonium
272 2118 335 2140 non
353 2108 413 2140 effe
438 2109 521 2140 aliud
540 2118 632 2150 quani
647 2109 779 2151 gratiam
795 2107 878 2141 face-

20 2160 54 2182 re
68 2150 187 2182 dicendi
206 2149 394 2188 testimonii,
418 2150 469 2181 cui
488 2150 681 2182 conti-arium
696 2148 741 2182 est
757 2160 818 2182 non
836 2162 880 2183 re-

19 2193 162 2224 nuntiare
178 2190 372 2227 testimonium
385 2216 392 2228 ‚
415 2191 499 2232 quod
522 2200 560 2223 eo
587 2190 675 2223 sensu
691 2201 784 2224 nemo
798 2192 881 2224 dixit

21 2243 63 2265 un
86 2243 174 2272 uam,
199 2231 250 2264 sed
267 2234 442 2264 denuntiare
463 2231 661 2274 testimonium
680 2257 689 2272 ,
726 2233 788 2265 hoe
804 2233 850 2265 est
869 2257 880 2272 ,

18 2243 204 2306 augoritate
227 2273 342 2314 Judicis
362 2274 414 2306 vel
436 2273 528 2315 Legis
547 2274 760 2307 testiinonium
783 2285 800 2306 a
823 2285 879 2307 vo-

19 2316 105 2347 lente
123 2315 175 2347 vel
193 2315 296 2347 invito
319 2315 452 2355 exigere.
498 2315 604 2357 thue
629 2325 664 2348 ea
690 2319 880 2350 denunciatio

18 2356 202 2398 quandoque
219 2355 300 2387 facta
313 2356 376 2388 fuit
393 2356 430 2387 ab
450 2356 497 2387 his
507 2379 519 2395 ,
535 2358 586 2397 qui
602 2358 878 2399 Magisti·atu‚Po-

19 2396 146 2435 testate,
170 2397 222 2429 vel
239 2406 302 2438 quo
319 2397 382 2428 alio
399 2407 524 2429 munere
541 2398 770 2441 fungebantur,
786 2410 879 2441 quos-

18 2447 96 2479 que,
118 2438 141 2472 fi
157 2438 198 2470 ob
215 2436 459 2470 denuntiandum
484 2439 535 2471 vel
558 2449 621 2472 non
637 2440 880 2474 denuntiandum

18 2479 180 2520 pecuniam
206 2479 392 2521 accepissent
409 2502 421 2518 ,
451 2481 618 2513 coercebat
635 2480 704 2513 Lex
722 2482 802 2522 Julia
821 2483 879 2515 Re-

18 2520 222 2562 petundarum
245 2521 265 2552 l.
287 2525 317 2552 ό.
347 2528 394 2561 pr.
414 2522 456 2563 ff.
490 2525 524 2554 de
551 2523 588 2554 L¹
614 2522 675 2562 Jul
708 2523 815 2564 Repet.
837 2525 882 2557 ita

39 2571 140 2603 uoque
158 2561 252 2594 fiebat
277 2572 293 2593 a
317 2563 467 2604 privatis,
495 2564 524 2596 ἀ
542 2564 714 2605 praesertim
734 2566 771 2597 ab
788 2576 879 2598 accu-

0 2628 1 2636 ,
33 2610 118 2634 atore
130 2626 140 2642 ‚
163 2611 200 2634 ut
217 2602 402 2636 testimoniis
419 2603 539 2637 causam
555 2605 762 2639 accusationis
778 2607 880 2648 posset

0 2647 1 2720 1
17 2641 184 2683 instruere3
207 2643 299 2685 hique
315 2645 451 2686 privati,
467 2646 489 2679 fi
505 2647 547 2679 ob
561 2647 807 2680 denuntiandum
826 2649 879 2681 vel

18 2693 81 2716 non
106 2684 348 2717 denuntiandum
372 2687 559 2729 accepissent
574 2711 585 2727 ‚
615 2689 650 2722 L.
670 2689 820 2721 Cornelia
842 2691 881 2722 de

0 2721 1 2764 l
18 2723 100 2758 falfis
118 2726 320 2765 tenebantur,
342 2735 378 2759 ut
396 2728 447 2760 hic
466 2730 576 2762 retulit
599 2730 791 2763 Marcianus.
830 2730 881 2763 De

0 2776 2 2794 ³.
17 2765 168 2806 ejusmodi
190 2766 493 2813 denuntiationibus,
517 2771 555 2802 ab
570 2771 751 2804 accusatore
767 2771 880 2812 fastis,

0 2804 158 2847 lquaedam
180 2816 305 2841 notavit
327 2809 485 2843 Salmasius
503 2835 514 2851 ,
546 2812 575 2845 ὃς
597 2813 657 2845 alia
679 2814 753 2846 alibi
768 2823 879 2845 oecur-

0 2851 3 2868 ἱ
18 2855 102 2893 runtt
145 2847 219 2880 Inde
232 2849 310 2895 olim
325 2849 370 2882 Le
391 2861 409 2882 e
422 2852 546 2885 finitum
565 2878 575 2893 ,
599 2862 679 2896 quot
695 2855 824 2887 testibus
842 2855 878 2887 li-

2 2895 120 2919 icuerit
133 2888 334 2929 denunciare,
388 2893 460 2925 aler.
479 2895 613 2927 Maxim.
640 2896 678 2928 L.
695 2896 781 2929 VIII.
804 2897 834 2928 C.
849 2906 876 2928 1.

17 2935 50 2960 n.
74 2938 121 2960 10.
145 2930 168 2962 1.
189 2940 213 2962 1.
237 2930 266 2970 §.
286 2940 312 2963 2.
332 2932 367 2973 ff
395 2936 428 2966 de
451 2935 549 2975 Testib
582 2937 612 2969 ἀ
652 2937 741 2970 uibus
762 2939 783 2969 l.
794 2948 824 2978 4.
841 2938 878 2974 &³

2 2969 66 3007 *ult
91 2970 133 3012 ff·
154 2972 188 3003 de
210 2971 285 3013 Test.
306 2971 419 3007 Ascon.
438 2976 561 3010 Pedian.
578 2979 612 3009 in
626 2945 720 3011 βεινγ.
736 2982 770 3011 de
780 2981 874 3013 Praet.

2 3009 105 3056 lSicil-
126 3019 203 3060 P-m3
222 3017 290 3045 116.
325 3011 371 3061 Ut
386 3024 490 3049 autern
505 3029 614 3052 verum
628 3019 693 3060 est,
716 3021 877 3054 accusato-

2 3057 83 3084 Jrem
107 3062 265 3095 praecipue
290 3054 465 3102 testimonia
487 3059 680 3093 denuntiasse
696 3085 706 3101 ,
741 3064 786 3095 ita
812 3073 878 3096 non

1 3093 294 3141 {desunt-exempla
309 3118 321 3135 ,
349 3095 382 3128 id
397 3096 496 3138 ipsum
516 3100 624 3133 feciss‘e
638 3112 728 3143 reos,
751 3114 815 3146 quo
832 3106 876 3138 jn<

17 3139 195 3167 nocentiam
221 3135 303 3168 suam
326 3137 521 3180 probarent,
559 3143 624 3174 imo
651 3145 681 3176 &
728 3154 858 3178 ati-onos

1 3176 70 3219 iqui
87 3177 138 3208 vel
154 3186 212 3218 pro
229 3177 408 3210 accusatore
425 3180 477 3212 vel
494 3190 553 3222 pro
567 3193 621 3216 reo
636 3155 782 3218 dicegant
793 3212 802 3227 ‚
823 3171 876 3219 ex?

3 3216 168 3274 iploraturi
185 3217 244 3258 fica
283 3218 416 3254 instante
441 3221 578 3265 judicio,
607 3228 872 3267 quemadmodum

926 435 1087 469 accusatio
1104 437 1157 470 vel
1175 438 1313 472 defeiifio
1328 439 1405 472 ess‘et
1426 442 1609 484 peragenda.
1654 442 1800 475 Formam

927 479 993 519 ejus
1010 478 1076 516 rei,
1102 478 1133 511 in
1155 479 1245 512 causa
1269 481 1426 522 Milonis,
1452 484 1632 516 luculenter
1653 484 1801 526 exposuit

927 521 1027 559 idem,
1058 529 1150 561 quein
1176 522 1272 554 modo
1301 523 1480 565 laudabam,
1512 524 1666 558 Asconius
1686 527 1718 558 in
1738 525 1804 557 Ar-

924 572 1008 605 gum.
1028 564 1065 593 cul
1086 561 1179 594 'I'ullii
1196 565 1288 596 Orat.
1308 573 1363 606 pro
1393 567 1523 599 Milone.
1569 567 1726 599 Vetantur
1745 565 1799 608 igi-

930 612 980 635 tur
997 605 1051 635 bac
1066 603 1105 635 L.
1129 605 1326 639 accusatores
1340 624 1352 646 ,-
1382 604 1531 641 vetantur
1556 610 1681 651 patroni
1697 633 1707 649 ,
1732 618 1801 640 cor-

928 646 1014 687 rupti
1037 647 1170 687 pecuiiia
1188 670 1200 685 ‚
1234 647 1297 680 sive
1316 659 1333 681 a
1348 649 1619 691 Provincialibus,
1643 649 1804 692 frequenti

929 687 1013 718 malo
1033 711 1042 726 ,
1083 687 1147 719 live
1179 689 1273 720 etiam
1308 691 1393 732 aliis,
1418 692 1586 733 quicquain
1608 692 1726 724 fraudis
1750 691 1801 723 ad-

929 729 1057 760 mittere
1089 729 1119 761 in
1151 730 1362 771 producendis
1394 733 1548 774 testibus,
1581 734 1656 775 quin
1686 743 1745 766 nee
1770 733 1802 764 in

933 770 1140 842 giiiittcndis,
1174 774 1316 814 corrupti
1333 772 1420 807 forte
1443 785 1461 807 a
1483 776 1564 814 reis,
1586 775 1699 818 ipfisve
1718 773 1803 806 testi-

956 821 1000 843 US.
1803 830 1804 834 ¹

975 852 1081 894 Atque
1107 855 1151 886 ita
1173 864 1222 887 res
1245 856 1308 898 ipsti
1331 858 1495 900 postulat,
1530 860 1562 893 in
1584 861 1612 892 h.
1635 859 1664 901 §.
1688 870 1717 892 2.
1741 853 1804 900 legi

933 902 1081 934 oportere
1096 919 1105 934 ‚
1141 899 1381 933 denuntiandum
1397 925 1406 940 ‚
1442 911 1505 933 non
1538 903 1778 935 renuntiandum
1793 922 1805 938 ,

939 934 1068 966 iostuiat
1084 939 1114 968 e:
1138 939 1157 968 l.
1176 940 1231 971 uli.
1249 941 1288 981 ff.
1306 944 1339 974 cie
1357 943 1487 983 Concuff.
1510 954 1579 985 quae
1605 944 1688 976 idem
1713 942 1802 975 dicit:

956 974 1004 1007 ost
1026 975 1199 1025 Heraldum
1227 982 1352 1021 quidem
1383 985 1413 1017 ὃς
1441 978 1576 1018 Grotius
1605 985 1685 1017 Flor.
1702 983 1804 1027 ιΙρῑιηΙὶ

930 1017 967 1048 ad
979 1019 1044 1066 (Αἰ.
1057 1019 1114 1050 ult.
1137 1021 1220 1060 justit
1239 1026 1606 1064 iegei·e‚renuriiiandum
1621 1028 1671 1059 vel
1684 1037 1742 1060 non
1757 1029 1805 1059 r'e-

930 1063 1156 1107 nuntiandum&
1178 1062 1230 1094 sed
1255 1064 1318 1096 illis
1346 1068 1516 1107 parendum
1546 1068 1611 1101 non
1635 1069 1700 1108 est,
1731 1077 1804 1101 cum

930 1100 972 1133 ob
996 1101 1133 1141 plui-ium
1162 1103 1329 1138 Librorum
1350 1109 1542 1141 contrariam
1566 1110 1677 1150 fidem,
1709 1111 1806 1142 etiarn

930 1153 948 1174 a
971 1141 1126 1175 Gratiano
1152 1145 1386 1189 transscriptani
1408 1150 1441 1182 in
1476 1151 1507 1182 C.
1534 1157 1593 1186 128
1636 1151 1740 1196 Qiicest
1777 1151 1802 1186 Ι.

932 1184 1024 1232 Cauff
1048 1194 1074 1216 Ι,
1097 1188 1274 1233 tum-quod
1295 1189 1388 1230 plane
1404 1191 1581 1233 nesciatur,
1607 1195 1682 1235 quid
1698 1194 1755 1225 liae
1771 1194 1804 1228 in

930 1235 963 1257 re
978 1228 1015 1259 lit
1033 1226 1233 1274 testzngoniuin
1249 1234 1448 1271 renuntiare,
1469 1234 1803 1276 utiquefidistinelum

930 1267 987 1314 fit,
1019 1275 1054 1314 ut
1080 1268 1141 1316 esse
1164 1270 1258 1317 debet
1273 1296 1282 1312 ,
1315 1283 1333 1305 a
1360 1274 1562 1315 testimonium
1575 1279 1693 1315 dicere,
1717 1278 1804 1319 quod

929 1317 1141 1342 incontinenti
1167 1312 1300 1346 additur.
1353 1315 1442 1358 Iino,
1475 1318 1519 1349 ait
1536 1317 1671 1352 Grotiiis
1693 1322 1720 1351 d⁸
1748 1321 1802 1353 loc.

930 1351 1125 1398 Renumiarq
1150 1353 1231 1386 idem
1248 1354 1309 1395 est,
1335 1359 1420 1399 quod
1435 1369 1547 1401 negare
1575 1360 1774 1403 testimonium
1792 1368 1803 1404 ς

928 1403 1034 1440 nova,
1066 1403 1202 1435 opinor,
1235 1396 1433 1441 Latinitate,
1466 1401 1596 1435 adduCta
1620 1411 1741 1444 tamen,
1767 1412 1806 1436 ut

927 1435 959 1466 id
984 1434 1125 1482 probet,
1158 1439 1186 1468 h.
1211 1438 1231 1469 l.
1260 1448 1285 1471 1.
1312 1440 1340 1481 ξ).
1365 1452 1392 1474 2.
1420 1442 1472 1476 sed
1494 1444 1588 1476 valde
1610 1454 1773 1487 perperam
1794 1457 1804 1478 ε

927 1486 998 1508 nam
1028 1475 1050 1508 fi
1082 1476 1134 1509 hic
1159 1477 1262 1513 serves
1287 1486 1525 1517 renuntiandum
1543 1511 1551 1522 ,
1573 1485 1640 1518 fere
1665 1485 1733 1527 est,
1767 1495 1803 1519 ut

927 1526 1040 1565 contra
1059 1519 1174 1560 probet
1192 1545 1212 1568 ‚¹
1236 1530 1349 1565 utpote
1365 1535 1462 1568 quum
1477 1527 1622 1560 distincta
1642 1537 1720 1560 mox
1736 1527 1803 1562 san-

927 1560 1032 1592 ctione
1047 1568 1118 1607 agat
1134 1561 1173 1593 de
1192 1564 1251 1603 iis,
1284 1567 1336 1607 qui
1355 1570 1498 1611 corrupti
1517 1568 1733 1602 testimonium
1748 1580 1802 1603 ne-

927 1610 1022 1648 gant,
1047 1611 1078 1635 in
1097 1603 1176 1636 vers.
1201 1607 1358 1640 dicendum
1375 1611 1424 1642 vel
1442 1621 1499 1643 non
1518 1613 1685 1648 dicendum.
1725 1611 1802 1651 *Nifi

927 1645 957 1675 δε
978 1643 1043 1684 ipse
1058 1668 1069 1683 ‚
1102 1643 1252 1693 sequutus
1271 1648 1445 1684 Heraldum
1460 1661 1472 1693 ,⁴
1502 1654 1733 1686 emendationis
1749 1655 1801 1686 au-

924 1685 1045 1717 ‹ftorem
1061 1709 1072 1725 ‚
1105 1696 1137 1718 in
1160 1687 1217 1735 his.
1230 1690 1395 1731 postremis
1412 1692 1574 1727 Gloss'ema
1587 1695 1770 1738 agnosceret
1789 1720 1803 1736 ,

924 1726 963 1758 de
977 1736 1040 1774 quo
1064 1735 1167 1774 tamen
1185 1734 1291 1765 videas
1313 1735 1413 1775 altum
1429 1736 1528 1769 filei-e.
1552 1737 1596 1769 Et
1612 1737 1703 1777 sane,
1724 1747 1800 1771 con-

924 1768 1011 1800 ceflis
1026 1767 1123 1816 facile
1142 1769 1409 1821 Gloffematibus,
1433 1785 1499 1811 non
1517 1778 1577 1810 alia
1588 1779 1640 1811 via
1659 1779 1722 1819 est,
1741 1782 1802 1821 qua

924 1818 1104 1853 promptius
1136 1821 1225 1845 eatur
1251 1825 1284 1848 in
1313 1819 1484 1859 perniciem
1514 1819 1773 1862 Jurisprudentiae
1789 1845 1801 1860 ,

924 1861 1046 1899 quaque
1070 1862 1131 1895 ego
1158 1864 1223 1888 non
1247 1856 1344 1891 facile
1357 1859 1521 1901 incedam,
1545 1862 1567 1894 fi
1584 1862 1637 1894 vel
1655 1863 1801 1895 oberrem

924 1894 1003 1934 pede
1012 1904 1154 1942 incerto.
1199 1896 1347 1941 Denique
1365 1901 1406 1941 fi,
1439 1904 1567 1935 auctore
1590 1901 1726 1944 Gi·oti0‚
1753 1915 1801 1936 re-

925 1943 1070 1982 rzziqizzare
1087 1936 1140 1969 liic
1154 1938 1190 1970 sit
1211 1949 1321 1980 negare
1337 1942 1537 1982 testimonium
1551 1969 1559 1984 ‚
1583 1945 1682 1977 velim
1698 1945 1798 1985 scire,

925 1978 1005 2025 quid.
1016 1987 1055 2025 eo
1072 1979 1200 2026 austere
1210 1981 1286 2014 esset
1294 2007 1305 2023 ,
1316 1984 1518 2025 testimonium
1534 1989 1689 2019 remittere
1699 1988 1716 2020 ¹?
1724 1988 1797 2027 Sed,

925 2026 960 2049 ut
976 2019 1063 2059 dixi,
1089 2030 1220 2066 omnino
1238 2022 1299 2066 legi
1316 2025 1431 2067 debet,
1449 2031 1708 2069 denuntiandum,
1741 2039 1797 2061 uo-

923 2062 1020 2092 modo
1039 2063 1068 2094 &
1084 2062 1226 2096 Pithoeus
1242 2067 1322 2107 apud
1344 2069 1416 2101 Coll.
1442 2071 1516 2103 LL.
1549 2071 1628 2112 .Mos.
1649 2071 1686 2106 ὅ)
1742 2082 1797 2103 0⁷7³·

926 2102 959 2133 T.
979 2102 1066 2135 VIII.
1102 2105 1151 2135 loc.
1169 2108 1200 2136 6.
1224 2108 1300 2147 verfi
1313 2109 1370 2150 sed
1384 2111 1421 2147 ἐπ”
1436 2113 1520 2145 reste
1546 2112 1717 2155 reposuisse
1749 2113 1797 2144 vi-

923 2143 1015 2191 detui·
1041 2154 1100 2186 pro
1126 2149 1355 2189 denudandum,
1385 2163 1450 2187 non
1474 2162 1580 2187 autem
1607 2154 1690 2186 reste
1713 2154 1797 2186 addi-

923 2185 1020 2225 disse,
1046 2190 1230 2222 denunciare
1252 2195 1452 2233 accushtorem
1477 2206 1525 2228 reo
1544 2220 1555 2237 ‚
1586 2203 1620 2228 ut
1641 2206 1687 2228 eos
1709 2195 1799 2237 testes

920 2230 1068 2269 producat
1087 2253 1097 2268 ‚
1136 2233 1246 2272 quibus
1256 2235 1348 2276 suam
1370 2239 1429 2278 ipse
1451 2239 1668 2280 accusationem
1687 2238 1798 2280 confir-

924 2280 1005 2302 mare
1034 2273 1153 2313 vellese
1167 2277 1262 2317 dicit,
1285 2283 1338 2316 uc,
1361 2280 1485 2322 inquit,
1509 2291 1547 2313 ex
1569 2281 1696 2322 Apulejz·
1717 2282 1798 2322 prio·

922 2313 1095 2359 re'Apolog.
1113 2315 1238 2356 constat.
1281 2319 1316 2351 Id
1324 2344 1335 2360 ,
1358 2321 1504 2364 inquam,
1528 2332 1591 2354 non
1605 2322 1705 2363 recte,
1725 2332 1799 2355 nam

922 2354 1006 2386 aliud
1022 2356 1083 2403 else
1102 2356 1301 2399 testimonium
1327 2362 1528 2396 denuntiare.
1551 2366 1696 2396 constare
1727 2365 1796 2406 opi-

922 2405 981 2444 nor
996 2406 1036 2428 ex
1053 2408 1118 2446 iis,
1136 2409 1205 2441 quae
1230 2401 1319 2443 supra
1338 2404 1527 2438 dicebamus.
1573 2404 1689 2448 Neque
1704 2416 1721 2438 a
1742 2415 1798 2438 reo

923 2446 1019 2470 etiam
1031 2448 1118 2486 exigi
1133 2443 1272 2483 poterit,
1293 2453 1328 2476 ut
1343 2455 1456 2478 contra
1475 2445 1505 2479 se
1524 2447 1617 2480 testes
1630 2448 1797 2489 producat,

924 2487 959 2510 iit
973 2479 1054 2520 Juris
1073 2481 1214 2529 estcerti
1230 2490 1271 2517 ex
1295 2486 1315 2517 l.
1338 2496 1368 2529 7.
1393 2488 1424 2519 C.
1450 2490 1484 2521 de
1510 2488 1618 2530 Teftib.
1662 2489 1721 2522 Sed
1738 2489 1798 2521 alia

924 2519 969 2552 est
995 2521 1197 2556 denunciatio
1214 2549 1225 2564 ,
1257 2528 1348 2568 cujus
1382 2529 1535 2571 Apulejus
1559 2532 1722 2570 meminit,
1762 2539 1798 2561 ea

922 2571 1053 2610 nempe,
1080 2574 1140 2606 qua
1156 2566 1305 2608 domino,
1329 2571 1361 2602 in
1380 2571 1566 2612 quibusdam
1590 2573 1796 2610 criminibus,

922 2603 1120 2638 indicebatur
1148 2607 1310 2643 servorum
1338 2612 1517 2653 exhibitio,
1542 2623 1578 2646 iit
1593 2615 1631 2646 de
1646 2615 1684 2646 iis
1704 2613 1800 2655 habe--

921 2646 1176 2694 retur-quaestio,
1211 2651 1240 2683 ὅ(
1260 2651 1302 2685 fic
1320 2653 1458 2695 Apulejo
1474 2679 1484 2695 ,
1509 2656 1628 2698 Magiae
1646 2664 1719 2693 reo,
1744 2663 1797 2686 CX·

925 2687 1316 2736 hibitio-indietaApolog.
1337 2702 1370 2735 p.
1395 2706 1421 2726 m
1459 2701 1529 2732 280.
1556 2698 1585 2729 &
1609 2702 1672 2731 282
1708 2695 1797 2727 Idem

924 2739 956 2762 in
983 2730 1103 2769 judicio
1128 2735 1162 2764 de
1182 2734 1228 2765 Vi·
1250 2736 1421 2769 obtinuisse
1435 2745 1477 2769 ex
1495 2748 1535 2770 eo
1549 2737 1712 2779 probabile
1730 2735 1796 2774 est,

923 2773 1009 2817 quod
1024 2772 1106 2804 idem
1121 2775 1273 2817 Apulejus
1296 2780 1324 2809 d.
1345 2786 1377 2819 p.
1395 2783 1454 2813 282
1489 2779 1530 2811 fic
1546 2779 1626 2818 aiat:
1652 2778 1699 2810 De
1708 2780 1798 2820 quin-

922 2819 1017 2849 decim
1032 2816 1139 2855 servis
1165 2819 1380 2860 derzuntiasti5
1408 2819 1525 2861 quodsi
1546 2826 1592 2850 DE
1616 2827 1652 2852 V1
1676 2821 1801 2860 accztsa‘,

921 2868 990 2894 res,
1013 2865 1083 2900 quot
1100 2861 1219 2892 tandem
1233 2861 1342 2898 servos
1361 2862 1525 2902 postulares
1541 2861 1558 2892 ἱ)
1583 2861 1613 2893 &
1634 2861 1796 2895 Milonem

920 2902 959 2934 de
980 2900 1022 2933 Vi
1047 2911 1154 2941 reum,
1184 2902 1335 2940 exhibere
1348 2902 1501 2935 familiam
1515 2902 1659 2934 coactum
1673 2903 1794 2946 aliquo-

922 2943 981 2975 ties
1000 2950 1155 2974 memorat
1173 2941 1328 2974 Asconius
1346 2944 1378 2975 in
1394 2943 1584 2986 Argumenta
1603 2943 1792 2986 Milonianae.

920 2983 1026 3024 Atque
1043 2994 1083 3016 ex
1099 2984 1147 3015 his
1164 2982 1252 3015 forte
1267 2983 1437 3042 supplenda
1451 2984 1497 3018 est
1515 2986 1536 3018 Ι.
1553 2993 1579 3018 1.
1590 2986 1630 3028 ff.
1646 2987 1705 3019 &L
1721 2984 1797 3021 1.‘C.'

922 3027 956 3058 de
1011 3036 1053 3057 uae
1084 3027 1143 3057 ion.

963 3024 1125 3099 {zelemus
1154 3066 1336 3099 Marcianus
1365 3066 1488 3101 dixerat
1520 3069 1560 3101 de
1592 3069 1649 3110 fis,
1673 3071 1725 3113 qui
1751 3072 1801 3105 ob'

921 3108 1086 3149 pecuniam
1110 3107 1326 3140 testiinonium
1357 3109 1503 3143 indicunt
1529 3111 1583 3143 vel
1605 3112 1793 3154 remittunt,

921 3149 960 3180 de
989 3148 1060 3189 ipsis
1091 3148 1222 3181 testibus
1252 3156 1380 3182 cautum
1409 3150 1456 3184 est
1478 3151 1527 3185 his
1549 3152 1670 3186 verbis:
1694 3156 1796 3187 dicen-

920 3193 991 3221 dum
1012 3190 1061 3220 vel
1082 3200 1140 3222 non
1163 3193 1320 3222 dicendum
1374 3192 1426 3226 Sic
1442 3193 1579 3226 absolvit
1600 3203 1710 3228 omnes
1726 3196 1792 3238 spe-

919 3232 983 3265 cies
1013 3230 1108 3273 falfi,
1139 3240 1208 3275 quae
1239 3232 1271 3266 in
1303 3232 1479 3269 testimonia
1510 3235 1634 3269 cadunt.
1680 3237 1801 3271 Paulis<

1280 3275 1320 3308 M
1341 3285 1362 3316 3
1692 3280 1731 3312 L.
1752 3278 1792 3310 V.
