2008 3436
297 105 579 158 QUAEST.
644 103 800 152 JUR.
874 103 1224 146 PUBLICI,
1277 105 1616 144 L113.11.C.1X.

34 197 104 225 rum
123 185 238 220 Galliae
260 187 291 220 &
314 186 476 229 Hispaniae
498 195 637 219 carrucae
655 184 786 227 pensiles
809 183 908 217 effent

34 230 199 268 invitatae,
222 237 259 261 ut
271 229 453 261 cerimoniis
470 227 663 270 receptionis
679 225 824 258 intereffe
841 226 906 258 vel-

35 273 123 310 lent,
158 278 228 302 utra
256 270 387 302 alteram
412 270 591 311 praecedere
616 275 801 310 oporteret,
826 268 907 300 inter

35 312 147 346 Gallos
165 311 196 343 δι
222 310 404 352 Hispanos,
430 312 484 353 qui
511 311 554 344 ibi
576 310 723 348 aderant,
748 319 812 342 non
839 317 904 342 tan-

35 362 103 387 tum
128 351 341 394 disputatum,
372 352 425 386 sed
449 354 479 385 δ’(
499 352 621 385 strenue
642 358 816 393 pugnatum
842 350 908 390 est,

35 405 98 430 non
114 393 178 426 fine
191 393 367 426 multorum
385 395 423 426 ab
441 402 511 426 utra
535 403 574 425 ue
592 401 682 436 parte
693 391 781 424 caede
798 393 829 426 δι
844 392 906 425 san-

38 436 152 480 guine,
170 435 376 468 vincentibus
395 444 498 468 tamen
551 434 673 477 ispanis.
696 433 768 466 Rex
791 433 906 466 Galliae

35 477 196 525 aegerrime
225 476 257 508 id
282 475 400 509 fastum
427 477 524 516 tulit,
555 477 586 509 &
608 475 726 508 bellum
752 475 904 517 Hispanis

32 519 197 555 minitatus
210 516 265 550 est.
310 517 472 560 Hispaniae
491 518 582 557 Rex,
596 518 686 558 quus
699 524 776 549 tunc
790 518 902 549 intere-

30 567 81 596 rat
96 559 267 592 amicitiam
285 569 358 591 cum
377 559 506 592 Francis
528 559 641 592 sartam
661 559 774 591 tedam
802 558 903 591 serva-

32 611 87 640 re,
109 601 147 633 ad
163 601 282 642 Regem
299 600 440 633 Franciae
457 601 611 644 Legatum
633 600 716 633 mifit
727 623 739 639 ,
761 601 815 642 qui
837 601 904 641 ejus

30 642 282 684 indignationem
301 642 435 680 leniret,
461 642 647 685 significavit
663 650 772 681 certe,
784 642 903 683 Regem

32 683 192 725 Hispaniae
218 683 372 726 Legatum
397 684 501 724 suum,
533 685 586 726 qui
612 684 751 716 Londini
776 683 903 723 fuerat,

31 727 159 760 domum
174 725 355 765 revocass'e,
379 727 408 759 &
430 735 583 766 praeterea
603 725 733 758 testatus
752 724 816 764 est,
840 725 903 767 pla-

32 776 104 800 cere
128 767 207 808 Regi
226 765 303 807 suo,
327 767 358 800 in
378 768 536 809 posterum
553 768 619 808 eius
640 767 753 808 Legati
773 765 903 799 abstine-

30 816 100 843 rent
135 808 249 841 ublicis
273 809 475 850 cerimoniis,
500 810 615 852 qulbus
636 809 820 841 intereffent
844 808 902 840 Le-

54 850 98 882 ati
145 850 241 882 ranei.
288 850 396 897 Quum
420 862 456 883 ea
485 851 611 884 testatio
636 850 714 883 effet
743 849 825 882 satta
850 861 901 891 24.

30 860 131 926 filiast.
165 895 257 924 1662.
289 893 494 933 praesentibus
520 894 693 925 multorum
719 892 902 933 Principum

30 933 180 975 Legatis‚
196 943 234 965 ex
253 943 289 965 ca
298 934 368 966 Rex
384 934 497 967 Galliae
512 934 637 974 effecit,
653 933 810 975 Hispanos
826 942 902 965 tunc

27 974 88 1009 fibi
104 975 345 1017 praerogativam
362 977 482 1008 ordinis
495 976 629 1015 ceffiii'e,
642 976 779 1017 Legatos
796 977 900 1013 enim,

54 1017 84 1048 ui
99 1016 244 1056 aderant,
269 1016 311 1048 fic
336 1018 563 1058 compellavit:
589 1018 672 1050 Vous
696 1026 771 1047 avez
795 1026 848 1058 oziy
870 1017 900 1047 la

47 1058 235 1096 etim-arion,
258 1068 311 1099 que
329 1058 562 1099 l'Asanffizcleur
580 1058 749 1099 d’Effiagne
765 1060 822 1089 m'u
830 1057 898 1098 fai-

31 1104 82 1138 te,
98 1099 131 1140 je
151 1108 222 1130 vous
234 1101 302 1139 prle
324 1100 358 1130 de
388 1100 501 1132 l'e'crire
533 1100 552 1131 ti
573 1109 623 1131 vos
651 1098 805 1137 Maz'cres,
836 1097 899 1139 afim

71 1141 116 1172 'ils
124 1139 267 1182 spachent
280 1162 292 1179 ‚
310 1150 363 1182 que
387 1141 412 1171 le
430 1141 496 1183 Roy
519 1141 687 1183 Crithoquue
704 1151 723 1172 α
743 1141 897 1180 alonim-or-

25 1212 30 1217 ,
63 1192 79 1216 e
105 1182 125 1213 ἀ
149 1187 210 1213 tous
223 1181 273 1222 fis
302 1181 526 1223 Artzbqfflzdezcrs
546 1185 580 1214 cie
601 1186 684 1215 ceder
708 1183 734 1214 le
757 1193 836 1225 rung
862 1192 901 1213 cm

29 1225 111 1257 mian
127 1233 163 1254 en
179 1228 271 1254 toutes
289 1223 429 1263 occafiuns
446 1224 463 1265 (
467 1225 515 1266 2).
560 1225 621 1257 Sed
644 1224 728 1256 16616
746 1224 901 1265 wicque-

28 1264 97 1300 fort
113 1264 337 1296 animadvertit
352 1267 381 1297 d.
404 1266 443 1298 L.
463 1266 487 1298 1.
515 1266 589 1298 Sec‘t.
610 1276 661 1306 24.
680 1266 781 1306 princ.
803 1275 843 1297 ex
866 1274 902 1296 ea

30 1306 126 1349 Regis
143 1305 309 1347 Hispanici
325 1305 514 1347 testatione,
540 1307 571 1339 id
596 1307 678 1340 effici
703 1316 768 1339 non
793 1306 900 1348 poffe,

26 1357 88 1382 nec
113 1348 195 1380 alios
218 1347 316 1380 etiam
344 1347 503 1390 Principes
524 1348 680 1388 effecisse,
706 1349 836 1390 ejusque
859 1349 902 1380 rei

27 1389 232 1426 fortissimum
251 1398 469 1431 argumentum
492 1390 572 1430 esse,
598 1391 682 1432 quod
697 1391 778 1431 apud
800 1389 902 1431 Impe-

27 1440 167 1466 ratorem
197 1429 447 1471 Germanicum,
480 1441 516 1465 ut
543 1433 641 1472 olim,
680 1433 725 1464 ita
756 1433 786 1465 &
819 1440 903 1464 nunc

28 1472 222 1514 Hispanicus
241 1471 380 1514 Legatus
398 1473 585 1506 Francicum
609 1473 777 1515 praecedsst.
822 1474 903 1506 Sane

25 1515 108 1549 nihil
123 1515 291 1556 quicquam
306 1522 382 1547 tunc
397 1514 478 1547 feeit
497 1515 676 1557 Hispanus,
699 1515 756 1547 nili
772 1515 856 1557 quod
872 1515 904 1547 ὃς

25 1557 196 1598 Philippus
217 1554 257 1588 Π.
283 1555 454 1595 Tridenti,
477 1556 600 1598 Legato
626 1556 683 1589 suo
699 1557 785 1589 abire
800 1556 900 1597 juffo,

27 1599 207 1640 priusquam
234 1595 369 1640 Legatus
393 1598 563 1632 Francicus
589 1598 770 1638 adveniret,
795 1607 830 1630 ut
855 1597 901 1630 est

27 1640 111 1681 apud
130 1640 261 1672 Paulum
277 1639 414 1681 Sarpium
435 1640 545 1672 Concil.
570 1640 702 1672 Trident.
727 1640 770 1672 L.
791 1640 845 1672 VI.
866 1645 898 1680 p.

23 1691 70 1720 m.
81 1690 155 1722 459.
180 1680 349 1723 Imperavit
366 1680 487 1714 scilicet
505 1682 664 1723 Hispanus
677 1681 803 1723 Legatis
821 1681 898 1720 suis,

26 1723 60 1757 ἀ
79 1723 160 1756 nihil
183 1722 268 1755 aliud
293 1723 483 1763 imperavit,
514 1733 607 1765 quam
632 1730 666 1755 ut
692 1724 779 1756 omni
803 1723 899 1755 modo

31 1763 163 1807 publice
179 1773 350 1803 caverent,
371 1773 410 1796 ne
429 1765 551 1798 occasio
574 1765 611 1797 fit
638 1765 766 1806 majoris
785 1765 900 1797 tumul-

25 1813 80 1840 tus
104 1805 253 1839 faciendi.
299 1806 509 1853 Quantopere
530 1808 614 1839 inter
634 1807 692 1838 hos
715 1807 745 1839 ὅς
763 1807 900 1838 aliorum

26 1846 211 1890 Principum
239 1847 377 1890 Legatos
403 1848 500 1880 etiam
531 1849 607 1881 alias
631 1848 670 1880 de
693 1848 899 1881 honoratiore

25 1889 103 1926 loco
120 1890 346 1922 tumultuatum
363 1888 420 1926 fit,
437 1890 560 1931 aliquot
577 1890 731 1931 exemplis
749 1890 899 1931 probavit

26 1930 158 1964 Ameiot
176 1932 216 1962 de
237 1931 267 1962 la
287 1929 451 1972 Houffaye
475 1933 548 1964 dans
557 1932 608 1974 ses
627 1932 805 1971 Memfim,
829 1941 898 1963 ver-

28 1971 72 2009 bo
88 1972 323 2014 Ambaffadeurs.

69 2015 131 2048 Sed
153 2024 219 2046 non
239 2022 362 2047 tantum
385 2014 468 2047 inter
485 2017 620 2057 majores
639 2014 823 2055 Principes,
845 2024 898 2046 ve-

26 2065 97 2089 rum
113 2055 144 2088 &
163 2056 322 2095 minores,
350 2056 391 2087 de
411 2056 470 2088 hac
490 2058 610 2090 ordinis
633 2057 842 2098 praerogativa
860 2055 899 2088 ad

27 2097 129 2129 ravim
162 2107 258 2139 usque
281 2096 499 2131 vociferantur
523 2099 554 2131 &
590 2098 756 2131 insaniunt.
812 2097 899 2129 Inter

28 2137 190 2179 Principes
214 2139 312 2172 Italos
341 2148 415 2172 cum
438 2141 577 2173 maxime
602 2140 762 2172 turbatum
789 2138 852 2178 est3
877 2139 900 2172 fi

27 2178 143 2212 horum
157 2179 257 2213 turbis
271 2180 417 2213 interesse
434 2182 534 2222 velis,
558 2183 629 2224 plus
648 2180 719 2213 satis
735 2181 792 2212 tibi
812 2180 898 2214 satis-

27 2219 128 2253 faciet
146 2219 359 2262 Wicquefort
375 2223 406 2254 d.
419 2223 461 2256 L.
476 2223 502 2255 Ι.
528 2225 559 2256 C.
579 2232 628 2263 25.
665 2223 736 2264 Ego
752 2221 900 2255 interess'e

27 2263 128 2296 nolim
147 2261 204 2294 nifi
219 2262 356 2301 arbiter,
366 2263 397 2295 ὅ(
412 2273 486 2297 611111
500 2265 581 2298 1111111
596 2265 757 2297 succurrat
767 2288 777 2304 ‚
788 2273 827 2296 ex
836 2273 899 2304 quo

27 2312 137 2337 moros
158 2302 269 2337 flufitus
285 2311 359 2336 tuto
382 2313 589 2346 componam,
614 2306 668 2338 vel
693 2305 809 2338 arbiter
832 2304 897 2338 sen-

27 2345 164 2377 tentiam
176 2345 279 2377 dicam
289 2369 299 2385 ,
309 2345 463 2378 duntaxat
479 2347 545 2379 vim
560 2348 629 2380 fieri
644 2354 740 2386 veto,
751 2348 897 2389 &quem-

27 2395 88 2429 que
109 2385 291 2428 Principem
315 2397 365 2419 res
381 2386 449 2420 suas
474 2388 530 2421 fibi
557 2389 671 2421 habere
685 2388 791 2429 jubeo.
836 2388 899 2421 Sed

28 2438 92 2471 quo
112 2428 216 2460 minor
234 2427 280 2460 est
295 2428 482 2469 auctoritas,
506 2440 567 2471 qua
585 2430 716 2467 nitaris,
738 2439 779 2461 eo
798 2429 897 2469 major

27 2469 144 2504 iniania
160 2468 206 2501 est
217 2492 227 2508 ,
237 2469 278 2501 de
289 2470 360 2502 lana
376 2472 501 2512 caprina
516 2481 618 2504 tantas
634 2471 746 2503 animis
761 2470 896 2503 coelesti-

28 2511 86 2550 bus
99 2510 161 2543 effe
178 2512 250 2544 iras.
295 2510 383 2543 Inter
399 2512 557 2554 Legatos,
581 2522 642 2554 qua
666 2511 896 2552 mandatarios,

27 2553 136 2587 mdem
151 2552 322 2585 contentio
338 2551 404 2591 est,
428 2564 498 2595 quae
521 2554 604 2586 inter
628 2553 788 2595 Principes
810 2563 896 2585 man-

27 2595 146 2628 dantes.
190 2593 285 2626 Duos
322 2594 478 2627 Italorum
514 2595 699 2636 Principum
738 2594 895 2636 Legatos,

27 2635 134 2679 Pragae
156 2635 212 2668 fibi
232 2635 371 2668 invicem
387 2637 514 2669 obviam
539 2636 662 2674 fastos,
693 2645 733 2668 ne
756 2636 834 2668 alter
852 2636 896 2668 al-

16 2678 84 2716 teri
111 2677 164 2709 via
191 2677 334 2716 cederet,
372 2687 428 2719 par
456 2686 560 2710 totum
590 2678 659 2726 fgre
687 2678 771 2709 diem
804 2677 895 2719 supra

70 2726 160 2751 ntem
175 2718 338 2760 quemdam
351 2741 362 2757 ,
385 2720 527 2752 omnium
543 2719 618 2752 risui
635 2719 794 2760 expositos
817 2729 894 2751 con-

56 2759 136 2793 itiss‘e
161 2769 201 2791 ex
229 2758 414 2792 Varsevicio
436 2760 537 2793 refert
562 2761 731 2794 Zoucheus
758 2762 792 2792 de
816 2761 894 2802 Jure

27 2801 142 2838 faciali
159 2801 247 2834 Part.
266 2799 309 2832 11.
334 2801 409 2833 Seii.
427 2812 459 2843 4.
474 2802 516 2851 Q.
538 2812 565 2835 1.
588 2803 649 2835 alia
664 2802 796 2835 aliorum
815 2802 894 2835 ludi-

27 2842 96 2879 bria
111 2841 244 2875 transeO.

30 2906 34 2909 -
69 2883 233 2926 Disputari
253 2883 369 2923 video,
392 2893 432 2916 an
456 2883 621 2927 superioris
643 2884 822 2927 Principis,
844 2885 897 2919 sed

67 2991 130 3029 (2)
150 2992 280 3022 Aitzema
300 2990 336 3020 L.
351 2991 442 3021 XLII.
464 3001 493 3030 p.
511 3001 576 3029 293-
600 2993 626 3023 δε
645 2994 723 3032 seqq.
743 2995 793 3024 ubi
813 2994 900 3024 habes

29 3029 89 3067 ipsa
109 3031 192 3064 Aera,
216 3030 243 3059 δε
269 3029 450 3068 Wicquefort
478 3031 514 3060 L.
536 3033 559 3061 1.
591 3032 622 3062 de
635 3033 685 3072 son
705 3033 901 3073 Ambaffadeur

29 3069 96 3098 See.
115 3077 161 3104 24.
181 3078 209 3106 p.
223 3076 261 3097 m.
279 3076 344 3103 721.
361 3068 386 3097 ἃ
404 3068 480 3106 seqq.

32 3120 36 3124 ν
68 3107 131 3143 (3)
152 3106 324 3145 Hollandsche
342 3107 499 3136 Mercurius
519 3112 601 3144 1664.
626 3117 654 3147 p.
671 3113 720 3146 64.

69 3145 134 3181 (4)
154 3145 280 3173 Aitzema
301 3145 337 3175 L.
358 3147 448 3175 XLV.
468 3155 495 3182 p.
518 3151 581 3180 716.

70 3181 131 3220 (5)
150 3182 322 3222 Hellandsche
336 3184 492 3213 Mercurius
508 3187 592 3219 1664.
613 3194 641 3222 p.
657 3193 704 3221 97.
725 3186 750 3214 ἃ
768 3187 898 3215 Aitzema

32 3219 69 3252 L.
83 3221 174 3252 XLV.
194 3230 222 3258 p.
241 3225 382 3261 558-560.
401 3224 447 3253 ubi
462 3220 499 3258 ὅ*
522 3223 625 3253 libellus
646 3230 736 3254 contra
755 3224 898 3263 Legatum.

1748 117 1819 153 255

951 182 1087 215 absentis
1102 205 1111 219 ‚
1141 182 1281 224 Legatus
1306 185 1463 224 praecedat
1492 185 1676 221 inferiorem
1700 188 1820 221 Princi-

951 234 1041 266 pem,
1079 223 1131 257 sed
1153 226 1338 266 praesentem
1358 225 1375 257 ἱ)
1406 226 1448 258 Et
1477 225 1632 268 Legatum
1666 231 1820 272 praecede—

951 277 985 299 re
1018 265 1179 298 existimat
1210 266 1389 300 Paschalius
1421 268 1453 300 in
1480 268 1597 310 Legata
1624 272 1656 303 C.
1690 276 1739 313 38.
1784 272 1820 306 ὅ)

952 310 984 341 C.
1011 318 1063 350 39.
1109 307 1231 349 Legato
1261 309 1343 340 euim
1364 309 1498 342 eundem
1527 313 1679 344 honorem
1706 312 1819 345 haben-

948 351 1043 388 dum,
1069 349 1121 390 qui
1149 350 1279 382 habetur
1307 350 1469 392 Principi,
1496 361 1513 383 a
1540 360 1604 392 quo
1625 354 1730 386 miss'us
1754 353 1820 392 est,

949 399 1044 433 atque
1076 392 1120 422 ita
1145 392 1300 424 minorem
1329 391 1509 434 Principem
1538 393 1664 433 maj0ris
1697 394 1820 436 Legato

949 434 1081 472 cedere,
1103 432 1126 464 fi
1150 432 1239 465 iimul
1263 443 1453 466 concurrant
1480 434 1511 466 in
1535 435 1640 466 alieno
1664 434 1820 476 Imperio,

948 474 1193 517 praeponendum
1215 485 1319 507 tamen
1347 475 1526 516 Principem
1553 475 1755 516 inferiorem,
1780 478 1819 508 ad

947 526 1041 558 quem
1069 516 1197 556 majoris
1222 516 1358 557 Legatus
1381 517 1487 549 miffus
1507 516 1571 556 est,
1603 517 1635 550 in
1658 517 1714 549 suo
1734 519 1821 549 terri-

948 558 1056 597 torio,
1081 567 1120 590 ex
1137 558 1205 598 jure
1222 557 1346 590 scilicet
1372 557 1480 591 summi
1510 558 1645 600 Imperii.
1692 557 1764 591 Nec
1780 559 1820 591 dt·

947 598 1121 641 posteriore
1141 599 1244 640 specie
1264 601 1424 640 quisquam
1449 600 1659 639 dubitaverim
1684 599 1735 632 sed
1759 609 1819 642 ego

947 641 1027 682 apud
1048 650 1177 672 exteros
1203 643 1296 673 ctiam
1321 642 1497 683 i'rincipem
1523 641 1726 681 inferiorem,
1751 651 1819 673 rno-

946 683 989 715 do
1015 682 1199 724 Supremam
1220 683 1411 716 Potessatem
1434 683 1565 722 habeat,
1589 683 1714 724 majoris
1734 683 1820 716 Prin·

947 723 1026 765 cipis
1046 724 1168 767 Legato
1196 725 1409 765 rii-retulerim,
1435 727 1464 757 r&
1492 724 1666 766 praeferunt
1692 734 1820 766 quoquc

946 765 1080 807 Jacobus
1097 765 1318 798 Gothofredus
1345 768 1378 797 de
1401 766 1479 807 Jnre
1506 766 1710 798 Praececzentiae
1728 767 1818 798 Part.

947 808 973 840 Ι.
996 808 1027 839 C.
1046 817 1074 849 7.
1100 818 1202 848 7147.
1235 811 1264 841 dt
1292 809 1343 840 alii
1370 808 1634 850 quamplurimi,
1665 808 1697 841 in
1725 808 1818 840 Notis

947 850 1052 881 ibidem
1080 849 1210 881 laudati.
1255 850 1372 881 Eadem
1408 851 1502 882 ctiam
1533 849 1686 882 sententia
1717 850 1820 882 utitur

945 890 1177 932 Wicquefort,
1201 901 1329 932 magnus
1345 891 1485 932 alioquin
1503 891 1696 933 Legatorum
1713 899 1819 933 patro-

945 943 1026 972 nus,
1059 934 1088 965 d.
1109 932 1146 964 I..
1168 932 1188 964 Ι.
1218 934 1248 964 C.
1277 938 1326 964 66.
1348 939 1380 974 J‘.
1404 943 1439 963 m.
1465 938 1536 973 ῖός.
1563 932 1598 968 &³
1620 937 1692 975 766.
1744 931 1816 965 Nec

945 974 1011 1007 scio
1034 974 1117 1006 inter
1137 975 1314 1014 Scriptores
1335 974 1415 1011 effe,
1444 977 1496 1014 qui
1519 976 1738 1014 contradicat,
1761 983 1815 1006 ex-

941 1025 1038 1058 cepto
1065 1015 1235 1048 Pascbulio.
1282 1017 1341 1057 lpii
1368 1016 1477 1056 Legati
1505 1016 1584 1057 ssepe
1611 1016 1816 1048 contradixe-

941 1067 1036 1096 runt,
1060 1058 1090 1088 ὅ(
1109 1057 1178 1088 inde
1194 1057 1330 1098 jurgium
1353 1058 1434 1089 inter
1453 1056 1577 1089 Ducem
1605 1057 1761 1090 Holsatiae
1788 1058 1819 1092 &-

941 1099 1067 1140 Angliae
1085 1097 1239 1139 Legatum
1272 1108 1318 1140 13.
1339 1098 1413 1139 Apr.
1443 1102 1532 1138 1664.
1558 1099 1628 1140 (3).
1673 1098 1762 1144 Quin
1785 1100 1818 1131 &

942 1141 1023 1173 alius
1052 1139 1175 1180 Angliae
1202 1140 1364 1181 Legatus,
1402 1141 1520 1178 etiam,
1554 1140 1640 1181 quod
1660 1140 1819 1182 indignius

943 1190 1033 1220 erat,
1054 1182 1135 1222 apud
1156 1180 1239 1223 ipsos
1256 1182 1390 1213 Ordines
1409 1180 1641 1221 Gener-aies,se
1655 1181 1721 1214 illis
1733 1192 1818 1214 exae-

943 1223 1076 1266 quavit‚
1099 1221 1179 1264 juste
1202 1223 1436 1264 indignantibus
1462 1232 1630 1264 propterea
1645 1223 1818 1256 Ordinibus

943 1276 975 1303 9.
998 1264 1088 1296 Febr.
1118 1268 1207 1305 1665.
1233 1265 1301 1306 (4).
1349 1264 1434 1296 Inter
1451 1263 1625 1308 Dynastam
1642 1264 1819 1308 Orangium

946 1308 977 1339 ὅτ.
1001 1305 1158 1347 Legatum
1188 1305 1329 1338 Franciae
1354 1306 1395 1338 sae
1420 1316 1437 1338 e
1462 1316 1587 1348 quoque
1611 1307 1750 1339 rixatum
1772 1305 1818 1338 est

944 1349 984 1380 de
1000 1347 1209 1389 praerogativa
1222 1347 1341 1380 ordinis
1355 1347 1393 1389 (5
1418 1373 1425 1380 .
1470 1348 1531 1381 Sed
1554 1358 1698 1390 magnam
1725 1349 1822 1381 ratio-

945 1399 1018 1422 nem
1037 1389 1152 1428 habet,
1176 1398 1211 1422 ut
1229 1389 1647 1431 Legatus‚quantaecunque
1663 1389 1701 1422 fit
1716 1390 1818 1432 digni-

947 1432 1039 1470 tatis,
1064 1431 1155 1462 cedat
1170 1431 1309 1471 Principi
1330 1431 1496 1504 piraesenti,
1521 1431 1575 1472 qui
1600 1431 1692 1472 plane
1708 1431 1752 1464 sui
1772 1432 1819 1472 Ju-

946 1473 989 1505 ris
1014 1471 1079 1511 est,
1110 1472 1140 1504 81
1166 1472 1238 1504 inde
1260 1472 1338 1504 Elec
1354 1482 1425 1504 ores
1447 1472 1619 1514 praesentes
1643 1472 1821 1506 absentium

946 1514 1076 1556 Legatis
1114 1513 1305 1546 raeferuntur
1329 1523 1369 1546 ex
1393 1514 1502 1547 Caroli
1524 1514 1580 1547 IV.
1605 1514 1709 1546 Aurea
1729 1515 1820 1547 Bulla

947 1556 982 1588 T.
1002 1555 1070 1588 XX
1106 1581 1113 1588 .
1132 1556 1162 1588 ὅ(
1181 1555 1253 1588 inde
1268 1565 1331 1597 quo
1354 1566 1393 1588 ue
1411 1557 1443 1588 in
1460 1555 1611 1588 Comitiis
1629 1555 1818 1589 Nor-imber-

943 1597 1087 1639 genfibus
1110 1607 1193 1629 anno
1213 1607 1304 1638 1542.
1361 1598 1439 1630 aroli
1462 1598 1503 1630 V.
1527 1598 1731 1639 Imperatoris
1757 1597 1818 1630 Le-

943 1639 1024 1680 gatis
1046 1638 1260 1671 Ferdinandus
1283 1638 1423 1671 Austrius
1441 1639 1591 1680 praelatus
1614 1648 1820 1672 memoratur.

943 1680 1013 1722 (6).
1043 1680 1191 1721 Princeps
1209 1680 1305 1712 etiam
1322 1679 1353 1711 N
1358 1681 1568 1722 ieuburgeniis
1588 1680 1709 1723 Legato
1724 1682 1818 1714 Bran-

942 1723 1118 1764 deburgico
1143 1721 1336 1763 antepositus
1363 1721 1409 1754 est
1437 1731 1518 1754 anno
1546 1726 1636 1759 1629.
1662 1722 1731 1764 (7).
1777 1722 1820 1755 Et

942 1764 1031 1803 sane,
1056 1763 1078 1796 11
1098 1763 1252 1805 Legatum
1274 1764 1468 1796 mandatario
1494 1773 1678 1805 compares,
1699 1773 1736 1796 ut
1760 1774 1819 1806 po-

944 1814 992 1839 tes
1016 1806 1046 1838 &
1068 1805 1163 1838 debes
1182 1829 1192 1844 ‚
1224 1805 1294 1846 quis
1323 1804 1478 1846 Nobilis,
1510 1806 1625 1838 nedum
1650 1805 1820 1848 Princeps,

942 1847 1155 1886 mandatari0‚
1177 1846 1266 1879 forte
1284 1846 1451 1886 viliffimo,
1474 1848 1590 1889 primas
1613 1847 1720 1887 dabit,
1745 1848 1819 1889 quia

942 1889 996 1921 1116
1015 1899 1032 1920 a
1051 1888 1215 1930 Principe,
1240 1887 1328 1921 forte
1352 1889 1492 1932 maiore,
1514 1888 1695 1921 mandatum
1722 1889 1822 1922 habet

942 1931 994 1963 vel
1018 1931 1056 1962 ad
1076 1931 1205 1972 negotia
1224 1931 1276 1963 vel
1298 1931 1336 1962 ad
1361 1931 1456 1962 lites?
1478 1929 1613 1970 Rursus,
1638 1930 1660 1962 11
1684 1930 1818 1972 legatio-

942 1982 1016 2004 nem
1056 1981 1238 2014 comparare
1266 1972 1389 2013 placeat
1426 1971 1581 2004 locationi
1610 1972 1819 2007 conductioni

942 2023 1107 2055 operarum
1118 2037 1128 2053 ,
1141 2013 1211 2054 quis
1226 2014 1360 2045 eundem
1370 2013 1523 2046 honorem
1531 2012 1654 2046 famulo
1665 2014 1818 2048 exhiben-

941 2055 1016 2087 dum
1048 2054 1229 2095 judicabit,
1257 2056 1310 2096 qui
1336 2055 1506 2087 exhibetur
1532 2055 1666 2087 domino
1683 2055 1699 2087 .9
1730 2056 1819 2088 Abfit

940 2097 1189 2138 comparationis
1204 2097 1325 2133 invidia
1337 2119 1344 2133 .
1359 2106 1462 2138 neque
1476 2096 1560 2128 enim
1579 2095 1642 2135 est;
1653 2097 1735 2129 unde
1751 2097 1816 2130 effi-

941 2139 1026 2177 cias,
1059 2147 1218 2180 quemque
1240 2138 1392 2171 famulum
1414 2138 1580 2171 dominum
1604 2138 1689 2172 suum
1713 2139 1817 2172 minus

942 2178 1185 2221 repraesentare‚
1210 2189 1302 2221 quam
1324 2179 1498 2221 Legatum,
1514 2189 1531 2211 a
1549 2189 1613 2221 quo
1630 2179 1737 2212 miss'us
1751 2180 1816 2221 est,

942 2222 1122 2262 Principem
1143 2220 1242 2254 suurn.
1288 2220 1506 2254 Dominorum
1530 2221 1666 2263 dignitas
1690 2221 1819 2255 famulis

942 2264 1026 2295 inter
1046 2263 1078 2296 se
1097 2263 1204 2295 10611111
1220 2263 1379 2305 potiorem
1402 2263 1508 2302 dabit,
1532 2262 1585 2295 sed
1602 2263 1685 2294 inter
1713 2263 1815 2296 domi-

941 2315 1018 2337 num
1041 2306 1072 2338 δε
1095 2305 1225 2337 alterius
1247 2304 1369 2337 domini
1384 2327 1397 2344 ,
1419 2305 1516 2337 etiarn
1541 2304 1688 2345 majoris,
1711 2304 1814 2337 famu-

940 2347 1007 2379 lum
1023 2346 1110 2379 nulla
1132 2347 1243 2388 utique
1257 2345 1304 2378 est
1318 2347 1525 2388 comparatio.

984 2387 1080 2420 Plane
1109 2387 1163 2420 ubi
1186 2388 1379 2421 ordinarium
1409 2388 1565 2429 quoddam
1598 2388 1645 2421 est
1677 2387 1815 2430 ipsorum

940 2429 1124 2471 Principum
1149 2429 1347 2472 Collegium,
1372 2430 1458 2470 ejus,
1482 2430 1539 2471 qui
1564 2429 1666 2469 abest,
1721 2439 1811 2462 rocu-
1847 2434 1850 2439 “

940 2479 1026 2503 rator
1059 2470 1193 2503 eundem
1216 2494 1228 2510 ,
1268 2480 1361 2512 quem
1397 2470 1463 2511 ipse
1494 2471 1630 2511 praesens
1660 2470 1699 2502 ha
1722 2480 1813 2512 eret,

942 2512 1083 2544 tuebitur
1100 2512 1221 2544 10611111.
1266 2511 1445 2544 Secundum
1469 2511 1538 2544 haec
1562 2521 1628 2545 non
1647 2512 1742 2544 alium
1761 2513 1813 2545 ha-

939 2553 1051 2585 berent
1066 2554 1174 2586 locum
1190 2553 1247 2594 ipsi
1262 2553 1502 2585 Provinciarum
1520 2553 1676 2593 Ordines,
1701 2554 1733 2586 in
1753 2554 1813 2586 Or-

939 2595 1048 2627 dinum
1079 2593 1285 2627 Generalium
1320 2593 1473 2627 Comitiis
1500 2594 1691 2637 praesentes,
1720 2605 1812 2636 quam

940 2646 1023 2668 nunc
1039 2636 1156 2668 habent
1170 2646 1279 2668 eorum
1296 2634 1446 2677 Delegati
1466 2636 1549 2668 inter
1573 2644 1699 2669 ceteros
1713 2636 1812 2669 Deie-

938 2685 1048 2719 gatos,
1077 2685 1171 2719 atque
1197 2679 1241 2710 ita
1263 2676 1381 2709 Gelriae
1412 2677 1560 2720 Delegati
1596 2678 1812 2719 praecederent

937 2718 1022 2759 ipsos
1043 2719 1179 2752 Ordines
1205 2719 1410 2758 Hollandiae‚
1443 2718 1466 2751 fi
1489 2720 1630 2751 comitiis
1654 2720 1812 2751 Ordinum

937 2760 1141 2793 Generalium
1163 2760 1310 2793 interess'e
1326 2761 1460 2793 vellent.
1503 2761 1558 2793 Sic
1583 2762 1614 2792 ὅ(
1636 2767 1722 2792 totus
1754 2761 1810 2793 ali-

937 2803 1027 2843 cuius
1043 2802 1139 2835 Urbis
1165 2801 1393 2843 Magistratus,
1417 2801 1457 2842 fi,
1480 2801 1656 2874 utipotesh
1681 2802 1726 2833 ita
1743 2803 1811 2834 vel-

938 2845 986 2876 let
1014 2843 1115 2876 adeffe
1140 2843 1291 2886 Collegio
1319 2843 1476 2876 Ordinum
1507 2842 1711 2882 Iollandiae‚
1743 2853 1809 2877 non

939 2885 1036 2918 alium
1059 2885 1106 2917 ibi
1131 2886 1239 2919 locum
1261 2893 1456 2926 occuparet,
1485 2893 1578 2925 quam
1603 2893 1688 2916 nunc
1715 2893 1812 2917 occu-

1734 2935 1812 2967 pant

941 2994 1026 3024 Adde
1050 2994 1076 3023 &
1095 2993 1212 3023 Amelot
1235 2993 1270 3022 de
1292 2992 1318 3021 la
1340 2990 1484 3029 Houffaye
1504 2991 1568 3020 dans
1582 2989 1627 3030 ses
1648 2989 1806 3025 Memno-es,

941 3035 1019 3063 verbo
1032 3032 1248 3062 Ambaffadeurs
1268 3041 1296 3068 p.
1311 3039 1348 3059 rn.
1369 3033 1414 3060 81.
1434 3030 1461 3059 &
1482 3032 1528 3059 82.

981 3071 1042 3108 (6)
1062 3068 1432 3108 ApudJac.Gothofredum
1446 3068 1476 3096 de
1485 3067 1560 3107 Jure
1572 3067 1680 3105 praeced.
1701 3069 1776 3097 Part.
1787 3069 1809 3097 1.

943 3111 976 3140 C.
995 3118 1021 3145 7.
1044 3118 1072 3138 n.
1083 3116 1128 3144 47.
1143 3110 1171 3137 in
1179 3109 1283 3140 Notis,
1304 3106 1330 3135 ἃ
1346 3106 1421 3143 apud
1438 3106 1606 3136 Zoucheum
1622 3107 1652 3135 de
1667 3106 1742 3146 Jure
1762 3106 1808 3136 Fe-

939 3150 1001 3178 cial.
1017 3148 1091 3176 Part.
1106 3148 1144 3175 11.
1166 3146 1238 3176 Seft.
1252 3154 1280 3180 4.
1295 3145 1332 3183 Q.
1351 3153 1380 3180 4.

980 3185 1041 3224 (7)
1060 3185 1191 3216 Aitzema
1208 3183 1246 3214 L.
1262 3183 1353 3213 XLV.
1375 3192 1402 3221 p.
1419 3190 1482 3219 159.
