2008 3436
179 126 246 167 448
422 117 820 156 CORNELII

176 201 310 243 'legatarii
322 201 489 240 pertineat,
511 208 565 241 per
581 199 660 231 hanc
682 195 954 238 transpositionem
968 193 1036 224 &e-

179 242 411 273 mendationem
429 266 439 281 ,
471 247 503 272 ut
520 242 648 282 legatum
668 250 724 271 non
748 237 899 270 retineat?
923 235 1036 279 alteru-

181 290 260 314 tram
274 283 484 323 conjecturam
505 285 600 315 velim
616 283 692 314 inihi
712 280 866 322 paulisper
880 274 1010 308 concedi
1027 297 1036 312 ,

179 324 281 355 donec
297 324 336 355 de
353 333 386 354 re
404 323 467 366 ipsa
485 325 664 355 viderimus.

221 364 265 396 Et
289 365 415 406 quidem
440 366 471 397 in
494 367 630 397 animum
660 363 805 395 inducere
825 368 930 391 meum
961 366 1039 401 nun*

179 415 270 446 quam
292 407 403 447 potui,
427 416 461 438 ea
477 407 581 438 omnia
596 405 687 437 fuiffe
703 405 800 443 legata
822 410 922 447 poenae
941 406 1040 443 nonu-

177 456 236 486 ne,
268 457 337 488 quae
367 447 465 488 vulgo
487 448 669 488 simpliciter
688 446 717 475 ὅ(
734 441 908 487 indistinete
926 449 966 484 eo
982 438 1039 484 ἶ]-

180 488 250 519 tulo
270 488 555 527 circumferuntur,
580 488 654 528 quin
672 494 730 517 nec
746 494 781 515 ea
800 491 905 527 omnia
921 479 1013 511 fuisse
1028 501 1038 516 ,

177 539 249 570 quae
267 528 473 569 Justinianus,
494 529 630 567 exempli
647 525 757 563 causa,
772 524 952 564 simpliciter
964 528 1038 560 quo-

180 580 242 610 que
261 571 291 602 ἃ
312 569 487 601 indistinete
503 570 612 601 attulit
629 569 659 599 in
683 568 710 598 d.
728 567 757 607 §.
774 565 829 597 ult.
847 561 919 603 Infl.
937 563 969 592 cie
984 560 1041 591 Le-

179 618 242 653 gat.
289 611 407 643 Videor
426 611 518 642 etiam
537 610 801 645 animadvertere,
826 606 855 637 ἅ
871 604 1040 644 Imperato-

180 662 246 684 rem
275 653 307 683 in
339 653 366 682 [l.
391 651 418 691 §.
441 652 496 683 uit.
531 652 561 683 δε
589 649 673 690 ipsos
690 656 812 680 veteres
826 645 942 686 JCtos,
967 651 1039 674 cum

177 694 216 725 de
233 693 281 724 his
298 693 408 733 legatis
430 691 529 724 sermo
546 691 678 729 incidit,
703 699 765 721 non
788 687 848 719 effe
866 687 992 730 locutos
1007 692 1040 713 o-

180 744 215 765 re
239 734 377 764 rotundo
393 756 403 772 ,
446 732 496 765 sed
520 731 738 764 dubitabundo
762 728 828 776 fere
856 728 886 758 δε
905 732 1039 770 incerto.

178 775 355 815 Imperator
374 773 484 815 utique
500 775 530 806 in
554 776 580 805 d.
606 773 634 814 §.
654 773 707 804 att.
731 771 768 802 ad
793 779 859 809 ejus
879 765 1040 813 legati-de·-

179 816 357 847 finitionem
379 816 500 848 accedit
528 815 672 846 oratione
687 811 829 853 suspensa
848 807 992 857 nonnihil
1012 808 1042 837 ot

182 857 345 897 ambigua,
363 862 467 897 paenae,
493 857 614 897 inquit,
638 856 750 886 nomine
765 854 859 894 legari
873 855 1042 894 VIDIJJrUR3

182 898 268 939 quod
285 897 437 936 verbum,
460 898 531 939 quia
549 898 578 929 &
604 895 804 936 Theophilus
828 891 975 936 ser-ravit.
1000 898 1040 915 m-

181 941 315 976 νατεόεοῗς
343 940 438 979 δοκεῖ,
469 948 533 971 rem
560 948 623 969 non
648 946 744 977 usque
770 935 849 966 adeo
876 930 1041 972 liquidam,

181 984 218 1012 ut
236 980 317 1022 saepe
336 980 429 1020 alias,
453 980 505 1012 hie
530 988 615 1011 certe
632 977 803 1019 significare
817 974 961 1018 videtur,
983 979 1044 1016 ina-

179 1025 267 1054 xime
293 1027 389 1062 quum
414 1022 493 1053 illud
516 1020 687 1062 protulerit
704 1027 767 1050 non
786 1013 935 1061 modestia
949 1012 1044 1059 ahcu-

181 1064 230 1104 jus
255 1063 330 1095 SCti
347 1086 356 1102 ,
388 1061 439 1094 sed
460 1061 616 1102 Principis
646 1069 732 1098 vox,
754 1058 822 1090 fere
839 1056 978 1102 ahoquin
995 1052 1045 1083 de-

183 1104 331 1136 cretoria.
376 1104 412 1135 In
435 1103 595 1135 Pandettis
619 1100 674 1133 sub
704 1100 801 1132 Titalo
818 1122 827 1137 ‚
860 1098 892 1128 de
910 1095 971 1128 st
987 1103 1045 1134 qnae

179 1152 270 1187 poenae
286 1145 371 1186 cansa
388 1145 610 1186 relinquuntur,
643 1152 705 1175 non
730 1140 785 1173 nisi
803 1139 866 1170 duo
882 1134 1045 1178 supersunt

183 1186 371 1228 Fragmenta
387 1193 530 1217 veterum
544 1183 696 1225 JCtorum
714 1182 751 1213 de
769 1181 832 1227 hoc
849 1187 945 1219 genus
966 1177 1045 1215 lega-

184 1227 248 1266 tis,
270 1236 405 1268 quorum
422 1227 555 1258 alterum
573 1224 618 1256 est
635 1223 783 1267 Africam
808 1230 839 1251 in
864 1220 884 1250 l.
910 1228 945 1263 ι..
961 1215 1044 1257 quod

184 1269 325 1310 legatum
342 1278 443 1309 poenae
460 1267 587 1299 nomine
602 1274 675 1296 vere
692 1263 801 1295 defimt
810 1283 821 1299 ,
847 1268 883 1291 ut
898 1259 1045 1304 deinceps

183 1310 276 1352 plena
299 1319 393 1340 manu
419 1308 519 1339 dicam
538 1329 549 1344 ,
580 1307 712 1337 alterum
742 1312 818 1333 vero
835 1301 990 1332 Marciani
1014 1307 1046 1343 in

185 1351 208 1383 l.
225 1361 253 1382 2.
289 1350 373 1391 quod
393 1347 495 1380 rursus
522 1356 635 1388 vagum
647 1370 656 1385 ,
680 1346 709 1377 ἃ
728 1354 767 1375 ex
784 1341 907 1383 tripode
926 1338 1045 1380 Apolli-

184 1392 234 1424 nis
249 1391 355 1432 potius
366 1412 378 1428 ,
400 1398 491 1430 quam
512 1397 552 1419 ex
568 1387 683 1419 Schola
698 1385 851 1430 JCtorum
869 1380 1047 1427 profeCfflm

184 1433 321 1469 dixeris,
355 1439 426 1462 nam
448 1438 523 1460 ecce
551 1428 751 1465 Marcianus,
776 1424 853 1457 nihil
873 1430 951 1454 certi
972 1420 1046 1452 defi-

185 1474 294 1511 niens,
318 1472 348 1503 &
365 1471 515 1513 quicquid
532 1470 598 1510 eJ'us
624 1469 668 1501 rei
696 1478 737 1499 ex
754 1466 921 1513 voluntate
936 1461 1046 1494 defun-

187 1514 229 1545 ffi
253 1512 463 1545 arcessendum
489 1520 575 1543 ratus
592 1533 603 1549 ,
633 1511 677 1542 ita
700 1509 743 1541 ibi
772 1507 860 1540 infit:
885 1506 1007 1539 Poenam
1029 1514 1048 1535 a

185 1556 348 1586 conditione
365 1554 500 1585 voluntas
516 1550 660 1593 testatoris
670 1551 811 1593 separat,
837 1547 873 1583 &³
889 1557 928 1578 an
942 1552 1046 1587 poena,

185 1601 226 1627 an
253 1597 379 1627 conditio
398 1619 408 1635 ,
441 1605 479 1626 an
505 1594 660 1626 translatio
680 1593 751 1632 fit,
784 1600 820 1622 ex
833 1590 983 1622 ‘oolizntate
1000 1588 1047 1634 de*

180 1636 284 1680 funfti
310 1642 441 1678 apparet.
486 1635 574 1677 quue
599 1634 679 1667 Divi
705 1635 827 1665 Severus
853 1630 888 1665 &³
918 1629 1047 1661 Antoni-

184 1688 239 1711 nus
265 1677 478 1750 {scripserant
524 1677 610 1709 Scire
636 1676 754 1714 velim,
778 1682 814 1706 ex
829 1683 885 1714 qna
900 1671 1049 1702 voluntate

186 1720 277 1760 desim
308 1719 344 1751 i‘?
370 1719 400 1751 ἃ
417 1717 678 1760 quemadmodum
698 1716 767 1748 haec
783 1713 968 1759 explicanda
985 1712 1021 1743 fit
1038 1735 1048 1751 ‚

185 1768 224 1793 ut
242 1760 294 1792 vel
311 1769 455 1802 poenam,
479 1759 531 1791 vel
547 1758 763 1791 conditionem
780 1757 885 1798 legato
898 1753 1050 1804 *adJectam

186 1801 363 1845 putemus?
386 1802 466 1833 nihil
481 1801 618 1832 extricat
636 1799 720 1841 ipse,
744 1808 802 1831 nec
822 1802 980 1828 extricant
1003 1803 1051 1826 m-

187 1842 372 1876 stitutiones
388 1843 420 1874 in
438 1842 623 1874 definitione
637 1840 703 1881 ejus
720 1839 815 1882 legati
831 1862 843 1878 ,
863 1847 954 1884 quarn
972 1846 1050 1877 prae-

187 1884 311 1926 scripfi,
335 1883 515 1925 fimpliciter
540 1883 602 1914 illae
632 1883 738 1922 ajunt,
757 1887 847 1922 poenae
862 1887 991 1911 nomme
1009 1878 1050 1925 le-

190 1933 298 1967 gaturn
315 1925 436 1964 videri,
459 1925 532 1966 qaod
556 1924 704 1955 coercendi
731 1923 848 1954 haereclis
864 1920 949 1962 eausa
963 1919 1051 1950 relzn-

189 1971 192 1974 ·
209 1967 308 2005 uitur,
331 1977 383 2008 quo
397 1968 492 2008 magis
517 1965 630 2006 aliquid
642 1964 747 2004 faciat
760 1986 771 2003 ,
801 1969 853 1995 aut
870 1971 928 1993 non
936 1961 1049 2001 faciat.

188 1977 296 2048 gitque
317 2008 361 2038 ita
388 2007 569 2048 simpliciter
591 2005 744 2046 Ulpianus
757 2028 767 2044 ‚
790 2004 845 2036 nifi
864 2003 949 2044 quod
966 2002 1049 2034 clau-

190 2047 290 2080 sulam
314 2047 400 2079 illam
424 2048 525 2079 dubiae
550 2046 710 2079 Lectionis
741 2045 891 2086 adiecerit
907 2067 917 2083 ,
947 2053 1004 2074 non
1018 2048 1051 2074 ut

191 2089 322 2132 legatum
333 2090 492 2129 pertineat.
538 2087 612 2119 Vidi
631 2087 838 2128 Interpretes,
863 2086 914 2126 qui
932 2083 1049 2130 Tribo-

189 2131 316 2162 nianum
337 2130 538 2169 notaverint,
561 2128 645 2169 quod
663 2128 749 2160 illam
764 2126 932 2161 clausulam
949 2135 979 2157 in
1001 2124 1048 2156 In-

190 2171 409 2206 stitutionibus
426 2169 585 2207 omiserit,
615 2168 666 2200 sed
680 2192 689 2207 ,
722 2168 744 2201 fi
762 2178 824 2200 non
843 2167 964 2209 planius
982 2175 1049 2207 per-

190 2211 354 2253 scripsisset
372 2234 382 2251 ,
413 2221 473 2253 ego
503 2210 600 2242 facile
624 2211 728 2250 patior
751 2209 852 2242 abess'e
868 2232 878 2248 ,
905 2216 1005 2249 neque
1024 2216 1053 2237 e-

191 2254 257 2285 nim
272 2252 318 2284 est
338 2275 348 2291 ‚
381 2261 416 2284 ut
434 2262 498 2284 non
524 2252 687 2283 emendata
704 2251 766 2283 hoc
782 2258 998 2292 argumentum
1015 2249 1052 2280 il-

192 2293 322 2326 lustrare
346 2293 447 2335 poflit.

234 2334 290 2367 Est
307 2335 338 2366 in
356 2342 488 2376 utraque
503 2333 687 2367 definitione
698 2358 708 2374 ,
731 2336 802 2377 quod
818 2333 965 2366 cot’rcendz'
982 2341 1051 2364 HAE-

194 2385 299 2409 REDIS-
322 2376 407 2418 causa
435 2377 631 2418 relinquitur,
666 2377 696 2408 &
718 2376 869 2416 intelligis
885 2384 924 2406 ex
941 2383 1001 2412 eo,
1023 2374 1052 2405 ὅ(

195 2427 236 2448 ex
252 2417 381 2457 reliquis
396 2418 425 2448 h.
443 2417 472 2458 ᾗ.
488 2419 544 2449 ult.
567 2419 604 2449 ad
623 2418 802 2458 exemplum
819 2417 968 2458 Ulpiani,
991 2423 1054 2446 non

194 2459 242 2499 agi
265 2457 320 2489 nifi
347 2457 385 2488 de
412 2467 502 2498 poena
517 2483 526 2497 ‚
559 2460 662 2490 haerecti
685 2458 859 2499 adscripta,
890 2465 925 2488 ut
943 2464 1055 2496 nempe

195 2500 334 2541 legatum
353 2498 474 2530 nullum
492 2499 547 2538 sit,
572 2499 593 2531 fi
605 2500 671 2540 ejus
688 2499 856 2531 coercendi
872 2508 948 2539 ergo
965 2496 1054 2530 testa-

195 2547 248 2572 tor
263 2539 337 2580 quid
353 2539 491 2579 jusserit,
512 2540 564 2571 vel
583 2539 767 2579 face1·e‚vel
785 2540 943 2571 omittere.
969 2537 1057 2585 Quid

196 2585 273 2623 ergo
297 2579 319 2612 fi
344 2580 520 2620 legatario,
552 2581 604 2611 cui
632 2582 772 2622 legatur,
797 2581 849 2611 vel
868 2591 885 2611 a
900 2590 962 2621 quo
978 2580 1057 2620 lega-

195 2629 266 2661 tur,
298 2619 428 2652 testator
456 2621 671 2652 conditionem
704 2621 857 2661 poenalem
892 2620 1057 2661 adscripse-

197 2663 269 2695 rit?
292 2661 404 2703 procul
432 2661 529 2692 dubio
555 2671 654 2702 neque
670 2662 700 2693 id
717 2662 828 2699 licuit,
851 2662 880 2693 ὅ(
903 2662 974 2701 quia
993 2672 1057 2694 non

197 2704 308 2742 licuit,
333 2703 365 2734 id
383 2712 422 2734 ex
442 2702 493 2734 sua
509 2701 748 2734 Constitutione
773 2703 868 2733 licere
882 2702 988 2733 voluit
1005 2703 1056 2742 Ju-

197 2744 345 2777 stinianus
372 2743 404 2775 in
430 2743 449 2774 l.
479 2754 529 2775 un.
559 2744 590 2775 C.
614 2745 647 2774 de
676 2743 736 2774 His
754 2753 812 2784 quae
825 2749 900 2783 paen.
921 2752 994 2774 nom.
1013 2754 1056 2774 re·

197 2787 268 2827 linq.
294 2784 464 2816 statuendae
489 2794 591 2824 poenae
618 2783 802 2825 potestatem
830 2783 949 2815 faciens
968 2785 1056 2815 tella-

199 2826 322 2858 toribus
337 2849 346 2864 ,
376 2825 404 2865 fi
426 2827 521 2856 minus
543 2824 767 2866 dispositionibus
783 2825 848 2865 ficis
873 2825 958 2856 hares
975 2848 984 2863 ,
1009 2826 1056 2856 vel

197 2875 442 2906 LEGATARIUS,
474 2867 522 2898 vel
550 2875 747 2898 LinERTATE
778 2871 1056 2905 DONA'rUsparue-

200 2910 252 2939 rit.
298 2907 358 2940 Sed
376 2915 496 2945 tamen,
519 2907 602 2948 quod
620 2908 658 2939 ad
680 2906 825 2939 effectum
839 2907 938 2947 juris,
964 2907 1055 2938 inter-

198 2947 290 2980 fuisse
309 2955 436 2990 putem,
461 2948 574 2980 haeredi
587 2972 597 2987 ,
622 2948 685 2980 five
702 2948 851 2989 legatario
867 2970 876 2986 ,
900 2956 925 2978 a=
935 2956 998 2987 quo
1016 2948 1056 2979 le-

199 2989 353 3029 gabatur,
385 2999 422 3021 an
449 2999 526 3020 vero
554 2989 721 3030 legatario,
753 2989 804 3020 cui
823 2988 1002 3029 legabatur,
1028 2998 1057 3019 c-

199 3030 333 3068 jusmodi
356 3039 447 3070 poena
466 3029 564 3061 fuerit
590 3029 760 3071 adscripta,
785 3040 821 3061 an
837 3028 951 3061 frustra
967 3038 1001 3060 ea
1020 3029 1058 3060 de

200 3079 233 3100 re
251 3079 332 3100 nunc
348 3070 569 3111 disputaverim
581 3095 591 3110 ,
616 3071 701 3111 prius
719 3071 801 3103 enim
821 3070 898 3102 scire
917 3078 1058 3111 oportet,

199 3119 268 3150 quae
293 3109 411 3142 fuerint
436 3112 536 3153 legata
560 3121 660 3153 pomae
688 3112 835 3150 nomine,
857 3111 968 3142 deinde
988 3110 1059 3142 satis

199 3149 358 3195 apparebit
376 3174 385 3189 ,
416 3161 478 3184 non
507 3160 628 3185 tantum
653 3162 722 3193 quae
745 3152 841 3184 suerit
869 3151 1058 3193 prohibitio-

197 3199 245 3223 ms
275 3198 357 3222 ratio
373 3213 382 3230 ‚
415 3193 465 3223 sed
501 3194 530 3225 &
560 3203 624 3234 quo
657 3193 769 3225 ellectu
793 3193 850 3225 lint
885 3193 1046 3232 censenda,

896 123 1005 150 VAN

1079 110 1677 147 BYNKERSHOEK

1080 191 1110 223 δέ
1126 190 1211 231 quod
1228 190 1264 221 ad
1283 189 1433 221 haercdem
1447 215 1455 230 ,
1480 191 1508 221 δε
1529 189 1612 228 quod
1628 189 1665 220 ad
1683 189 1873 230 legatarium.

1123 232 1227 263 Auiiin
1245 241 1321 262 vero
1340 231 1460 272 liquido
1476 230 1700 273 pronunciare,
1726 231 1879 261 neminem
1889 229 1936 262 faa

1080 274 1142 304 cile
1168 272 1228 303 ell'e
1255 273 1486 304 intellectui-um
1505 295 1515 310 ‚
1548 280 1617 311 quae
1639 270 1697 303 sint
1716 271 1815 312 legata
1836 280 1935 311 poenae

1080 314 1226 352 nomine,
1251 313 1291 351 si,
1315 321 1349 344 ut
1366 313 1457 344 habet
1485 321 1614 353 utraque
1635 311 1799 350 delinitio,
1824 313 1938 353 fimpliae

1081 357 1160 386 citer
1186 354 1246 385 ell'e
1271 355 1430 393 dicamus,
1464 365 1522 396 quae
1538 355 1685 384 coercendi
1704 354 1841 391 harenis,
1865 352 1941 393 seu,

1081 396 1165 437 quod
1195 396 1274 426 addo
1293 418 1305 434 ,
1334 396 1472 436 legatarii
1499 396 1583 435 causa
1606 395 1809 435 relinqumztur
1832 417 1842 433 ,
1873 393 1938 426 five

1081 445 1271 478 praeceptum
1303 435 1458 475 faciendi,
1495 437 1557 468 ssve
1576 445 1639 467 non
1656 435 1811 473 faciendi,
1837 434 1951 473 conti·-

1081 485 1184 509 neant.
1229 477 1277 508 An
1297 487 1360 508 non
1380 480 1481 509 omnis
1500 476 1643 508 conditio
1656 501 1666 515 ,
1689 487 1760 517 qua:
1777 474 1939 508 nonafor-

1082 528 1173 557 tuna,
1205 517 1255 549 sed
1279 518 1316 548 ab
1345 519 1474 550 haeredis
1494 518 1673 558 legatariive
1692 518 1846 558 potestate
1863 526 1937 557 pen-

1081 560 1151 597 det,
1177 569 1246 590 eum
1272 559 1359 599 jubet
1386 559 1501 599 aliquid
1526 560 1629 590 facere
1654 559 1705 589 vel
1722 568 1784 590 non
1805 557 1910 589 facere
1925 578 1938 599 ,

1083 601 1261 641 prinsquam
1289 599 1468 635 haereditate
1495 601 1546 631 vel
1574 600 1677 640 legato
1702 600 1876 641 potiatur?
1901 609 1940 632 an

1081 651 1146 673 non
1179 650 1214 671 ea
1238 640 1326 680 juffio
1356 641 1484 671 haeredis
1516 641 1697 681 legatariive
1732 641 1908 672 libertatem
1929 663 1941 679 ,

1082 681 1234 723 quicquid
1255 681 1422 720 voluerit,
1452 681 1586 712 faciendi
1613 683 1662 712 vel
1689 691 1751 713 non
1784 681 1942 721 faciendi,

1085 722 1242 754 coercet?
1265 722 1343 753 nihil
1359 722 1455 763 igitur
1470 721 1611 753 intererit
1629 723 1710 753 inter
1724 723 1939 754 conditionem

1085 765 1114 796 ἃ
1130 772 1273 804 poenam,
1298 763 1327 794 δι
1344 763 1481 803 nunquid
1501 763 1588 801 haec,
1617 773 1654 794 an
1683 764 1735 794 illa
1751 763 1941 796 adscribatur

1085 805 1200 837 haeredi
1229 804 1451 845 legatariove?
1483 804 1580 844 quia,
1615 804 1764 845 quicquid
1787 805 1843 843 sit,
1874 805 1942 845 ejus

1084 845 1230 887 puniendi
1256 845 1355 886 gratia
1382 845 1535 884 adjicitur.
1591 845 1697 883 Abiit,
1734 853 1770 877 ut
1787 844 1941 886 Jurispru-

1084 887 1221 918 dentiam
1237 886 1395 926 antiquam
1416 886 1592 918 deridiculo
1602 895 1794 926 exponamus
1806 909 1817 924 ‚
1833 887 1863 918 ὅτ,
1876 895 1945 918 cre⁴

1085 929 1209 965 damus,
1245 927 1425 968 {impliciter
1451 937 1560 959 verum
1586 927 1664 966 effe,
1697 937 1799 968 poenae
1817 927 1946 959 nomine

1086 969 1197 1010 legari,
1223 967 1275 999 ubi
1294 968 1362 1008 quis
1383 971 1568 1007 coercetur,
1599 969 1701 1000 addita
1722 969 1790 1010 lege
1808 967 1945 1001 faciendi

1086 1010 1136 1041 vel
1162 1019 1224 1041 non
1250 1008 1383 1040 faciendi
1406 1019 1415 1048 ;
1439 1009 1500 1040 hoc
1515 1010 1598 1041 enim
1618 1010 1638 1041 fi
1655 1010 1815 1050 placeret,
1837 1009 1947 1041 condi-

1088 1052 1210 1082 tionum
1228 1059 1336 1091 magna
1351 1059 1420 1090 pars
1437 1059 1476 1081 eo
1493 1050 1560 1091 ipso
1576 1050 1744 1089 deficeret,
1767 1049 1819 1082 seu
1838 1050 1946 1092 potius

1087 1101 1196 1123 omnes
1221 1091 1419 1122 conditiones
1438 1115 1447 1130 ,
1481 1101 1549 1132 quae
1571 1101 1588 1123 a
1609 1101 1697 1123 mero
1725 1091 1858 1123 arbitrio
1894 1101 1946 1124 en-

1086 1133 1180 1171 dent,
1205 1142 1243 1163 eo
1260 1131 1326 1172 ipso
1345 1131 1531 1163 haberentur
1545 1142 1601 1173 pro
1620 1142 1683 1164 non
1705 1132 1837 1174 scriptis.
1861 1100 1948 1176 {aaa

1087 1180 1216 1214 propter
1240 1180 1419 1213 opportune
1441 1173 1555 1213 quaerit
1579 1173 1649 1205 Azo
1678 1174 1834 1205 Commeat.
1862 1176 1899 1206 ad
1914 1174 1945 1206 d.

1087 1215 1106 1245 l.
1138 1223 1186 1244 un.
1220 1213 1251 1244 C.
1276 1215 1309 1243 cle
1337 1212 1397 1243 His
1425 1223 1484 1254 quae
1495 1219 1572 1253 paen.
1596 1224 1671 1260 nom,
1694 1215 1796 1256 relinq.
1822 1215 1853 1246 in
1881 1224 1948 1256 quo

1087 1253 1234 1285 differant
1260 1253 1314 1284 illa
1331 1276 1341 1291 ,
1374 1263 1443 1294 quae
1461 1263 1561 1294 poenae
1583 1264 1711 1286 nomme
1729 1254 1798 1286 sunt
1813 1255 1920 1288 relicta
1933 1278 1947 1296 ,
1996 1264 2005 1275 ⁵

1088 1304 1105 1326 a
1123 1295 1329 1326 conditionali
1356 1295 1490 1336 legato?
1528 1296 1628 1334 Certe,
1658 1296 1778 1337 inquit,
1803 1295 1950 1337 salumin

1087 1337 1238 1367 voluntate
1263 1335 1407 1375 testatoris
1418 1358 1429 1374 ,
1458 1335 1487 1374 fi
1503 1339 1579 1368 enim
1596 1338 1698 1375 addit,
1723 1346 1848 1369 POENAE
1865 1346 1950 1370 cAud

1089 1387 1126 1409 sA
1139 1400 1151 1416 ,
1182 1383 1250 1408 tunc
1275 1378 1330 1407 erit
1351 1377 1487 1417 poenale,
1513 1376 1542 1417 fi
1559 1388 1639 1416 non,
1662 1378 1877 1417 conditionale,
1899 1377 1951 1411 ada

1087 1419 1179 1450 duda
1206 1418 1237 1449 in
1260 1427 1327 1449 eam
1351 1428 1416 1449 rem
1447 1420 1474 1450 d.
1509 1420 1530 1451 l.
1551 1429 1581 1451 ς’..
1596 1420 1637 1462 ff.
1660 1421 1693 1451 de
1717 1419 1778 1451 His
1798 1429 1856 1461 qnae
1871 1426 1950 1461 poert.⁴

1089 1459 1165 1501 cans.
1192 1459 1295 1501 relinq.
1340 1459 1496 1491 Potuiss'et
1519 1461 1647 1500 addere,
1679 1461 1805 1504 expreffa
1822 1470 1920 1492 nocere
1936 1482 1952 1502 ,

1090 1511 1147 1532 non
1167 1501 1291 1543 expreffiz
1316 1510 1372 1531 non
1396 1511 1516 1540 nocere,
1540 1511 1576 1534 ut
1597 1503 1635 1533 de
1651 1502 1836 1534 conditione
1850 1502 1954 1544 palam
2005 1519 2008 1529 z

1090 1543 1142 1574 vel
1165 1542 1261 1573 tacite
1282 1543 1314 1573 in
1333 1543 1461 1574 alterius
1478 1543 1677 1576 voluntatem
1700 1544 1834 1584 collata,
1859 1550 1955 1576 vetus
2001 1544 2008 1579 ,³

1090 1583 1206 1615 dictum
1233 1582 1325 1614 fuisse
1349 1583 1548 1616 Modestinus
1572 1584 1669 1617 refert
1686 1585 1718 1616 in
1742 1586 1762 1617 l.
1784 1595 1836 1626 52.
1855 1584 1894 1627 ff.
1916 1585 1952 1617 de

1095 1626 1207 1660 Condit.
1244 1624 1279 1659 &
1308 1623 1456 1666 demonstr.
1504 1626 1586 1672 Quae
1611 1627 1748 1666 Azonis,
1772 1636 1807 1658 ea
1824 1627 1887 1669 ipsa
1900 1626 1952 1658 vi«

1092 1666 1183 1698 detur
1209 1665 1300 1698 fuiffe
1322 1666 1447 1707 Joannis
1465 1689 1476 1706 ‚
1508 1669 1626 1699 veteris
1653 1668 1855 1710 interpretis,
1887 1666 1955 1700 fen-¹

1092 1708 1215 1746 tentia,
1245 1707 1395 1740 Accurfio
1418 1708 1540 1741 laudata
1566 1710 1603 1740 ad
1631 1711 1659 1742 εἰ.
1688 1709 1715 1752 §.
1744 1710 1799 1742 ult.
1823 1708 1896 1751 Inst.
1917 1710 1952 1741 de

1094 1749 1204 1791 Legat.
1241 1758 1310 1781 nain
1340 1748 1377 1781 ad
1403 1749 1498 1782 verba
1517 1774 1528 1790 ,
1561 1751 1674 1792 aliquid
1687 1751 1810 1792 faciat,
1833 1751 1878 1783 ita
1893 1759 1950 1782 no-

1093 1798 1157 1822 tat:
1181 1792 1252 1831 qnod
1271 1790 1341 1831 fieri
1366 1791 1450 1831 vult,
1467 1792 1628 1833 secundum
1647 1793 1815 1834 Joannem,
1833 1792 1883 1824 hoc
1898 1792 1949 1823 ad-

1089 1831 1185 1874 jetio,
1199 1832 1316 1874 scilicet
1333 1833 1365 1863 in
1380 1838 1496 1872 pomam
1518 1834 1633 1865 haeredis
1645 1834 1680 1876 st
1705 1835 1895 1872 committere,
1917 1843 1951 1865 a«

1093 1875 1148 1905 lias
1166 1874 1206 1915 est
1222 1875 1365 1912 conditio,
1386 1873 1422 1908 δέ)
1440 1875 1529 1906 valet.

1093 1915 1141 1946 bis
1156 1915 1220 1953 est,
1245 1924 1432 1954 caveamus,
1461 1926 1502 1948 ne
1527 1917 1695 1958 postremas
1715 1916 1878 1950 hominum
1895 1924 1952 1947 vo-

1094 1956 1231 1988 luntates
1241 1978 1252 1994 ,
1273 1966 1336 1989 non
1354 1965 1394 1987 ex
1411 1967 1443 1989 re
1459 1957 1543 1998 ipsa,
1568 1967 1676 1989 verum
1693 1966 1733 1989 ex
1751 1957 1816 1989 sola
1832 1956 1952 1989 formw
2001 1991 2008 1993 ,

1095 1998 1124 2029 la
1144 1998 1347 2037 aestimemus,
1378 2007 1458 2030 neve
1477 1998 1592 2031 Tullio
1622 1998 1710 2030 Orat.
1726 2005 1778 2039 pro
1793 1998 1951 2038 Muraena,

1094 2039 1124 2070 ἀ
1141 2038 1233 2077 alibi,
1259 2039 1484 2078 concedamus,
1506 2047 1642 2071 veterem
1662 2040 1953 2081 Jurisprudentiam3

1094 2087 1208 2120 quanta
1228 2089 1342 2120 quanta
1361 2081 1423 2119 est,
1448 2081 1480 2112 in
1497 2080 1642 2112 formulis
1658 2083 1725 2112 fere
1741 2083 1770 2113 dt
1785 2081 1952 2113 verborum
2003 2075 2006 2078 ”

1093 2120 1234 2161 aucupiis
1250 2120 1342 2152 fuisse
1357 2123 1495 2162 politam.
1541 2123 1572 2154 Si
1588 2132 1637 2153 res
1655 2121 1718 2163 ipsa
1743 2122 1882 2161 valeret,
1898 2120 1952 2153 ve}

1093 2171 1156 2194 non
1172 2162 1311 2201 valeret,
1334 2172 1373 2194 ex
1389 2162 1454 2194 sola
1469 2163 1680 2204 conceptione
1696 2163 1884 2202 verborum,
1902 2171 1952 2194 ec-

1095 2203 1163 2244 quis
1183 2204 1365 2236 testatorum
1396 2204 1474 2236 adeo
1504 2205 1628 2245 supinus
1646 2204 1741 2242 effer,
1765 2213 1822 2244 ut,
1844 2205 1877 2237 in
1889 2203 1951 2245 spe·

1095 2246 1145 2275 cie
1172 2245 1329 2286 proposita
1348 2268 1358 2283 ,
1390 2255 1407 2277 a
1430 2245 1534 2277 verbis
1550 2246 1724 2287 poenalibus
1739 2255 1803 2278 non
1821 2245 1952 2278 abuine-

1095 2294 1143 2318 ret
1163 2286 1179 2318 ‘2
1211 2286 1357 2318 Voluntas
1383 2285 1525 2328 testatoris
1546 2311 1555 2326 ,
1587 2287 1625 2318 de
1652 2296 1712 2327 qua
1742 2288 1806 2328 agit
1826 2288 1854 2318 d.
1877 2287 1898 2318 l.
1921 2295 1952 2318 2«

1096 2329 1190 2368 longe
1204 2327 1267 2359 alio
1287 2328 1442 2368 pertinet,
1467 2337 1503 2359 ut
1522 2327 1577 2359 suo
1599 2328 1672 2360 loco
1688 2327 1798 2360 dicam.
1819 2327 1954 2365 Fateor,
1983 2342 1985 2344 ·
2006 2359 2008 2363 ,

1096 2378 1198 2409 neque
1227 2369 1312 2400 enim
1336 2370 1461 2401 diffiteri
1488 2369 1630 2411 possum,
1653 2369 1684 2400 in
1704 2369 1732 2399 d.
1754 2369 1774 2400 b.
1795 2376 1849 2409 52.
1871 2367 1951 2399 ut&

1096 2411 1130 2444 in
1148 2410 1168 2441 l.
1179 2414 1230 2444 68.
1248 2410 1289 2451 ff.
1310 2412 1342 2442 de
1363 2409 1480 2443 Haered.
1501 2409 1593 2451 instit.
1619 2410 1762 2449 distingui
1781 2409 1861 2441 inter
1877 2417 1951 2440 con-

1097 2451 1258 2490 ditiones,
1271 2450 1299 2490 st
1324 2452 1452 2484 ,listovius
1477 2453 1619 2490 voluerit,
1640 2450 1730 2489 &‚fi
1750 2450 1876 2482 Maevfus
1897 2450 1951 2480 Ca-

1093 2493 1229 2534 pitolium
1256 2493 1461 2534 adscenderit,
1489 2501 1523 2523 ut
1549 2500 1624 2532 puta
1649 2492 1715 2522 haec
1744 2491 1846 2522 valeat
1866 2513 1876 2529 ,
1900 2489 1954 2522 illa

1098 2543 1162 2566 non
1180 2533 1276 2572 item,
1292 2533 1354 2572 sed,
1371 2542 1574 2575 praeterquam
1594 2532 1677 2573 quod
1694 2533 1779 2564 nulla
1795 2532 1875 2572 Juris
1890 2530 1952 2563 Ro-

1099 2574 1180 2607 mani
1198 2575 1351 2615 particula
1368 2584 1417 2606 me
1431 2585 1447 2606 a
1462 2583 1559 2616 puero
1583 2573 1678 2614 magis
1694 2573 1836 2605 habuerit
1854 2571 1954 2604 solici-

1100 2624 1187 2654 tum,
1211 2615 1282 2654 vel,
1307 2624 1342 2647 ut
1359 2625 1400 2647 ex
1424 2617 1527 2647 animo
1553 2614 1679 2655 loquar,
1704 2614 1800 2655 magis
1817 2612 1955 2646 offende-

1099 2657 1162 2695 rit,
1191 2665 1283 2696 quam
1309 2656 1363 2688 illa
1381 2681 1391 2696 ,
1422 2657 1510 2696 cujus
1534 2654 1662 2686 solidam
1687 2656 1843 2687 rationem
1859 2660 1954 2687 nemo

1100 2705 1242 2729 veterum
1268 2696 1420 2736 JCtorum
1438 2719 1449 2736 ,
1484 2705 1579 2728 nemo
1604 2697 1813 2738 interpretum
1835 2704 1884 2727 me
1899 2703 1954 2726 un·

1100 2747 1191 2780 quam
1207 2738 1322 2768 docere
1340 2739 1466 2780 potuit,
1490 2737 1568 2769 scire
1587 2737 1699 2776 velim,
1722 2737 1793 2776 ubi,
1816 2735 1898 2778 quod
1914 2735 1954 2781 A:

1099 2788 1140 2810 zo
1159 2780 1187 2810 ὅ(
1202 2778 1333 2818 Joanncs
1351 2779 1562 2816 tradiderunt,
1582 2778 1674 2809 etiam
1692 2779 1842 2810 Auttorcs
1857 2773 1954 2808 nostrl

1101 2819 1309 2851 tradiderint?
1341 2820 1373 2851 Si
1399 2820 1512 2851 diserte
1535 2820 1565 2850 id
1584 2818 1769 2857 scriberent,
1792 2827 1825 2849 ut
1842 2816 1954 2850 diserte

1101 2860 1238 2892 scribunt
1261 2860 1298 2891 de
1324 2860 1561 2892 conditionibus
1587 2860 1732 2901 expressis
1756 2859 1806 2891 vel
1829 2857 1952 2903 tacitiq,

1100 2902 1129 2933 in
1153 2902 1282 2932 alienam
1311 2903 1507 2933 voluntatem
1532 2900 1657 2932 collatis
1674 2923 1685 2940 ,
1709 2898 1910 2932 crederem&
1929 2907 1952 2929 ι·

1099 2942 1151 2984 pse
1167 2941 1336 2983 plcniflima
1361 2942 1422 2976 fide
1444 2965 1454 2980 ,
1484 2943 1645 2983 quamvis,
1667 2951 1736 2982 quae
1758 2951 1823 2973 mea
1838 2939 1952 2971 medio-

1099 2983 1193 3015 critas
1208 2982 1250 3014 est
1265 3006 1275 3021 ‚
1299 2983 1379 3014 ratio
1403 2984 1469 3024 ejus
1492 2983 1569 3023 juris
1586 2993 1636 3014 me
1652 2982 1795 3024 fugeret,
1819 2989 1853 3012 ut
1871 2978 1953 3022 fugit

1100 3025 1130 3056 in
1153 3034 1180 3055 a.
1202 3025 1221 3055 Ι.
1242 3030 1293 3063 52.
1317 3026 1346 3056 ὅ(
1366 3026 1394 3056 d.
1415 3027 1436 3056 t.
1455 3028 1506 3059 68.

1144 3064 1187 3096 Ut
1205 3066 1348 3107 dignitati
1365 3065 1619 3107 jurisprudentiae
1648 3064 1795 3096 Romanae
1815 3059 1953 3107 consula3

1103 3114 1172 3144 tur,
1207 3107 1341 3149 legatum
1366 3117 1467 3148 poenre
1492 3106 1619 3138 nomine
1641 3105 1731 3137 aliter
1761 3105 1953 3144 interpretatu

1102 3147 1170 3179 sunt
1189 3147 1251 3180 alii.
1290 3149 1336 3180 lta
1352 3157 1480 3189 nempe,
1505 3156 1540 3178 ut
1559 3155 1659 3188 poenae
1676 3145 1803 3176 nominc
1820 3145 1953 3184 legatum

1100 3188 1156 3227 fit,
1190 3189 1210 3220 fi
1229 3191 1302 3233 quid
1332 3188 1435 3221 facere
1460 3189 1511 3221 vel
1534 3186 1714 3220 nonfacere
1729 3184 1846 3225 jusserit
1867 3183 1953 3214 tella·

1882 3231 1954 3261 tor,

1575 1875 1655 1915 Sed,
1679 1883 1828 1916 quantum
1845 1875 1878 1908 in
1895 1883 1952 1907 no-
2003 1880 2008 1912 ς
