2008 3436
428 114 828 153 CORNELII

191 203 211 235 s
209 212 345 238 uminum
372 203 538 235 dicendum
560 202 624 242 est,
645 203 733 244 posse
757 202 945 243 quandoque
963 202 1058 243 inipe-

191 245 269 283 diri,
295 245 316 277 fi
339 243 426 276 casus
449 245 577 277 incidat.
624 244 721 287 Quod
742 244 762 276 fi
777 251 896 275 metuat
917 243 1061 284 legatus,

192 284 376 327 fragilitatis
393 285 454 318 suae
464 286 519 318 fibi
535 285 800 324 conscius‚antea
817 286 980 316 civitatem
995 294 1059 316 mu-

192 334 261 366 tet,
283 327 334 359 vel
350 327 518 368 Princeps,
543 329 596 368 qui
613 327 679 365 ejus
695 335 789 366 opera
797 327 918 364 utitur,
941 334 1061 357 mutare

191 368 311 408 jubeat.
355 368 506 410 Alioquin
537 369 590 409 qui
619 367 777 399 subditum
805 366 945 398 nostrum
971 367 1062 408 eligit

194 410 354 451 legatum,
377 420 434 441 non
452 410 569 441 videtur
583 410 632 440 hoc
651 418 737 450 agere
748 430 759 446 ,
782 414 814 438 111
832 409 993 447 hominem,
1008 408 1062 449 sed

194 457 227 482 ut
243 449 365 492 officium
380 452 441 494 ejus
456 453 567 482 eximat
576 473 587 488 ,
610 456 645 481 ut
663 449 747 480 16616
764 448 912 480 Huberus
929 450 962 480 de
984 449 1062 490 Jure

195 491 293 524 Civit.
317 492 386 524 Lib.
413 492 468 523 IV.
495 491 569 522 Seu.
594 501 625 531 4.
652 491 683 521 C.
710 499 739 521 2.
763 500 794 521 72.
821 495 873 524 28.
897 489 996 534 Quod
1011 500 1061 521 au-

195 541 261 565 tem
283 534 338 565 ille
359 532 549 573 distinguat,
573 533 603 563 ἃ
622 531 703 570 aiat,
729 531 886 571 legatum,
909 532 980 565 11111
997 532 1064 563 offi-

195 575 249 606 cio
265 574 496 611 consideretur,
520 583 583 604 non
607 572 668 604 csse
694 571 868 612 subditum,
893 573 968 605 alias
983 572 1061 612 effe,

195 615 389 647 veriflimum
417 615 543 656 quidem
565 613 634 651 est,
657 612 710 645 sed
736 614 793 645 vix
821 614 876 645 illa
906 613 1064 646 distinctio

195 657 299 689 ullum
317 657 410 688 habet
430 656 572 696 pondus,
596 664 667 686 curn
693 664 788 686 nemo
811 656 993 695 negaverit,
1018 655 1061 687 le-

196 706 304 739 gatum
332 697 472 737 Principi
498 697 614 737 leganti
638 704 789 737 oportere
815 696 944 728 reddere
965 697 1061 728 ratio-

196 748 270 771 nem
296 738 484 779 legationis,
505 738 584 770 bene
609 738 661 769 vel
689 738 769 769 male
784 736 895 779 gestae,
921 738 1063 779 quemad-

194 780 327 812 modum
345 781 447 811 omnis
465 779 673 811 mandatarius
688 786 812 815 tenetur
830 780 987 811 mandanti
997 779 1063 810 red-

197 821 274 854 dere
289 821 445 853 rationem
459 821 615 858 mandati,
624 820 709 862 quod
728 819 871 861 suscepit.
885 820 1016 862 Egimus
1028 820 1067 851 de

197 872 239 894 eo
257 863 382 904 legam,
405 862 460 904 qui
475 861 616 894 subditus
628 861 731 894 noster
748 861 809 901 est,
837 862 867 893 &
885 870 974 894 extra
994 871 1064 893 cau-

197 903 264 936 finn
281 904 449 945 legationis
465 903 628 936 contraxit
651 904 704 935 vel
722 903 877 944 deliquit,
904 904 933 935 &
955 911 1066 935 contra

198 944 477 986 Wicquefortium
506 944 703 977 defendimus
717 968 727 983 ,
752 944 834 976 hunc
848 967 859 983 ,
881 945 937 977 nisi
963 945 1065 985 palam

199 987 367 1018 civitatem
380 987 432 1018 vel
448 986 646 1018 domicilium
661 986 851 1026 mutaverit,
876 985 995 1018 subess‘e
1007 986 1067 1018 Im-

196 1028 289 1070 perio
306 1027 372 1067 ejus
382 1050 393 1066 ,
416 1028 506 1068 cujus
521 1035 610 1060 antea
625 1026 700 1059 fuit.

243 1068 491 1110 Wicquefortio
518 1078 629 1110 nempe
653 1068 777 1101 sedebat
801 1069 864 1101 alta
889 1076 995 1101 mente
1019 1079 1065 1101 re-

223 1109 343 1149 ostum,
368 1108 453 1151 quod
471 1109 554 1151 ipse,
579 1110 632 1151 qui
652 1110 857 1142 Amsterdami
873 1119 965 1142 natus
981 1119 1065 1150 erat,

222 1152 304 1193 ‘agae
333 1152 551 1191 habitaverat,
577 1153 607 1183 ὅς
636 1152 668 1183 111
693 1152 754 1184 fide
778 1151 807 1183 &
826 1151 982 1193 stipendio
999 1151 1068 1183 fue-

200 1202 249 1225 rat
267 1193 421 1225 Ordinum
440 1192 660 1231 Generalium,
679 1193 773 1224 etiam
791 1192 951 1234 postquam
967 1193 1068 1225 Ducis

199 1234 450 1276 Luneburgeniis
479 1235 564 1266 actor
592 1234 654 1266 effe
677 1235 961 1275 coepei'at„titulo
985 1233 1068 1272 Refi-

202 1277 301 1308 dentis
319 1298 330 1314 ,
354 1286 371 1307 3
388 1275 484 1307 Curia
505 1275 688 1307 Hollandiae
712 1274 937 1316 apprehensus,
961 1275 991 1307 δε
1019 1285 1068 1307 20.

200 1317 282 1350 Dee.
307 1321 396 1357 1675.
413 1316 575 1348 damnatus
596 1323 661 1349 erat
678 1316 715 1347 ad
734 1324 903 1357 perpetuos
919 1326 1069 1356 carceres,

200 1359 375 1400 publicatis
387 1357 490 1389 bonis.
535 1356 587 1388 De
604 1356 668 1398 ipsa
683 1356 837 1389 sententia
857 1357 937 1389 nihil
955 1357 1068 1397 dicam,

201 1406 292 1441 quam
311 1398 439 1430 Curiam
457 1408 528 1429 eum
539 1422 549 1438 ,
564 1398 708 1439 quamvis
726 1399 862 1440 legatum
873 1422 884 1437 ,
901 1398 1067 1438 damnaffe,

201 1441 287 1481 quod
314 1442 432 1471 secreta
454 1440 651 1481 Reipublicae
667 1464 676 1479 ,
704 1450 772 1481 quae
794 1441 896 1472 celare
920 1448 1068 1481 oportue-

202 1486 250 1515 rat
266 1506 275 1521 ,
309 1481 433 1514 illicitis,
470 1482 641 1513 literarum·
663 1482 864 1513 commerci1s
891 1481 1066 1513 revelasset.

202 1524 291 1560 Hinc
306 1523 369 1555 illae
395 1522 589 1564 lachrymae,
612 1523 686 1555 hinc
711 1523 759 1564 jus
777 1522 931 1554 Gentium
955 1523 1068 1554 violari

202 1565 315 1601 acerbe
333 1563 478 1605 questus,
501 1565 636 1606 primum
657 1563 836 1605 suppresso,
859 1564 971 1596 deinde
986 1574 1068 1605 aper-

205 1615 240 1639 to
267 1607 394 1638 nomine
420 1605 488 1645 Jura
513 1606 689 1646 legatorum
714 1606 909 1644 vindicavit,
935 1605 1072 1646 &post,

203 1648 352 1689 quicquid
378 1646 423 1680 est
439 1647 506 1687 ejus
524 1647 716 1688 argumenti,
742 1646 890 1689 exposuit
904 1646 985 1688 justo
1000 1656 1072 1686 ope*

204 1699 259 1727 16,
283 1689 334 1720 cui
362 1698 426 1721 11011
448 1687 494 1721 est
515 1688 619 1727 aliud,
643 1689 729 1730 quod
744 1688 957 1730 praeferamus.
1005 1688 1071 1720 Cae-

206 1738 309 1762 terum
334 1738 369 1760 ut
397 1729 462 1770 ipse
483 1730 517 1761 in
540 1728 592 1761 sua
615 1729 705 1761 causa
729 1731 823 1771 judex
847 1729 892 1761 est
911 1730 1070 1771 incompe-

208 1781 294 1810 tens,
313 1771 354 1803 sic
372 1780 431 1802 nec
448 1770 584 1802 ration-es
594 1770 660 1810 eJ'us
678 1781 728 1803 me
745 1772 905 1803 moverint
916 1771 948 1803 in
965 1772 1071 1809 aliam,

205 1822 298 1854 quam
323 1811 411 1852 supra
437 1811 580 1849 defendi,
603 1811 809 1853 sententiam,
834 1813 970 1854 legatum
990 1811 1072 1844 scili-

205 1862 258 1886 cet
275 1863 401 1885 manere
421 1852 576 1885 subditum
588 1877 600 1892 ,
625 1854 677 1885 ubi
694 1861 772 1886 ante
788 1855 978 1896 legationem
995 1853 1072 1892 fuit,

205 1904 299 1936 atque
320 1895 424 1933 adeo,
446 1894 468 1927 fi
493 1896 656 1927 contraxit
680 1904 734 1927 aut
759 1896 893 1937 deliquit
912 1919 923 1935 ,
955 1894 1073 1927 subeffe

204 1936 365 1978 Imperio,
389 1936 478 1976 cujus
500 1943 590 1967 antea
617 1936 750 1968 suberat.
794 1937 857 1969 His
872 1941 978 1968 autem
997 1946 1071 1968 con-

204 1976 337 2017 sequens
355 1977 420 2017 est,
445 1978 569 2011 nostros
590 1976 752 2018 subditos,
778 1978 920 2019 quamvis
944 1978 1073 2009 alterius

203 2018 361 2059 Principis
376 2019 568 2059 legationem
587 2020 766 2060 accipiant,
789 2019 931 2052 subditos
948 2018 1072 2051 nostros

206 2059 269 2091 effe
294 2069 358 2091 non
384 2059 521 2091 definere
536 2082 548 2098 ,
569 2070 670 2101 neque
695 2060 802 2093 forum
817 2084 827 2100 ‚
862 2070 925 2102 quo
952 2060 1072 2101 semper

205 2100 250 2133 usi
276 2099 369 2140 sunt,
394 2100 465 2140 jure
489 2100 715 2141 subterfugere.
761 2102 804 2133 Et
830 2109 952 2134 tanturn
967 2101 1072 2140 abest,

205 2149 243 2174 ut
257 2140 518 2183 Wicquefortius
536 2142 589 2174 vel
607 2143 707 2174 ullum
727 2143 823 2175 ullius
837 2142 951 2175 Gentis
965 2153 1070 2175 exem-

207 2183 296 2224 plum
313 2183 344 2214 in
372 2183 566 2215 contrarium
587 2182 709 2215 adferat
732 2185 760 2216 d.
787 2185 860 2216 Secr.
889 2194 938 2216 11.
966 2192 1000 2216 ut
1016 2194 1071 2226 po-

206 2225 271 2256 tius
289 2224 353 2255 duo
372 2225 425 2256 vel
445 2225 504 2256 tria
521 2223 709 2264 adduxerit,
730 2235 820 2266 quae,
844 2226 928 2267 quod
951 2226 1018 2258 dixi
1034 2226 1073 2258 de

207 2265 404 2305 subjectione
422 2264 556 2305 subditi,
577 2266 658 2308 apud
673 2277 731 2298 nos
748 2267 862 2308 legati,
878 2267 978 2308 palam
998 2278 1073 2299 con-

206 2306 342 2339 firment.
389 2305 518 2338 Prodest
548 2316 675 2348 quoque
710 2308 741 2340 in
777 2309 855 2340 hanc
888 2308 1073 2341 sententiam

208 2347 385 2379 Decretum
411 2348 564 2380 Ordinum
592 2348 794 2381 Generalium
816 2360 862 2391 13.
889 2350 960 2382 061.
984 2354 1072 2391 1679.

210 2390 309 2435 cuju-s.
323 2389 453 2421 memini
481 2388 551 2429 Cap.
572 2392 690 2430 praeced.
716 2400 785 2422 nam
803 2391 824 2423 fi
843 2391 1000 2432 legatione
1017 2392 1072 2423 do-

209 2430 366 2462 micilium
382 2440 446 2462 non
471 2438 634 2470 mutetur,
658 2432 743 2473 quod
760 2433 855 2464 etiam
870 2434 909 2464 de
928 2432 1072 2465 Consuli-

208 2471 267 2502 bus
285 2471 336 2517 ,ait
358 2473 387 2504 cl.
412 2471 607 2511 Decretum,
633 2473 663 2504 ὃς
690 2473 729 2504 (16
754 2473 824 2505 aliis
841 2474 953 2515 legatis
973 2474 1074 2506 adhuc

209 2521 310 2553 magis
336 2522 446 2558 verum
461 2513 527 2550 est,
549 2522 700 2554 apparet,
723 2515 862 2555 legatum
878 2515 993 2547 ibidem
1009 2515 1074 2548 loci

209 2552 272 2584 effe
298 2553 573 2591 conveniendum,
598 2554 673 2591 ubi,
695 2563 767 2586 ante
787 2556 997 2597 legationem,
1022 2557 1075 2588 do-

209 2594 367 2626 micilium
385 2594 539 2632 habebat,
555 2593 619 2625 hoc
634 2594 699 2634 est,
718 2596 825 2628 civem
836 2597 976 2630 nostrum
995 2598 1075 2640 apud

210 2634 333 2675 judices
353 2633 487 2666 nostros.

216 2694 221 2697 —
254 2675 314 2708 Sed
339 2675 416 2716 quid
437 2685 544 2707 moror
568 2675 691 2708 adferre
714 2676 890 2710 Decretum
920 2680 1076 2712 Ordinum

210 2716 437 2755 Generalium,
460 2715 579 2750 facium
608 2723 654 2755 19.
687 2717 756 2758 Jun.
786 2722 876 2753 1681.
903 2722 987 2760 quod
1010 2731 1074 2753 rem

211 2766 313 2789 totam
331 2757 468 2790 absolvit
487 2759 572 2798 quod
589 2759 625 2790 ad
645 2759 766 2801 legatos
787 2761 819 2793 in
837 2760 946 2801 Belgio
965 2762 1074 2794 Foede—

210 2807 301 2838 rato,
327 2799 380 2840 qui
397 2807 486 2830 antea
504 2799 546 2830 ibi
569 2800 665 2832 larem
681 2800 842 2834 foverunt.
888 2802 1030 2834 Exliibet
1046 2804 1076 2835 id

212 2839 390 2872 Decretum
418 2840 615 2873 Formularius
647 2841 727 2873 Tom.
759 2842 799 2875 Π.
834 2842 865 2873 C.
900 2852 948 2882 252
981 2850 1012 2884 p.
1038 2855 1076 2876 m.

212 2891 284 2918 299.
311 2881 341 2913 &
360 2891 432 2922 300.
457 2881 487 2913 &
502 2881 630 2923 dignum
652 2882 718 2921 est,
742 2891 777 2914 ut
793 2891 994 2916 memoretur.
1027 2884 1077 2925 Ju-

213 2923 301 2954 daeus
316 2924 440 2963 quidam
451 2945 463 2961 ,
485 2923 537 2964 0111
558 2923 761 2956 Amsserdami
779 2925 899 2957 multos
915 2935 1011 2957 annos
1028 2926 1075 2957 lm-

212 2963 345 3002 bitarat‚
371 2963 477 3005 ibique
494 2972 699 2997 mercaturam
715 2975 898 2998 exercuerat
911 2989 920 3005 ,
939 2967 1074 3007 plurium

213 3004 408 3036 creditorum
429 3004 556 3037 debitor
577 3005 679 3038 fastus
696 3030 706 3046 ,
737 3007 774 3039 ad
796 3007 918 3048 Judices
943 3007 1076 3039 [11111161-

212 3044 405 3090 dammenses
421 3046 453 3077 in
472 3046 522 3086 jus
540 3055 692 3084 vocatur,
717 3048 880 3080 damnatus
895 3048 1073 3089 6111600011-

212 3094 268 3116 oni
285 3087 475 3119 contradicit
495 3096 537 3119 cx
560 3088 675 3120 Editio
691 3089 844 3122 Ordinum
872 3088 1074 3121 Gener-alium

213 3134 245 3171 o.
261 3126 347 3166 Sept.
360 3130 447 3173 1679.
472 3137 513 3159 cx
529 3137 567 3159 co
587 3129 669 3161 enim
688 3139 786 3171 neque
803 3131 852 3170 se,
875 3140 976 3171 neque
993 3130 1073 3161 bona

213 3167 268 3199 iua
287 3166 329 3199 ob
348 3167 515 3208 (1611111101,
531 3169 583 3202 liic
606 3171 822 3214 contractum,
845 3171 1010 3205 conveniri
1023 3173 1072 3204 rel

193 120 262 154 166·
901 124 960 151 va
985 124 1010 152 11

1087 100 1688 152 BYNKERSHOEK

1101 203 1236 235 detineri
1260 203 1363 244 poffe,
1387 201 1448 234 esse
1465 201 1495 234 se
1519 203 1657 244 legatum
1675 202 1693 245 ζ
1703 201 1887 243 Κεβιῖεητσνη
1903 215 1961 241 voa.-

1105 245 1199 286 cant)
1215 244 1318 277 Ducis
1335 244 1537 276 Meklembur
1560 244 1655 284 611113,
1670 254 1764 285 atque
1776 247 1820 277 ita
1833 247 1878 278 uti
1896 257 1964 288 pos,-

1104 284 1136 317 16
1155 286 1222 326 jure
1242 287 1429 327 legatorum.
1476 254 1656 317 Creffiitores
1679 286 1814 318 Ordines
1830 286 1963 322 Genera«

1106 327 1151 359 ies
1177 328 1313 365 adeunt,
1337 335 1534 368 petuntque,
1558 326 1693 362 Ordines
1716 327 1874 360 declarare
1900 330 1964 363 1161..

1106 368 1192 407 lent,
1215 369 1294 401 illud
1314 368 1461 400 Edictum
1481 368 1586 399 locum
1607 375 1670 399 non
1692 368 1820 409 habere,
1845 370 1897 402 ubi
1913 371 1966 403 deq

1105 409 1207 444 bitum
1233 410 1270 442 ab
1297 410 1410 445 incolis
1443 410 1552 440 harum
1586 409 1763 450 Regionum
1779 432 1791 448 ,
1821 418 1967 453 tanquam

1106 451 1352 489 mercatoribus,
1377 449 1486 483 aliisve
1514 450 1668 492 privatis,
1689 460 1753 482 non
1769 459 1911 493 tanquam
1927 452 1971 486 ah

1107 500 1310 525 externorum
1334 492 1515 532 Principum
1537 491 1667 532 legatis,
1692 492 1889 524 contratrum
1901 493 1969 534 (τῆς

1107 533 1194 574 poss‘e
1209 536 1303 567 etiam
1316 557 1327 573 ,
1349 533 1371 566 fi
1389 533 1464 573 quid
1482 532 1654 565 istiusmodi
1674 533 1783 574 legatis
1803 533 1969 575 debeatur,

1108 575 1138 606 id
1154 574 1347 618 compensari
1370 583 1442 605 cum
1461 583 1522 612 eo,
1545 575 1628 616 quod
1656 575 1708 615 ipsi
1731 583 1773 606 ex
1799 575 1862 606 alia
1879 575 1970 610 causa

1107 616 1224 648 debent
1242 617 1302 649 suis
1316 617 1489 647 debitoribus
1505 615 1523 655 <
1531 617 1718 648 creditoribus
1734 616 1840 648 dicere
1862 616 1967 650 velue,

1106 667 1199 697 runt,
1224 665 1310 690 certe
1325 656 1542 698 debuerunt.)
1559 657 1694 688 Ordines
1709 665 1814 689 autem
1833 656 1970 690 Gemi

1107 700 1162 731 les.
1187 699 1216 731 d.
1245 710 1293 737 19.
1313 699 1382 739 Jun.
1412 701 1502 732 1681.
1534 698 1763 738 decreverunt,
1787 698 1809 730 fi
1834 698 1970 731 credito..

1107 751 1155 772 res
1183 741 1316 781 probare
1339 738 1481 779 possent,
1505 738 1647 779 Judaeum
1674 739 1763 771 illum
1776 762 1787 778 ,
1807 747 1972 781 antequam

1107 790 1143 813 ut
1169 782 1289 823 legatus
1315 780 1417 813 Ducis
1442 780 1709 821 Megalopolitani
1737 781 1776 812 ab
1800 780 1971 815 Ordinibus

1111 822 1321 856 Generalibus
1341 821 1563 863 agnosceretur
1582 821 1611 853 ἃ
1632 822 1830 863 acciperetur
1848 821 1971 863 (erkern

1110 876 1147 896 en
1185 874 1385 907 aangenomen
1410 864 1462 904 is)
1489 861 1697 894 Amsterdami
1730 863 1771 895 ali
1797 871 1854 895 uot
1874 872 1971 897 annon

1110 906 1277 945 habitasse,
1301 906 1408 946 ibique
1425 911 1630 936 mercaturam
1653 905 1780 938 exercui
1808 914 1844 943 e,
1868 913 1973 943 coca-r

1110 946 1145 979 su
1170 948 1260 980 illum
1283 957 1321 979 eo
1339 946 1454 979 Editio
1479 955 1508 982 9.
1533 946 1617 986 Sept.
1647 949 1735 986 1679.
1761 946 1894 986 gaudere
1905 954 1972 984 nnn

1110 988 1213 1030 posse,
1239 989 1343 1020 addita
1361 988 1484 1020 ratione
1497 987 1652 1028 generali:
1677 986 1936 1029 dewylhaaer
1957 1009 1971 1020 .

1110 1030 1197 1073 Mog.
1221 1041 1310 1073 geene
1336 1029 1527 1072 Ingesttenen
1557 1038 1618 1060 vam
1638 1029 1692 1059 den
1711 1029 1798 1060 Stant
1819 1029 1853 1060 in
1877 1038 1896 1070 q
1945 1039 1973 1060 ιη

1111 1074 1165 1104 teit
1184 1082 1245 1103 van
1261 1069 1419 1111 Iblimsters
1435 1080 1495 1102 van
1512 1071 1612 1111 eerzige
1634 1072 1804 1113 Conmgen,
1829 1070 1972 1111 Princen,

1111 1114 1146 1154 of
1164 1115 1270 1145 andere
1294 1113 1471 1145 Potentaten
1495 1113 1639 1143 erkenuen
1664 1121 1699 1142 en
1723 1121 1905 1152 aannemen,
1928 1111 1974 1144 al:

1113 1156 1201 1185 ander
1219 1155 1280 1196 defi-:¹
1297 1153 1420 1194 expreffe
1437 1155 1579 1191 conditte,
1604 1146 1704 1184 dat'de
1715 1152 1798 1194 selve
1816 1154 1889 1184 daur
1905 1154 1975 1193 daug·

1112 1198 1175 1227 niet
1194 1197 1313 1227 werden
1329 1196 1505 1237 geexz'meert
1530 1204 1591 1225 vam
1612 1195 1644 1224 de
1658 1195 1775 1236 pligten
1790 1205 1851 1225 van
1872 1196 1973 1226 onder-

1113 1238 1274 1278 danz'ghez'd
1290 1235 1496 1277 raejspefflvelyk
1507 1259 1516 1274 ,
1527 1237 1573 1267 ook
1585 1241 1633 1265 ten
1647 1237 1787 1276 reguurde
1801 1246 1862 1267 van
1877 1237 1910 1267 ..le
1921 1236 1972 1278 ju-

1114 1277 1244 1309 risdiffle
1260 1288 1328 1309 over
1345 1278 1412 1308 hare
1424 1276 1564 1317 peissmmz
1579 1286 1614 1306 en
1631 1278 1769 1317 guederen
1780 1299 1791 1314 ,
1803 1276 1852 1317 Jbo
1876 1279 1908 1308 in
1924 1279 1973 1308 het

1114 1320 1282 1358 crimz'neel,
1307 1320 1351 1351 als
1377 1320 1409 1349 in
1437 1319 1485 1350 her
1507 1318 1600 1355 civil,
1624 1327 1659 1348 en
1685 1318 1734 1348 daz
1765 1319 1814 1349 ool<
1829 1317 1935 1358 finiani
1957 1328 1974 1349 e

1114 1361 1274 1403 persbnerz,
1298 1363 1343 1392 die
1365 1359 1536 1402 verswegen
1555 1359 1665 1400 januen
1684 1367 1784 1400 mugen
1802 1359 1907 1390 hebben
1939 1370 1973 1391 n-

1111 1404 1263 1445 gest’tenen
1283 1413 1344 1434 van
1361 1403 1416 1432 den
1437 1402 1523 1432 Staat
1546 1407 1572 1431 te
1582 1401 1642 1441 syn
1653 1422 1664 1438 ‚
1687 1409 1723 1430 en
1739 1403 1776 1440 by
1784 1398 1854 1440 sub·
1872 1409 1908 1431 en
1927 1400 1973 1432 ob-

1111 1446 1203 1484 reptie
1212 1444 1320 1486 stmder
1335 1444 1434 1485 eenige
1454 1443 1592 1474 limitatie
1610 1441 1644 1482 of
1656 1442 1781 1472 conditie
1797 1446 1837 1472 tot
1852 1440 1973 1481 (debet

1112 1486 1192 1524 ess'e,
1215 1485 1312 1526 voor)
1339 1482 1497 1525 Minister-s
1512 1482 1746 1525 stncden'mogen
1763 1481 1860 1523 wesen
1874 1484 1973 1520 arken

1112 1537 1148 1558 en
1166 1529 1392 1570 geadmitteert,
1415 1527 1476 1557 niet
1492 1527 1606 1557 konnen
1623 1524 1656 1565 of
1670 1533 1826 1566 vermngen
1848 1525 1973 1566 16101111-

1105 1569 1194 1611 seren
1212 1579 1273 1600 van
1296 1569 1343 1599 het
1365 1573 1432 1610 regt
1450 1577 1511 1598 ‘van
1529 1568 1562 1598 de
1573 1567 1809 1608 prerogativen,
1833 1566 1879 1597 die
1898 1565 1972 1607 (dee

1115 1611 1169 1642 bet
1197 1610 1258 1642 effe
1280 1633 1291 1649 ,
1324 1609 1403 1651 dat)
1426 1609 1520 1640 alleen
1543 1619 1602 1639 acm
1622 1607 1765 1650 chlanige
1789 1606 1973 1648 nitheemfibae

1116 1649 1275 1692 ssffim‘sters
1291 1674 1303 1691 ,
1333 1652 1379 1682 die
1403 1660 1477 1693 gem
1505 1650 1691 1692 irzgqshterzerz
1716 1659 1777 1683 van
1801 1649 1857 1680 den
1886 1649 1973 1683 Stant

1106 1693 1168 1735 syn
1187 1716 1199 1732 ,
1229 1700 1307 1725 wcrt
1324 1694 1525 1736 geaccordeert
1549 1702 1585 1723 en
1611 1689 1786 1732 toegefician.
1830 1689 1978 1734 Quorum

1116 1736 1233 1768 summa
1260 1735 1322 1766 huc
1345 1734 1446 1771 redit,
1470 1733 1626 1765 neminem
1643 1731 1819 1770 subditum,
1841 1739 1876 1763 ut
1895 1731 1976 1773 legat-

1116 1785 1183 1808 tum
1200 1776 1328 1808 alterius
1357 1775 1509 1816 Principis
1535 1774 1677 1813 admitti,
1701 1772 1756 1805 nisi
1772 1781 1809 1804 ea
1824 1772 1912 1813 lege,
1933 1779 1976 1805 ne

1115 1817 1230 1850 subditi
1258 1817 1476 1849 conditionem
1503 1823 1619 1855 exuat,
1644 1814 1738 1846 etiam
1761 1813 1846 1855 quod
1869 1813 1908 1844 ad
1921 1812 1974 1845 fo-

1114 1868 1183 1891 rum
1196 1882 1206 1899 ‚
1230 1867 1294 1890 tam
1310 1859 1340 1890 in
1357 1857 1446 1889 causa
1464 1857 1576 1897 civili,
1599 1865 1693 1898 quam
1710 1854 1883 1894 criminali,
1906 1853 1937 1888 &
1951 1853 1976 1894 11

1115 1901 1185 1942 quis
1204 1901 1343 1942 legatus,
1369 1898 1523 1941 suppreffa
1545 1898 1705 1931 mentione
1720 1895 1851 1935 subditi,
1879 1894 1979 1930 fuerit

1114 1941 1280 1980 admissus,
1303 1941 1386 1972 hunc
1401 1950 1464 1972 non
1481 1939 1605 1972 usurum
1621 1940 1709 1979 iure,
1730 1937 1814 1979 quod
1829 1944 1977 1969 exten-nav

1116 1992 1186 2014 rum
1202 1983 1381 2023 Principum
1401 1982 1511 2023 legatis
1533 1982 1685 2013 duntaxat
1706 1978 1869 2020 competit.
1909 1976 1974 2010 Ne,

1116 2023 1182 2056 scio
1194 2047 1203 2062 ,
1214 2024 1244 2055 id
1261 2024 1297 2055 sit
1312 2024 1362 2063 jus
1378 2032 1496 2054 novum
1509 2045 1517 2060 ‚
1535 2032 1573 2054 an
1587 2029 1694 2052 vetus:
1708 2029 1778 2052 nam
1792 2028 1865 2050 cum
1880 2017 1976 2051 Anno

1116 2068 1209 2105 1658.
1221 2065 1323 2103 ,Actor
1340 2063 1488 2105 Episcopi
1500 2061 1770 2101 Monasterienfis,
1788 2060 1840 2101 qui
1854 2061 1884 2092 ἀ
1899 2059 1975 2091 alim·

1115 2116 1184 2138 rum
1210 2105 1390 2146 Principum
1414 2105 1501 2136 36101·
1521 2104 1646 2143 fuerat,
1670 2104 1701 2135 in
1727 2110 1883 2134 carcerem
1899 2107 1974 2134 cons

1114 2147 1230 2187 3661113,
1254 2147 1284 2178 &
1308 2146 1345 2178 ad
1363 2145 1511 2187 Episcopi
1532 2155 1641 2186 preces
1657 2143 1796 2176 dimissus
1815 2141 1913 2188 effet,
1935 2142 1974 2189 de

1116 2198 1155 2220 co
1170 2188 1239 2228 iure
1253 2197 1292 2220 ne
1310 2187 1484 2228 cogitatum
1509 2186 1636 2228 quidem
1654 2185 1812 2223 invenias,
1836 2183 1892 2215 Vld
1907 2183 1974 2216 Alto

1116 2239 1205 2262 zema
1220 2227 1494 2261 Liaxxxvnl.
1514 2234 1546 2269 p.
1571 2238 1610 2259 m.
1631 2235 1789 2269 1321-1539.
1834 2225 1893 2258 Sed
1910 2233 1973 2260 non

1116 2278 1206 2302 certo
1219 2270 1295 2302 mihi
1313 2269 1455 2308 constat,
1478 2269 1563 2310 quod
1579 2268 1648 2300 aliis
1666 2267 1792 2299 videtur
1811 2265 1954 2299 constare

1116 2312 1201 2344 hunc
1218 2311 1365 2343 AClorem
1391 2310 1443 2342 hic
1458 2318 1548 2342 antea
1568 2309 1661 2342 fuiss'e
1681 2308 1855 2347 subditum,
1877 2308 1928 2345 ἀ,
1950 2288 1974 2341 1²1

1116 2352 1242 2393 fuiss'et,
1268 2363 1331 2384 non
1348 2362 1406 2384 una
1423 2352 1477 2384 illa
1494 2351 1610 2393 species
1626 2360 1676 2382 me
1690 2349 1861 2394 dimoverit
1877 2358 1893 2380 a
1910 2347 1976 2381 sem»

1117 2395 1234 2432 tentia,
1258 2404 1368 2435 quam,
1392 2393 1445 2425 vel
1469 2393 1531 2425 fine
1554 2392 1740 2425 auCtoritate
1753 2391 1846 2431 legis,
1870 2390 1975 2421 verio-

1116 2445 1183 2467 rem
1204 2436 1235 2467 &
1252 2436 1421 2477 aequiorem
1437 2433 1499 2466 esse
1516 2442 1606 2476 puto.
1904 2471 1910 2477 ²

1160 2477 1265 2518 Atque
1292 2477 1360 2509 haec
1384 2474 1564 2517 scripseram
1586 2483 1668 2507 anno
1697 2481 1786 2514 1721.
1815 2480 1977 2513 praecipue

1117 2517 1190 2550 usus
1206 2518 1359 2559 exemplis
1371 2539 1382 2556 ,
1397 2527 1466 2558 quae
1479 2517 1516 2548 ad
1533 2515 1558 2548 F
1559 2515 1729 2547 oederatum
1746 2513 1890 2560 Belgium
1907 2522 1976 2586 per.-

1118 2560 1240 2598 tinent,
1264 2558 1315 2590 sed
1341 2556 1600 2599 quemadmodum
1629 2555 1699 2587 Rex
1715 2554 1854 2586 Franciae
1873 2553 1907 2586 su
1929 2554 1975 2586 die

1118 2600 1159 2632 tis
1177 2600 1238 2632 suis
1251 2599 1416 2632 interdixit
1432 2597 1512 2638 apud
1529 2596 1560 2628 se
1570 2597 1729 2638 legatione
1744 2595 1871 2628 alterius
1890 2595 1976 2628 Prin-

1117 2642 1199 2681 'cipis
1215 2641 1271 2672 fun
1296 2641 1324 2679 i,
1351 2648 1386 2670 ut
1402 2638 1542 2670 dicebam
1563 2637 1655 2669 initio
1677 2638 1765 2679 hujus
1788 2637 1858 2678 Cap.
1883 2635 1925 2668 fic
1943 2635 1975 2669 dc

1121 2682 1254 2714 Ordines
1287 2680 1431 2712 ⁴‘oederati
1457 2678 1557 2720 Belgii
1583 2687 1632 2710 10.
1657 2678 1728 2710 Oct.
1757 2687 1846 2719 1727·
1870 2677 1974 2709 decre-
1998 2698 2002 2703 -

1120 2730 1253 2760 verunt,
1276 2732 1315 2753 ne
1331 2721 1400 2763 quis
1416 2720 1446 2751 in
1456 2720 1565 2760 Belgio
1578 2718 1745 2751 Fcederato
1760 2727 1868 2758 natus,
1891 2717 1977 2753 ibive

1121 2771 1211 2795 antea
1233 2762 1392 2800 subditus,
1415 2770 1509 2802 penes
1536 2760 1566 2791 se
1592 2761 1782 2800 legationem
1801 2760 1890 2792 obire
1909 2759 1978 2792 velt

1122 2805 1184 2842 let,
1209 2803 1263 2836 11111
1287 2803 1372 2835 forte
1397 2802 1470 2834 alibi
1489 2809 1601 2839 natus,
1622 2792 1678 2833 1116
1696 2800 1856 2834 militaffet
1875 2801 1906 2833 &
1923 2800 1974 2833 ha>-

1119 2844 1264 2883 bitasset,
1290 2844 1405 2876 liberos
1430 2853 1468 2874 ue
1494 2841 1678 2875 sustulisset:
1703 2843 1734 2874 hi
1759 2843 1842 2874 enim
1868 2849 1977 2874 omnes

1120 2887 1321 2927 excipiuntur
1339 2895 1378 2916 eo
1434 2891 1560 2924 ecreto,
1577 2893 1641 2916 non
1657 2883 1743 2916 secus
1760 2891 1855 2924 atque
1870 2882 1924 2924 ipfi
1939 2881 1973 2916 11-

1120 2927 1184 2958 beri
1213 2926 1426 2967 Legatorum‚
1449 2925 1500 2958 hic
1527 2925 1606 2958 nati.
1650 2924 1747 2971 Quod
1764 2923 1912 2956 summam

1120 2968 1239 2999 tionem
1258 2967 1361 2999 habet.
1406 2966 1441 2999 111
1460 2965 1590 2998 Francia
1615 2966 1712 3008 igitur
1731 2966 1763 2998 <Sc
1779 2965 1890 3006 Belgio
1905 2962 1973 2996 Foe-

1118 3009 1228 3040 dei-ato
1247 3008 1286 3039 de
1302 3008 1368 3048 his,
1388 3018 1459 3050 quae
1475 3008 1528 3040 hic
1541 3017 1620 3049 3110,-
1635 3016 1698 3039 non
1713 3007 1758 3038 est
1775 3006 1908 3046 amplius
1920 3012 1973 3038 en-

1118 3049 1281 3090 spectanda
1298 3048 1448 3090 quaestio,
1471 3049 1523 3081 sed
1548 3048 1645 3081 nolim
1657 3070 1668 3087 ‚
1687 3057 1760 3121 puae
1778 3046 1902 3092 scripsi,
1917 3052 1974 3092 pro

1118 3100 1181 3122 non
1203 3089 1327 3131 scriptis
1344 3091 1477 3130 habere,
1500 3090 1590 3132 quia,
1615 3089 1666 3120 ubi
1699 3086 1980 3130 imilisprohibmo·

1117 3141 1179 3165 non
1198 3132 1242 3164 cll
1252 3154 1266 3172 ‚
1285 3142 1333 3164 res
1351 3132 1443 3164 habet
1461 3130 1551 3165 usum
1569 3130 1776 3173 frequentem.

1885 3232 1912 3283 6
1935 3249 1980 3282 Α,
