2008 3436
456 121 852 161 CORNELII
926 130 1034 157 vnn

204 138 275 164 210

203 204 376 249 spaniarum
390 228 401 245 ,
424 205 454 238 &
471 203 573 238 rursus
592 210 641 240 18.
661 203 723 244 Jul.
750 207 839 244 1646.
858 202 932 243 (4)
950 210 989 232 ne
1010 200 1063 246 qui

202 258 241 280 ex
268 247 429 279 territorio
453 244 739 287 Luxemburgensi,
763 254 835 276 cum
854 252 967 284 nempe
982 250 1062 287 *Utri-

204 299 265 329 que
291 288 389 321 essent
417 287 471 320 sub
499 289 636 321 tuitione
666 286 821 318 Ordintnn
839 283 1062 330 Genemlnnn,

203 333 234 362 &t
250 330 435 371 generaliter
454 339 502 370 14.
516 330 596 369 Aug.
617 331 704 367 1645.
732 325 808 368 (5)
824 335 863 357 ne
879 332 1040 370 quisquam
1053 346 1062 361 ‚

203 372 258 413 qui
277 371 331 403 sub
361 371 497 403 tuitione
517 370 591 401 esset
616 368 795 409 (neutrale,
818 368 905 398 onder
921 366 1064 396 contribu-

202 413 242 443 τῖε
272 411 426 453 fittende)
462 411 679 453 Hispaniarum
701 408 792 449 'Regi
825 408 961 453 militare
999 404 1063 436 vel-

202 453 248 485 let
267 477 277 493 ,
309 454 426 486 etiamsi
445 462 534 484 antea
556 449 733 488 militasset,
759 451 788 481 ὃς
812 459 851 481 ne
873 455 1065 491 quisquam,

203 494 310 526 relieta
333 495 466 531 militia,
500 494 530 525 in
547 502 613 524 eam
633 491 737 522 denuo
765 497 990 533 revocaretur..
1025 486 1064 518 11-

203 535 274 567 dem
300 545 423 577 quoque
441 534 611 566 eorundem
633 531 787 564 Ordinum
813 530 991 563 Consiliarn
1013 538 1061 569 23.

203 576 296 609 Febr.
324 580 413 619 1636.
439 576 512 617 (6)
538 575 705 605 edixerunt
727 595 737 610 ,
771 582 809 604 ne
838 573 906 612 quis
935 579 1065 617 eorum,

204 618 257 658 qui
284 617 338 649 sub
365 618 500 649 tuitione
523 615 638 654 essent,
664 612 760 646 castra
788 613 923 646 hostium
941 619 1065 656 juvaret

204 659 311 699 equis,
335 660 497 696 cui-rrius,
529 656 719 693 navibusve;
756 655 856 694 reete,
880 654 960 698 quia·
976 652 1065 697 fiC-ln

204 699 294 730 causa
310 700 382 731 belli
401 698 541 731 hostibus
557 706 681 739 operam
697 694 865 737 praestaret.
912 693 1006 740 Aliud
1020 703 1065 732 Ju-

205 740 248 772 ris
263 739 308 771 est
326 741 357 772 in
378 740 425 772 his
445 740 558 777 rebus,
582 748 676 780 quas,
698 745 789 768 extra
807 737 893 768 usum
912 736 1006 767 belli.
1030 733 1067 764 ad

202 779 308 812 hostes
330 780 453 813 nostros
469 780 635 819 deferunt,
662 780 690 810 δι
716 778 786 810 ideo
809 778 943 811 Ordines
964 774 1067 807 Gene-

202 822 304 860 rales,
326 824 467 864 quamvis
488 831 578 854 antea
596 818 784 862 generaliter
799 819 994 851 stuinentuin
1011 825 1063 863 eit-

202 864 323 903 portari
346 863 541 902 vetuissent,
578 863 745 893 edixerunt
774 869 876 892 tamen
908 869 957 900 23.
983 858 1063 898 MaJ.

207 907 299 945 1631.
324 905 397 946 (7)
417 914 490 943 eos,
514 905 568 945 qui
588 903 642 934 sub
659 903 795 934 tuitione
811 901 904 940 sunt,
927 902 1065 932 frumen-

208 953 274 977 tum
298 945 386 978 suum
410 954 473 978 tam
503 945 541 978 ad
565 943 724 986 Hispanos
739 966 749 983 ‚
774 953 868 985 quam
893 942 930 974 ad
956 941 1067 983 Belgas

835 1053 1191 1090 CAPUT

1107 117 1710 155 BYNKERSHOEK

1105 199 1286 231 Foederatos
1297 221 1307 237 ,
1325 207 1420 238 prout
1435 197 1605 230 voluissent
1615 220 1625 236 ,
1640 197 1763 230 deferre

1107 281 1189 354 {ecte
1211 281 1338 313 advehit
1353 305 1362 319 ‚
1387 288 1521 322 excepta
1543 280 1714 312 obsidionis
1741 279 1875 312 famisve
1890 291 1959 327 cau-

1122 333 1149 355 a.

1106 248 1246 272 mentum
1280 239 1402 271 scilicet
1433 242 1527 270 etiam
1564 249 1627 270 non
1656 237 1751 270 hostis
1777 198 1960 275 ffifffiogleih
1992 250 2008 262 κ

1151 364 1284 396 Ordines
1299 363 1469 395 Generales
1485 365 1515 396 in
1532 363 1558 406 §.
1584 373 1615 406 3.
1659 362 1760 395 Editti
1782 366 1833 394 26.
1875 365 1960 407 Sept.
1999 390 2001 397 r

1112 415 1201 446 1590.
1226 405 1297 446 (8)
1313 415 1374 436 non
1399 404 1514 436 hostem
1530 427 1540 443 ,
1563 407 1670 446 ejusve
1690 413 1785 436 naves
1809 406 1839 436 ἃ
1861 406 1963 448 bona,

1108 447 1162 478 etsi
1188 446 1220 478 in
1243 445 1347 477 hostili
1374 446 1466 485 loco,
1496 445 1598 478 hostili
1623 446 1720 477 modo
1735 446 1838 486 excipi
1856 458 1964 480 vetue-

1109 495 1200 526 runt,
1222 487 1243 519 fi
1263 496 1376 526 nempe
1391 497 1427 518 ea
1448 489 1478 519 in
1496 488 1637 529 Belgium
1656 487 1851 520 Foederatum
1873 490 1966 523 desti-

1108 536 1178 560 nata
1194 528 1309 566 essent,
1335 529 1386 559 vel
1402 537 1440 559 ex
1456 538 1495 560 eo
1515 530 1545 560 in
1560 530 1633 560 alias
1650 529 1815 569 Regiones.
1860 530 1903 562 Et
1923 539 1966 564 ta-
2002 539 2003 556 1

1109 578 1178 600 men
1202 569 1291 601 scribi
1315 569 1408 600 video
1423 569 1438 609 (
1450 569 1631 616 9),'atquc
1652 570 1673 602 fi
1703 570 1837 603 Ordines
1864 571 1967 605 Gene-
2002 580 2003 583 ’

1108 610 1186 641 rales
1209 610 1396 651 generaliter
1421 610 1585 642 edixissent
1614 621 1661 651 15.
1698 611 1777 643 Dec.
1806 616 1894 654 1672.
1919 622 1966 647 et-

1110 652 1170 683 iam
1196 661 1260 683 non
1285 650 1420 682 hostium
1446 660 1560 690 naves,
1589 662 1629 684 ex
1654 652 1787 685 hostiurn
1814 656 1974 695 portubus.

1110 693 1289 730 venientes,
1313 691 1396 722 reete
1418 691 1579 732 publicari.
1627 694 1686 726 Sed
1704 704 1742 726 ne
1755 704 1863 727 credas
1881 698 1968 729 rabu-

1111 734 1149 766 lis
1175 733 1238 765 illis
1259 731 1454 771 forensibus,
1479 734 1531 773 qui
1550 734 1580 765 id
1597 734 1802 775 scripserunt,
1825 737 1870 769 est
1884 740 1969 771 enirn

1110 775 1142 806 d.
1186 774 1330 807 Edictum
1350 782 1398 813 15.
1443 773 1522 805 Dec.
1554 778 1642 815 [672.
1668 776 1838 819 singulare,
1862 779 1969 813 &non

1110 815 1163 848 nisi
1177 816 1244 856 jure
1259 814 1439 846 retorsionis
1460 814 1578 846 factum
1596 825 1706 848 contra
1723 819 1976 859 publicationem

1109 866 1209 930 cleiptae
1234 856 1323 889 navis
1337 854 1597 896 Hamburgensis,
1624 866 1659 889 ut
1679 857 1768 903 supra
1784 859 1917 901 exposui
1936 860 1974 906 C.

1287 1054 1331 1089 X.

462 1145 513 1182 De
537 1146 605 1188 his,
632 1157 699 1192 quce
724 1144 768 1179 ad
790 1143 961 1179 amicorum
988 1139 1160 1188 nostrorum
1184 1139 1286 1187 hostes
1309 1152 1369 1176 non
1393 1143 1474 1177 reste
1497 1142 1709 1180 advehuntur.

280 1243 394 1275 arbaris
417 1252 500 1274 arma
533 1243 669 1276 vendere
692 1243 803 1274 Romae
833 1239 912 1271 olim
937 1236 1071 1282 capital-e

296 1284 358 1316 fuit
373 1283 392 1315 l.
419 1294 448 1316 2.
475 1285 506 1316 C.
580 1295 619 1314 uae
632 1294 676 1315 res
691 1288 802 1322 export.
827 1290 884 1311 non
901 1280 962 1309 deb.
988 1287 1071 1323 capi·-

204 1330 267 1359 tale
284 1324 405 1357 scilicet
433 1325 463 1354 in
482 1324 629 1363 subditis,
654 1324 693 1355 de
713 1322 825 1364 quibus
846 1321 920 1351 sons
939 1320 1072 1365 Romam

205 1369 290 1410 leges
306 1365 460 1397 ferebant.
506 1365 549 1397 Et
564 1364 686 1398 constat
705 1363 798 1395 etiam
819 1361 932 1407 hodie,
959 1361 1073 1400 ubique

204 1408 357 1440 Gentium
382 1406 517 1447 capitale
542 1407 621 1447 esse,
648 1406 668 1438 fi
692 1405 761 1447 quis
781 1403 923 1448 subditus
937 1400 1072 1448 arma-ad

203 1449 308 1483 hostes
334 1447 440 1479 vehat.
486 1447 573 1494 Quin
600 1457 639 1481 ex
668 1446 694 1489 §.
725 1456 749 1478 1.
788 1444 943 1476 sacerrlmr
968 1442 1072 1474 Edicn

205 1489 361 1524 ordinum
393 1487 596 1521 Generalium
624 1497 737 1521 contra
765 1486 886 1527 Anglos
912 1495 942 1525 5.
989 1483 1070 1529 Dec.

207 1536 299 1572 1652.
323 1529 384 1572 (1)
401 1540 458 1571 pro
475 1530 563 1569 hoste
593 1531 745 1568 habetur,
771 1537 823 1568 qtn
846 1527 924 1558 ullas
943 1534 1073 1557 ommno

205 1581 326 1606 merces
342 1573 380 1604 ad
398 1571 518 1613 Anglos
537 1572 684 1611 veheret,
709 1579 766 1602 nec
786 1568 927 1605 subditus
937 1575 1072 1612 tanturn,

205 1613 257 1648 sed
273 1614 303 1646 &
322 1613 510 1660 peregrinus.
559 1613 655 1656 Quod
672 1614 704 1644 in
725 1612 752 1653 ᾗ.
780 1620 807 1642 2.
833 1610 890 1641 Ed.
917 1608 1072 1640 Ordmum

204 1654 410 1697 Generalium
436 1663 548 1687 contra
580 1654 746 1697 Lyfitanos
770 1660 822 1695 31.
859 1650 937 1682 Dee.
981 1654 1069 1690 1057.

205 1697 282 1739 (2)
304 1695 413 1738 justius
433 1695 628 1738 restringitur
652 1696 689 1728 ad
713 1698 743 1722 wl
760 1693 978 1729 contrabanda,
997 1698 1071 1736 nain

206 1749 274 1771 eam
294 1747 429 1776 vocem,
454 1737 509 1769 usu
524 1747 701 1779 receptam,
727 1736 890 1768 servamus.
924 1733 970 1764 Ex
989 1734 1018 1773 ᾗ.
1045 1741 1071 1781 1.

206 1779 264 1813 Ed.
312 1779 467 1816 Ordinum
489 1778 691 1817 Ge-neralium
724 1788 772 1818 14.
820 1777 895 1817 Apr.
923 1778 1011 1814 1672.
1040 1777 1068 1804 oc

210 1820 261 1854 11.
286 1822 358 1862 Apr.
389 1824 479 1862 1673.
504 1829 616 1853 contra
641 1819 780 1851 Francos
805 1819 835 1850 δι
860 1817 1008 1857 Anglos,
1042 1814 1072 1845 &

206 1873 246 1896 ex
269 1862 296 1904 §.
326 1872 351 1895 1.
379 1862 435 1894 Ed.
465 1871 512 1899 19.
539 1862 638 1894 Mart.
667 1864 757 1900 1665.
780 1859 856 1901 (3)
882 1866 993 1902 contra
1008 1856 1068 1887 An-

207 1905 297 1945 glos,
321 1910 469 1945 tanquam
495 1902 592 1935 hostis
607 1913 668 1934 van
693 1903 749 1933 den
769 1901 857 1932 Staat
875 1907 1025 1940 punitur,
1050 1895 1071 1928 fi

208 1947 278 1987 quis
296 1946 332 1977 ad
352 1943 473 1976 hostem
491 1945 584 1978 vehat
604 1945 704 1985 eenz'ge
722 1943 844 1975 munitie
863 1950 925 1971 van
947 1939 1070 1980 Ourlog‚

207 1989 309 2018 vivres
317 2009 328 2025 ,
351 1986 385 2027 of
398 1987 499 2028 eem'ge
522 1986 716 2021 materialem,
741 1985 881 2021 dienemle
903 1987 943 2013 tot
957 1986 1069 2022 uyzrus-

208 2029 277 2070 ting
296 2037 357 2059 vem
385 2028 534 2067 Scisepen,
558 2028 591 2067 of
610 2029 711 2068 eenige
733 2027 838 2057 andere
856 2024 974 2067 verbode
999 2021 1069 2055 Wa-

207 2080 271 2100 ren.
313 2068 464 2108 idemque
480 2069 556 2109 juris
580 2067 624 2100 est
641 2078 671 2099 in
693 2067 877 2108 peregrim,
903 2072 956 2105 qui
976 2072 1011 2094 ea
1028 2071 1069 2093 ex

208 2111 258 2143 his
277 2109 472 2150 Regionibus
491 2109 528 2147 ad
548 2109 650 2140 hostes
675 2108 813 2146 advehit.

243 2147 312 2187 'Sed
328 2151 366 2181 de
384 2149 514 2182 subditis
530 2150 686 2181 Ordinum
705 2149 735 2180 ἃ
755 2149 970 2188 cujuscunque
986 2145 1073 2178 Prin-

209 2192 290 2234 cipis
306 2190 351 2223 est
373 2190 526 2225 statuere,
539 2199 574 2222 ut
591 2191 696 2228 lubet,
709 2190 747 2221 de
762 2190 931 2230 peregrinis
949 2198 1012 2220 non
1028 2196 1073 2218 et-

209 2226 292 2267 iam.'
325 2231 415 2264 Unde
430 2232 513 2264 belle
534 2233 703 2273 quaeritur,
726 2231 800 2272 quid
826 2232 899 2272 Jure
918 2229 1072 2261 Gentium

208 2276 306 2308 liceat
332 2273 424 2305 nobis
443 2273 480 2305 ad
504 2274 678 2313 amicorum
701 2271 876 2304 nostrorum
902 2271 1004 2304 hostes
1022 2270 1071 2302 ad-

209 2315 349 2354 vehere,
372 2315 442 2354 vel,
469 2315 552 2356 quod
581 2314 764 2346 tantundem
779 2315 844 2352 est,
867 2314 942 2355 quid
966 2312 1074 2344 amicis

209 2358 307 2391 liceat
327 2357 363 2388 ad
389 2357 510 2397 nostros
536 2355 663 2388 hostes?
686 2355 848 2398 Quicquid
880 2365 944 2387 non
978 2354 1072 2393 licet,

209 2399 232 2432 si
248 2398 367 2430 amicus
394 2397 624 2439 deprehendat,
649 2401 772 2438 optimo
786 2397 854 2436 jttre
869 2397 1072 2438 publicatur,

212 2440 243 2472 &
273 2449 311 2470 eo
347 2437 416 2470 solo
443 2437 617 2476 absolvitur
649 2448 740 2479 poena
779 2438 936 2470 mittentis
966 2437 1070 2469 amici.

212 2480 347 2513 Grotius
369 2481 402 2511 cle
428 2480 505 2521 Jure
534 2480 570 2511 B.
604 2479 639 2514 ὅ)
666 2480 704 2512 P.
731 2480 769 2512 L.
796 2478 851 2511 III.
881 2480 914 2512 C.
939 2479 963 2511 Ι.
989 2479 1017 2519 §.
1040 2487 1072 2519 5.

211 2532 242 2553 n.
271 2531 298 2553 1.
324 2531 353 2553 2.
378 2521 414 2555 ὅ)
430 2532 460 2562 3.
488 2522 518 2553 in
543 2530 581 2552 eo
607 2529 792 2562 argumento
808 2529 1004 2562 occupatus,
1028 2520 1073 2551 di-

210 2563 342 2604 ssinguit
369 2562 451 2592 inter
471 2571 539 2600 res,
564 2571 634 2601 quae
659 2563 691 2593 in
714 2563 799 2593 bello
823 2561 912 2594 usum
941 2561 1075 2600 habent,

212 2604 243 2636 ἃ.
258 2613 326 2645 quae
352 2602 473 2634 nullum
500 2602 632 2639 habent,
660 2603 688 2633 δε
711 2612 778 2642 quae
807 2602 976 2642 promiscui
1004 2602 1075 2634 usus

212 2644 306 2683 sunt,
330 2653 392 2683 tam
419 2643 450 2674 in
477 2642 583 2681 bello,
610 2651 700 2682 quam
724 2651 812 2676 extra
835 2643 962 2678 bellum.
1010 2643 1074 2675 Pri-

212 2695 298 2718 mum
314 2694 412 2726 genus
427 2693 489 2715 non
507 2682 611 2714 hostes
635 2682 775 2714 hostibus
794 2684 906 2715 nostris
921 2684 1074 2715 advehere

214 2727 362 2769 prohibet
379 2750 388 2766 ‚
420 2724 588 2756 secundum
616 2724 775 2764 permittit
791 2746 801 2762 ,
839 2725 965 2756 tertium
991 2734 1076 2756 nunc

213 2769 390 2810 prohibet,
420 2775 503 2798 nunc
525 2764 692 2807 permittit.
738 2765 768 2797 Si
795 2763 956 2805 sequamur
972 2789 982 2804 ,
1007 2775 1074 2806 quae

216 2812 318 2851 Carpite
330 2809 503 2850 praecedenti
520 2806 678 2847 disputata
693 2804 781 2844 sunt,
805 2805 843 2837 de
857 2807 959 2847 primo
984 2807 1012 2837 ὅ(
1030 2806 1073 2838 se-

212 2851 318 2883 cundo
339 2859 450 2891 genere
475 2858 536 2880 non
555 2846 620 2886 est,
670 2847 730 2879 uod
751 2856 939 2920 magnopere
955 2848 1072 2879 laborc-

215 2902 294 2924 mus.
322 2891 355 2923 ln
375 2891 471 2922 tertio
489 2899 603 2931 genere
619 2889 663 2920 dis
681 2889 780 2929 inignit
817 2888 930 2920 'r0tius
954 2889 984 2920 ὅ(
1007 2899 1071 2928 pcr-

215 2934 316 2965 mittit
334 2942 383 2964 res
402 2929 570 2974 promiscui
591 2929 661 2962 usus
677 2930 882 2970 intercipere,
905 2927 1006 2962 sedin
1024 2939 1070 2962 ca*

301 3067 313 3098 )
337 3064 411 3092 Flac.
433 3066 468 3094 Il.
491 3073 517 3099 4.
539 3067 564 3094 8.
588 3071 614 3099 7.

305 3104 314 3135 )
335 3104 434 3132 Ibidem
454 3105 488 3131 ll.
511 3112 538 3137 4.
561 3106 584 3132 8.
606 3106 633 3132 6.

307 3140 318 3173 )
339 3140 435 3168 Ibidem
456 3143 491 3169 ll.
513 3150 540 3176 4.
564 3144 589 3170 8.
613 3149 638 3176 3.

307 3179 318 3211 )
339 3176 435 3205 Ibidem
456 3180 476 3206 1.
499 3187 524 3206 2.
547 3187 591 3212 23.
613 3187 627 3206 2
661 3187 686 3208 1.

256 3063 294 3099 (4

255 3104 291 3136 (5

255 3140 297 3174 (6

257 3178 296 3211 (7

255 3216 293 3250 (8
335 3214 434 3243 Ibidem
454 3217 490 3244 ll.
512 3224 539 3251 4.
560 3220 586 3246 6.
608 3225 632 3245 1.
653 3225 680 3251 4.

1115 1235 1150 1267 su
1167 1235 1372 1276 necessitatis,
1389 1238 1409 1269 fi
1422 1238 1512 1269 aliter
1521 1248 1571 1270 me
1582 1248 1712 1281 meaque
1727 1240 1808 1272 tueri
1820 1249 1883 1273 non
1901 1250 1972 1282 pos-

1115 1276 1169 1308 sim
1189 1301 1198 1316 ,
1232 1279 1261 1308 6<
1286 1278 1411 1324 quidem
1441 1278 1495 1310 sub
1528 1289 1624 1311 onere
1648 1280 1865 1313 restitutionis.
1913 1283 1975 1314 Ve-

1115 1327 1183 1349 rum
1197 1343 1205 1357 ,
1231 1326 1265 1349 ut
1292 1320 1349 1350 alia
1368 1329 1550 1360 praeteream
1564 1344 1574 1360 ‚
1600 1322 1669 1361 quis
1688 1321 1802 1353 arbiter
1830 1323 1890 1354 erit
1909 1323 1977 1364 ejus

1115 1359 1322 1406 necessitatis,
1346 1370 1416 1392 narn
1432 1360 1621 1394 facillimum
1640 1361 1685 1394 est
1700 1371 1765 1396 eam
1783 1364 1975 1404 praetexere?

1115 1411 1153 1432 an
1179 1403 1243 1442 ipse
1269 1410 1347 1443 ego,
1373 1403 1425 1443 qui
1454 1403 1634 1444 intercepi?
1665 1404 1736 1442 Sic,
1759 1411 1859 1444 puto,
1882 1406 1911 1438 ei
1931 1404 1975 1440 [ετ

1115 1442 1189 1480 det,
1212 1441 1262 1474 sed
1284 1444 1314 1475 in
1331 1443 1420 1475 causa
1440 1454 1505 1476 mea
1526 1454 1576 1475 me
1594 1443 1699 1477 sedere
1710 1445 1847 1485 judicem
1864 1455 1973 1480 omnes

1118 1484 1201 1524 leges
1225 1485 1393 1526 omniaque
1417 1486 1483 1525 jura
1500 1485 1686 1527 prohibent,
1709 1486 1762 1518 nisi
1781 1487 1864 1527 quod
1884 1487 1974 1530 usus,

1117 1524 1344 1566 Tyrannorum
1377 1528 1515 1558 omnium
1542 1527 1707 1569 princeps,
1732 1527 1896 1568 admittat,
1920 1528 1976 1563 ubi

1116 1565 1236 1598 foedera
1252 1568 1333 1599 inter
1355 1568 1515 1609 Principes
1530 1569 1715 1610 explicanda
1732 1568 1813 1601 sunt.
1841 1568 1911 1602 Nee
1927 1577 1973 1604 et.-

1117 1608 1175 1638 iam
1196 1609 1285 1649 potui
1315 1609 1580 1649 animadvertere,
1601 1620 1706 1643 mores
1727 1609 1878 1642 Gentium
1898 1611 1976 1644 hanc

1116 1647 1224 1680 Grotii
1242 1649 1470 1683 distinctionem
1487 1651 1628 1692 probasse
1640 1675 1651 1690 ‚
1673 1652 1770 1693 magis
1785 1651 1974 1694 probarunt,

1115 1690 1198 1730 quod
1215 1691 1326 1723 deinde
1342 1692 1404 1730 ait,
1420 1701 1520 1733 neque
1534 1692 1658 1726 obsessis
1675 1693 1770 1726 licere
1784 1703 1830 1726 res
1845 1695 1976 1735 promis-

1115 1733 1164 1763 cui
1187 1732 1257 1764 usus
1282 1733 1455 1773 advehere,
1480 1733 1520 1765 sie
1545 1735 1627 1766 enim
1652 1735 1739 1767 alteri
1755 1734 1924 1776 prodessem
1941 1735 1974 1769 in

1114 1781 1224 1805 necem
1244 1775 1391 1814 alterius,
1412 1785 1446 1806 ut
1462 1775 1555 1807 latius
1574 1776 1732 1819 intelliges
1747 1785 1786 1808 ex
1806 1777 1904 1818 Capite
1907 1776 1972 1824 seq.

1116 1812 1213 1860 Quod
1230 1825 1336 1847 autern
1353 1814 1418 1857 ipse
1433 1816 1487 1848 ille
1505 1815 1638 1848 Grotius
1660 1817 1782 1850 tandem
1799 1818 1884 1850 addit
1895 1841 1904 1857 ‚
1927 1818 1974 1850 di-

1115 1856 1335 1898 stinguendum
1355 1857 1416 1889 effe
1432 1859 1524 1890 vinter
1553 1858 1628 1890 belli
1645 1858 1793 1899 justitiam
1812 1859 1842 1891 ὃ(
1859 1857 1975 1900 injusti-

1115 1899 1211 1936 tiam,
1233 1898 1269 1930 ad
1286 1897 1310 1929 F
1312 1898 1488 1939 oederatos,
1513 1908 1604 1931 certo
1621 1899 1711 1939 casu,
1733 1900 1889 1941 pertinere
1905 1909 1976 1941 pos·

1113 1938 1168 1977 se,
1193 1939 1242 1970 sed
1269 1940 1306 1971 ad
1332 1949 1386 1972 eos
1403 1965 1413 1981 ,
1445 1941 1498 1982 qui
1520 1948 1698 1974 neutrarum
1723 1942 1856 1982 partium
1881 1939 1976 1980 sunt,

1113 1989 1271 2022 nunquam
1298 1982 1480 2021 pertinere,
1513 1982 1614 2022 Capite
1632 1983 1753 2022 praeced.
1785 1981 1861 2014 mihi
1889 1980 1976 2014 visus

1114 2020 1179 2053 sum
1198 2021 1349 2062 probasse.

1155 2063 1208 2103 Jus
1234 2061 1386 2095 Gentium
1410 2072 1576 2095 commune
1596 2064 1626 2095 in
1653 2064 1732 2096 hanc
1749 2071 1812 2094 rem
1835 2073 1898 2095 non
1918 2064 1976 2097 ali-v

1117 2104 1198 2138 unde
1215 2104 1291 2135 licet
1309 2103 1446 2143 discere,
1471 2113 1561 2145 quam
1581 2114 1620 2137 ex
1639 2105 1759 2139 ratione
1775 2103 1804 2136 &
1822 2104 1887 2136 usu.
1916 2104 1977 2137 Ra.

1117 2146 1165 2183 tio
1189 2145 1297 2186 jubet,
1324 2153 1358 2176 ut
1381 2146 1502 2177 duobus
1521 2168 1532 2183 ‚
1564 2146 1700 2178 invicem
1730 2144 1870 2177 hostibus
1888 2168 1898 2185 ‚
1924 2144 1977 2179 sed

1116 2187 1192 2218 mihi
1209 2186 1335 2226 amicis,
1362 2196 1450 2228 aeque
1463 2187 1581 2220 amicus
1599 2187 1670 2225 sim,
1694 2186 1724 2218 &
1743 2186 1813 2218 inde
1827 2186 1977 2226 efficitur-3

1116 2238 1156 2261 ne
1176 2229 1207 2260 in
1220 2225 1309 2259 causa
1327 2228 1400 2259 belli
1418 2229 1548 2260 alterum
1569 2229 1657 2260 alteri
1684 2227 1856 2269 praeferam.
1897 2227 1977 2262 Usus

1118 2269 1308 2311 intelligitur
1325 2278 1364 2301 ex
1382 2277 1532 2310 perpetua
1549 2269 1782 2311 quodammodo
1800 2268 1976 2310 paciscendi

1119 2311 1323 2352 edicendique
1339 2309 1582 2343 consuetudine:
1607 2311 1703 2352 pastis
1721 2310 1802 2346 enim
1814 2309 1976 2351 Principes

1118 2351 1159 2385 sae
1178 2362 1200 2389 e
1222 2352 1253 2383 id
1269 2361 1400 2394 egerunt
1419 2353 1449 2383 in
1472 2352 1575 2383 casum
1600 2350 1693 2391 belli,
1718 2350 1796 2392 saepe
1812 2351 1907 2383 etiam
1933 2351 1976 2384 Ε-

1118 2395 1167 2426 dit
1183 2395 1207 2425 is
1232 2401 1342 2425 contra
1369 2402 1596 2434 quoscunque,
1618 2392 1766 2436 flagrante
1787 2391 1847 2431 jain
1877 2391 1974 2425 bello.

1117 2436 1216 2474 Dixi,
1242 2445 1278 2467 ex
1290 2441 1430 2476 perpetua
1454 2435 1652 2476 quodammodo
1666 2432 1881 2473 consuetudine.
1923 2433 1975 2466 uia

1118 2487 1213 2509 unum
1236 2476 1322 2508 forte
1348 2477 1524 2508 alterumve
1550 2475 1690 2516 pactum,
1713 2472 1798 2513 quod
1813 2482 1830 2504 a
1846 2483 1908 2506 con
1925 2483 1977 2505 ue-

1119 2518 1227 2550 tudine
1243 2517 1381 2556 recedit,
1402 2516 1455 2557 Jus
1486 2515 1636 2560 Gentium
1654 2523 1716 2545 non
1733 2521 1844 2548 mutat.
1891 2515 1977 2549 lnter

1118 2569 1227 2593 omnes
1250 2557 1318 2590 fere
1344 2558 1464 2590 Gentes
1487 2563 1659 2600 convenit,
1682 2564 1720 2586 ne
1746 2557 1851 2588 amico
1879 2556 1974 2591 liceat·

1117 2602 1154 2634 ad
1177 2599 1295 2633 hostem
1321 2599 1435 2630 vehere
1459 2605 1542 2628 arma
1557 2619 1567 2634 ‚
1592 2596 1692 2627 aliave
1709 2619 1718 2634 ,
1753 2604 1822 2636 quae
1845 2598 1977 2631 veniunt

1118 2641 1328 2684 appellatione
1351 2640 1371 2666 2?
1396 2632 1588 2669 contrabana'e
1608 2638 1767 2677 goederen,
1792 2636 1841 2670 sed
1872 2645 1976 2674 tamen

1120 2684 1147 2725 §.
1176 2693 1221 2715 10.
1248 2681 1337 2719 Pacis
1357 2677 1581 2710 Westmonasl.
1605 2680 1686 2709 inter
1706 2677 1826 2718 Anglos
1843 2679 1873 2712 ὅ(
1891 2678 1975 2721 Lym

1120 2733 1209 2757 tanos
1236 2721 1321 2754 initae
1349 2729 1430 2752 anno
1458 2723 1547 2759 1654.
1572 2720 1693 2760 pastum
1719 2717 1785 2757 est,
1807 2719 1917 2761 Anglis
1939 2729 1976 2755 ea

1119 2767 1229 2798 liceret
1253 2760 1407 2794 advehere
1433 2760 1651 2801 Lysitanorum
1678 2759 1836 2798 hostibus,
1859 2768 1893 2792 ut
1920 2760 1975 2798 ob:

1118 2806 1218 2838 servat
1243 2802 1453 2843 Zentgravius
1483 2803 1517 2832 de
1546 2801 1634 2844 Orig.
1670 2801 1770 2833 Verit.
1803 2801 1839 2836 &³
1869 2801 1975 2845 Oblig.

1118 2847 1206 2889 Juris
1226 2845 1366 2876 Gentium
1383 2842 1454 2875 Art.
1478 2852 1505 2884 7.
1533 2842 1560 2884 §.
1587 2848 1618 2877 8.
1638 2850 1670 2883 p.
1692 2853 1728 2874 m.
1756 2845 1824 2878 296.
1850 2841 1886 2877 ὅ
1903 2852 1973 2884 297,

1122 2888 1226 2928 thue
1243 2885 1273 2916 id
1292 2883 1391 2925 ipsum
1409 2885 1513 2926 Belgis
1532 2884 1702 2915 b'oedcratis
1717 2883 1825 2915 liceret
1838 2906 1849 2922 ,
1872 2884 1910 2916 ab
1927 2885 1975 2921 liar

1116 2929 1187 2961 dem
1211 2925 1366 2968 Lysitanis
1399 2925 1602 2957 obtinuerunt
1631 2924 1658 2966 §.
1697 2934 1743 2956 12.
1775 2924 1863 2958 Pacis
1891 2925 1973 2964 inter

1179 3058 1216 3094 9)
1238 3058 1310 3086 Bello
1329 3057 1455 3097 Juridico
1475 3057 1540 3095 Casu
1551 3065 1596 3093 52.
1616 3065 1644 3086 n.
1659 3066 1686 3086 2.
1705 3055 1741 3091 ὅ)
1760 3055 1824 3095 Casu
1844 3065 1888 3092 99.
1904 3063 1931 3086 n.
1945 3040 1972 3086 2}

1181 3101 1215 3127 1)
1238 3097 1311 3124 Flac.
1337 3099 1357 3125 l.
1382 3105 1407 3125 2.
1429 3104 1474 3124 22.
1496 3105 1524 3131 4.
1545 3105 1572 3125 2.
1955 3098 1968 3107 '⁵

1179 3136 1216 3168 2)
1240 3135 1338 3170 Ibidem
1360 3136 1393 3163 11.
1416 3144 1441 3169 4.
1466 3138 1509 3164 28.
1535 3143 1557 3162 1.
1579 3143 1604 3162 2.

1181 3183 1195 3209 3

1155 3060 1170 3096 (

1155 3100 1168 3136 (

1153 3138 1173 3211 ((
1205 3174 1217 3210 )
1237 3172 1304 3202 Sanc
1324 3182 1353 3202 ea
1372 3173 1466 3203 Edicta
1485 3172 1580 3201 ibidem
1599 3173 1648 3201 111.
1671 3180 1695 3201 1.
1717 3180 1744 3206 9.
1767 3180 1792 3201 1.
