2008 3436
413 110 812 147 CORNELII

177 188 359 230 funguntur.
415 190 580 229 Sensimus,
612 191 732 231 inquies
751 215 761 230 ,
794 197 887 231 atque
919 190 988 221 haec
1012 190 1042 220 in

179 230 303 271 Legatis
327 231 425 270 major
453 232 481 263 ὅ(
503 232 707 264 abundantior
730 231 793 269 est,
819 238 909 271 quam
932 231 961 262 in
988 241 1042 261 no·

181 271 250 303 stris
268 272 438 313 Delegatis.
484 273 563 304 Vide
577 296 586 310 ,
609 273 682 313 quid
699 273 792 303 dicas.
819 270 964 312 Agnosco
978 271 1042 302 san-

181 313 321 344 ctitatem
342 314 370 344 in
389 313 532 355 Legatis,
557 314 606 346 sed
619 315 684 344 baec
701 323 761 344 non
780 313 903 344 aliunde
920 312 1043 351 profici-

180 353 295 392 scitur,
321 364 410 395 quam
433 355 516 395 quod
538 355 646 396 Legati
671 354 827 393 fingantur
849 354 930 395 quali
956 361 1044 384 extra

182 396 375 428 territorium
395 396 478 436 ejus,
503 396 539 426 ad
562 405 652 436 quem
678 394 756 426 miffi
779 393 865 432 sunt,
891 395 919 425 ὃ(
945 393 1045 424 adhuc

181 435 294 467 subditi
312 438 375 477 ejus
393 437 567 477 Principis,
590 436 643 476 qui
659 436 760 474 misit,
787 444 821 466 ut
841 435 915 465 mihi
935 435 1046 464 videor

182 477 323 517 prebass'e
340 479 430 509 Libro
447 476 596 518 singulari
611 478 643 506 de
662 476 732 507 Foro
753 477 932 518 Legazorzmi
957 475 987 505 C.
1013 484 1043 513 5.

183 518 278 550 Nulla
296 519 472 559 jurisdictio
489 517 533 549 est
552 517 613 548 11110
629 516 820 556 subjectione
839 515 978 557 personae
997 515 1047 546 vel

183 561 248 597 rei,
279 560 385 600 Legati
416 569 479 590 non
510 558 579 589 sunt
608 557 721 589 subditi
747 558 928 598 Principis,
966 557 1047 597 apud

182 610 274 641 quem
292 609 470 638 morantur,
495 608 596 639 neque
620 599 697 630 adeo
713 609 751 632 ex
770 598 901 640 persona
926 596 978 629 sua
1004 597 1045 628 ibi

183 643 286 673 fei-uin
307 641 493 672 sortiuntur.
538 641 585 671 An
607 640 691 671 aliud
708 640 847 671 dicemus
872 639 911 670 de
935 637 1047 670 nostris

181 683 370 723 Delegatis'?
394 682 424 713 Si
443 682 546 719 (11035,
571 681 791 713 contradicunt
816 681 948 713 Ordines
968 679 1048 711 Hol-

184 724 317 761 landiae,
340 733 410 754 nam
431 723 461 753 in
477 722 616 753 Decreto
633 723 716 753 circa
733 722 910 763 vigesimam
928 720 1046 752 heredi-

183 773 282 795 tatum
303 774 332 805 3.
357 764 429 804 Apr.
460 768 549 803 1664.
574 763 632 803 (1)
655 764 782 794 aliarum
811 762 1048 794 provinciarum

182 805 355 846 Delegatos
372 815 480 836 omnes
499 805 641 836 eximunt
667 815 682 835 a
701 803 858 836 solutione
879 804 944 843 ejus
965 802 1048 843 vige-

183 847 285 885 fimae,
309 847 397 886 quia,
422 846 591 886 inquiunt,
616 845 835 886 intelliguntur
853 843 1050 875 domicilium

181 887 268 920 suum
285 886 444 918 retinuisse
460 888 491 917 in
511 886 687 918 Provinciis
703 886 771 918 suis.
819 886 958 926 Utraque
976 893 1050 924 quo-

183 938 245 969 que
276 928 370 960 Curia
395 929 424 959 in
451 928 575 969 nuperis
601 927 764 968 Responfis
786 928 885 968 palam
914 925 1049 967 professa

185 970 247 1008 est,
274 969 465 1010 Delegatos,
499 971 528 1000 in
550 968 749 1000 Hollandiam
774 968 898 1005 missos,
930 966 992 998 esse
1019 967 1049 997 ὅ(

180 115 246 156 318
885 122 994 147 van

185 1020 309 1044 manere
327 1010 466 1042 subditos
482 1011 548 1050 ejus
564 1009 760 1048 Provinciae,
787 1019 854 1050 quae
873 1008 964 1040 mifit.
992 1007 1057 1039 At-'

187 1053 240 1093 qui
265 1052 332 1082 haec
353 1050 416 1092 ipsa
440 1053 520 1082 ratio
544 1049 610 1089 est,
633 1051 718 1092 quod
745 1050 876 1091 Legati,
900 1050 950 1090 qui
975 1048 1047 1080 alibi

185 1094 293 1125 officio
314 1091 366 1124 suo
383 1092 573 1134 funguntur,
598 1092 640 1124 ibi
656 1101 715 1124 nec
735 1090 870 1123 accusari
880 1099 958 1129 ,nec
975 1099 1049 1121 con-

187 1134 288 1167 veniri
305 1134 428 1172 poffint.

231 1175 292 1214 At,
317 1175 453 1215 inquies,
478 1173 555 1206 nihil
572 1184 611 1206 ex
629 1184 668 1206 eo
686 1175 845 1213 efficitur,
867 1182 960 1214 quam
986 1171 1050 1203 De-

186 1217 307 1259 legatos
332 1217 403 1248 illos
427 1215 488 1246 esse
513 1215 669 1247 habendos
695 1225 751 1256 pro
773 1215 961 1256 peregrinis,
989 1213 1053 1244 five

187 1268 251 1290 non
270 1257 414 1295 subditis,
442 1257 525 1297 quod
549 1255 568 1288 fi
594 1257 779 1297 largiamur,
802 1265 857 1287 cur
874 1264 939 1287 non
957 1254 1053 1286 etiam

186 1300 372 1340 largiemur,
396 1299 476 1329 idem
501 1297 531 1328 in
551 1307 604 1328 eos
627 1298 741 1335 licere,
764 1297 848 1337 quod
867 1296 943 1328 licet
967 1296 997 1327 in
1021 1304 1053 1326 0-

187 1350 275 1372 mnes
301 1337 506 1380 peregrinos?
531 1337 715 1379 Peregrinos
741 1345 868 1375 autem,
891 1338 923 1369 in
948 1336 1051 1368 crimi-

187 1381 309 1413 nalibus
329 1379 404 1411 foro
421 1378 529 1410 nostro
546 1378 728 1419 subjicimus
750 1388 788 1410 eo
807 1378 872 1420 ipso
885 1402 893 1416 ,
918 1379 1003 1424 quod
1022 1386 1052 1408 a·

185 1422 249 1469 pud
271 1431 328 1453 nos
354 1421 565 1461 deliquerint,
589 1430 659 1452 nam
679 1420 772 1461 judex
797 1419 984 1451 1001010116ὶί
1009 1425 1054 1450 et-

185 1473 268 1501 13111,
292 1462 375 1503 quod
392 1462 428 1492 ad
451 1463 650 1502 peregrinos,
672 1462 764 1502 judex
784 1468 966 1502 competens
988 1459 1052 1498 est,

188 1505 238 1543 ἃ,
264 1505 295 1535 in
321 1503 495 1541 civilibus,
528 1512 567 1534 ex
596 1503 713 1535 arresto
740 1502 879 1544 personae
908 1502 959 1533 vel
987 1501 1055 1540 rei,

186 1546 282 1577 etiam
302 1544 481 1586 peregrinus
504 1544 584 1583 apud
609 1554 667 1576 nos
685 1543 790 1576 forum
819 1542 957 1575 sortitur.
1002 1542 1058 1575 Sic

187 1585 250 1625 est,
278 1585 327 1618 sed
345 1595 446 1617 tamen
466 1584 536 1617 sunt
547 1586 701 1627 peregrini
713 1607 723 1624 ,
748 1585 799 1626 qui
814 1585 894 1626 apud
913 1594 971 1616 nos
989 1593 1055 1616 rno-

188 1636 296 1660 rantur
313 1651 322 1666 ,
355 1628 385 1659 ὅ(
409 1626 484 1658 foro
508 1625 614 1659 nostro
639 1626 765 1667 subjecti
790 1635 853 1658 non
878 1625 958 1658 sunt.
1004 1624 1057 1657 De

190 1669 273 1700 veris
294 1669 419 1710 Legatis
437 1678 531 1700 nemo
549 1668 763 1707 dubitaverit,
788 1668 838 1699 sed
858 1677 929 1709 quae
952 1667 983 1699 in
1007 1665 1057 1697 his

187 1709 296 1742 ratio?
322 1710 429 1741 Plures
446 1710 637 1748 redduntur,
656 1718 688 1741 at
703 1719 762 1741 0113
781 1709 861 1751 apud
878 1708 1057 1750 Scriptores

188 1751 270 1792 Juris
289 1751 410 1783 Publici
431 1751 617 1792 praevaluit,
642 1759 703 1782 tam
728 1751 759 1782 in
776 1742 874 1782 causff
883 1749 1057 1787 criminali,

188 1802 281 1834 quam
298 1792 494 1833 pecuniaria,
513 1801 551 1823 ne
569 1802 623 1832 per
634 1792 829 1823 coz—lenonem
846 1791 983 1832 Principi
1000 1790 1056 1822 suo

188 1834 359 1867 reddantur
376 1833 515 1865 inutiles.
559 1833 651 1868 Unde
669 1832 803 1865 Grotius
822 1834 855 1864 de
879 1832 950 1874 chr.
970 1832 1005 1863 B.
1022 1830 1059 1866 {9⁹

193 1876 231 1908 P.
258 1875 356 1907 L.11.
383 1875 416 1906 C.
439 1879 486 1909 18.
510 1874 537 1916 §.
558 1885 578 1912 9
615 1875 742 1913 Omnis,
769 1874 889 1915 inquit,
914 1873 1058 1914 coiic'iioa

193 1917 311 1960 Legato
336 1915 423 1957 abeffe
449 1918 551 1956 debet,
577 1922 637 1947 tam
664 1926 722 1957 quae
745 1926 789 1947 res
814 1917 840 1946 ei
866 1914 1057 1955 neceffarias,

192 1968 279 2000 quam
304 1967 362 1999 qzcae
376 1957 527 1999 persimam
550 1959 668 2000 tangit,
691 1967 744 1998 quo
760 1957 851 1998 plena
870 1958 897 1988 ei
915 1956 957 1995 stt
971 1956 1054 1997 ficu-

190 2001 278 2031 ritas.
321 1999 373 2038 Si,
398 1997 562 2031 commisso
586 1999 735 2038 crimine,
759 1999 895 2039 Legatus
921 1998 975 2030 fiat
995 2006 1058 2028 031·-

191 2040 272 2072 ceris
288 2040 475 2080 inquilinus,
501 2040 625 2081 cogitur
641 2040 707 2079 ejus
725 2038 872 2080 persona,
893 2037 1059 2070 &Princi-

192 2082 246 2122 pi,
269 2081 327 2121 qui„
350 2081 448 2118 misit,
474 2081 613 2113 redditur
639 2081 779 2119 inutilis,
803 2088 838 2112 ut
860 2081 890 2111 ὅ(
913 2080 1060 2120 cogitur,

193 2122 215 2154 fi
230 2145 240 2160 ,
266 2122 296 2153 in
317 2120 406 2152 causa
423 2121 510 2152 civili
525 2145 534 2160 ,
558 2121 695 2162 patiatur
712 2121 742 2152 id
755 2145 764 2159 ,
789 2121 874 2161 quod
884 2128 1059 2153 extremum

192 2162 237 2195 est
255 2163 287 2194 in
303 2162 528 2202 jurisdictione.
571 2162 729 2201 Exemplo
745 2162 839 2203 igitur
852 2161 1060 2202 perniciosum

191 2204 258 2243 est,
289 2205 310 2235 [1
336 2203 473 2244 Legatus
499 2204 589 2235 alteri
617 2203 822 2243 subjiciatur,
855 2203 928 2234 dum
951 2202 1060 2233 officio

193 2245 251 2278 suo
267 2243 411 2286 fungitur
424 2267 433 2282 ,
457 2245 487 2276 ὅ(
504 2244 657 2285 Principis
681 2243 725 2276 sui
745 2244 885 2276 mandata
908 2243 1059 2285 explicat.

192 2286 277 2319 Haec
298 2286 379 2326 Juris
404 2284 557 2317 Gentium
592 2285 674 2316 ratio
697 2284 761 2324 est,
802 2285 852 2317 sed
880 2285 910 2317 ὅ(
938 2295 972 2316 03
998 2283 1059 2324 ipsa

191 2326 392 2367 Principibus
408 2325 556 2359 Romanis
572 2325 736 2367 persuasit,
760 2334 795 2358 ut
819 2327 852 2358 in
876 2326 1059 2366 quibusdam

193 2368 290 2400 causis
310 2367 437 2408 Legatis
455 2367 515 2399 suis
535 2367 787 2399 Ermvincialibus
810 2368 840 2399 ὅ(
858 2366 1060 2407 Municipali-

193 2410 251 2442 bus
270 2409 438 2440 tribuerint
457 2409 503 2448 jus
523 2408 694 2440 revocandi
710 2408 857 2448 domum,
882 2418 917 2439 ue
936 2407 1059 2440 scilicet

194 2452 231 2482 ab
249 2449 336 2491 officio
352 2448 482 2490 suscepto
507 2450 683 2492 Legationis
704 2456 881 2488 avocentur,
907 2459 942 2480 ne
968 2451 1057 2490 impe-

197 2493 299 2522 diatur
332 2491 482 2532 Legum,
512 2501 547 2522 ize
567 2492 775 2531 prohibeamur
798 2491 914 2531 publico
942 2501 1058 2522 munere

187 2533 305 2574 fngi,
329 2533 359 2564 ὅ(
380 2542 448 2572 quae
468 2531 538 2563 sunt
562 2533 675 2564 similes
696 2532 867 2564 sententiae.
913 2532 972 2564 Sed
992 2532 1061 2564 haec

194 2574 289 2606 latius
307 2582 368 2604 1100
387 2572 559 2612 exsequor,
582 2574 654 2614 quia
671 2573 858 2615 exsequutus
871 2572 938 2605 sum
955 2575 989 2605 de
1008 2573 1061 2604 Fo-

195 2625 228 2646 ro
249 2615 430 2655 Legatorum
455 2614 485 2644 C.
502 2617 532 2644 6.
556 2624 586 2654 7.
611 2614 647 2647 &3⁵
667 2619 696 2648 8.

240 2655 275 2687 ln
295 2654 377 2685 veris
395 2654 520 2694 Legatis
535 2655 702 2694 quominus
723 2655 791 2686 haec
815 2656 1001 2695 obtineant,
1027 2666 1060 2687 u-

196 2705 306 2737 traque
334 2695 430 2727 Curia
452 2704 515 2726 non
549 2695 735 2733 intercedit,
765 2696 815 2727 sed
842 2705 956 2737 negat,
989 2697 1061 2729 illos

192 2738 366 2779 Delegatos
381 2745 438 2776 pro
457 2736 539 2767 veris
561 2736 688 2777 Legatis
706 2735 767 2767 esse
788 2736 965 2776 habendos,
991 2738 1062 2778 quia

194 2779 262 2810 veri
283 2779 393 2819 Legati
410 2779 448 2808 ab
467 2778 566 2808 altero
584 2777 728 2818 Principe
745 2777 912 2809 mittuntur
929 2779 967 2810 ad
983 2780 1059 2810 alte-

195 2830 287 2857 rum,
311 2820 340 2850 &
361 2819 501 2858 constat,
526 2818 668 2860 quamvis
693 2817 788 2851 nostri
815 2817 962 2859 Delegati
987 2820 1058 2850 mit-

196 2868 301 2892 tantur
327 2870 342 2891 a
369 2860 533 2900 Principe,
564 2869 627 2892 non
649 2867 750 2890 tamen
774 2859 856 2890 mitti
878 2860 914 2890 ad
943 2860 1059 2891 Princi-

196 2911 279 2942 pem.
323 2900 495 2932 Fatendum
516 2901 586 2932 [300
601 2899 663 2939 est,
688 2909 727 2931 ne
743 2900 868 2941 quidem
890 2909 944 2931 eos
962 2900 1057 2932 Dele-

197 2951 307 2983 garos,
330 2943 382 2982 qui
399 2953 415 2972 a
434 2942 558 2983 singulis
571 2941 749 2974 Provinciis
765 2941 934 2972 mittuntur
952 2942 989 2973 ad
999 2942 1058 2974 Or-

197 2985 285 3014 dines
301 2982 489 3026 Genea-ales,
514 2983 597 3016 mitti
623 2983 660 3014 ad
682 2982 880 3023 Principem,
904 2990 975 3014 utut
1002 2983 1060 3014 Or-

195 3025 284 3055 dines
322 3022 494 3056 Generales
529 3024 611 3066 apud
651 3031 776 3056 exteros
806 3023 975 3056 habeantur
1001 3033 1059 3065 pro

1071 109 1668 146 BYNKERSHOEK

1087 189 1232 230 Principe
1255 189 1407 220 Foederati
1433 189 1554 230 Belgii,
1584 199 1682 230 neque
1704 191 1786 222 enim
1802 190 1852 220 aiii
1878 190 1943 227 sent

1088 231 1134 262 illi
1154 230 1317 271 Delegati‚
1340 240 1428 270 quam
1457 231 1636 262 mandatarii
1665 231 1794 270 ipsarum
1820 230 1946 268 Provin-

1087 272 1214 303 ciarum.
1260 272 1318 303 Sed
1336 273 1355 303 11
1378 280 1411 302 tu
1427 279 1535 311 putes,
1559 272 1607 310 jus
1625 272 1789 311 legationis
1804 281 1865 303 non
1882 274 1946 308 sub-

1087 312 1209 351 sistere,
1233 312 1288 344 11111
1314 313 1350 343 ad
1371 313 1547 352 Principem
1577 312 1685 352 Legati
1710 313 1892 352 mittantur,
1916 317 1947 349 id

1088 361 1198 393 putas,
1220 353 1305 394 quod
1319 353 1406 384 forte
1425 353 1493 384 aliis
1509 362 1570 384 non
1593 353 1796 393 persuadebis.
1843 355 1945 398 Vulgo

1089 394 1226 425 mittitur
1253 393 1388 434 Legatus
1412 404 1428 425 a
1454 394 1598 434 Principe
1625 394 1661 424 ad
1683 394 1874 434 Principem,
1898 399 1945 431 led

1090 435 1156 466 noli
1171 434 1242 465 inde
1261 435 1404 473 efficere,
1427 435 1474 475 jus
1492 435 1671 473 Legationis
1690 444 1750 466 non
1772 437 1850 467 ultra
1865 439 1945 471 vale-

1091 485 1133 506 re.
1180 475 1328 513 Annon,
1353 485 1387 506 ut
1407 477 1505 514 olim,
1529 477 1569 508 110
1599 476 1626 507 ἀ
1652 475 1755 507 nostra
1783 480 1947 519 memoria,

1092 516 1252 557 Principes
1269 515 1348 556 saepe
1371 517 1506 558 Legatos
1532 518 1603 548 suos
1622 518 1753 548 mittunt
1774 517 1810 548 ad
1830 527 1948 554 certum

1092 557 1218 595 locum,
1241 557 1362 588 acturos
1385 558 1424 588 de
1447 558 1599 595 induciis,
1622 558 1660 589 de
1680 567 1775 598 pace,
1799 559 1837 589 de
1856 561 1946 595 aliis?

1091 598 1139 629 An
1162 607 1224 629 non
1250 598 1410 639 Principes
1429 597 1605 630 Cei-munite
1622 599 1759 639 Legatos
1787 599 1855 633 suos
1877 603 1945 634 mit.

1093 647 1162 670 tunt
1185 639 1406 678 Ruisbonam,
1439 641 1467 671 <St
1495 640 1536 670 ibi
1570 649 1721 680 perpetuo
1747 641 1880 681 habent,
1914 653 1948 679 ut

1092 678 1269 711 consultent
1286 680 1422 712 invicem
1440 681 1478 712 de
1495 681 1580 712 bono
1598 683 1726 721 publico
1751 685 1848 718 totius
1871 684 1946 718 Ger.

1092 721 1227 753 maniae?
1250 720 1290 752 Iis
1308 721 1434 761 Legatis
1456 731 1489 753 tu
1509 723 1632 762 negabis
1647 724 1696 763 jus
1713 727 1878 758 revocandi
1895 727 1958 760 dn-v

1092 772 1200 800 mum,
1232 763 1373 802 quamvis
1402 763 1438 793 ad
1464 772 1525 793 non
1556 764 1731 804 Principem
1755 767 1949 802 mittantur?

1094 802 1163 843 Ego
1191 813 1304 844 negare
1324 813 1386 834 non
1413 803 1513 835 ausim,
1563 803 1765 845 Congressus,
1796 816 1828 840 ut
1849 809 1949 850 appel.

1093 846 1215 883 lantur,
1248 844 1438 885 Legatorum
1469 844 1537 876 sunt
1564 845 1797 885 frequentissimi
1813 872 1822 887 ,
1857 852 1885 882 ὅ(
1909 851 1951 884 111-

1094 885 1187 916 terest
1205 885 1310 917 salutis
1327 886 1480 925 publicae,
1504 894 1557 922 ut,
1583 887 1760 928 ubicunque
1779 889 1846 921 sunt
1858 891 1950 933 Lega-

1094 928 1138 966 ti,
1162 928 1219 959 sint
1235 935 1306 958 tuto
1324 928 1415 966 1000,
1441 928 1470 958 &
1486 937 1521 958 ea
1542 928 1673 960 habeant
1692 929 1768 961 [3113
1784 931 1951 972 tecta,line

1093 969 1205 1011 quibus
1224 968 1357 1009 Legatio
1374 968 1526 1008 explicari
1545 978 1609 1000 non
1630 970 1741 1011 potest.

1134 1010 1276 1048 Sufficit,
1301 1008 1321 1040 fi
1341 1009 1520 1050 ubicunque
1542 1010 1616 1041 lint.
1646 1013 1773 1051 prolatis
1792 1013 1956 1049 Codiciliis

1092 1052 1227 1093 probent
1241 1074 1250 1089 ,
1275 1049 1304 1081 [0
1325 1049 1366 1081 ibi
1384 1050 1464 1089 effe,
1491 1059 1524 1081 ut
1541 1051 1695 1093 Principis
1720 1053 1763 1086 sui
1785 1055 1904 1088 causam
1927 1066 1955 1088 a-

1093 1101 1176 1134 gant.
1222 1091 1317 1132 Atqui
1332 1114 1340 1128 ‚
1365 1092 1480 1132 regerit
1500 1100 1631 1132 utraque
1647 1093 1762 1132 Curia,
1777 1095 1874 1128 nostri
1890 1093 1965 1129 De-‘

1094 1134 1188 1175 legati
1209 1141 1272 1165 non
1287 1140 1383 1172 agunt
1400 1131 1523 1164 eausam
1542 1132 1697 1175 Principis
1724 1135 1785 1175 sui,
1811 1136 1861 1168 sed
1883 1147 1959 1170 con-

1095 1175 1228 1206 veniunt
1243 1173 1275 1204 in
1290 1181 1411 1204 certum
1430 1174 1536 1206 locum
1553 1174 1588 1205 ad
1607 1176 1821 1216 explicandam
1839 1179 1958 1212 causam

1095 1215 1236 1247 Foederis
1261 1214 1448 1245 communis.
1506 1215 1556 1246 Sic
1579 1215 1644 1254 est,
1673 1225 1704 1248 at
1731 1227 1857 1258 quaero,
1879 1230 1956 1252 nun-

1097 1256 1171 1297 quid
1190 1253 1273 1286 aliud
1293 1254 1329 1285 sit
1353 1253 1456 1286 foedus
1478 1264 1663 1295 commune,
1687 1267 1777 1298 quarn
1797 1259 1886 1291 causa
1902 1262 1957 1293 So-

1097 1297 1239 1334 cietatis,
1263 1305 1355 1337 quam
1379 1294 1501 1336 finguiae
1529 1295 1725 1336 Provinciae,
1770 1308 1803 1330 er
1823 1299 1905 1332 Dele
1927 1311 1957 1334 a·

1097 1347 1146 1370 tos
1164 1337 1253 1375 suos,
1277 1345 1334 1377 pro
1352 1344 1439 1376 parte
1455 1336 1506 1368 sua
1522 1346 1634 1378 regunt
1652 1339 1681 1370 ὅ(
1700 1308 1959 1375 ἀεὶξῃάυηῑῖξο·

1097 1381 1164 1412 0105
1177 1401 1189 1418 ,
1211 1378 1265 1419 qui
1283 1387 1355 1409 cum
1374 1378 1441 1409 aliis
1457 1377 1551 1409 sociis
1570 1379 1635 1419 agit
1651 1379 1772 1412 causam
1789 1380 1959 1424 societatis,

1097 1421 1206 1462 utique
1225 1419 1317 1451 etiam
1333 1428 1349 1449 a
1374 1419 1397 1450 it
1412 1419 1534 1451 causam
1551 1419 1650 1459 suam,
1675 1431 1744 1453 nam
1757 1423 1895 1456 omnium
1911 1419 1969 1457 so-⁴

1100 1463 1223 1494 ciorum
1244 1460 1356 1492 interes
1381 1484 1391 1500 ,
1423 1467 1457 1492 ut
1482 1460 1561 1492 bene
1587 1460 1623 1492 fit
1650 1460 1809 1495 societati:
1834 1474 1892 1498 nec
1913 1475 1958 1498 re-

1098 1503 1179 1542 fert,
1220 1511 1257 1533 an
1292 1500 1393 1534 socius
1425 1501 1573 1542 Princeps
1599 1511 1652 1543 per
1676 1503 1707 1535 se
1729 1513 1818 1546 agat,
1842 1515 1880 1538 an
1904 1516 1959 1554 pet

1099 1543 1308 1577 mandatarios
1327 1541 1410 1574 suos.
1454 1543 1484 1575 Si
1503 1543 1621 1583 judicio
1640 1545 1795 1578 criminali
1812 1547 1863 1579 vel
1882 1548 1968 1586 civi„

1099 1587 1121 1618 li
1143 1584 1303 1618 subtrahas
1330 1583 1523 1626 DelegatOS,
1555 1584 1606 1616 vel
1634 1594 1674 1616 ex
1701 1587 1748 1619 his
1777 1596 1890 1628 unum,
1911 1588 1966 1622 so-.‘

1099 1627 1205 1659 cietati
1228 1625 1369 1667 regendae
1397 1635 1476 1663 005,
1507 1635 1638 1666 eumve,
1676 1628 1821 1660 inutilem
1847 1630 1967 1664 reddi³.'

1099 1669 1168 1702 Iino
1186 1677 1282 1706 vero,
1305 1667 1405 1708 inquit
1430 1667 1559 1700 Senatus
1580 1667 1766 1709 Supremus,
1798 1679 1847 1701 res
1866 1669 1967 1707 socie-1

1101 1710 1173 1743 tatis
1189 1709 1284 1740 etiam
1306 1718 1359 1749 per
1390 1708 1467 1740 alios
1483 1732 1493 1748 ,
1524 1708 1577 1750 qui
1601 1707 1779 1749 supersunt,
1813 1712 1966 1753 explicari,

1099 1750 1235 1794 possunt.
1281 1750 1340 1782 Sed
1356 1748 1377 1782 fi
1400 1748 1549 1782 subducas
1570 1750 1731 1791 personam
1756 1751 1887 1794 Legati,
1908 1754 1964 1796 qui·

1099 1792 1168 1826 fere
1186 1791 1269 1824 solus
1284 1791 1346 1830 est,
1371 1799 1419 1822 res
1435 1790 1590 1832 Principis
1609 1792 1758 1832 explicari
1775 1803 1838 1826 non
1849 1792 1967 1836 potest,

1100 1834 1221 1867 Atcum
1237 1832 1347 1874 singuli
1361 1831 1506 1873 Delegati
1522 1832 1841 1876 habeantsuffragium
1855 1834 1959 1877 suum,

1100 1877 1210 1917 utique
1238 1875 1329 1906 unius
1357 1872 1486 1915 persona
1512 1873 1658 1906 subduCta
1675 1898 1683 1914 ,
1708 1875 1795 1909 1111101
1820 1875 1962 1910 subducis

1101 1918 1166 1957 ejus
1182 1915 1370 1956 suffragium.
1423 1914 1457 1947 In
1482 1914 1628 1957 Collegio
1652 1917 1804 1950 Ordinum
1827 1916 1967 1954 Genera-⁴

1102 1959 1181 1991 lium
1204 1957 1284 1999 saepe
1314 1966 1392 1989 unus
1421 1957 1576 1988 duntaxat
1608 1956 1780 1998 Delegatus
1809 1957 1960 2000 superest,

1103 2000 1156 2041 qui
1177 2006 1294 2038 totam,
1319 2007 1360 2029 ex
1382 2007 1442 2038 qua
1466 1997 1572 2029 missus
1596 1997 1660 2037 est,
1694 1999 1890 2032 Provinciam
1913 2005 1959 2033 re-

1103 2039 1277 2082 praesentat.
1322 2039 1353 2071 Si
1370 2039 1452 2070 11000
1470 2039 1698 2080 apprehendas,
1723 2040 1887 2073 Provincia
1907 2042 1960 2074 illa

1103 2082 1221 2114 amittit
1237 2081 1284 2120 105
1300 2079 1456 2121 suffragii,
1481 2081 1564 2120 quod
1582 2081 1727 2122 exemplo
1752 2082 1963 2122 ρει-0101011111-

1103 2132 1188 2155 mum
1204 2122 1257 2154 est.
1302 2121 1396 2168 Quod
1418 2121 1438 2152 [1
1463 2122 1566 2161 plures
1585 2132 1623 2154 ex
1648 2131 1706 2154 una
1730 2122 1897 2155 Provincia
1916 2123 1962 2157 su-

1102 2163 1236 2206 perfint,
1271 2173 1333 2194 uno
1355 2163 1485 2203 dempto
1505 2187 1513 2201 ‚
1549 2164 1642 2194 aliter
1664 2162 1749 2195 forte
1776 2173 1824 2195 res
1853 2164 1964 2204 cadet,

1104 2215 1194 2247 quam
1210 2205 1232 2238 fi
1250 2205 1314 2245 ejus
1330 2213 1456 2245 quoque
1472 2203 1647 2245 suffragium
1667 2214 1819 2237 numeres.
1864 2205 1906 2237 Et
1923 2205 1964 2238 fic

1103 2248 1198 2278 etiam
1217 2245 1262 2278 est
1287 2247 1319 2277 in
1344 2245 1413 2276 aliis
1438 2244 1616 2285 Collegiis,
1647 2255 1739 2286 quae,
1770 2246 1800 2278 in
1824 2247 1963 2287 partibus

1103 2288 1159 2320 fibi
1178 2287 1368 2319 demandatis
1381 2310 1389 2325 ,
1413 2295 1518 2317 curam
1537 2286 1560 2318 F
1563 2287 1674 2318 oederis
1692 2287 1816 2318 habent.
1839 2287 1963 2321 Poss'em

1103 2338 1186 2361 nunc
1205 2328 1328 2370 prolixe
1343 2336 1519 2368 exponere,
1545 2327 1564 2359 fi
1587 2328 1636 2359 vel
1657 2337 1750 2360 unum
1776 2328 1864 2360 unius
1885 2327 1960 2360 Pro-

1103 2371 1217 2402 vinciae
1235 2369 1425 2410 Delegatum
1443 2368 1534 2400 rebus
1548 2368 1673 2409 agendis
1685 2369 1961 2409 subtrahas‚quan-

1104 2412 1127 2443 ti
1145 2411 1235 2452 ipsius
1257 2409 1471 2452 Reipublicae,
1498 2410 1527 2441 ὃ(
1554 2410 1658 2450 quanti
1683 2409 1748 2449 ejus
1775 2408 1863 2448 ipsius
1886 2408 1961 2441 Pro-

1102 2453 1238 2491 vinciae,
1261 2461 1329 2493 quae
1348 2460 1418 2482 eum
1437 2449 1535 2490 misit,
1556 2449 1697 2481 interesse
1713 2449 1824 2489 poffit,
1837 2449 1858 2482 fi
1876 2459 1960 2490 non,

1103 2494 1283 2535 quicunque
1301 2491 1406 2524 nasum
1426 2491 1535 2530 babet,
1554 2491 1583 2521 id
1603 2489 1673 2521 satis
1689 2489 1958 2524 animadverteret.

1103 2535 1153 2566 Ex
1179 2545 1242 2567 uno
1271 2533 1350 2574 saepe
1378 2531 1524 2572 suffragio
1544 2531 1674 2570 pendet,
1699 2539 1735 2561 an
1763 2531 1792 2562 in
1818 2530 1964 2571 Titium,

1102 2586 1139 2608 an
1171 2577 1203 2608 in
1235 2575 1389 2608 Maevium
1411 2573 1447 2605 fit
1473 2570 1697 2603 conferendum
1728 2580 1839 2604 munus
1860 2573 1958 2604 maxi-

1103 2618 1146 2649 mi
1176 2616 1356 2652 momenti,
1384 2623 1420 2645 an
1449 2621 1496 2644 res
1513 2635 1522 2651 ‚
1553 2620 1619 2651 quae
1650 2621 1767 2643 moram
1795 2622 1858 2645 non
1884 2613 1963 2655 pati-

1103 2667 1176 2696 tur,
1199 2658 1260 2689 hoc
1279 2666 1316 2688 an
1340 2656 1397 2686 illo
1416 2652 1510 2684 modo
1529 2652 1565 2684 fit
1588 2654 1724 2692 agenda,
1749 2654 1779 2685 ἃ
1803 2663 1871 2695 quae
1897 2656 1961 2687 sex-

1103 2706 1195 2731 centa
1219 2696 1372 2738 ejusmodi
1397 2693 1533 2726 incidere
1561 2692 1696 2734 pofl'unt.
1753 2694 1871 2739 Quanti
1903 2697 1912 2728 i
1936 2696 1960 2729 i-

1105 2748 1155 2773 tur
1172 2738 1324 2778 Principis
1347 2733 1492 2773 interest,
1517 2744 1572 2772 ne,
1598 2743 1651 2774 per
1669 2736 1881 2776 coactionem,

1103 2788 1192 2822 gatus
1207 2778 1274 2811 suus
1296 2778 1323 2809 ei
1342 2777 1547 2814 subducatur,
1570 2777 1646 2806 tanti
1666 2776 1758 2807 etiam
1779 2777 1868 2808 unius
1888 2777 1962 2809 Pro-

1103 2821 1218 2852 vinciae
1246 2817 1390 2851 intereffe
1408 2816 1532 2857 potest,
1565 2825 1603 2848 ne
1632 2816 1729 2850 11111110
1752 2817 1827 2858 quid
1851 2817 1905 2850 fiat
1929 2818 1961 2851 in

1104 2861 1260 2902 Delegato
1278 2858 1343 2891 suo.

1145 2903 1176 2934 Si
1197 2902 1264 2933 sana
1281 2901 1361 2932 ratio
1385 2899 1414 2930 in
1433 2897 1511 2939 Juris
1538 2899 1656 2931 Publici
1683 2899 1846 2940 prudentia
1872 2899 1962 2933 fami-

1103 2943 1173 2974 liam
1194 2942 1305 2979 ducat,
1331 2941 1397 2972 liaee
1416 2941 1447 2973 ἃ,
1469 2940 1535 2972 baec
1561 2941 1638 2979 sola,
1663 2941 1745 2982 quod
1772 2940 1808 2970 ad
1833 2939 1959 2981 sorum,

1102 2985 1183 3015 inter
1206 2983 1362 3023 Legatos,
1379 3009 1383 3013 .
1398 2982 1428 3012 ὁ(
1453 2981 1592 3021 nostros,
1627 2982 1665 3013 dc
1691 2982 1801 3021 quibus
1823 2982 1957 3023 agimus,

1101 3024 1274 3067 Delegatos
1301 3033 1365 3055 non
1377 3021 1555 3063 distinguet.
1600 3023 1642 3055 Et
1665 3023 1700 3055 ad
1721 3024 1860 3054 rationem
1883 3032 1965 3066 qum.

1104 3090 1106 3092 .
1899 3073 1959 3106 que

237 3161 296 3201 (1)
318 3163 463 3201 Resolutien
484 3172 537 3194 van
561 3164 732 3204 Confideratie
756 3172 799 3197 ten
813 3165 872 3204 tyde
892 3175 945 3197 van
959 3165 988 3196 de
1004 3160 1060 3192 Wi‘t
1079 3173 1107 3203 p-
1131 3170 1194 3199 773·
