2008 3436
313 109 668 150 AMICA
793 110 828 146 R

29 204 152 244 deoque
169 195 344 238 nonmagis
360 191 556 235 nealigcnda.
581 197 616 236 ca
633 187 818 235 observatio
834 187 891 227 est,

30 245 162 286 patriam
184 238 365 282 potestatem
384 220 445 267 eise
467 233 548 275 Juris
566 230 700 269 Civssis,
724 239 825 271 eoque
843 229 891 261 so-

32 288 134 318 lorum
148 281 304 324 propriam
327 278 446 310 civium
473 275 689 320 Romanorum
713 269 741 312 §.
764 280 803 316 1:
817 269 889 318 hisi.

32 329 66 359 de
80 326 184 367 patria
207 320 306 364 potest.
341 320 362 351 l.
382 330 412 361 3.
448 317 491 349 D.
520 316 553 346 de
568 315 764 359 hirqui-sum
776 314 826 353 sm
843 312 890 344 vel

29 369 120 400 alieni
142 365 219 409 juris
237 387 246 403 ‚
281 371 313 394 ut
331 369 445 393 caetera
472 366 540 399 quse
563 356 640 396 juns
659 353 766 385 ciVilis
786 354 890 401 appel-

33 411 136 442 lantur
160 407 181 439 l.
203 415 250 446 15.
273 403 316 436 D.
332 404 364 434 cle
383 398 531 432 interdici.
549 397 584 432 &²
599 395 688 437 releg.
714 394 734 426 l.
749 404 796 436 17.
816 397 842 436 ᾖ,
863 405 888 442 ¹:

30 452 65 485 D
91 452 124 481 cle
139 449 240 490 paem's.
284 445 326 478 Et
348 451 449 475 tamen
472 437 628 472 infantum
643 445 755 483 necem
770 438 890 482 exp-osi-

32 477 214 531 tionemque
230 495 349 520 tantum
367 483 490 516 civibus
517 479 688 525 Romanis,
713 487 778 509 non
795 486 890 524 etiam

61 531 200 565 -rewrinis
208 552 219 569 ,
229 527 320 561 fuisse
329 526 446 559 licitam
462 522 710 562 impunitamque
721 543 730 558 ‚
749 518 890 565 nuspiam

31 558 186 609 οῆεῑῗάἰῑ,
218 578 317 611 neque
345 573 492 607 uinquam
527 560 670 608 ostendet
685 583 694 600 ‚
730 559 890 606 Dominus

32 625 92 648 van
108 610 345 656 Bynkerslioek:
364 605 533 639 Veteribus
557 603 614 649 bac
631 612 661 634 in
680 611 766 648 parte
784 600 892 647 distin-

31 657 166 690 ctionem
193 662 257 685 non
282 649 496 685 facientibus,
528 653 621 676 etiam
638 652 709 676 ante
726 650 892 688 civitat-em

33 696 176 730 omnibus
197 694 248 737 qui
270 694 301 725 in
319 691 396 724 orbe
427 688 498 720 sunt
512 711 521 726 ,
551 686 654 717 datam
670 685 708 731 ab
726 684 892 731 Antonino

32 737 199 773 Caracalla.
244 734 331 768 Absit
356 732 451 773 igitur
472 752 482 768 ‚
513 736 547 759 ut
571 735 638 772 eam
664 727 826 772 licentiam
841 726 892 756 de-

32 779 134 813 buerit
156 777 260 810 metiri
287 776 353 817 jure
373 774 449 805 vitre
473 771 503 802 δι
527 777 633 806 necis,
665 775 747 808 patri
767 775 892 808 integro

33 830 86 854 aut
101 819 231 852 sublato.

75 861 103 904 §.
122 859 233 893 XXII.
263 857 315 900 (ι)

35 904 105 946 plus
122 902 244 941 dicam,
277 906 437 941 perperam

345 854 496 889 Nondum
519 857 670 882 executus
689 848 754 880 sum
773 848 888 880 omnia.

460 892 545 926 credi
563 901 580 924 a
598 891 677 923 Viro
692 890 888 930 Clarissimo,

33 1045 118 1072 nere.
145 1047 202 1068 non
222 1036 304 1066 etiam
319 1033 480 1072 peregrinis.
519 1028 573 1060 Sed
595 1037 652 1073 quo
670 1029 733 1063 J'ure
749 1036 764 1056 a
780 1035 824 1056 me
838 1034 889 1072 po-

33 1077 133 1110 ssulas,
154 1083 184 1105 ut
197 1077 333 1105 infantum
349 1081 444 1101 necem
473 1071 498 1100 &
517 1068 719 1111 expositionem
737 1075 889 1103 peregrinis

33 1115 100 1143 olim
120 1122 176 1143 non
196 1113 273 1141 fuisse
287 1113 391 1140 licitam
408 1110 627 1147 impunitamque
639 1128 646 1139 ,
669 1106 719 1150 tibi
734 1105 888 1150 ostendam.

30 1152 172 1192 Quicquid
189 1152 267 1187 lego,
294 1157 438 1187 quotquot
460 1146 589 1183 exempla
604 1153 717 1189 ’reperio
733 1153 759 1172 in
774 1144 891 1188 Annali-

29 1191 95 1223 bus.
118 1190 152 1219 de
167 1189 286 1219 Civibus
304 1187 518 1231 Romaniqsunt
533 1192 643 1217 omnia,
665 1183 699 1211 de
721 1190 890 1227 peregrinis,

28 1227 106 1266 quod
132 1228 169 1257 ad
190 1229 262 1258 hanc
284 1235 340 1255 rem
354 1251 365 1264 ,
391 1225 461 1255 nihil
484 1224 607 1260 comperi
627 1244 634 1256 ,
663 1229 715 1249 nec
739 1228 769 1249 tu
789 1221 891 1265 vider-is

29 1268 179 1304 quicquam
195 1265 369 1302 comperisse.
406 1266 540 1293 Attamen
561 1261 580 1289 fi
595 1262 653 1289 baec
668 1266 716 1288 tua
731 1259 892 1288 observatio

27 1305 154 1339 valeret,
175 1306 243 1339 tibi,
265 1305 333 1337 tibi,
355 1305 467 1339 inquam
485 1323 492 1335 ,
520 1299 696 1342 probandum
711 1297 793 1332 effet,
815 1306 892 1342 pere-

26 1345 126 1381 grinos
147 1342 214 1372 olim
235 1344 296 1378 J'ure
317 1341 437 1370 necandi
458 1339 483 1369 &
501 1337 663 1376 exponendi
682 1344 795 1381 impune
814 1336 892 1365 fuisse

28 1382 110 1415 usos,
140 1382 164 1410 δι
188 1381 253 1411 inde
277 1387 344 1409 tunc
367 1378 559 1412 efficiendum,
587 1384 620 1404 ex
634 1381 725 1413 patria
739 1374 891 1420 potesta-te,

28 1428 90 1457 quae
113 1420 226 1450 Civium
247 1420 442 1448 Romanorum
469 1423 544 1450 erat,
577 1413 795 1458 eam‘licentiam
811 1421 892 1451 origi-

27 1466 95 1487 nem
122 1467 180 1487 non
203 1458 320 1488 traxisse.
366 1457 421 1486 Sed
442 1463 506 1484 cum
533 1453 604 1482 nihil
627 1461 685 1487 ejus
706 1461 745 1481 rei
768 1453 868 1489 probes
883 1472 893 1489 ,

28 1495 129 1526 frustra
174 1506 218 1526 me
233 1496 400 1526 contrariam
416 1494 615 1532 probationem
636 1491 782 1520 desideras.
855 1531 862 1537 ι

67 1535 92 1573 §.
113 1506 205 1565 KQ.
234 1544 259 1565 1.
279 1535 363 1564 Nunc
384 1533 497 1571 preffius
517 1537 679 1568 argumenta
694 1538 755 1574 mea
771 1535 890 1564 excutis,

30 1573 58 1603 ἃ
69 1573 168 1609 testes,
188 1582 260 1611 quos
274 1580 340 1602 ante
354 1573 463 1602 dixeras
484 1579 530 1600 me
545 1578 604 1599 non
618 1568 788 1605 adhibuisse,
807 1576 892 1606 quan-

32 1617 94 1642 tum
108 1618 208 1650 potes,
229 1611 341 1641 refellis.

68 1659 96 1681 2.
118 1652 176 1680 Cur
198 1656 269 1688 :egre
284 1651 353 1681 dicis
369 1672 377 1684 ,
403 1657 448 1678 me
471 1645 638 1687 manifestum
657 1654 890 1691 erroremerrare,

28 1696 93 1719 eum
107 1689 162 1718 alia
182 1689 279 1727 plura,
301 1691 343 1719 bis
356 1689 470 1718 duriora
490 1688 515 1716 «St
538 1688 663 1718 acriora,
692 1684 893 1714 dixeristsu-

25 1727 88 1763 ficit
104 1729 214 1757 amicam
232 1727 420 1765 Responfionem
444 1735 499 1764 prae
518 1725 544 1754 se
568 1725 640 1753 ferre
653 1746 661 1758 ,
680 1724 707 1753 r&
725 1732 791 1752 mox
806 1723 891 1752 caesim

27 1765 57 1795 ec
71 1767 193 1803 punctim
210 1767 238 1795 in
254 1767 441 1796 adversarium
466 1766 572 1793 irruere
586 1763 721 1801 Jacobum
738 1761 892 1806 Gothofre-

27 1804 119 1838 dum„
130 1805 267 1840 Joaunem
282 1806 486 1837 Solorzanum,
506 1802 532 1832 ἃ
549 1802 684 1840 plurimos
703 1800 772 1830 alios
788 1808 892 1837 magnae

26 1842 200 1872 auctoritatis
222 1845 386 1882 interpretes
403 1865 410 1877 ,
438 1841 564 1878 ejusdem
586 1841 687 1869 erroris
713 1848 758 1868 me
790 1839 893 1868 habere

26 1880 137 1915 socios,
157 1882 280 1919 impense
301 1883 370 1911 milii
397 1880 540 1919 gratulor,
568 1884 599 1908 tii
615 1878 749 1907 haereseos
764 1884 819 1922 tuae
834 1877 893 1906 nul-

18 1918 86 1948 'lum
108 1919 194 1950 habes
221 1921 361 1950 auftorem‘
388 1946 390 1950 ,
423 1919 472 1948 nisi
488 1918 574 1947 solum
591 1916 729 1954 Lipfium‚
750 1917 893 1945 literarum

26 1958 134 1994 magis,
159 1967 242 1996 quarn
258 1960 326 1995 Juris
340 1959 477 1996 peritum,
508 1955 601 1993 quod,
618 1964 688 1993 pace
705 1962 769 1987 tua,
791 1955 893 1983 iteruin

25 1995 154 2025 dixerim.
200 1998 318 2027 Tacobus
344 1996 539 2026 Gothofredus
568 1995 603 2023 ad
630 1995 649 2023 l.
678 2002 706 2023 2.
739 1993 769 2021 C.
792 1992 841 2021 Th.
863 1994 893 2033 <le

27 2033 119 2064 Liber.
140 2020 210 2075 caujs
230 2036 338 2072 dejure
354 2037 420 2064 vitae
436 2043 468 2063 ac
487 2034 564 2062 necis
584 2034 614 2061 in'
635 2033 740 2061 liberos
762 2033 799 2060 ita
815 2040 891 2060 com-

25 2079 182 2102 mentatur:
204 2073 319 2114 Duraffe
328 2076 375 2112 jus
395 2075 462 2102 illud
479 2073 610 2100 Ciceronis
623 2092 631 2106 ,
653 2068 784 2108 Augusti,
807 2070 891 2098 Nero-

25 2112 86 2141 nis.
107 2110 212 2140 Claudii
225 2121 295 2145 oevo,
316 2123 348 2141 ex
363 2114 468 2141 Valerio
489 2111 629 2143 Maximo,
649 2108 772 2146 Sallustio
785 2130 791 2142 ‚
816 2108 892 2149 §ene-

26 2158 75 2181 ω,
97 2148 235 2183 Suetonio,
255 2151 339 2180 Dione
355 2152 451 2188 liquet,
471 2160 486 2178 α
504 2158 551 2186 quo
565 2149 608 2182 id,
630 2146 667 2182 ὅ)
687 2147 786 2184 quando
798 2149 892 2192 jubia-

24 2193 84 2216 zum
98 2189 250 2224 ambigitur.
293 2189 365 2217 Certe
388 2189 491 2217 Paulus
514 2196 608 2225 quoque
629 2187 746 2215 meminit
759 2186 835 2222 hujus
844 2195 891 2222 Ju-

25 2227 82 2258 ris,
102 2234 193 2254 verum
216 2233 335 2263 tanquam
355 2228 444 2255 aboliti
462 2248 480 2260 ,,
507 2234 611 2263 quon
632 2233 679 2253 ET
700 2233 892 2254 OCCIDERE

22 2271 196 2293 mean-r
221 2266 240 2292 l.
264 2273 306 2293 11.
334 2267 362 2293 iri
374 2263 425 2302 fin.
447 2263 482 2302 ff.
501 2264 530 2292 de
553 2263 642 2292 Liber.
665 2261 702 2298 ὅ)
720 2261 827 2300 postam.
865 2263 891 2292 I-

20 2310 64 2330 ’no
96 2300 133 2336 ἃ
160 2301 212 2341 sub
252 2304 369 2331 Adriano
402 2312 495 2339 quoque
528 2302 575 2338 jus
604 2300 673 2336 illud
711 2310 806 2331 PATR
818 2310 854 2330 ru
866 2311 893 2332 M

22 2342 87 2368 vite
103 2338 141 2374 &³
154 2342 225 2368 necis
234 2339 336 2379 stetiffl'e
358 2349 582 2378 QUAnnMTEttus
598 2339 669 2376 restis
682 2339 716 2377 est
731 2340 891 2370 Marcianus

20 2379 55 2406 in
78 2379 97 2407 1.
119 2378 158 2407 D.
187 2379 323 2407 Adrianus
347 2388 371 2414 5.
393 2379 432 2418 ff.
453 2380 482 2407 de
510 2379 545 2408 L.
568 2379 684 2415 Pompej.
705 2379 734 2406 de
754 2378 889 2408 Parricid.

23 2424 166 2453 quanquam
186 2416 222 2450 ξεῖ)
245 2425 300 2446 tum
316 2419 374 2454 jam
395 2418 485 2446 modus
507 2419 531 2445 ei
549 2419 587 2445 rei
601 2417 748 2450 adbibitu55
767 2417 832 2454 quod
853 2417 891 2452 ξιξ)

21 2453 50 2482 d.
69 2455 87 2482 1.
104 2462 129 2490 5.
151 2461 237 2490 aperte
250 2454 358 2491 testatur
374 2477 381 2489 ‚
403 2458 519 2492 quomodo
533 2454 570 2489 ὅ)
592 2455 750 2483 dominorum
766 2457 792 2483 in
799 2454 891 2493 stre-os

18 2491 67 2529 jus
82 2495 144 2522 vitae
165 2491 202 2528 ὅ)
222 2496 293 2522 necis
315 2501 370 2522 tum
393 2503 487 2531 quoque
506 2493 635 2531 occisum,
656 2500 748 2530 quanto
762 2496 847 2530 magis
862 2496 890 2523 iii

17 2528 91 2567 filios
105 2530 120 2559 ?
146 2531 220 2560 Certe
234 2532 286 2569 sub
308 2533 462 2561 Alexandro
485 2532 580 2560 Severo
608 2533 763 2568 abrogatum
787 2534 890 2567 penitus

18 2567 122 2606 furffe,
141 2571 277 2606 colligitur
293 2579 326 2598 ex
345 2572 363 2598 i.
378 2578 405 2606 3.
427 2570 457 2599 C.
481 2571 512 2599 de
533 2570 608 2598 Patr.
628 2568 716 2606 potest.
739 2569 776 2604 ὅ)
797 2571 888 2607 Ulpia-

11 2614 56 2634 -no
71 2608 99 2635 in
116 2607 137 2635 1.
157 2614 184 2636 2.
197 2607 236 2646 ff.
259 2609 289 2637 de
307 2608 393 2637 δίων.
432 2609 524 2646 ltaque
550 2607 733 2645 Constantinus
747 2609 888 2645 parricidii

21 2649 100 2681 poenae
118 2650 216 2680 patrem
236 2652 320 2682 aperte
333 2647 448 2685 subJ‘eciv
475 2649 491 2677 l.
516 2657 565 2676 un.
590 2647 683 2685 infra.
709 2647 739 2675 de
752 2647 885 2676 Parricid.

21 2691 78 2719 5¹⁴oe
93 2682 155 2711 (ΜΦ
175 2681 211 2719 ²st
239 2685 276 2713 A·
290 2684 328 2712 D·
351 2689 416 2721 318.
455 2686 578 2716 Exhibui
598 2686 759 2714 sententiam
777 2687 887 2714 Gotho-

18 2721 116 2754 fredi..
141 2726 173 2750 ut
194 2720 239 2755 &5
257 2722 278 2750 sr
297 2723 364 2751 libet
379 2746 386 2757 ,
408 2724 467 2759 eJ'us
482 2731 644 2761 argumenta
659 2723 760 2752 rideas.
801 2725 863 2760 Ego
876 2747 883 2758 ,

22 2766 88 2787 cum
104 2759 158 2792 iis,
178 2765 235 2787 tum
251 2761 311 2789 aliis
329 2762 392 2791 usus
404 2762 461 2791 sum
476 2763 512 2792 ad
525 2762 714 2792 illustrandam
731 2763 804 2790 illius
815 2769 884 2791 tem-

21 2797 101 2833 P0¹i⁵
117 2797 365 2834 Jurisprudeniiam
378 2821 388 2833 ‚
408 2801 486 2837 quod
504 2802 539 2830 ad
560 2803 604 2836 jus
619 2801 739 2829 necandi
755 2801 781 2829 ἃ
798 2810 885 2838 expo-

21 2835 109 2863 nendi
129 2836 243 2864 liberos.
284 2837 385 2871 Vides.
411 2848 490 2874 eum,
518 2841 651 2877 quicquid
668 2840 727 2875 ejus
738 2841 806 2874 juris
828 2840 882 2874 est;

22 2874 121 2910 patria
134 2873 269 2910 potestati
288 2876 408 2904 tribuere
421 2899 428 2910 ‚
450 2884 482 2906 ut
505 2879 662 2907 tribuerunt
676 2886 790 2911 omnes,
813 2885 840 2906 te
856 2888 885 2906 n-

19 2918 62 2939 ¹¹⁰
91 2918 220 2947 excepto.
262 2913 348 2941 Vides
362 2935 370 2946 ‚
397 2923 460 2943 eum
486 2924 543 2944 nori
558 2917 669 2953 praecise
684 2917 799 2945 definire
817 2924 884 2945 tem-

20 2954 74 2986 PUS
89 2950 215 2984 abrogati
232 2949 304 2978 illius
319 2952 403 2985 juris,
433 2953 478 2982 fed
500 2956 630 2984 nonnihil
649 2956 784 2983 incertum
802 2956 884 2984 haere-

20 2992 62 3015 re.
102 2987 165 3015 Nee
180 2989 294 3021 mirum,
322 2997 385 3017 cum
408 2989 451 3018 lex
472 2999 546 3021 certa
568 2994 595 3022 in
610 3000 670 3022 eam
683 3002 740 3021 rem
758 3002 815 3022 non
836 3002 883 3022 ex-

22 3024 93 3056 stet,
121 3026 216 3061 utique
239 3028 275 3054 ad
294 3035 346 3055 nos
367 3035 429 3056 non
446 3032 632 3065 pervenerit:
658 3032 724 3068 quin
741 3040 883 3068 nunquam

22 3062 172 3096 exstitiiTe‚
193 3064 258 3093 inde
273 3064 311 3094 est
327 3067 491 3102 probabile,
519 3070 596 3106 quod
611 3071 670 3104 ejus
685 3070 760 3098 nulla
779 3071 884 3107 uspiam

22 3101 110 3129 exstet
127 3103 232 3130 mentio
255 3103 333 3140 apud·
351 3105 482 3134 Veteres.
524 3107 680 3136 Mollior-es·
698 3116 790 3137 mores
806 3109 880 3137 sube-

20 3138 87 3173 gisse
111 3139 231 3175 figorem
252 3141 324 3179 Juris
345 3146 447 3171 veteris
461 3163 472 3178 ‚
504 3151 566 3173 mea
586 3145 640 3174 fert
660 3147 759 3184 opinio
774 3166 783 3180 ‚
812 3149 881 3183 quin

21 3175 48 3206 ἃ
63 3184 108 3205 tua
124 3198 131 3209 .
154 3177 292 3210 Commeat.
319 3180 358 3209 ad
385 3179 439 3210 Tit.
467 3180 556 3212 Parui.
577 3183 607 3212 de
625 3184 682 3213 His
700 3186 744 3220 qui
758 3183 821 3221 sunt
833 3184 881 3222 sui
922 3182 946 3211 le
967 3179 1077 3218 afficere
1100 3184 1187 3205 contra
1203 3177 1336 3213 pietatem,

90 3213 162 3245 Tm.
181 3213 210 3246 1.

876 108 1470 151 ESPONSIO.

933 189 982 230 jus
1006 190 1094 221 necis
1118 190 1150 221 in
1180 190 1297 222 liberos
1320 193 1400 232 pati-i
1425 192 1519 226 fuisse
1533 195 1715 238 ademptum
1734 196 1808 229 inde

935 241 951 262 a
969 240 1112 271 tempore
1127 230 1255 271 'frajani
1268 255 1278 270 ‚
1292 231 1464 272 Hadriani,
1475 235 1504 266 ἃ
1515 236 1669 270 Antonini
1680 238 1738 270 Pii.
1752 237 1808 279 (2)

935 271 979 308 est
994 281 1077 303 enim
1101 271 1206 313 (quod
1230 282 1312 314 aegre
1327 273 1421 314 dico)
1444 276 1474 306 ὅ(
1495 275 1547 307 liic
1564 286 1653 310 error
1673 278 1806 312 manife-

935 310 1014 345 stus:
1040 322 1098 344 nec
1116 314 1176 345 erit
1193 313 1281 345 labor
1299 337 1308 353 ,
1334 314 1490 347 refellere.
1537 317 1676 351 Initium.
1690 319 1809 352 sumam

934 365 951 386 a
966 354 1120 394 'si-ajano,
1145 355 1243 394 cedo,
1268 365 1337 387 nam
1357 355 1436 387 scire
1458 358 1576 398 cupio,
1610 360 1677 399 ejus
1694 361 1810 401 princi-

934 397 982 437 pis
997 395 1270 428 Constitutionem
1286 397 1325 428 de
1342 398 1523 439 abrogando
1539 401 1619 439 patri
1645 401 1714 440 jure
1732 403 1810 433 vitae

934 447 971 469 ae
988 438 1094 477 neeis,
1120 438 1149 470 dt
1167 438 1326 478 puniendo
1344 449 1404 478 eo,
1437 439 1459 471 si
1481 448 1593 472 contra
1609 440 1752 474 fecerit?
1776 453 1808 473 e-

934 489 976 519 go
996 479 1114 510 nullum
1135 479 1200 510 vidi
1216 479 1381 519 haetenus,
1419 481 1537 514 nullam
1556 491 1682 524 quoque
1698 484 1810 515 attulit

934 520 1230 561 Bynkeislioekius,
1254 521 1283 553 ἃ
1302 532 1372 563 quae
1388 521 1432 554 est
1457 532 1525 555 mea
1541 524 1674 565 opinio,
1698 533 1738 556 ne
1757 524 1808 556 de-

935 561 1043 602 inceps
1059 561 1185 602 quidem
1201 561 1322 595 adseret
1341 564 1495 604 aliquam3
1529 565 1602 606 quia
1619 565 1650 597 in
1671 574 1740 597 tota
1760 575 1812 597 an-

936 602 1085 642 tiquitate
1102 603 1188 634 nulla
1206 612 1307 636 extat.
1352 604 1483 637 Interim
1511 615 1577 638 rem
1596 607 1724 648 publice
1741 607 1810 638 lici-

937 650 1000 674 tam
1016 651 1111 683 atque
1127 644 1314 690 impunitam
1332 645 1394 678 fine
1409 646 1495 688 Lege
1515 648 1629 689 Populi
1641 648 1811 688 ,autCon-

935 683 1101 716 stitutione
1130 685 1286 727 Principis
1304 711 1313 727 ‚
1353 688 1391 719 ab
1422 689 1488 721 ullo
1515 688 1706 731 Magistratu
1743 690 1812 722 fici-i

935 726 1053 757 crimen
1074 727 1104 758 ἃ
1121 727 1262 768 recipere
1280 738 1403 769 poenarn
1422 731 1536 762 mortis
1565 739 1619 763 aut
1639 732 1784 773 corporis
1800 752 1812 769 ‚

935 767 1004 813 quis
1022 777 1073 798 um
1099 777 1167 799 uam
1184 770 1319 801 credidit
1331 794 1340 809 ,
1365 771 1469 810 dixit,
1493 780 1546 803 aut
1562 772 1634 805 sivit
1650 773 1812 813 Juriscon-

934 809 1059 840 sultus‘?
1114 808 1198 840 lovi:
1232 810 1285 851 (³)
1318 821 1474 852 provocat
1497 813 1534 844 atl
1564 814 1627 845 hoc
1648 814 1813 856 Papiniani

933 851 953 881 l.
977 851 1030 881 ult.
1057 849 1100 882 D.
1136 851 1169 882 Si·
1197 862 1215 882 ιι
1244 858 1367 892 parente
1387 855 1450 895 (suls
1467 855 1723 896 munumiffitsfit:
1746 856 1808 888 Di·-

931 901 985 923 vm
1008 891 1155 935 ijaniis
1167 891 1267 933 filium
1289 904 1370 936 quem
1389 901 1475 936 pater
1499 897 1574 928 male
1591 903 1694 929 contra
1705 899 1806 939 pieta-

1749 945 1808 970 tem

930 1025 973 1053 vel
994 1025 1072 1052 alien.
1087 1024 1146 1061 jur.
1168 1033 1230 1054 cum
1247 1025 1304 1058 ais,
1327 1027 1438 1056 rationis
1452 1026 1555 1066 fuzſje,
1576 1028 1710 1066 infinitam
1730 1031 1806 1060 illam

930 1061 1077 1100 potestatem
1094 1060 1166 1099 justo
1196 1067 1334 1100 temperari
1356 1066 1444 1099 modo,
1469 1065 1623 1103 fastumque
1647 1069 1676 1096 id
1689 1078 1739 1097 riori
1754 1078 1811 1098 unz

933 1103 1007 1138 lege,
1027 1110 1105 1138 neque
1122 1110 1172 1129 uno
1189 1107 1311 1138 tempore,
1327 1102 1377 1140 sed
1390 1105 1537 1140 paulatim,
1565 1111 1594 1133 ut
1601 1105 1667 1143 [οἱα
1683 1108 1811 1137 moribus.

933 1141 1022 1175 igitur
1051 1139 1150 1168 frustra
1172 1141 1279 1177 exigis,
1309 1148 1340 1168 ut
1360 1142 1411 1169 tibi
1427 1141 1552 1171 adferam
1568 1143 1812 1175 constitutionem

933 1179 1068 1213 Traiani,
1089 1177 1227 1214 Adriani,
1257 1179 1302 1207 vel
1317 1179 1458 1209 Antonini
1473 1181 1516 1210 Pii
1532 1181 1567 1210 de
1581 1183 1720 1220 abrogato
1735 1184 1812 1221 patri

933 1218 994 1252 jure
1009 1217 1073 1245 vitae
1092 1225 1125 1245 ac
1142 1218 1236 1252 necis,
1256 1217 1282 1246 δε
1297 1218 1445 1254 puniendo
1473 1228 1525 1255 eo,
1547 1219 1565 1248 si
1582 1227 1682 1250 contra
1698 1221 1813 1253 fecerit.

935 1253 1061 1290 Sufficit,
1086 1254 1228 1293 &semper
1245 1255 1355 1286 suffecit
1371 1258 1400 1286 in
1416 1259 1492 1293 jure,
1515 1258 1594 1295 quod
1612 1261 1739 1290 moribus
1760 1261 1810 1289 de-

936 1294 1034 1330 betur,
1065 1293 1217 1330 probando
1231 1316 1238 1329 ,
1268 1294 1287 1323 si
1309 1304 1343 1324 ea
1366 1296 1506 1329 adseram.
1528 1305 1589 1332 quae
1603 1298 1695 1335 palam
1711 1299 1811 1337 signifi-

936 1339 1018 1366 cant,
1048 1333 1215 1369 abrogatum
1240 1339 1307 1363 tunc
1330 1336 1466 1373 temporis
1493 1334 1573 1365 fuisse
1590 1337 1652 1373 jus,
1687 1346 1746 1376 quo
1771 1338 1808 1369 de

935 1380 1053 1408 agimus.

975 1417 1001 1445 3.
1022 1410 1138 1439 Initium
1155 1409 1225 1439 duxi
1240 1411 1411 1448 aTraJ'ano,
1430 1414 1495 1450 qui,
1517 1421 1550 1444 ut
1566 1422 1662 1445 narrat
1677 1417 1810 1454 Papinia-

935 1457 989 1477 nus
1006 1450 1035 1477 in
1061 1450 1079 1477 l.
1100 1451 1148 1477 ult.
1170 1448 1211 1486 ff.
1238 1449 1270 1478 Si
1288 1460 1304 1478 a
1331 1450 1441 1481 Parem.
1464 1453 1521 1489 quis
1539 1454 1688 1492 manumzff.
1701 1456 1756 1494 fit,
1779 1456 1812 1490 fi·,

936 1488 1024 1522 lium,
1051 1496 1134 1524 quern
1153 1494 1232 1524 pater
1257 1488 1331 1518 male
1354 1498 1454 1520 contra
1472 1492 1608 1528 pietatem
1630 1493 1808 1530 adficiebat,

937 1527 1034 1563 coegit
1050 1527 1246 1562 emancipare,
1269 1526 1408 1565 denegata
1425 1530 1510 1558 etiam
1525 1532 1597 1568 patri
1607 1553 1614 1565 .
1627 1531 1761 1561 defuneto
1776 1533 1810 1563 fi-

935 1565 994 1598 lio,
1015 1566 1156 1594 bonorum
1172 1564 1354 1601 poffeffione.
1374 1574 1490 1605 propter
1506 1570 1738 1600 neceffitudinem
1753 1571 1809 1601 sol-

935 1603 1034 1632 ventlae
1055 1604 1178 1640 pietatis.
1218 1604 1248 1632 Si
1270 1603 1374 1634 salvum
1396 1611 1464 1635 tunc
1487 1606 1578 1636 fuisset
1606 1611 1733 1647 patribus
1763 1611 1809 1646 jus

935 1643 1000 1671 vitae
1019 1651 1052 1671 ac
1067 1642 1157 1675 necis,
1192 1640 1211 1669 fi
1230 1647 1328 1680 pater,
1352 1645 1415 1679 jure
1443 1645 1493 1674 suo
1508 1652 1607 1681 utens,
1629 1647 1664 1677 de
1680 1648 1740 1677 filio
1757 1655 1813 1686 poi

934 1680 1027 1709 ruisset
1049 1680 1201 1709 decernere
1215 1701 1225 1714 ‚
1255 1682 1341 1709 etiam
1365 1690 1455 1719 usque
1479 1683 1515 1712 ad
1534 1693 1649 1720 necem,
1671 1686 1739 1715 scire
1759 1695 1812 1717 ve-

934 1719 998 1751 lim,
1021 1728 1070 1748 cur
1085 1719 1227 1754 Trajanus
1250 1725 1357 1755 patrem
1376 1728 1412 1749 eo
1437 1722 1510 1758 ipso,
1536 1723 1615 1760 quod
1630 1724 1718 1754 filium
1732 1723 1810 1755 male

935 1757 1078 1787 adfecisset
1109 1763 1209 1786 contra
1231 1758 1365 1794 pietatem
1381 1780 1388 1792 ‚
1417 1761 1544 1797 coegerit
1565 1764 1759 1800 emancipare,
1780 1764 1809 1794 δε

936 1797 962 1825 ei
982 1796 1165 1831 denegaverit
1187 1796 1330 1824 bonorum
1350 1796 1554 1833 possessionem.
1600 1801 1630 1831 Si
1644 1801 1745 1837 J'ustum
1767 1802 1810 1832 esl:

936 1834 1083 1868 occidere,
1103 1835 1203 1870 utique
1220 1834 1368 1869 injustum,
1389 1842 1515 1872 patrem,
1544 1840 1593 1875 qui
1607 1842 1699 1870 minus
1720 1841 1809 1877 fecit,

935 1874 997 1908 jure
1012 1873 1060 1901 suo
1078 1873 1206 1901 multare.
1245 1872 1303 1913 Qui
1316 1873 1429 1904 occidere
1439 1875 1519 1913 potest
1530 1898 1538 1909 .
1558 1879 1733 1917 multomagis
1749 1889 1813 1913 cem-¹

936 1913 1044 1941 tumelia
1063 1913 1157 1947 poterit
1184 1919 1253 1948 JURE
1277 1910 1387 1948 adficere
1409 1933 1418 1948 ‚
1449 1920 1482 1942 ut
1497 1915 1536 1943 ait
1551 1915 1721 1953 Papinianus
1737 1919 1765 1947 in
1785 1919 1814 1948 1.’

938 1958 984 1978 22.
1050 1958 1074 1984 3.
1089 1948 1129 1988 ff.
1150 1949 1184 1978 ad
1204 1949 1239 1978 L.
1259 1948 1325 1987 Jul.
1345 1949 1375 1978 de
1402 1950 1527 1981 Adulter.
1565 1955 1611 1983 Ad
1637 1956 1749 1985 hanc&
1763 1965 1811 1986 xe-

937 1988 1024 2024 liqiias
1040 1990 1128 2024 Leges
1140 2009 1147 2021 ‚
1171 1996 1242 2023 quas
1263 1988 1364 2022 attuli,
1393 1991 1480 2019 miror
1496 1997 1524 2020 te
1539 2000 1596 2021 non
1612 1993 1690 2023 fuisse
1706 1995 1808 2024 defun-

935 2028 1008 2055 ctum
1024 2027 1076 2054 liae
1093 2035 1147 2055 una
1159 2026 1337 2062 responsione
1347 2047 1357 2061 ,
1377 2035 1435 2056 non
1448 2037 1530 2065 agere
1545 2030 1649 2060 scilicet
1664 2032 1700 2061 de
1715 2034 1808 2063 infan-

936 2066 1026 2099 tibus,
1057 2073 1154 2093 recens
1179 2066 1251 2093 natis
1265 2085 1274 2098 ,
1302 2066 1330 2093 in
1344 2074 1415 2102 quos
1427 2089 1434 2100 ,
1456 2074 1555 2105 utpote
1573 2077 1631 2099 non
1649 2071 1779 2102 homines
1794 2095 1804 2106 ,

934 2105 1075 2142 patribus,
1098 2104 1165 2140 quin
1183 2102 1208 2131 δε
1225 2103 1359 2132 inan-ibus
1374 2106 1470 2134 omnia
1485 2107 1580 2142 licuit,
1604 2108 1651 2137 sed
1671 2119 1754 2146 agere
1768 2110 1805 2140 de

935 2143 1082 2179 susceptis,
1109 2142 1211 2177 agnitis
1228 2163 1236 2176 ‚
1269 2143 1362 2178 alique
1375 2143 1465 2178 juffis,
1489 2146 1516 2173 in
1533 2155 1604 2182 quos
1619 2151 1745 2184 patribus
1764 2151 1809 2179 ni-

934 2182 990 2217 hil,
1011 2181 1057 2209 vel
1073 2187 1181 2209 tantum
1197 2189 1256 2209 non
1271 2180 1350 2209 licuit
1365 2190 1371 2209 :
1393 2182 1461 2218 quid
1484 2185 1557 2213 enim
1577 2186 1604 2214 in
1621 2187 1663 2215 liis
1677 2187 1806 2222 licuerit,

933 2222 979 2249 vel
1006 2228 1064 2248 non
1093 2220 1228 2253 licuerit,
1254 2228 1313 2248 non
1339 2221 1503 2255 meminivte
1523 2223 1629 2260 uspiam
1649 2233 1811 2264 exponere-

934 2259 990 2288 Sed
1004 2258 1086 2294 hujus
1114 2257 1297 2287 distinctionis
1319 2257 1345 2287 ἃ
1371 2259 1436 2294 hic,
1457 2259 1524 2290 &in
1540 2262 1734 2299 sequentibus,
1754 2265 1808 2294 ubi

934 2298 1057 2327 maximo
1074 2296 1123 2325 usu
1139 2297 1264 2330 veniret,
1287 2297 1461 2327 oblivisceris
1476 2313 1486 2332 ,=
1514 2300 1539 2328 ἃ
1554 2302 1583 2329 in
1600 2302 1712 2331 adultos
1727 2302 1804 2331 idem

933 2338 1003 2373 juris
1022 2336 1122 2363 tribuis
1137 2337 1279 2372 patribus,
1299 2336 1377 2372 quod
1394 2337 1426 2364 in
1450 2337 1581 2367 infantes.
1598 2369 1601 2372 ,
1622 2341 1699 2379 Quid
1721 2342 1806 2377 igitur

934 2378 980 2404 hic
995 2373 1168 2410 respondes?
1194 2375 1281 2402 multa
1306 2373 1415 2407 scilicet
1429 2376 1559 2413 praefatus
1580 2377 1615 2406 de
1632 2379 1737 2414 pietate
1755 2389 1809 2416 pa-

934 2420 1005 2442 trum
1028 2421 1094 2448 erga
1119 2412 1239 2444 liberos,
1266 2413 1379 2440 tandem
1396 2413 1430 2441 de
1445 2415 1572 2450 Trajano
1595 2416 1708 2452 adjicis:
1727 2424 1804 2455 atque

933 2453 977 2481 hoc
997 2458 1072 2481 extra
1092 2451 1205 2478 ordinem
1229 2451 1322 2493 licebat
1342 2451 1481 2488 Principi,
1503 2455 1605 2491 legibus
1616 2455 1718 2493 soluto,
1737 2463 1804 2493 prce-

933 2493 1002 2523 tori,
1023 2490 1062 2518 his
1077 2487 1211 2525 adfirmo,
1232 2498 1282 2517 tion
1302 2491 1395 2517 licebat
1410 2491 1472 2527 jure
1501 2493 1638 2523 ordinario.
1679 2494 1730 2522 Sed
1741 2495 1801 2532 fin-

930 2531 1025 2567 gulare
1044 2528 1180 2563 Principis
1202 2527 1343 2556 Decretum
1364 2530 1407 2555 illo
1418 2528 1493 2566 fabio
1519 2531 1582 2568 quid
1596 2531 1670 2570 facit
1691 2533 1725 2560 tid
1747 2543 1802 2562 rem

929 2567 1097 2605 proesentem‘?
1124 2567 1185 2602 Ego
1209 2574 1278 2593 vero
1294 2566 1517 2597 constitutiones
1538 2570 1698 2608 Principum
1717 2573 1802 2601 inter-

929 2614 1026 2643 pretor
1048 2613 1082 2632 ex
1103 2605 1182 2639 jure,
1213 2605 1290 2641 quod
1307 2612 1374 2634 tunc
1391 2607 1560 2642 obtinebat,
1577 2610 1627 2637 nisi
1648 2611 1798 2646 probetur,

928 2646 1072 2680 Principes
1096 2650 1174 2671 exrra
1196 2643 1324 2671 ordinem
1343 2665 1350 2676 ‚
1379 2643 1483 2678 &jure
1502 2646 1630 2682 singulari
1649 2649 1715 2684 quid
1734 2657 1803 2677 con-

929 2683 1051 2712 stituiss'e.
1075 2681 1121 2710 Tu
1148 2681 1205 2715 ais,
1227 2681 1256 2709 id
1271 2683 1389 2717 'l'rajani
1405 2683 1559 2714 Decretum
1574 2686 1627 2714 esse
1643 2685 1779 2722 singulare
1791 2700 1805 2721 ‚-

929 2724 1000 2759 patri
1017 2726 1084 2758 puta
1099 2719 1259 2756 ademptum
1283 2721 1341 2755 jus,
1363 2722 1441 2757 quod
1459 2723 1485 2750 ci
1510 2724 1635 2759 alioquin
1655 2731 1798 2760 compete-

928 2761 994 2793 bat,
1023 2760 1068 2788 sed
1092 2759 1167 2786 unde
1191 2759 1316 2795 probas?
1343 2760 1500 2794 gravissima
1524 2769 1621 2790 contra
1640 2762 1800 2798 Principem

926 2798 1104 2836 praesumptio
1118 2796 1173 2830 est,
1196 2798 1285 2834 ruptis
1304 2797 1395 2833 legum
1414 2800 1552 2834 repagulis
1569 2800 1700 2834 iniuriam
1719 2800 1802 2830 fecis-

929 2839 954 2866 se
972 2836 1098 2867 subditis.
1138 2836 1206 2864 Scio
1222 2856 1229 2869 ,
1262 2835 1330 2871 quid
1355 2836 1472 2869 Cujacio
1501 2837 1636 2865 exciderit
1658 2838 1801 2869 Comment.

929 2877 964 2904 ad
985 2878 1002 2904 l.
1029 2884 1072 2902 10.
1100 2880 1140 2909 pr.
1155 2872 1195 2910 ff.
1225 2873 1254 2900 de
1284 2873 1360 2900 Patr.
1388 2883 1446 2901 cum
1466 2873 1552 2912 Juris
1571 2884 1671 2911 nempe
1691 2879 1799 2906 rationi-

928 2917 975 2943 bus
990 2914 1125 2950 Rescripta
1145 2914 1294 2947 plerumque
1320 2917 1449 2948 pugnare.
1489 2912 1544 2940 Sed
1561 2913 1585 2941 ἃ
1599 2914 1654 2942 hoc
1670 2915 1728 2949 ejus
1745 2916 1801 2945 fide

929 2953 982 2981 effe
1001 2953 1097 2987 jubeo.
1138 2951 1167 2977 Si
1188 2950 1254 2976 milii
1271 2957 1327 2976 non
1345 2948 1501 2977 constiterit
1517 2951 1553 2978 de
1570 2948 1733 2988 privilegio.
1760 2962 1801 2984 at-

928 2999 982 3027 que
1005 2990 1095 3021 adeo,
1125 2987 1143 3013 fi
1170 2988 1196 3014 in
1221 2995 1250 3014 re
1275 2987 1401 3022 praesenti
1420 2995 1477 3014 non
1494 2988 1620 3023 constet,
1643 2992 1800 3026 Traianum

927 3030 986 3058 filio
1001 3025 1155 3055 subvenisse
1172 3031 1249 3052 extra
1265 3024 1393 3052 ordinem
1405 3045 1413 3056 ,
1430 3033 1483 3061 ego
1497 3029 1607 3063 regulas
1623 3030 1706 3064 juris,
1722 3033 1801 3067 quod

927 3074 994 3095 tunc
1017 3064 1165 3092 obtinebat
1188 3084 1195 3096 ,
1225 3062 1368 3097 sequutum
1395 3062 1472 3091 suiffe
1495 3065 1617 3095 arbitror
1634 3089 1641 3101 ‚
1662 3066 1718 3097 hoc
1736 3069 1775 3098 est
1794 3084 1809 3105 ,1

926 3111 1033 3142 patrem
1063 3100 1187 3129 multasse
1207 3101 1296 3136 patria
1318 3101 1460 3137 potestate
1475 3124 1482 3137 ‚
1510 3105 1588 3142 quod
1615 3114 1650 3134 eo
1672 3114 1800 3145 tempore

925 3151 984 3171 non
1001 3147 1112 3169 tantum
1126 3147 1184 3167 non
1200 3139 1298 3168 liceret
1320 3139 1412 3170 filium
1436 3141 1569 3174 occidere
1581 3165 1590 3180 ,
1612 3143 1663 3174 sed³
1677 3153 1731 3175 nec
1747 3155 1800 3175 ma-

1140 3214 1167 3243 D
1184 3214 1201 3242 d
1221 3214 1239 3242 d
1655 3221 1679 3259 5.
1695 3216 1801 3251 xxiii.
1823 3201 1828 3204 ’
