2008 3436
176 115 244 150 126
426 108 825 146 coRNELII
900 117 1006 147 vAN

731 225 1086 264 CAPUT

598 312 785 363 Explicatio
813 316 853 349 L.
875 318 930 359 38.
957 307 988 361 ς.
1011 324 1040 348 1.

177 406 181 409 ”
191 421 256 464 AX
271 413 380 445 eodem
397 411 515 445 Titulo
529 414 621 454 digna
635 412 698 452 est,
746 421 792 443 uae
814 411 992 452 explicetur
1016 411 1034 442 l.

257 460 306 496 38.
333 454 359 495 ὃ.
376 464 401 486 1.
427 454 469 486 sic
488 455 530 486 ibi
546 456 708 487 Scaevola:
733 456 948 484 SEMPRONIAE
965 451 1036 483 1³1AE

171 505 242 527 noc
265 504 414 527 AMPLIUS
439 504 683 526 COOPERTORIA
708 494 892 531 TAmANA,
914 501 958 523 ET
975 502 1034 523 Tn-

171 546 273 568 meAs
297 546 381 567 'mres
406 546 479 567 CUM
504 545 703 574 PALLIOLIS,
730 544 810 575 QUAE
836 542 1033 572 ELEGERIT,

171 587 257 609 DARI
283 587 383 609 voLo.
407 577 516 621 Qstoero
535 587 575 607 an
594 586 632 608 ex
651 576 794 615 universo
809 575 909 615 veste,
930 576 960 605 id
974 573 1035 615 est,

170 629 211 649 cm
231 618 412 659 cxsynthefi
427 621 547 649 [sciticas
562 617 700 659 singulas
720 617 887 656 &palliola
903 616 1035 656 Sempro-

174 663 228 691 uin
242 662 350 700 eligere
364 667 397 699 po
421 668 442 689 ic
461 660 478 691 ἑ)
501 660 659 699 Respondit
675 683 684 697 ‚
702 659 731 698 fi
746 658 834 700 effent
851 661 957 688 tunicae
971 656 1033 695 fin-

168 703 293 743 gnlurer
311 712 376 731 cnm
393 701 522 739 palliolis
538 701 664 738 relicere,
678 711 716 732 ex
731 703 777 732 his
793 703 946 731 dmzzaxat
963 700 1034 738 eligi

167 743 262 784 polle:
286 745 360 782 qzzoa'
369 743 398 780 sz'
416 753 472 773 non
488 742 529 783 est
544 745 702 777 ,ooeredem
723 744 773 773 vel
787 743 906 773 tunicas
920 739 956 775 {3⁹
967 743 1032 780 pal-

172 787 241 816 liola
252 809 260 823 ‚
275 789 323 822 set
341 784 520 824 exsyrzthefi
533 783 763 824 praestaturztm‚
778 784 827 815 vel
843 793 945 814 veram
958 782 1033 823 aeJbz'-

171 829 330 857 mationem
352 836 462 856 earum.
509 826 558 857 An
581 829 761 865 coopertoria
779 848 788 861 ‚
813 834 883 866 quae
910 823 961 855 hic
989 824 1034 855 di-

172 877 305 906 cuntur,
331 867 367 897 ad
383 866 570 899 vestimenta
586 867 695 899 referri
706 867 836 909 poffmt,
861 874 925 897 non
944 865 1036 896 inele-

171 919 246 950 gans
263 908 413 949 inspectio
428 909 481 939 eil.
527 908 603 940 Non
622 908 724 940 obstat
742 916 828 939 certe
852 906 939 938 verbi
964 916 1036 947 pro-

173 951 307 991 prietas,
332 952 443 988 operire
460 950 543 981 enim
561 951 590 981 ἅ
618 958 722 990 tegere
739 959 802 980 non
824 948 977 980 duntaxat
1000 948 1038 978 de

171 992 277 1032 pileo,
306 1000 416 1023 verum
434 992 464 1022 ὃ(
481 991 519 1021 de
539 1000 728 1032 quocunque
749 989 937 1021 vestimento
961 989 1037 1020 dici-

176 1041 235 1063 tur.
282 1031 426 1063 Alciatus
453 1032 489 1063 L.
517 1032 555 1063 ΙΙ.
583 1032 710 1072 Parerg.
734 1032 807 1072 Jur.
836 1031 866 1061 C.
887 1040 936 1062 21.
963 1030 1037 1071 quid

173 1073 233 1105 sint
256 1076 434 1112 coopertoria
454 1073 588 1104 Fabiano
611 1073 714 1104 dicere
733 1072 937 1104 constituerat
952 1094 961 1110 ‚
988 1070 1038 1102 sed

173 1124 238 1146 non
263 1114 365 1152 dixit,
388 1113 473 1146 fallit
497 1115 580 1146 enim
601 1114 764 1155 inscriptio
784 1113 914 1160 Capitis.
960 1112 1036 1144 Pan-

173 1156 299 1192 cirolus
319 1156 355 1187 L.
382 1155 421 1187 H.
457 1155 525 1187 Var
560 1155 645 1187 Leti.
668 1156 700 1187 C.
732 1165 799 1187 100.
825 1157 887 1186 ime
915 1154 1036 1185 cunela-

173 1197 264 1228 tione
278 1197 340 1235 ait,
365 1195 426 1228 ess'e
444 1196 590 1238 stragulas
608 1206 648 1228 ex
668 1196 770 1228 Tabia
784 1220 792 1235 ,
818 1194 1038 1236 Paphlagoniae

176 1238 338 1277 Civitate,
362 1237 523 1276 advectas,
549 1248 623 1279 quas
640 1238 796 1277 hodieque
815 1238 929 1276 vulgus
952 1235 1037 1267 Itali-

174 1288 248 1311 cum
269 1281 432 1320 copertoria
455 1279 591 1321 appellat
610 1289 620 1317 ;
661 1279 691 1311 &
713 1278 895 1319 simpliciter
916 1285 1040 1318 quoque

175 1323 343 1361 copertoria
365 1320 511 1352 scribitur
531 1321 563 1352 in
579 1320 678 1352 Libro
699 1319 904 1357 Florentino,
927 1317 983 1350 nisi
998 1325 1041 1349 ta-

174 1372 247 1395 men
272 1363 302 1395 O
326 1362 544 1404 geminandum
561 1361 608 1393 sit.
653 1361 730 1394 Non
744 1359 872 1393 difficile
894 1358 939 1391 est
964 1359 1040 1391 Pan·

176 1404 280 1436 cirolo
295 1428 304 1443 ,
335 1412 401 1434 rem
427 1402 568 1434 Italicam
591 1403 793 1442 adfirmanti,
826 1401 989 1441 accedere,
1014 1410 1042 1432 a·

178 1445 302 1486 lioquin
328 1453 388 1485 ego
412 1451 605 1475 tentaveram
622 1467 633 1482 ‚
664 1454 702 1476 an
722 1444 905 1483 coopertoria
925 1465 935 1480 ,
959 1443 1044 1475 Sem-

176 1487 297 1528 proniae
321 1485 384 1517 Piae
407 1484 509 1525 legata
525 1508 535 1524 ‚
566 1484 628 1517 effe
652 1486 814 1527 potuerint
835 1494 872 1516 ea
897 1484 1046 1526 Capitum

176 1533 374 1568 tegumenta,
399 1527 510 1567 quibus
534 1526 680 1558 mulieres
698 1527 777 1559 olim
796 1526 963 1558 utebantur
977 1548 988 1564 ,
1013 1525 1043 1557 dc

175 1569 214 1601 ab
244 1569 396 1610 operiendo
426 1566 533 1599 Grceci
564 1571 722 1606 nazian-mys
752 1575 880 1600 vocant.
935 1566 1041 1599 Possu-

177 1620 246 1643 mus
277 1617 380 1641 tamen
409 1607 567 1641 subsistere
600 1609 632 1642 in
668 1609 826 1643 Paneiroli
855 1610 1040 1651 interpreta-

177 1658 277 1686 tione.

219 1695 265 1727 Ut
283 1703 379 1742 porro
393 1694 570 1728 Scaevolam
588 1694 799 1737 intelligamus
811 1718 820 1734 ,
845 1692 924 1726 scire
949 1701 1042 1734 opor-

176 1743 225 1768 tet
241 1737 315 1777 quid
331 1737 368 1769 sit
383 1735 534 1777 synthesis
558 1737 589 1768 in
610 1746 643 1768 re
658 1736 811 1768 vestiaria.
836 1735 880 1768 Et
899 1734 1042 1776 quidem,

176 1778 199 1810 fi
221 1778 287 1810 vim
306 1779 394 1810 verbi
413 1777 530 1819 speeies
544 1802 553 1817 ‚
570 1778 722 1819 synthefis
743 1777 824 1809 idem
848 1777 909 1808 erit
924 1800 934 1816 ,
959 1775 1044 1816 quod

176 1828 366 1860 quarumque
395 1828 499 1850 rerum
521 1818 705 1851 universitas
718 1843 728 1858 ‚
762 1817 881 1859 maffam
902 1818 1042 1860 Symma-

180 1859 259 1893 chus
290 1861 320 1892 &
362 1860 551 1902 posteriores
586 1861 762 1899 dixerunt3
803 1870 862 1901 qua
892 1858 1046 1890 sententia

177 1905 320 1935 eduum
351 1903 382 1934 &
402 1900 554 1942 synthefis
577 1901 650 1943 (ita
675 1902 759 1933 enim
781 1899 930 1933 transfert
950 1906 1043 1930 vetus

176 1943 362 1985 Interpres)
385 1943 429 1975 est
454 1943 591 1985 plurium
618 1949 764 1984 agrorum
797 1941 980 1983 conjunctio
1010 1940 1043 1972 in

180 1986 201 2016 l.
226 1995 277 2027 34.
302 1983 329 2025 ᾗ.
360 1994 384 2015 1.
405 1985 444 2026 ff.
467 1987 501 2016 de
522 1984 632 2026 Legat.
655 1984 694 2016 II.
720 1985 750 2016 ἀ
773 1983 793 2016 l.
817 1995 868 2026 30.
895 1982 923 2025 ᾗ.
951 1991 978 2014 1.
997 1982 1040 2023 ff.

178 2030 213 2058 de
236 2026 340 2058 Adim.
371 2028 421 2057 vel
454 2027 568 2066 transf.
602 2027 659 2067 leg.
704 2026 874 2072 Quumque
889 2022 1041 2065 synthesis

178 2067 217 2099 ad
239 2067 370 2098 verbum
396 2067 432 2098 sit
456 2066 616 2107 compositio
640 2067 657 2108 <
667 2066 828 2108 quomodo
857 2066 887 2098 δε
915 2075 951 2096 ea
974 2075 1042 2096 vox

178 2108 321 2140 occurrit
338 2108 418 2149 apud
435 2109 583 2140 Serenum
598 2109 799 2141 Samonicum
822 2109 856 2139 de
873 2106 1042 2146 Medicina,

178 2152 258 2186 versL
283 2158 356 2189 591.
383 2148 418 2183 &²
446 2150 564 2190 1084.)
581 2149 731 2190 symbefis
755 2147 883 2188 vestium
900 2148 961 2180 effe
986 2157 1041 2189 po-

178 2191 335 2223 terit‘non
354 2198 474 2221 tantum
490 2190 633 2222 universa
650 2192 762 2230 vellis,
787 2190 838 2222 sed
861 2190 891 2222 ὅ(
910 2199 1042 2230 quarun-

179 2234 248 2264 dam
265 2230 396 2262 vestium
413 2231 620 2272 compositio,
646 2242 714 2273 quae
735 2231 816 2262 inter
840 2231 870 2263 se
892 2230 1042 2262 conveni-

177 2281 238 2305 unt
254 2272 381 2311 colore,
406 2271 526 2311 forma,
551 2281 604 2304 aut
622 2283 681 2313 qua
698 2273 757 2305 alia
779 2282 835 2311 re,
859 2281 928 2313 quae
954 2271 1043 2303 simul

178 2314 352 2347 induuntur
368 2314 397 2345 ὅ(
416 2321 591 2352 exuuntur,
616 2323 709 2355 atque
724 2314 861 2345 invicem
878 2313 955 2352 fibi,
979 2322 1043 2344 non

178 2356 263 2387 reete
282 2355 367 2393 aliis,
392 2362 545 2396 aptantur.
577 2354 648 2387 Nec
663 2355 867 2386 dubitandum
883 2354 945 2392 est,
969 2353 1043 2394 quin

179 2397 244 2429 hoc
263 2396 337 2427 loco
345 2395 497 2436 synthefis
513 2394 640 2437 vestium
658 2397 688 2428 in
703 2405 770 2428 eam
788 2395 972 2427 sententiam
995 2404 1043 2426 ae-

178 2438 334 2479 cipiatur;
357 2446 420 2469 non
438 2438 518 2468 male
538 2438 633 2479 igitur
648 2438 794 2470 Alciatus
817 2439 846 2469 cl.
866 2437 904 2468 L.
918 2436 957 2468 11.
967 2436 1042 2468 Par.

179 2480 258 2521 Jur.
283 2479 314 2509 C.
340 2487 390 2509 21.
416 2478 495 2510 hanc
517 2478 681 2518 definivit,
707 2481 838 2510 ordinem
852 2476 1044 2520 quendam&

181 2521 358 2560 conformem
372 2519 500 2559 vestium
517 2520 753 2561 compositionem.
798 2520 884 2552 Idem
908 2519 972 2561 ipse
998 2519 1043 2550 di-

179 2563 232 2595 ]'cit
256 2562 295 2593 L.
319 2561 342 2592 I.
369 2561 560 2602 Praetermi'ff.
589 2563 621 2595 in
651 2562 736 2594 verb.
773 2560 935 2603 synthesis.
981 2560 1046 2592 Alii

182 2604 342 2637 Alciatum
367 2603 495 2633 mutatis
520 2603 624 2635 verbis
647 2603 841 2645 sequuntur,
867 2603 895 2634 ὃ(
921 2611 1045 2640 tamen,

181 2645 267 2686 quod
288 2651 379 2684 turpe
391 2642 454 2683 est,
479 2645 727 2685 reprehendunt3
751 2644 793 2676 sic
810 2643 891 2676 solet
916 2652 1046 2684 pravum

181 2689 213 2718 <Sc
234 2685 336 2717 debile
362 2685 486 2725 vulgus.
530 2685 562 2716 Si
585 2685 727 2717 Alciatus
752 2686 871 2726 reliqua
893 2683 1044 2716 Scaevolae

181 2728 266 2759 reue
283 2726 464 2767 explicasset
475 2749 484 2764 ,
509 2735 569 2767 ego
586 2725 815 2767 supersedissem
835 2725 908 2757 huic
924 2734 1043 2765 operae:

182 2778 266 2800 nunc
283 2767 415 2808 amplius
433 2766 665 2799 deliberandum
685 2767 714 2799 &
738 2766 953 2808 inquirendum
973 2765 1043 2796 erit.

184 2809 261 2841 Non
278 2817 381 2839 autem
392 2832 400 2846 ‚
415 2817 451 2839 ut
467 2808 562 2839 modo
577 2808 736 2847 dicebam,
753 2806 904 2849 synthesis
917 2805 1045 2846 vestium

185 2850 238 2881 hic
262 2849 343 2880 idem
367 2848 438 2888 est,
464 2849 547 2890 quod
576 2849 671 2881 vestis
696 2848 837 2881 universa
854 2872 863 2888 ,
888 2847 938 2880 sed
960 2847 1044 2889 quod

184 2890 373 2930 quarundam
406 2889 539 2922 vestium
564 2900 624 2923 una
648 2889 791 2931 species3
825 2889 937 2931 quaerit
960 2889 1044 2920 enim

185 2931 327 2961 Scaevola
343 2931 381 2961 de
398 2931 523 2972 legato,
549 2941 612 2972 quo
630 2931 669 2962 de
684 2931 850 2972 agebatur,
874 2940 912 2961 an
931 2929 1044 2961 electio

185 2970 251 3001 fieri
264 2971 352 3010 possit
369 2973 502 3003 exomni
517 2973 681 3011 vestiario,
701 2973 763 3004 hoc
779 2971 987 3010 etia1n‚ctiam
1005 2979 1045 3001 ex

186 3020 370 3080 &uacunque
386 3012 519 3054 synthesi
530 3037 539 3052 ,
553 3023 622 3055 quae
637 3022 703 3045 erat
716 3014 746 3045 in
759 3012 925 3050 vestiario,
937 3012 965 3043 ὅ(
981 3020 1045 3043 non

211 3059 337 3082 untaxat
355 3062 394 3084 ex
412 3053 549 3085 vestibus
565 3055 785 3096 singularibus,
810 3055 848 3085 de
861 3053 971 3095 quibus
990 3053 1043 3084 du-

187 3090 320 3123 bitatum
352 3093 406 3125 est.
447 3096 606 3135 apparebit
631 3096 661 3127 id
676 3120 686 3136 ,
719 3096 741 3128 fi
765 3096 881 3137 singula
906 3095 1045 3126 excutia-

189 3139 268 3161 mus.
544 3138 550 3143 ·

229 3172 382 3213 Proponit
406 3176 546 3208 Scaevola
562 3200 571 3217 ,
606 3178 798 3219 Sempronia:
822 3178 908 3217 Piae,
934 3185 1046 3220 praeter

1081 104 1685 144 BYNKERSHOEK

1184 225 1216 259 X
1241 226 1272 261 X
1299 226 1315 260 l
1340 224 1388 261 V.

1070 307 1108 346 ff.
1134 311 1178 348 de
1202 313 1286 347 Aur.
1313 322 1384 359 arg.
1413 311 1516 358 legat.

1080 409 1281 450 coopertoria
1306 407 1449 440 Tabiana
1468 431 1477 446 ‚
1515 408 1631 450 legatas
1654 406 1715 439 effe
1742 407 1860 439 tunicas
1878 413 1942 442 tres*

1081 461 1147 482 cum
1157 451 1309 490 palliolis,
1331 460 1393 489 quoe
1409 450 1544 490 elegerit.
1584 448 1668 491 Quia
1687 457 1765 479 vero
1781 447 1841 481 suis
1859 452 1936 483 tuni-

1079 493 1125 524 cis
1141 490 1376 522 accommodata
1395 498 1482 522 erant
1502 490 1553 522 sua
1567 490 1696 531 palliola
1711 512 1721 528 ,
1745 490 1876 530 quaerit,
1900 501 1936 525 an

1079 533 1261 573 Sempronia
1279 532 1333 563 Pia
1355 542 1392 563 ex
1408 534 1551 571 universa
1566 531 1667 572 veste,
1688 533 1719 562 icc
1748 530 1790 571 est
1808 554 1818 569 ,
1842 541 1881 563 an
1898 543 1935 565 ex

1068 573 1205 616 svmmesz
1223 575 1341 605 tunicas
1358 572 1491 613 lingulas
1502 597 1511 612 ‚
1530 573 1566 608 Β
1579 574 1703 614 palliolo
1720 572 1827 613 eligere
1836 572 1936 615 pofflt‘?

1078 612 1155 648 Non
1177 615 1255 646 dicit
1283 615 1457 655 universam
1482 615 1591 656 vestem
1623 614 1683 646 esse
1697 613 1855 657 synthesim
1871 639 1880 653 ,
1903 622 1938 648 ut

1078 658 1176 699 prima
1191 655 1299 687 fronte
1317 656 1500 694 videbatur,
1526 656 1576 688 sed
1593 656 1723 698 quaerit,
1748 665 1785 687 an
1798 657 1868 689 Sem
1892 665 1938 689 ro-

1077 699 1127 729 nia
1148 707 1206 738 pro
1234 697 1337 728 lubitu
1364 697 1480 739 eligere
1500 698 1592 738 poffit
1614 708 1652 729 ex
1670 698 1814 736 universa
1829 707 1865 729 ve
1895 708 1908 730 e
1923 720 1936 737 ,

1078 749 1146 780 quae
1170 739 1202 769 in
1227 737 1406 769 haereditate
1429 739 1646 770 inveniebatur
1661 762 1671 778 ,
1697 739 1727 770 id
1753 738 1797 770 est
1811 761 1823 778 ‚
1845 739 1939 773 etiam

1078 790 1119 811 ex
1134 778 1288 820 synthesi,
1312 788 1352 810 ex
1370 780 1409 810 iis
1430 789 1559 820 nempe,
1573 789 1641 820 quae
1657 780 1830 821 composita
1841 788 1937 813 erant.

1078 820 1229 861 Nunquid
1248 820 1344 861 igitur
1360 821 1454 852 liceat
1471 821 1663 861 Semproniae
1679 820 1852 863 composita
1873 821 1936 863 pal-

1079 863 1229 893 liolorum
1243 871 1315 892 cum
1336 861 1452 893 tunicis
1469 862 1553 903 paria
1573 860 1717 903 frangere
1732 885 1742 901 ,
1768 864 1798 894 ὅς
1815 872 1854 894 ex
1880 863 1940 894 hoe

1079 904 1142 944 pari
1166 902 1343 943 composito
1366 901 1480 944 eligere
1507 903 1645 935 tunicam
1660 927 1671 943 ,
1710 903 1740 935 δι
1769 903 1944 944 relinquere

1080 944 1243 985 palliolum
1263 968 1271 982 ,
1305 944 1334 974 &
1357 944 1419 975 alio
1440 942 1542 976 rursus
1568 944 1633 985 pari
1650 966 1660 982 ,
1684 943 1791 975 reliCta
1808 945 1913 976 tunica
1929 969 1941 986 ,

1080 985 1245 1027 palliolum
1266 985 1409 1025 eligere?
1432 985 1475 1016 Et
1497 984 1656 1025 respondit
1672 985 1837 1025 Scaevola,
1856 985 1941 1025 fies-

1072 1029 1142 1068 Jent
1166 1028 1275 1057 tunica
1287 1025 1460 1066 fingulares
1476 1036 1542 1057 cum
1554 1027 1686 1064 palliolis
1701 1026 1812 1058 reliftae
1823 1037 1878 1064 ‚ex
1893 1029 1939 1060 hir

1079 1072 1232 1101 duntaxat
1256 1070 1325 1109 eligi
1342 1068 1428 1108 poſje.
1474 1067 1550 1099 Hoc
1568 1066 1613 1099 est
1627 1091 1637 1107 ,
1663 1068 1685 1100 fi
1706 1068 1738 1100 in
1761 1067 1942 1102 haereditate

1079 1120 1113 1142 re
1136 1110 1274 1141 oriantur
1292 1110 1427 1148 tunicae,
1451 1118 1519 1150 quae
1538 1108 1592 1140 fibi
1607 1109 1755 1150 deputata
1789 1109 1861 1141 allia
1879 1120 1943 1144 non

1081 1120 1252 1190 habebant,
1276 1158 1329 1181 aut
1348 1149 1462 1192 pallia,
1488 1149 1549 1181 suis
1575 1151 1690 1182 tunicis
1713 1151 1751 1182 de
1781 1151 1879 1191 ituta,
1902 1161 1944 1184 ex

1080 1193 1119 1224 iis
1156 1192 1360 1233 singularibus
1385 1191 1539 1222 duntaxat
1576 1192 1792 1232 Semproniam
1829 1193 1945 1235 eligere

1081 1233 1188 1275 poss‘e,
1211 1242 1286 1273 quas
1301 1232 1399 1264 vellet
1419 1233 1559 1271 tunicas,
1582 1240 1637 1263 aut
1656 1233 1749 1273 pallia
1763 1255 1774 1271 ‚
1797 1236 1945 1274 quoniam

1083 1274 1170 1306 nulla
1189 1273 1273 1316 paria
1286 1296 1297 1312 ,
1320 1274 1352 1305 in
1369 1282 1405 1305 ea
1421 1271 1523 1314 specie
1537 1297 1547 1314 ,
1572 1280 1719 1315 poterant
1734 1275 1838 1316 perdi:
1860 1275 1944 1317 quod

1084 1315 1178 1348 habet
1194 1315 1356 1347 rationem.
1663 1341 1670 1346 .

1127 1357 1233 1398 Pergit
1252 1363 1374 1389 autem:
1398 1357 1487 1403 Quod
1501 1356 1533 1397 si
1552 1367 1609 1390 non
1630 1356 1673 1400 est
1691 1382 1701 1396 ‚
1722 1359 1862 1392 heredem
1895 1359 1947 1393 vel

1089 1401 1208 1431 tunicas
1225 1397 1398 1439 &palliola
1417 1424 1425 1438 ‚
1439 1400 1491 1440 set
1510 1409 1549 1431 ex
1566 1399 1704 1442 synthesi
1724 1401 1948 1443 proestaturum,

1088 1442 1138 1473 vel
1172 1450 1277 1473 veram
1301 1439 1524 1482 estimationem
1545 1452 1657 1475 earum.
1702 1442 1883 1476 Haloander
1903 1443 1946 1476 le-

1111 1484 1156 1523 it,
1181 1484 1255 1525 quod
1273 1480 1298 1519 li
1316 1493 1374 1515 non
1394 1482 1505 1524 effent,
1529 1491 1565 1516 ut
1585 1483 1709 1516 scilicet
1723 1485 1827 1516 oratio
1851 1485 1950 1527 magis

1099 1534 1123 1557 1t
1141 1526 1270 1567 integra.
1315 1524 1375 1557 Sed
1393 1535 1455 1557 non
1479 1535 1501 1557 o
1524 1534 1561 1558 us
1583 1525 1629 1558 est
1655 1535 1673 1557 a
1692 1525 1876 1559 Florentina
1901 1535 1948 1558 re-

1086 1566 1222 1606 cedere3
1254 1568 1329 1608 quod
1342 1566 1370 1605 fi
1391 1577 1449 1599 non
1467 1578 1481 1600 e
1532 1566 1604 1608 JCti
1627 1566 1737 1600 dicunt
1753 1591 1765 1608 ,
1805 1568 1889 1610 quafi
1909 1576 1951 1602 ex

1083 1607 1242 1648 formula,
1266 1618 1325 1650 pro
1339 1630 1350 1648 ,
1366 1607 1397 1648 fi
1412 1611 1458 1641 ita
1468 1612 1504 1651 Je
1525 1618 1574 1641 res
1594 1618 1652 1641 non
1671 1611 1797 1649 habeat,
1820 1609 1844 1642 fi
1866 1618 1950 1643 nern-

1109 1660 1126 1682 e
1141 1649 1297 1690 ejusmodi
1314 1651 1429 1682 tunicae
1446 1650 1630 1692 singulares,
1653 1650 1706 1683 vel
1730 1651 1825 1693 pallia
1849 1651 1892 1684 fin
1935 1668 1952 1677 -

1085 1660 1183 1730 faria,
1206 1691 1239 1723 in
1259 1691 1351 1723 bonis
1373 1691 1512 1725 defuncti
1536 1702 1602 1724 non
1629 1693 1833 1734 reperiantur.
1878 1659 1953 1726 'felt

1087 1733 1153 1773 ejus
1176 1732 1350 1765 locutionis
1371 1734 1514 1775 exempla
1537 1734 1651 1775 ubique
1684 1734 1716 1766 in
1739 1733 1812 1775 Jure
1842 1733 1951 1767 nostro

1087 1773 1159 1807 sunt
1179 1773 1295 1814 obvia,
1318 1781 1354 1806 ut
1373 1773 1442 1808 sane
1461 1775 1575 1817 pudeat
1598 1775 1730 1815 probare
1747 1785 1757 1815 3
1780 1784 1840 1808 nec
1859 1775 1952 1808 aliter

1086 1816 1096 1847 i
1121 1815 1150 1847 se
1167 1815 1284 1847 Seneca
1297 1815 1398 1856 dixit,
1423 1819 1498 1858 quod
1513 1816 1543 1857 fi
1562 1816 1623 1858 est,
1646 1815 1746 1857 Epist.
1769 1816 1948 1850 LXXXV.
1998 1811 2000 1818 ’

1103 1867 1122 1889 n
1146 1855 1332 1888 Florentino
1355 1857 1454 1890 Libro
1478 1859 1532 1890 hic
1555 1859 1649 1891 etiam
1667 1857 1712 1890 est
1747 1864 1776 1890 et
1794 1867 1853 1899 pro
1865 1859 1922 1899 sed
1934 1880 1948 1898 ,

1087 1898 1272 1930 tralatitium
1287 1898 1403 1940 quippe
1419 1899 1464 1932 est
1482 1899 1513 1931 in
1530 1909 1569 1931 eo
1595 1899 1693 1932 Libro
1773 1899 1803 1931 ὅ(
1826 1898 1859 1930 Τ
1882 1909 1950 1942 pas-

1085 1939 1157 1978 fim,
1182 1939 1214 1970 in
1231 1938 1288 1971 hac
1307 1940 1336 1971 &
1351 1941 1421 1973 aliis
1437 1941 1589 1981 vocibus,
1614 1940 1812 1973 commutari.
1843 1940 1949 1983 Atque

1085 1981 1129 2012 ita
1146 1981 1177 2011 in
1198 1978 1256 2021 fin‚
1282 1981 1301 2012 l>
1325 1991 1378 2021 55.
1405 1982 1446 2024 ff.
1475 1986 1509 2014 de
1529 1982 1608 2024 Acq.
1635 1993 1695 2014 rer.
1719 1984 1794 2014 dom.
1820 2011 1822 2013 ,
1843 1991 1880 2014 ro
1900 1984 1947 2015 de-

1082 2021 1204 2062 fzffET,
1230 2022 1314 2063 quod
1330 2033 1413 2055 nunc
1432 2024 1553 2064 integre
1567 2021 1811 2063 scribitur‚defii
1837 2023 1948 2063 et‚&',

1084 2063 1187 2104 aptius
1203 2061 1407 2103 scriberetur,
1430 2064 1605 2104 defisSET,
1626 2065 1688 2096 hoc
1712 2064 1774 2105 est,
1798 2065 1919 2107 defliffet
1933 2075 1948 2105 ‚-

1075 2109 1126 2144 sec
1142 2104 1286 2136 astionem
1300 2107 1373 2136 mibi
1386 2108 1419 2137 in
1437 2106 1555 2145 fastum
1577 2108 1646 2139 dari
1669 2113 1821 2147 oporter23
1845 2106 1965 2142 sensuS.

1086 2146 1215 2178 Proculi
1236 2146 1266 2177 id
1284 2147 1415 2178 omnino
1429 2147 1578 2189 postulat.
1623 2147 1682 2181 Sed
1700 2148 1860 2181 videamus
1879 2158 1949 2191 por-

1086 2197 1122 2218 ro
1135 2187 1172 2217 de
1190 2185 1337 2228 responso
1354 2188 1515 2221 Scaevolae.
1561 2189 1593 2222 Si
1609 2199 1676 2228 res,
1700 2197 1735 2221 ut
1751 2189 1892 2230 dixerat,
1916 2188 1949 2222 se
1968 2200 1971 2204 ·

1086 2228 1130 2259 ita
1147 2237 1210 2260 non
1232 2228 1341 2259 habeat
1354 2252 1363 2268 ,
1388 2237 1482 2270 atque
1499 2231 1576 2262 adeo
1601 2231 1687 2262 nulla
1712 2231 1744 2262 in
1765 2231 1948 2263 haereditate

1087 2270 1287 2301 inveniantur
1303 2271 1408 2310 pallia,
1419 2271 1475 2303 nifi
1491 2270 1552 2303 suis
1570 2272 1684 2303 tunicis
1699 2272 1947 2312 accommodata,

1087 2321 1124 2342 an
1141 2310 1240 2342 adhuc
1257 2311 1337 2342 idern
1355 2311 1520 2344 dicendum
1539 2313 1599 2344 erit
1621 2313 1660 2344 de
1683 2313 1780 2345 libera
1803 2314 1873 2346 Sem
1897 2322 1948 2345 ro-

1088 2352 1146 2383 niae
1167 2352 1350 2384 eleffione‘?
1374 2362 1423 2384 res
1449 2361 1695 2395 temperamento
1717 2361 1797 2395 eget.
1841 2354 1870 2385 E
1885 2355 1950 2396 iget.

1087 2393 1211 2433 quidem
1239 2393 1340 2425 adhuc
1366 2394 1563 2436 Sempronia,
1589 2394 1641 2426 sed
1665 2404 1705 2426 ex
1721 2395 1846 2436 paribus
1861 2404 1948 2428 com-

1087 2434 1196 2475 positis
1221 2445 1285 2467 non
1307 2434 1361 2466 nisi
1380 2438 1481 2476 paria,
1507 2435 1629 2467 constat
1653 2436 1736 2467 enim
1757 2434 1948 2468 testatricem

1087 2475 1199 2517 legasse
1216 2475 1401 2508 vestimenta
1415 2474 1487 2515 sua,
1511 2483 1604 2518 atque
1622 2476 1689 2508 haec
1708 2477 1739 2509 in
1766 2476 1948 2509 haereditate

1087 2525 1151 2548 non
1170 2517 1258 2557 sunt,
1284 2517 1340 2549 nifi
1359 2517 1550 2558 composita,
1576 2518 1605 2550 δε
1628 2517 1681 2549 sibi
1704 2518 1841 2550 invicem
1864 2525 1950 2560 apta-

1090 2567 1130 2591 ta.
1175 2559 1225 2590 Ex
1244 2559 1281 2590 iis
1295 2558 1391 2599 igitur
1406 2558 1502 2599 eliget
1518 2566 1581 2590 tres
1600 2559 1738 2600 tunicas,
1763 2559 1793 2591 &
1814 2560 1873 2591 tria
1885 2558 1948 2601 pal·

1088 2601 1149 2640 lia,
1175 2610 1245 2642 quae
1261 2601 1352 2637 vult,
1376 2601 1462 2641 quod
1479 2599 1500 2632 si
1520 2600 1578 2631 tria
1596 2600 1680 2641 paria
1698 2600 1871 2642 composita
1893 2599 1948 2632 eli·

1088 2649 1160 2683 gat,
1185 2649 1380 2683 quaecunque
1400 2640 1477 2681 sint,
1501 2640 1580 2672 bene
1599 2640 1669 2672 est:
1694 2641 1736 2674 fin
1761 2650 1840 2674 vero
1866 2640 1947 2674 fran-

1089 2692 1161 2724 gere
1175 2683 1255 2714 velit
1269 2682 1373 2723 paria,
1392 2690 1432 2713 ex
1451 2692 1515 2713 uno
1533 2682 1648 2723 eligere
1667 2682 1827 2722 tunicam,
1851 2692 1891 2714 ex
1905 2682 1948 2715 al-

1089 2733 1158 2756 tero
1173 2724 1302 2764 pallium
1315 2746 1324 2762 ,
1348 2723 1491 2764 perderet
1506 2722 1680 2755 universam
1696 2722 1850 2766 synthesim
1864 2747 1873 2763 ‚
1897 2732 1947 2756 ne-

1088 2775 1148 2806 que
1162 2765 1239 2796 adeo
1256 2764 1286 2795 id
1309 2764 1471 2804 permittet
1490 2764 1596 2795 haeres.
1639 2763 1725 2811 Quin
1741 2764 1772 2796 id
1789 2764 1947 2805 permitte-

1087 2816 1120 2837 re
1136 2805 1269 2837 voluiffe
1287 2803 1475 2837 testatricem
1495 2814 1559 2836 non
1578 2814 1675 2847 magis
1698 2803 1743 2837 est
1759 2805 1944 2845 verisimile,

1086 2856 1177 2887 quam
1196 2845 1330 2877 voluisse
1345 2869 1355 2885 ,
1381 2853 1416 2876 ut
1433 2845 1580 2886 legataria
1598 2869 1607 2885 ,
1632 2846 1682 2878 cui
1707 2853 1841 2892 quatuor
1863 2846 1946 2888 paria

1087 2887 1277 2919 manicarum
1295 2894 1382 2918 erant
1400 2886 1499 2927 legata
1513 2909 1522 2925 ‚
1547 2896 1587 2918 ex
1612 2887 1738 2928 singulis
1760 2887 1884 2928 paribus
1911 2895 1944 2919 u·
1994 2910 1995 2914 ,

1087 2937 1158 2960 nam
1185 2927 1317 2969 eligeret
1340 2927 1463 2958 rubram
1479 2949 1489 2965 ,
1520 2927 1650 2959 alteram
1678 2928 1778 2960 albam
1794 2951 1803 2967 ,
1828 2929 1946 2970 nigram

1089 2969 1231 3006 tertiam,
1257 2969 1286 3000 ἃ
1306 2968 1346 3000 lic
1361 2968 1525 3009 deinceps,
1551 2978 1661 3001 omnes
1683 2968 1848 3010 singulares
1866 2980 1873 3001 :
1902 2969 1947 3001 ita

1087 3010 1169 3041 enim
1184 3017 1317 3051 quatuor
1335 3009 1508 3057 composita
1531 3009 1614 3050 paria
1632 3009 1774 3051 perderet
1792 3033 1801 3049 ,
1831 3009 1945 3051 stbique

1087 3051 1189 3082 minus
1206 3049 1380 3090 prodesset,
1406 3052 1435 3081 oc
1455 3050 1543 3082 simul
1560 3050 1673 3082 haeredi
1688 3058 1827 3082 noceret.
1861 3050 1944 3083 Idem

1086 3092 1163 3132 juris
1182 3091 1242 3122 erit
1259 3091 1298 3121 dc
1318 3091 1444 3131 caligis,
1469 3091 1599 3129 calceis,
1624 3092 1653 3123 ὃ(
1671 3091 1792 3128 reliquo
1813 3091 1943 3123 vestium

1087 3142 1199 3174 genere
1217 3156 1226 3170 ‚
1250 3132 1334 3172 quod
1359 3132 1482 3177 paribus
1510 3132 1561 3163 vel
1586 3131 1719 3174 synthesi
1738 3132 1867 3164 constat.
1911 3131 1944 3164 Si

1089 3182 1190 3206 tannen
1217 3174 1312 3205 haeres
1336 3180 1498 3214 permittat
1515 3195 1526 3212 ,
1558 3181 1592 3205 ut
1614 3173 1683 3214 quis
1706 3182 1745 3205 ex
1764 3172 1947 3218 compositis
1994 3183 1995 3205 1

1837 3221 1839 3223 ·
1854 3211 1945 3245 vesti·
