2008 3436
216 117 284 150 340
460 108 859 144 CORNELII

209 201 242 224 re
262 202 322 224 non
341 192 442 232 possit.
476 193 725 236 Rescill'a‘igitur
742 204 758 225 3
779 194 893 226 Senatu
912 194 956 226 est
969 194 1072 226 Curiae

211 232 364 265 sententia
388 243 434 265 12.
459 234 517 274 Jul.
547 245 634 276 1709.
659 236 732 275 (6)
752 236 779 266 a:
800 236 932 267 vitricus
947 236 1073 267 fiducia-

212 275 257 305 ria
282 274 434 306 sententia
461 276 623 308 damnatus
651 286 757 307 omnes
787 276 859 307 illos
881 277 1073 308 inventarios

209 315 356 356 privigno
374 315 428 347 suo
454 317 613 348 exhibere.
658 317 716 349 Sed
742 325 838 356 quum
862 317 972 348 deinde
987 318 1072 349 cxlii-

209 356 268 387 biti
292 356 410 395 611631,
435 358 463 389 &
489 359 648 398 privignus
671 358 836 397 optionem
863 357 989 389 differre
1006 359 1072 389 vel-

208 397 273 435 let,
296 398 396 430 donec
424 399 590 430 inventarii
620 397 768 435 refutati,
793 399 822 430 ὃς
852 401 957 431 onmia
982 399 1018 430 ad
1038 399 1071 430 li-

206 438 337 477 quidum
355 440 499 479 perducta
523 439 644 476 effent,
666 439 799 470 Senatus
823 449 849 471 1.
874 439 949 480 Apr.
981 449 1070 480 1710.

207 479 279 520 (7)
303 480 344 511 ob
375 481 529 518 rationes,
554 480 651 511 modo
677 487 865 521 occupatas,
889 481 1069 522 privignum

206 520 297 552 illico
314 529 423 561 optare
442 521 534 560 juffit.

251 561 357 605 Quum
380 562 511 599 mulier,
534 563 565 593 in
589 562 648 594 alia
667 561 778 600 causa,
808 573 854 595 10.
880 563 948 604 Jun.
978 569 1066 604 1718.

203 601 259 634 fibi
294 602 517 642 heredibusque
547 602 607 634 suis
646 603 733 644 pacta
764 603 842 635 css'ct
875 606 1038 646 optionem
1058 628 1068 644 ‚

206 651 311 675 Utrum
328 644 408 675 lucri
424 644 474 674 vel
495 643 618 682 damni,
640 644 722 685 quod
749 643 848 676 stante
866 646 1070 678 matrimonio

205 684 390 723 obveniret,
416 684 571 725 particeps
588 685 650 716 effe
666 685 783 724 vellet,
809 696 866 718 nec
881 697 936 726 ne,
961 689 1008 725 ἃ,
1031 696 1067 718 111

205 733 316 765 optare
345 725 467 765 poffet,
489 727 540 756 ciat
566 729 604 758 ’er
619 728 705 757 zoude
729 736 861 768 gegssven
881 730 1001 759 worden
1020 730 1065 759 he-

206 766 338 806 hoorlyke
355 772 506 797 ouverture
534 777 595 798 van
605 769 700 808 sc'zlten
714 789 725 805 ‚
747 769 894 808 maritus,
919 769 1066 801 defuncta

202 816 319 844 uxore,
343 807 408 847 ejus
429 808 594 839 heredibus
622 809 747 850 quidem
777 809 895 842 obtulit
923 811 1063 842 inventa-

203 848 283 878 rium
311 848 486 887 bonorum,
519 859 587 890 quae
617 859 689 882 cum
713 849 802 890 ipse,
826 858 892 882 tum
919 851 1065 883 (1611111613

204 889 295 920 Uxor
310 890 347 920 ad
364 891 488 930 nuptias
513 890 684 929 attulerat,
708 891 817 923 oblato
843 893 937 924 etiam
952 894 1066 933 'jureju—

200 930 316 968 rando,
341 940 403 971 quo
421 932 582 971 utriusque
606 932 697 963 fidem
713 932 878 973 probaret.
905 933 955 966 sed
974 935 1065 966 Sena—

203 979 252 1003 tus
275 972 442 1012 Suprcmus
469 982 498 1013 7.
523 973 594 1005 Oct.
622 983 710 1015 1735.
736 974 916 1015 judicavit,
951 976 1064 1007 utrius-

934 118 1042 144 VAN

826 1072 1182 1109 CAPUT

1115 79 1714 147 BYNKERSHOEK

1115 205 1176 237 que
1192 195 1358 227 inventarii
1384 195 1613 227 exhibitionem
1639 205 1701 229 non
1725 197 1862 232 sufficere
1878 225 1887 240 ,
1918 204 1970 238 nifi

1115 236 1203 268 1131111
1219 237 1441 268 exhiberentur
1456 237 1545 275 libri,
1570 237 1671 268 aliave
1687 238 1901 282 instrumenta,
1930 254 1969 279 ex

1115 278 1226 318 quibus
1266 278 1432 319 compoilti
1468 276 1567 309 essent
1597 279 1774 312 inventarii.
1828 281 1968 319 Habebat

1115 318 1223 358 utique
1254 319 1384 350 maritus
1416 319 1453 350 ad
1487 328 1610 350 manum
1628 343 1638 358 ,
1669 321 1749 352 unde
1771 321 1967 364 exscripserat

1115 367 1281 400 utrumque
1307 360 1534 398 inventarium,
1562 359 1713 399 habebat,
1735 371 1794 402 qua
1815 373 1966 401 mercator

1115 399 1440 439 Amsterdammenfis,
1474 401 1569 432 libros
1595 404 1812 442 316163311163,
1838 405 1966 441 habebat

1113 439 1200 471 forte
1218 441 1296 480 alia,
1322 441 1371 473 sed
1397 452 1466 483 quae
1490 442 1633 481 celabat,
1657 452 1698 474 cx
1717 446 1866 477 memoria
1881 448 1964 490 quip-

1112 490 1151 521 pe
1176 481 1228 512 sua
1253 481 1332 514 hanc
1357 485 1518 524 utriusque
1548 483 1701 515 bonorum
1728 484 1965 527 descriptionem

1112 522 1173 553 esse
1195 521 1308 554 fastam
1336 525 1405 564 quis
1432 525 1538 555 credat
1556 524 1573 556 ἓ)
1604 524 1745 556 Heredes
1772 528 1909 561 mulieris
1927 530 1964 563 de

1111 563 1243 601 optione
1258 564 1334 595 lucri
1353 565 1405 596 vel
1421 565 1523 596 damni
1542 575 1603 597 non
1625 575 1770 606 poterant
1783 568 1963 611 decernere,

1111 604 1168 636 nili
1194 603 1336 645 inspeetis
1359 606 1414 644 iis,
1440 606 1520 637 unde
1545 608 1583 637 de
1603 608 1734 639 veritate
1750 609 1902 651 utriusque
1918 612 1961 645 in-

1112 645 1244 676 ventarii
1262 646 1402 678 constare
1418 646 1528 687 posset.
1574 647 1678 679 Nemo
1707 648 1776 680 sanc
1794 660 1810 680 a
1828 651 1962 686 mulieris

1111 686 1277 718 heredibus
1297 688 1420 728 exigat,
1435 696 1469 718 ut
1487 688 1619 729 simplici
1637 690 1739 721 mariti
1759 690 1962 727 adfirmationi

1111 727 1204 759 fidem
1223 726 1364 760 habeant.
1411 729 1522 769 Ajebat
1538 729 1660 769 quidem
1680 731 1687 761 i
1694 731 1751 769 116,
1778 731 1906 766 liberum
1920 743 1963 768 es·

1109 768 1141 800 se
1159 776 1325 809 utrumque
1353 770 1563 801 inventarium
1588 769 1746 809 refutare,
1771 772 1895 806 sednon
1912 785 1963 808 ex-

1110 809 1219 841 hibitis
1246 809 1476 849 instrumentis,
1512 811 1592 842 unde
1617 812 1709 852 petiti
1734 822 1842 852 erant,
1864 817 1962 854 cedo,

1110 850 1370 892 quemadmodum
1388 852 1516 884 refutari
1535 852 1658 892 possint.
1702 853 1802 894 Juffus
1818 855 1911 896 igitur
1920 857 1962 891 est

1109 892 1240 923 maritus
1267 902 1306 923 eo
1331 902 1359 933 7.
1386 893 1455 925 Otr.
1494 902 1582 934 1735.
1609 893 1682 934 (8)
1707 905 1742 926 ea
1768 894 1965 931 instrumenta

1109 934 1195 974 prius
1214 933 1362 965 exhibere
1374 957 1383 972 ,
1398 933 1480 965 salva
1497 934 1607 966 demde
1626 935 1789 968 heredibus
1809 938 1964 981 utriusque

1109 974 1277 1007 inventarii
1300 974 1502 1008 refutatione.

1283 1074 1342 1108 II.

250 1157 350 1192 Pana
376 1161 589 1194 communione
617 1160 763 1194 bonorum
790 1161 876 1195 inter
902 1160 1058 1205 Conjuges
1075 1188 1083 1201 ,
1117 1171 1243 1205 quorum
1267 1161 1351 1195 alter
1367 1187 1375 1202 ‚
1409 1162 1529 1206 velqui
1551 1164 1640 1196 ambo
1664 1163 1778 1198 liberos
1801 1164 1917 1199 habent

313 1225 353 1248 ex
375 1217 476 1260 priori
501 1217 722 1256 matrimonio,
760 1226 819 1249 non
846 1217 983 1260 impingi
1010 1217 1042 1248 in
1071 1215 1093 1248 l.
1123 1215 1202 1248 Hac
1226 1213 1373 1249 Editiali
1401 1218 1433 1249 6.
1458 1217 1495 1249 C.
1519 1216 1562 1251 de
1587 1218 1727 1254 secund.
1754 1228 1852 1265 nupt.

499 1270 624 1314 etiamst
649 1272 732 1305 alter
756 1271 828 1317 plus
853 1273 1001 1305 bonorum
1028 1272 1070 1306 ad
1092 1272 1223 1316 nuptias
1248 1270 1423 1312 attulerit,
1460 1281 1551 1315 quam
1576 1274 1670 1308 alter.

261 1365 354 1397 cculo
372 1365 498 1398 demum
522 1366 614 1399 XVI.
659 1367 842 1399 Hollandos
859 1368 907 1399 uti
928 1368 1060 1409 coepisse

272 1406 293 1437 l.
323 1410 354 1439 6.
381 1408 413 1438 C.
444 1409 478 1438 de
492 1408 613 1449 secund.
638 1416 720 1449 mtpt.
755 1408 827 1441 sunt
855 1410 908 1449 qui
934 1411 1060 1442 tradunt

227 1447 297 1488 1),
320 1446 380 1480 ‘sed
407 1458 467 1489 qua
492 1449 677 1481 311610111316
695 1474 704 1490 ,
740 1451 879 1482 nondum
906 1452 1059 1493 comperi.

229 1489 292 1520 uod
308 1489 329 1520 fi
344 1489 401 1528 fit,
425 1489 512 1522 forte
530 1490 715 1524 desiderares
732 1492 822 1524 aliam
845 1492 968 1532 legem,
991 1502 1059 1533 quae

192 1530 274 1562 hanc
300 1539 415 1563 novam
441 1531 611 1564 induxisset
631 1556 642 1571 ,
683 1541 718 1565 ut
753 1533 784 1564 in
813 1532 917 1565 Gallia
941 1533 1059 1566 factum

193 1572 384 1604 Mornacius
418 1582 574 1605 memorat
597 1573 673 1615 (2)
689 1598 698 1613 ‚
740 1574 792 1606 sed
827 1585 922 1616 quum
949 1585 1059 1607 omnes

191 1612 262 1653 JCti
287 1612 442 1645 Hollandi
470 1624 551 1647 nunc
581 1615 764 1657 firnpliciter
789 1616 959 1649 secundum
991 1626 1059 1649 eam

190 1655 293 1695 legem
310 1653 536 1695 respondeant,
559 1666 618 1698 ego
642 1658 740 1690 nolim
756 1658 822 1698 ejus
838 1657 1059 1699 auctoritatem

189 1695 349 1736 defugere.
396 1697 505 1738 Vulgo
521 1704 627 1730 autem
652 1699 759 1738 aJ'unt,
782 1699 980 1740 conjugalem
1002 1700 1058 1731 bo-

190 1746 303 1769 norum
332 1739 610 1778 communionem,
633 1741 728 1772 etiam
756 1740 788 1773 in
804 1741 995 1780 liberorum,
1021 1750 1060 1773 ex

189 1778 288 1819 priori
304 1779 507 1811 matrimonio
524 1789 771 1822 prognatorum,
795 1782 1010 1823 praejudicium
1020 1791 1060 1813 ex

190 1818 421 1852 consuetudine
451 1819 594 1861 prodesse
623 1830 734 1855 contra
766 1825 794 1856 d.
819 1824 840 1855 l.
870 1826 900 1854 6.
926 1824 1012 1865 quod
1037 1823 1058 1856 fi

189 1870 267 1892 vero
282 1862 371 1903 pacta
384 1860 484 1894 fuerit
501 1863 657 1896 bonorum
682 1865 882 1904 communio,
907 1874 971 1897 non
988 1874 1058 1906 pro-

188 1902 290 1941 deffe,
322 1902 416 1944 quia,
441 1903 617 1945 inquiunt,
639 1906 693 1946 qui
719 1905 905 1947 paciscitur,
931 1906 1057 1938 videtur

188 1943 369 1975 renunciare
385 1944 444 1984 J'uri
460 1945 751 1986 consuetudinario,
776 1948 806 1979 &
824 1947 941 1979 reverti
962 1947 1058 1988 adJus

191 1984 297 2017 Civile
317 1984 529 2018 Romanorum
541 2009 552 2025 ,
575 1987 708 2029 ideoque
725 1998 764 2021 ex
781 1998 820 2020 eo
838 1989 907 2029 jure
923 1988 960 2020 ad
974 1988 1058 2021 Con-

187 2026 293 2071 jugem
318 2026 469 2072 duntaxat
498 2029 662 2069 pervenire
688 2039 755 2062 eam
784 2038 906 2071 partem
922 2053 934 2069 ,
964 2039 1056 2071 quam

189 2068 401 2154 peffiifflltmcllh
420 2068 548 2157 Ζ1111663111
573 2110 756 2144 sententiam
784 2113 952 2154 praeiverat
971 2111 1054 2144 Gro-

190 2158 253 2180 tius
271 2148 384 2180 Introd.
410 2151 448 2180 ad
473 2149 607 2192 Jurzspr.
632 2152 717 2185 Holl.
742 2153 784 2185 L.
808 2153 848 2185 ΙΙ.
875 2154 909 2186 C.
937 2163 984 2185 12.
1009 2154 1052 2195 vs.

190 2191 279 2221 Stant
297 2195 323 2220 te
339 2190 448 2230 letten,
461 2191 555 2224 facile
569 2193 608 2224 ab
627 2193 695 2225 aliis
712 2196 897 2235 recepta,&
914 2203 950 2226 ut
970 2204 1055 2226 com-

190 2231 298 2264 munis*
311 2231 441 2272 probata
458 2231 542 2270 fuit,
566 2234 661 2265 etiam
678 2235 708 2266 in
727 2235 861 2275 judiciis.
893 2236 971 2268 Eam
990 2245 1055 2268 cer-

188 2280 221 2304 te
246 2273 383 2312 amplexi
413 2272 482 2305 sunt
505 2273 695 2307 Neostadius
718 2278 748 2308 ὃς
764 2276 869 2309 Coren
896 2277 934 2309 iis
951 2277 1054 2317 locis,

187 2323 270 2353 quos
286 2313 438 2345 indicavit
465 2313 703 2357 Groenewegen
721 2318 758 2348 ad
777 2317 871 2349 Grot.
895 2319 924 2349 d.
948 2318 989 2349 L.
1014 2318 1055 2351 Π.

191 2356 224 2386 C.
254 2365 300 2386 12.
334 2355 364 2386 ὅ(
387 2354 450 2396 ipse
478 2354 715 2398 Groenewegen
741 2358 777 2390 ad
802 2361 829 2391 d.
856 2359 877 2391 l.
906 2362 937 2390 6.
965 2359 997 2390 C.
1021 2361 1055 2391 cie

181 2396 305 2437 secund.
328 2402 410 2437 nupt.
442 2407 502 2428 van
527 2397 685 2430 Lecuwcn
717 2399 759 2431 R.
784 2400 829 2431 H.
855 2400 896 2432 R.
923 2401 964 2432 L.
998 2400 1052 2433 IV.

191 2439 224 2469 C.
250 2447 300 2478 24.
327 2447 356 2469 n.
383 2442 411 2471 8.
438 2438 468 2470 ὅ(
490 2438 604 2480 Censur.
630 2439 746 2481 Forenst
770 2442 858 2473 Part.
881 2441 904 2473 I.
931 2442 970 2473 L.
997 2440 1053 2474 IV.

190 2479 223 2510 C.
249 2489 297 2520 23.
323 2488 352 2509 n.
376 2488 405 2516 9.
426 2479 468 2510 Et
484 2479 528 2510 ita
547 2490 673 2522 quoque
689 2481 868 2523 responsum
886 2481 930 2514 est
950 2481 1053 2521 Consti.

190 2519 275 2551 Holl.
304 2519 337 2551 T.
360 2519 383 2551 I.
416 2519 519 2559 Confil.
544 2531 598 2561 41.
624 2522 660 2557 &³
683 2533 736 2563 42.
761 2524 790 2555 ἀ
822 2523 855 2555 Τ.
882 2523 920 2555 11.
950 2523 1052 2563 Confil.

189 2565 239 2595 80.
266 2570 336 2600 242.
364 2560 400 2594 &³
419 2570 494 2602 301.
519 2562 549 2594 &
580 2562 612 2593 Τ.
638 2563 694 2595 111.
721 2564 823 2603 confir.
851 2569 902 2596 62.
930 2565 960 2596 ἀ
987 2575 1054 2597 rur-

188 2601 238 2632 sus
268 2600 300 2631 T.
327 2600 381 2632 111.
408 2599 555 2641 Amsterd.
585 2602 686 2641 Consti.
712 2608 762 2638 86.
789 2605 841 2637 ubi
865 2607 896 2637 &
919 2605 1055 2638 refertur

187 2641 342 2673 sententia
365 2642 497 2674 Senatus
516 2643 656 2684 Supremi
680 2655 730 2676 22.
756 2645 838 2678 Dec.
867 2650 957 2677 1612.
983 2656 1053 2687 quae

187 2683 218 2714 id
237 2682 334 2724 ipsum
366 2683 567 2715 definiviffet.
614 2684 700 2716 Idem
726 2695 851 2727 quoque
875 2686 1054 2727 responsum

188 2722 234 2755 cst
265 2723 369 2762 Confil.
401 2723 446 2756 H.
483 2724 516 2756 T.
552 2724 606 2756 IV.
635 2725 738 2765 Confil.
773 2737 844 2767 205.
871 2726 906 2761 ὃ)
929 2737 1000 2767 227.
1024 2730 1054 2761 &

191 2764 293 2804 Confil.
328 2765 414 2808 Belg.
449 2765 484 2797 T.
509 2765 563 2798 111.
596 2765 698 2805 Confil.
733 2777 802 2808 154.
835 2767 877 2816 Q
899 2778 928 2809 3.
956 2768 1052 2800 Com-

186 2807 273 2838 muni
297 2814 373 2838 tunc
398 2807 540 2848 opinioni
563 2806 741 2849 suffragium
758 2808 845 2841 11111111
862 2809 947 2840 addit
966 2809 1052 2842 Voet

188 2848 225 2878 ad
246 2847 306 2878 Tit.
325 2847 365 2888 ff.
390 2849 423 2878 tle
445 2848 485 2879 R.
512 2848 558 2880 N.
580 2858 610 2880 n.
639 2859 708 2881 122.

230 2888 289 2919 Sed
304 2897 382 2929 quot
407 2889 437 2920 &
459 2897 583 2930 quantae
608 2891 809 2923 auctoritates
828 2891 906 2929 1131,
930 2891 967 2924 iis
986 2902 1048 2925 non

188 2929 309 2971 assurgo
317 2952 328 2969 ,
351 2929 373 2962 fi
393 2930 462 2971 lege
480 2939 533 2963 aut
549 2931 670 2964 ratione
693 2931 915 2972 destituantur,
948 2940 983 2964 ut
998 2933 1050 2965 hic

226 3060 287 3097 (6)
309 3062 382 3090 Inter
403 3062 474 3091 Afila
494 3062 621 3098 Senatus,
642 3063 668 3093 ἀ
689 3062 826 3102 Observat.
845 3062 961 3094 Trmzult.
983 3063 1047 3095 Rer.

178 3098 294 3136 judicat.
318 3100 349 3127 T.
364 3101 413 3129 111.
433 3111 459 3130 n.
477 3108 538 3136 537.

224 3136 285 3172 (7)
306 3137 377 3166 lbid.
400 3139 428 3167 in
448 3141 568 3175 margine
589 3139 614 3169 d.
634 3150 661 3168 n.
681 3148 746 3176 537.

222 3173 283 3211 (8)
303 3175 376 3204 Inter
397 3177 467 3206 Atta
486 3178 598 3207 Senatus
611 3200 620 3213 ,
644 3178 669 3208 δε
694 3178 833 3218 Observat-
851 3177 1042 3211 Tumult.Rer.

1103 1366 1326 1399 destituuntur.
1372 1366 1442 1398 Lex
1465 1367 1567 1399 omnis
1584 1368 1661 1400 filet.
1706 1369 1750 1401 Et
1773 1377 1891 1403 tantum
1911 1371 1962 1403 ab·

1103 1408 1167 1446 est,
1191 1417 1226 1440 ut
1245 1409 1327 1440 ratio
1343 1408 1417 1440 huic
1434 1407 1597 1441 sententiae
1624 1409 1715 1442 suffra
1738 1420 1829 1450 etur,
1853 1420 1906 1451 ut,
1928 1422 1963 1445 ea

1104 1449 1264 1488 consulta,
1289 1450 1395 1482 malim
1413 1449 1581 1481 defendere
1594 1474 1604 1489 ,
1627 1451 1648 1482 fi
1662 1461 1720 1492 pro
1746 1452 1856 1484 ibicum
1874 1453 1962 1486 11116-

1104 1491 1208 1523 cundo
1232 1490 1368 1533 Conjugi
1393 1492 1463 1532 plus
1480 1492 1568 1529 dari,
1591 1502 1682 1533 quam
1699 1493 1782 1534 quod
1801 1495 1963 1527 minimum

1103 1533 1194 1565 datur
1212 1533 1265 1564 uni
1282 1542 1319 1566 ex
1338 1532 1443 1564 liberis
1464 1533 1578 1573 prioris
1601 1535 1813 1574 matrimonii,
1828 1545 1875 1573 ¹co
1899 1535 1962 1579 ipso

1103 1583 1229 1615 quoque
1247 1574 1437 1615 prohibitam
1468 1574 1566 1605 videri
1594 1574 1786 1607 statutariam
1809 1575 1962 1610 bonorum

1103 1616 1378 1653 communionem,
1400 1614 1519 1647 61133111
1539 1624 1610 1647 3316
1634 1617 1757 1657 nuptias
1778 1617 1817 1649 de
1832 1627 1867 1649 ea
1883 1618 1962 1651 nihil

1102 1657 1227 1699 paetum
1241 1657 1287 1689 fit.
1350 1657 1401 1688 uid
1422 1657 1525 1692 enim.
1550 1658 1603 1698 qui
1623 1659 1732 1699 nequit
1748 1658 1821 1690 dare
1837 1668 1962 1700 expres-

1103 1698 1154 1737 se,
1176 1698 1262 1730 dabit
1293 1698 1415 1730 tacite?
1438 1697 1554 1730 Tacite
1582 1699 1664 1730 enim
1692 1699 1743 1736 dat
1761 1723 1770 1737 ‚
1795 1701 1845 1746 qui
1874 1701 1964 1734 dives

1104 1746 1176 1772 'cum
1206 1749 1340 1782 paupere
1363 1739 1510 1773 secundas
1530 1740 1653 1781 nuptias
1672 1741 1829 1772 contrahit
1847 1742 1960 1784 absque

1103 1781 1201 1824 pactis
1220 1781 1508 1822 antenuptialibus,
1533 1781 1563 1813 ὅ(
1584 1780 1626 1812 116
1643 1782 1827 1814 matrimonii
1855 1783 1897 1815 sui
1916 1783 1959 1815 se·

1103 1821 1223 1855 missem
1240 1822 1355 1864 perdit.
1399 1821 1496 1863 Atqui
1513 1823 1533 1854 l.
1559 1821 1629 1854 Hac
1647 1822 1779 1854 Edistali
1796 1823 1874 1855 ultra
1911 1834 1960 1856 or-

1104 1864 1224 1896 tionem
1250 1873 1322 1895 cum
1350 1862 1457 1895 liberis
1480 1863 1605 1896 virilem
1640 1865 1804 1906 quicquam
1831 1875 1885 1906 per
1907 1875 1959 1897 ere

1100 1912 1201 1937 vetat.
1234 1905 1266 1937 Si
1282 1914 1318 1936 ea
1336 1904 1582 1946 Jurisprudentia
1598 1904 1652 1937 usu
1671 1905 1847 1937 invaluiss‘et
1866 1930 1876 1945 ‚
1898 1916 1959 1949 ego

1100 1947 1164 1979 non
1179 1946 1324 1984 mirarer,
1350 1946 1401 1977 sed
1418 1945 1581 1987 postquam
1601 1946 1736 1978 invaluit
1758 1946 1838 1978 inter
1853 1947 1957 1980 secun-

1100 1989 1157 2020 dos
1174 1986 1350 2029 Conjuges,
1383 1988 1435 2027 qui
1452 1987 1567 2018 liberos
1589 1987 1704 2019 habent
1726 1997 1766 2020 ex
1783 1988 1878 2029 priori
1895 1998 1958 2021 ma-

1100 2028 1251 2061 trimonio
1263 2051 1274 2066 ‚
1298 2027 1454 2061 subfistere
1473 2029 1728 2071 communiopem
1744 2029 1915 2068 bonorum,
1935 2029 1959 2062 11

1099 2070 1178 2102 1111111
1208 2069 1373 2110 quicquam
1399 2077 1472 2100 ante
1495 2069 1618 2110 nuptias
1643 2069 1766 2110 pastum
1792 2069 1828 2102 111
1844 2094 1854 2110 ,
1885 2070 1957 2102 satis

1097 2111 1202 2144 mirari
1218 2119 1280 2142 11011
1298 2111 1408 2151 potui,
1433 2120 1488 2141 cur
1510 2120 1573 2142 non
1592 2111 1622 2142 id
1644 2109 1742 2151 ipsum
1752 2110 1913 2150 obtineat,
1935 2110 1957 2144 11

1097 2153 1136 2184 de
1162 2152 1388 2184 communione
1405 2152 1593 2184 nominatim
1627 2152 1836 2192 convenerit,
1860 2161 1956 2194 quum

1097 2203 1136 2225 eo
1157 2193 1248 2234 133610
1266 2193 1420 2225 duntaxat
1435 2193 1629 2232 declaretur,
1655 2192 1810 2234 Coniuges
1830 2194 1875 2225 uti
1894 2193 1958 2226 vel-

1098 2236 1128 2267 le
1152 2244 1188 2266 ea
1211 2235 1436 2266 communione
1456 2257 1466 2273 ‚
1491 2244 1584 2275 quam
1609 2232 1800 2266 consuetudo
1825 2235 1956 2266 invexit.
1988 2236 1990 2238 '

1098 2276 1179 2308 Satis
1200 2275 1294 2307 etiam
1319 2275 1482 2307 absurdum
1500 2275 1563 2315 est,
1587 2285 1649 2307 non
1666 2275 1760 2306 licere
1777 2275 1868 2316 113610
1881 2284 1957 2307 con-

1098 2317 1208 2348 venire
1224 2326 1259 2348 ea
1276 2316 1314 2347 de
1330 2326 1383 2355 re,
1406 2326 1496 2359 quam
1515 2316 1568 2357 Jus
1596 2316 1757 2348 Publicum
1774 2316 1902 2357 probat,
1925 2316 1956 2348 δε

1099 2357 1219 2390 inducit
1235 2357 1327 2389 etiam
1347 2359 1465 2396 tacite,
1489 2357 1519 2388 &
1543 2358 1640 2399 magis
1659 2357 1817 2388 absurdum
1833 2358 1911 2397 erit,
1935 2357 1958 2388 11

1100 2398 1226 2438 credis,
1249 2399 1331 2440 quod
1359 2399 1455 2441 vulgo
1479 2399 1618 2430 creditur
1634 2421 1646 2436 ,
1670 2397 1870 2430 introductam
1895 2397 1957 2430 ess'e

1097 2441 1253 2472 bonorum
1291 2441 1546 2472 communionem
1582 2450 1620 2472 ex
1647 2437 1823 2484 frequentia
1850 2437 1956 2485 patto-

1097 2491 1186 2520 rum,
1210 2481 1321 2522 quibus
1348 2490 1383 2512 ea
1410 2481 1592 2512 communio
1613 2478 1823 2525 placuitffimst
1841 2482 1956 2520 fingas,

1098 2523 1231 2554 tacitum
1258 2523 1360 2553 valere
1378 2544 1388 2560 ,
1419 2532 1475 2563 qua
1506 2521 1544 2552 de
1577 2529 1609 2551 rc
1633 2519 1806 2560 expressum
1832 2522 1956 2561 pactum

1097 2574 1161 2596 non
1179 2564 1274 2595 valet.
1321 2563 1433 2594 Romae
1450 2572 1488 2594 cx
1509 2561 1755 2592 conventionum
1775 2560 1956 2602 frequentia

1098 2604 1310 2637 introduaum
1337 2603 1421 2642 fuit,
1443 2610 1498 2640 ut,
1521 2600 1636 2633 etiamsi
1666 2601 1695 2632 in
1721 2602 1883 2642 emptione
1907 2601 1954 2634 ni-

1098 2645 1229 2679 hilesi’et
1247 2644 1422 2685 express'um
1433 2665 1444 2682 ‚
1455 2650 1554 2674 tamen
1573 2642 1612 2673 de
1627 2642 1785 2674 evictione
1802 2642 1889 2674 foret
1905 2651 1953 2674 ac-

1098 2688 1165 2726 tio,
1190 2685 1241 2718 sed
1270 2685 1290 2717 11
1313 2685 1352 2716 (16
1373 2683 1528 2716 evictione
1549 2684 1646 2724 palam
1663 2683 1878 2723 convenill'et‚
1909 2683 1954 2716 se·

1097 2738 1159 2766 cus,
1168 2725 1231 2759 sese
1245 2735 1311 2757 rem
1327 2724 1518 2764 habituram,
1542 2733 1657 2763 nemo,
1681 2723 1734 2765 qui
1750 2724 1888 2764 diceret,
1907 2723 1954 2757 ul-

1097 2769 1145 2801 lus
1160 2768 1230 2799 erit.

1139 2808 1271 2841 Videtur
1290 2814 1395 2840 autem
1422 2807 1572 2848 ejusmodi
1596 2806 1720 2848 paetum
1748 2806 1787 2838 de
1813 2815 1953 2839 commu-

1093 2850 1190 2882 nione
1205 2849 1359 2880 bonorum
1385 2849 1463 2881 nihil
1491 2848 1573 2880 aliud
1597 2847 1679 2886 css'e,
1701 2856 1791 2888 quam
1809 2847 1955 2889 express'a

1094 2892 1241 2923 voluntas
1266 2889 1335 2929 jure
1356 2889 1631 2922 consuetudinario
1651 2888 1775 2927 utendi,
1805 2889 1953 2928 quoniam

1092 2932 1126 2964 in
1151 2930 1313 2973 pastorum
1339 2929 1600 2973 interpretatione
1621 2930 1663 2961 ita
1685 2928 1865 2961 versandum
1889 2927 1953 3002 estg

1635 2983 1644 2999 1
1917 2979 1936 3002 U

1084 3065 1198 3103 Judicat.
1222 3062 1253 3092 T.
1271 3065 1351 3093 xm.
1372 3074 1399 3093 n.
1414 3068 1499 3098 2916.

1127 3103 1190 3140 (1)
1210 3103 1348 3131 Neossad.
1370 3104 1400 3131 de
1420 3103 1495 3131 Ραᾶ.
1517 3106 1650 3137 antenupt.
1670 3097 1780 3137 Observ.
1797 3100 1845 3130 IV.

1127 3141 1190 3179 (2)
1212 3141 1260 3170 Aa
1284 3141 1340 3170 Tit.
1361 3140 1390 3170 C.
1412 3141 1442 3169 do
1463 3139 1545 3178 Imff.
1565 3137 1663 3177 testam.
