2008 3436
214 112 374 148 LIllRI
425 111 787 149 SINGULARIS
841 111 917 148 AD
968 111 1008 146 L.
1062 111 1276 156 LECTA,

42 194 259 235 ilserzscsshrtis
283 203 340 224 uoti
355 193 458 234 stilum
481 203 596 225 munero
625 199 706 224 terno
725 192 780 233 (C.
806 192 837 223 C.
867 193 898 223 C.

83 237 249 269 Delicir.³ii.·:i
276 235 423 275 ruffinum)
453 235 644 275 multiplicati
660 257 669 273 ,
689 235 813 275 pariunt
836 234 899 275 ufli-

81 289 130 309 ras
146 277 364 318 iiiiiizs<·ujzssqiie
374 275 520 317 pensionis
529 284 582 317 pro
600 282 667 308 ram
685 273 821 314 mensium
847 276 898 306 ad-

80 320 191 351 isacius.

37 416 145 454 Menses
173 440 179 446 .
202 439 208 446 .
233 438 239 445 .
265 417 317 457 12}
366 420 417 456 ΗΞ
490 420 541 456 1οξ
621 419 658 456 92-
746 420 783 454 82-
865 420 900 456 7}

38 454 180 493 Ceiitigli'ma

37 495 134 524 (αἶς-(α’.
142 495 200 523 den·
212 516 218 523 .
230 516 237 522 .
279 514 299 545 3
389 513 407 545 13
503 514 522 546 ὃ
625 514 643 546 3
740 514 760 546 3
880 514 899 545 3

38 572 128 610 Ustffl‘
146 575 315 618 pestes-1·-
364 583 421 619 :342
483 587 501 619 3
530 584 541 617 'i
601 581 658 617 282-
719 581 774 618 εκ
841 583 899 617 222-

36 621 99 640 num
125 621 157 640 ex
188 624 226 642 mo

36 659 66 680 '⁰
85 670 93 678 ·
115 670 123 678 ·
284 665 317 696 6!
378 668 416 702 5}
475 665 509 701 4}
565 665 600 703 32-
659 664 691 691 ε’
768 664 801 699 13-
888 658 899 698 ἓ

283 745 301 776 3
385 745 403 776 3
481 745 500 776 3
567 744 586 775 3
660 744 678 775 3
761 743 780 775 3
881 742 900 773 3

265 813 315 848 19¹:
367 813 419 848 16¹3
467 814 519 850 13}
547 812 599 847 10}
659 813 693 847 7}
759 817 793 847 42
868 815 898 846 12

81 897 250 930 Inferiores
274 897 434 930 usurarum
460 907 629 935 numeros,
655 895 675 927 si
695 896 724 927 in
744 905 834 926 unam
854 905 900 941 re-

34 939 130 972 ducas
156 939 302 972 summam
321 964 330 978 ‚
364 940 455 970 babes
473 945 550 980 253}
567 938 673 968 denar.
689 938 728 983 ⁸id
743 936 806 972 est,
833 946 899 967 uni-

36 981 115 1013 versi
142 981 264 1022 Capitis
287 981 390 1012 usuras
406 1003 415 1019 ‚
447 990 518 1010 cum
536 986 711 1018 augmentis
729 988 770 1009 ex
790 987 898 1016 mora,

35 1022 132 1055 etiam
153 1021 227 1054 sisini
246 1021 411 1054 menstrua.
435 1020 605 1052 Coxinanus
617 1020 686 1051 Lib.
701 1019 770 1051 Vll.
786 1020 856 1060 Cup.
873 1028 898 1051 1.

630 1127 990 1164 CAPUT

887 678 892 681 .
944 648 1027 679 vires
1051 656 1213 688 acquirere
1240 648 1353 680 eundo.

1336 114 1432 149 Cir.
1467 114 1527 151 XI.
1556 115 1636 151 XII.
1767 125 1811 161 29

943 201 973 223 η.
1002 200 1048 222 12.
1084 191 1266 231 pensionum
1286 193 1427 224 omnium
1454 192 1560 226 frenus
1575 205 1642 226 non
1659 196 1741 227 ultra
1759 196 1811 227 de-

943 233 1048 265 narios
1075 234 1230 265 ducentos
1251 257 1261 272 ‚
1296 235 1521 276 quinquaginta
1544 236 1623 267 duos
1651 238 1783 269 extollit
1803 247 1813 273 ;

943 274 1016 312 sed,
1040 281 1074 305 ut
1091 274 1235 313 ridetur,
1262 275 1363 315 lapsus
1381 277 1503 307 ratione
1522 276 1612 307 unius
1631 278 1659 309 δε
1678 278 1813 317 dimidii,

942 316 1045 348 minus
1060 314 1239 356 supputati;
1263 316 1357 357 idque
1374 317 1509 348 evenisse
1534 326 1641 358 putem
1662 328 1699 350 ex
1721 320 1814 350 omis-

943 356 973 389 sa
989 356 1145 397 pensionis
1165 356 1240 389 semi
1265 356 1429 389 menstrua:
1459 357 1559 390 usura.
1605 357 1813 400 Cretes-oquin

943 398 1008 441 ipse
1024 398 1107 429 recle
1126 398 1221 430 etiam
1242 399 1271 431 in
1289 398 1414 430 censum
1431 408 1527 431 vocat
1546 400 1723 432 additiones
1742 400 1811 432 usu-

943 440 1038 472 rarias
1054 449 1095 471 ex
1111 449 1199 471 mora
1215 440 1434 481 pensitationis
1451 441 1565 472 debitae
1584 443 1746 474 continua.

987 482 1092 522 Atque
1116 481 1194 512 illud
1218 481 1286 514 fieri
1310 482 1481 523 plurimum
1504 483 1651 514 interest:
1675 483 1814 515 enormis

943 524 1027 555 enini
1045 521 1089 554 est
1103 522 1299 562 differentia,
1320 533 1426 555 utrum
1444 534 1515 555 cuin
1533 525 1622 556 Zasio
1641 524 1816 562 existimes,

944 564 1047 596 usuras
1074 564 1258 605 simpliciter
1284 565 1346 598 fine
1373 565 1574 597 incrementis
1594 576 1740 605 currere,
1775 576 1815 598 an

944 615 1040 645 vero,
1065 606 1327 646 quemadmodum
1345 608 1524 641 monuimus
1537 630 1548 646 ,
1575 608 1605 639 &
1624 618 1733 639 verum
1750 606 1815 644 est,

1137 647 1141 652 '
1401 648 1597 681 Incrementa
1627 648 1692 681 sola
1711 648 1816 681 aseen-

944 690 1022 720 dunt
1039 689 1075 720 ad
1096 692 1167 722 216.
1190 689 1365 721 Denarios:
1396 699 1528 731 namque
1543 691 1580 722 iis
1595 690 1672 722 adde
1690 690 1817 722 usuram

945 730 1116 771 simplicem
1133 735 1190 772 375
1211 731 1282 762 den.
1300 731 1330 763 ὅ(
1342 731 1469 763 habebis
1479 732 1651 771 ducentos,
1664 733 1817 774 quinqua-

945 773 1031 812 iginta
1057 780 1137 810 tres,
1169 776 1200 804 ot
1225 772 1385 804 dimidiam
1410 773 1501 805 unius
1527 782 1657 814 partem.
1704 773 1751 805 Ita
1774 782 1817 805 ex

891 811 895 823 ¹
945 805 1049 844 inentc
1072 813 1178 844 Pauli:
1202 812 1386 852 sinautem,
1411 815 1495 860 quod
1511 816 1577 855 ejus
1593 814 1816 856 Antogonistae

944 854 1114 893 volebant,
1143 864 1334 895 unoquoque
1361 858 1466 887 mense
1490 864 1672 895 currerent,
1699 857 1728 888 ἃ
1748 855 1816 888 sub-

944 895 1015 927 inde
1034 895 1211 927 crescerent
1231 895 1384 927 universae
1406 896 1498 928 sortis
1525 897 1643 935 usurae,
1668 896 1818 929 immensa

944 936 1030 968 soret
1054 946 1159 968 earum
1189 937 1308 968 summa
1327 937 1397 978 post
1417 947 1540 979 tempus
1559 938 1710 971 solutioni
1730 949 1816 970 com-

945 986 1078 1018 petens:
1113 978 1313 1020 exsuperaret
1338 980 1454 1020 quippe
1476 980 1547 1020 plus
1578 990 1672 1021 quani
1697 980 1814 1012 beffem

945 1019 1067 1060 Capitis
1084 1021 1216 1052 omnino
1238 1021 1365 1061 integri.

1086 1128 1214 1163 XII.

34 1219 166 1256 Parium
191 1227 298 1254 autem
314 1246 322 1261 ‚
349 1217 428 1263 quod
441 1215 622 1264 szilvjeffiim
651 1215 720 1262 est,
749 1215 875 1261 quidam
901 1217 1051 1251 <licebant
1084 1215 1127 1250 ad
1142 1214 1246 1263 fhrtis
1261 1214 1456 1262 solutionem
1481 1225 1611 1253 tantum
1635 1219 1812 1264 pertinere,

82 1291 143 1314 non
168 1281 266 1313 etiam
292 1277 333 1311 acl
365 1275 555 1321 isliu-arum,
587 1288 653 1321 qziae
675 1278 780 1322 priore
803 1283 897 1321 parce
913 1273 1107 1321 flmpliciter
1139 1276 1174 1309 in
1191 1272 1439 1321 stipulationem
1463 1274 1642 1322 venissent:
1668 1278 1812 1323 pastum-

83 1348 141 1382 qzie
165 1336 199 1370 i’d
221 1342 349 1369 tantum
374 1332 416 1367 ad
441 1334 661 1378 exceptionem
693 1330 842 1377 procleffe.
900 1331 946 1368 Ec
973 1332 1039 1365 ideo
1062 1341 1122 1365 non
1140 1329 1249 1375 soluta
1271 1332 1407 1377 pecunia
1425 1330 1567 1378 statutis
1583 1330 1812 1378 penstonibus‚

83 1404 125 1429 ex
152 1393 202 1428 dic
220 1389 442 1438 stipulationis
465 1385 578 1433 usuras
601 1388 728 1431 deberi,
751 1395 846 1433 atque
866 1385 896 1431 si
920 1388 954 1422 id
976 1384 1167 1422 nominatim
1195 1384 1271 1432 effer
1297 1384 1485 1434 exprqffum.
1708 1386 1711 1389 “

166 1492 195 1521 rii
208 1487 318 1530 statuit
334 1486 446 1528 aliquid
461 1490 547 1526 parte
564 1486 702 1526 inaudita
718 1485 812 1516 altera
824 1506 835 1523 ,

76 1488 318 1589 QAEquum
336 1529 406 1560 licet
418 1524 579 1568 statuerit,
612 1527 689 1558 haud
706 1536 799 1568 aequus
810 1526 899 1566 ficit,

33 1624 70 1648 ut
88 1615 134 1648 est
150 1615 184 1647 in
201 1611 383 1655 Tragoedia.
409 1610 633 1652 Imperatorem
651 1608 819 1642 Claudium
836 1608 900 1641 hoc

33 1657 163 1690 nomine
178 1655 282 1698 lepide
296 1652 401 1686 derisit
420 1652 538 1685 Seneca
557 1653 590 1685 in
609 1651 784 1692 Apolocynt.

477 1737 549 1769 Una
571 1741 687 1767 tantum

472 1779 565 1810 Parte
588 1779 709 1816 audita,

476 1820 553 1861 Saepe
579 1818 614 1853 ἐξ)
636 1825 750 1851 neutra.

196 1748 229 1770 uo
250 1746 308 1769 non
330 1737 406 1768 alius

192 1781 265 1813 otuit
287 1780 374 1810 citius

159 1821 282 1863 Distere
306 1819 406 1862 causas
417 1842 429 1859 ,

35 1908 130 1942 Recte
148 1914 242 1947 atque
258 1904 369 1936 ordine
388 1904 485 1945 igitur
500 1902 579 1934 facit
600 1902 694 1944 Legis
713 1901 825 1935 nostra:
838 1902 899 1934 Au-

33 1946 122 1988 ἑὶότ,
146 1947 230 1989 quod
245 1945 443 1978 Adi'cii'orum
457 1968 466 1982 ‚
491 1954 508 1975 a
525 1944 638 1985 quibus
661 1944 821 1976 diffidebat
847 1944 899 1984 (u-

33 1991 59 2022 ti
77 1989 144 2022 fere
160 1997 226 2020 erat
245 1987 376 2025 solitus,
399 1985 586 2018 observante
607 1985 741 2026 Cuiaeio
764 1986 834 2017 Lib.
858 1984 897 2016 Π.

35 2029 68 2063 C.
94 2031 166 2072 26.)
186 2029 269 2068 sive,
294 2037 329 2060 ut
344 2028 458 2059 Paulus
475 2027 513 2058 de
534 2026 644 2058 Castro
660 2027 822 2068 loquitur,
834 2026 899 2058 Acc-

34 2073 134 2104 vocati
151 2071 272 2103 alterius
292 2070 394 2101 Partis
410 2068 549 2099 rationes
564 2068 593 2100 in
615 2069 807 2100 contrarium
825 2077 897 2109 pro-

34 2121 145 2155 ponat.
189 2112 303 2143 Facete
319 2109 486 2142 admodum
503 2108 706 2141 Adversarios
724 2110 755 2141 in
773 2118 898 2141 arenam

34 2153 184 2195 producit
200 2152 310 2194 Cynus
326 2152 363 2183 ad
385 2152 412 2182 ι’).
438 2151 457 2182 l.
503 2149 608 2190 Nam,
640 2150 804 2192 postquam
823 2149 897 2182 fatti

35 2195 190 2237 speeiem,
223 2195 253 2225 ὅ(
277 2192 364 2224 Pauli
383 2192 421 2223 de
436 2202 472 2223 ea
494 2191 673 2233 responsum
690 2192 809 2234 ingenti
826 2190 899 2223 satis

34 2244 184 2278 apparatu
201 2234 408 2271 exhibuerat,
430 2233 474 2264 ita
493 2233 616 2264 tandem
633 2234 751 2275 pergit:
776 2234 898 2265 Haere-

26 2275 176 2321 sponswne
201 2278 272 2308 data
294 2282 349 2316 pei·
366 2274 525 2305 Dominum
541 2274 689 2313 Paulum,
704 2274 899 2315 surrexerunt

34 2329 72 2351 ex
86 2318 204 2360 adveifii
227 2319 344 2359 quidam
365 2316 421 2346 alii
447 2315 640 2346 Baeculam-ei·
664 2316 754 2357 (nam
771 2317 801 2348 ὅ(
818 2316 898 2347 Pou-

35 2361 94 2396 lum
122 2360 153 2392 in
178 2357 426 2402 praecedentibus
451 2356 664 2398 appellaverat
687 2367 776 2388 unum
800 2359 899 2398 perfe-

36 2398 112 2435 &um
131 2401 358 2433 Baccalaureum
371 2421 381 2435 ,
393 2398 440 2433 i&
459 2408 547 2429 unum
568 2397 777 2439 clistzrtiffimum
796 2399 897 2430 Advo-

36 2443 152 2484 catum)
175 2444 208 2474 de
231 2440 335 2473 Schola
352 2439 476 2471 Domini
492 2439 679 2479 Papi7iiani3
702 2440 750 2471 vel
767 2440 897 2471 aliiAd-

35 2479 133 2516 vocati
152 2483 328 2515 Praetoriani
336 2481 403 2521 fori
414 2504 425 2519 ‚
449 2480 485 2516 &³
510 2482 648 2512 dixerunt
663 2492 673 2512 .-
697 2481 761 2512 Nos
777 2483 900 2514 dicimus

35 2526 232 2564 contrarium,
268 2523 303 2559 63⁹
327 2524 477 2559 audiaris,-
498 2521 643 2554 Dominus
660 2522 793 2562 Paulus,
808 2523 900 2564 stilva

28 2565 88 2607 sua
111 2567 277 2598 reverentia
298 2589 308 2606 ,
339 2565 418 2596 dixit
441 2565 492 2595 duo
511 2564 596 2604 salfiz
613 2565 673 2596 δίε.
718 2563 804 2596 Dein
822 2564 898 2596 Pau-

37 2607 104 2640 lum
129 2607 167 2638 iis
190 2606 428 2648 respondentem
456 2605 578 2637 inducit
604 2605 667 2636 hoc
689 2606 804 2637 modo:
830 2606 898 2638 Fal-

28 2647 98 2690 fiim
113 2647 212 2678 dicitis
225 2658 292 2686 vos,
307 2648 396 2688 salva
414 2645 512 2688 ‘vestra
538 2649 706 2679 reverentia
717 2672 726 2687 ,
761 2658 818 2679 non
834 2657 896 2691 ego.

36 2689 80 2721 Et
104 2696 217 2720 caetera
241 2688 419 2729 hujusmodi
443 2695 649 2729 nugamenta,
684 2688 768 2721 salva
794 2696 898 2722 tamen

35 2728 170 2761 Domini
191 2728 274 2771 Cyni
292 2730 474 2762 reverentia.

46 2776 50 2779 ⁴
79 2770 140 2803 Sed
167 2778 246 2811 quot
272 2769 324 2812 hic
347 2768 475 2802 fuissent
490 2781 508 2803 a
523 2770 623 2803 Paulo
643 2771 899 2805 Dissentientes‘?

35 2821 136 2851 unus,
157 2811 326 2853 pluresve?
347 2811 485 2853 subsistO.
530 2812 604 2845 Uno
623 2814 728 2855 plures
742 2814 836 2846 fuisse
852 2823 898 2845 ar-

37 2850 108 2894 g'uit
123 2852 253 2895 pluralis
271 2852 413 2893 locutio,
445 2855 561 2895 quidam
578 2856 732 2893 dicebam3
755 2856 786 2888 &
802 2864 898 2887 unum

37 2895 191 2926 duntaxat
213 2917 224 2933 ,
254 2892 296 2925 fin
321 2892 434 2933 alaris,
464 2903 534 2935 quae
564 2893 722 2938 sequitur,
745 2905 844 2935 nota,
866 2902 899 2928 ut

37 2933 90 2967 ille
114 2937 250 2977 putabat.
277 2948 297 2975 j
340 2935 456 2976 unquid
478 2944 553 2977 ergo
585 2946 658 2969 cum
681 2938 868 2971 Haloandro
886 2961 897 2977 ‚

37 2980 174 3018 eumque
199 2975 312 3008 secutis
330 2975 380 3008 Fr.
397 2975 605 3009 Hotomanno
619 3001 629 3017 ‚
654 2980 685 3011 &
702 2979 777 3012 Ant,
796 2980 899 3012 Fabro

37 3019 199 3060 legemus,
221 3019 337 3059 quidam
351 3018 467 3048 dicebat
476 3039 489 3056 ,
510 3025 547 3049 ut
564 3026 696 3061 utraque
714 3021 840 3053 locutio
851 3030 898 3053 es-

38 3059 85 3092 stt
98 3058 348 3100 fingularis2⁴an
362 3067 458 3098 vero,
483 3063 515 3089 ut
535 3058 584 3090 illi
595 3063 759 3101 putabant,
782 3072 846 3104 quo
863 3072 898 3094 u-

37 3108 186 3141 trumque
204 3099 280 3132 effet
306 3099 453 3141 plurale?
476 3107 622 3132 neutrum
646 3104 770 3144 placet,
793 3105 899 3145 plures

38 3140 158 3173 etenim
166 3139 286 3173 fuerint
303 3163 315 3180 ,
329 3150 368 3172 an
388 3150 486 3180 unus,
506 3139 589 3172 salva
603 3151 652 3175 res
669 3144 726 3177 est.
749 3144 856 3177 Unum
876 3144 899 3177 fi

36 3180 143 3222 dicas,
173 3192 237 3215 non
259 3182 336 3222 ess‘et
357 3191 496 3221 novum,
520 3191 592 3213 eum
615 3185 752 3226 plurium
770 3195 903 3218 numero

19 3221 186 3267 'designari
205 3247 215 3263 ‚
246 3224 318 3265 quia
346 3222 417 3254 haec
432 3223 462 3255 &
477 3223 555 3255 olim
574 3222 659 3264 fuit,
683 3227 714 3259 ὃς
732 3227 904 3261 etiamnum

942 1484 988 1517 est
1014 1484 1166 1522 tralatitia
1195 1483 1419 1526 Antagonistas
1444 1485 1576 1517 notandi
1593 1485 1752 1527 formula,
1777 1493 1818 1520 ut

941 1526 1166 1568 qualiscunque
1191 1534 1277 1557 notae
1304 1526 1423 1558 invidia
1449 1527 1602 1566 tollatur,
1634 1526 1688 1559 seu
1702 1528 1814 1570 potius

941 1568 1110 1600 minuatur.
1145 1567 1253 1599 Plures
1269 1567 1291 1599 fi
1309 1566 1430 1600 fuerint
1452 1567 1505 1609 (in
1527 1569 1612 1611 quod
1635 1570 1817 1611 proclivior

941 1608 1029 1650 sum)
1052 1608 1136 1640 reae
1158 1618 1269 1640 eorum
1294 1609 1416 1641 mentio
1439 1610 1477 1642 fit
1497 1614 1639 1643 καθολικῶς
1660 1611 1692 1643 in
1712 1612 1818 1650 prima.

941 1650 1045 1683 statim
1061 1651 1319 1684 concertatione:
1340 1652 1423 1683 inter
1432 1661 1488 1683 eos
1496 1660 1601 1685 autem
1617 1652 1639 1685 fi
1659 1653 1817 1695 quispiam

941 1693 1079 1725 excellat
1094 1716 1104 1732 ,
1136 1691 1266 1734 dignus,
1301 1693 1355 1734 qui
1378 1692 1431 1725 vel
1442 1692 1536 1739 'solus
1555 1693 1730 1734 referatur,
1757 1704 1816 1728 cut

897 1734 900 1736 ’
941 1744 1007 1768 non
1033 1733 1084 1766 ille
1108 1733 1257 1775 deinceps
1281 1743 1449 1766 memorari
1480 1734 1583 1777 poss'et
1617 1737 1816 1778 {mommo-74,

940 1777 1031 1808 velut
1047 1785 1157 1808 omnes
1172 1774 1426 1817 repraesentans?
1450 1776 1556 1819 Atque
1578 1777 1626 1810 his
1647 1778 1740 1818 adde,
1767 1779 1817 1812 in-

941 1817 1045 1850 solens
1067 1826 1132 1849 non
1154 1817 1236 1856 esse,
1265 1826 1321 1859 per
1344 1820 1633 1851 commutationem
1660 1820 1784 1852 numeri
1801 1844 1817 1861 ,

941 1859 1137 1901 singulariter
1151 1859 1343 1901 designatum
1354 1882 1366 1898 ‚
1389 1860 1528 1901 plurium
1550 1870 1684 1892 numero
1699 1871 1816 1894 occur-

941 1911 1009 1932 rere
1031 1901 1063 1932 in
1091 1909 1151 1932 una
1173 1903 1344 1941 eademque
1367 1901 1534 1941 oratione,
1557 1909 1593 1934 ut
1611 1901 1643 1934 in
1661 1902 1682 1934 l.
1706 1903 1816 1935 Gallus

941 1952 990 1979 29.
1016 1941 1043 1984 §.
1069 1944 1099 1973 6.
1119 1941 1160 1983 ff.
1185 1943 1218 1974 de
1242 1942 1294 1973 lib.
1319 1941 1355 1976 ὅ)
1374 1940 1445 1983 post.
1470 1943 1536 1976 haer.
1561 1941 1631 1984 inst.
1656 1945 1741 1985 quod
1766 1952 1815 1976 et-

940 1984 1001 2056 isam
1023 1983 1213 2056 astum-colo,
1249 1984 1280 2015 ἃ
1299 1982 1432 2025 CuJacio
1449 1983 1487 2015 ad
1510 1987 1539 2018 d.
1565 1984 1594 2025 §.
1619 1985 1815 2018 animadver-

957 2035 1007 2056 um
1028 2035 1044 2055 e
1075 2049 1082 2056 .

983 2066 1142 2099 Caeterum
1165 2074 1201 2099 ut
1226 2067 1384 2107 diximus,
1417 2068 1587 2102 verisimile
1602 2068 1647 2101 est
1663 2091 1674 2108 ,
1696 2069 1815 2110 JCtum

940 2107 1081 2139 nostrum
1100 2117 1155 2149 per
1170 2110 1322 2150 quosdam,
1348 2110 1410 2141 hoc
1426 2109 1552 2150 quidem
1570 2111 1663 2150 loc0,
1689 2111 1814 2143 intelle-

941 2149 1019 2181 xill'e
1045 2148 1244 2181 Adsefforum
1270 2151 1394 2192 aliquos
1411 2175 1420 2189 ,
1454 2151 1485 2183 in
1505 2151 1668 2193 Papiniani
1688 2153 1812 2184 audito-

942 2192 989 2222 rio
1013 2190 1068 2232 ipsi
1092 2191 1249 2223 adversos.
1306 2191 1459 2224 Recenset
1476 2202 1516 2224 es<
1534 2194 1573 2226 iis
1591 2193 1763 2226 nonnullos
1780 2195 1814 2227 in

941 2233 962 2264 l.
994 2233 1048 2263 ult.
1077 2232 1118 2273 ff.
1152 2233 1187 2264 cie
1217 2233 1294 2274 Jiire
1320 2232 1384 2275 fise.
1422 2234 1534 2276 reliqui
1570 2235 1697 2266 aliunde
1729 2236 1812 2267 noti.

942 2274 1024 2320 Quis
1050 2283 1155 2305 autem
1180 2273 1217 2306 fit
1239 2275 1294 2306 ille
1320 2284 1399 2307 ILLE
1421 2299 1431 2315 ,
1466 2277 1633 2307 contrariae
1651 2275 1814 2317 opinionis

941 2315 1106 2357 princeps,
1134 2316 1204 2356 Cap.
1215 2315 1279 2358 seq.
1304 2316 1506 2357 disquiretur.
1541 2317 1691 2349 Attamen
1710 2316 1813 2350 faten-

941 2358 1015 2388 dum
1040 2357 1084 2388 est
1105 2379 1117 2396 ‚
1147 2366 1211 2388 non
1259 2356 1363 2389 torsus
1393 2359 1537 2399 constare
1553 2358 1591 2389 de
1607 2356 1814 2391 adsessoribus

941 2399 1070 2430 notatis.
1115 2398 1203 2443 Quid
1238 2409 1246 2431 1
1270 2399 1429 2436 dicamus,
1453 2399 1585 2432 Paulum
1607 2396 1679 2432 h'eic
1699 2409 1764 2432 non
1781 2410 1814 2432 a-

941 2448 1014 2481 gere
1029 2438 1231 2480 adsessorem,
1258 2440 1310 2472 sed
1325 2439 1530 2480 Advocatum,
1562 2448 1598 2472 ut
1614 2441 1701 2481 aiunt
1718 2441 1814 2483 pleri-

941 2490 1002 2522 que
1024 2481 1194 2512 Veterum:
1226 2482 1256 2513 o‘t
1287 2481 1332 2512 ita
1349 2481 1442 2514 Lucii
1464 2481 1549 2514 Titii
1572 2481 1694 2513 eausam
1714 2482 1817 2514 orasse

942 2521 1089 2554 adversus
1116 2522 1271 2554 Pati-onos
1295 2522 1399 2555 Publii
1428 2523 1556 2556 Maevii.
1604 2522 1735 2555 Paulum
1753 2524 1816 2555 uti-

942 2572 1002 2604 que
1019 2563 1124 2596 causas
1139 2564 1234 2595 etiam
1251 2563 1346 2606 egiss'e
1374 2565 1441 2605 eius
1467 2563 1682 2596 testimonium
1700 2564 1815 2606 probat

942 2605 973 2636 in
997 2605 1018 2637 l.
1043 2612 1094 2647 78.
1124 2604 1154 2646 §.
1178 2608 1210 2638 6.
1233 2605 1274 2648 ff.
1308 2607 1341 2638 de
1373 2607 1430 2648 leg.
1456 2617 1487 2649 3.
1532 2606 1592 2638 Sed
1609 2615 1658 2638 res
1675 2605 1743 2638 fere
1761 2615 1815 2637 eo-

942 2646 1013 2678 dem
1030 2647 1121 2679 redit.

985 2689 1178 2736 Quicunque
1198 2689 1296 2731 igitur
1311 2696 1365 2720 aut
1380 2697 1585 2731 quotcunque
1602 2688 1685 2729 JCto
1702 2688 1815 2720 nostro

942 2729 1094 2763 adversati
1117 2731 1238 2763 fuerint
1254 2753 1265 2769 ‚
1296 2731 1375 2762 nihil
1393 2740 1582 2772 magnopere
1600 2728 1707 2761 refert.
1753 2730 1812 2762 Ar-

941 2781 1090 2813 gumenta
1109 2782 1217 2804 eorum
1242 2772 1426 2804 succedant:
1457 2771 1605 2810 Pciftimz,
1629 2770 1811 2812 qzcodsubje-

943 2815 1019 2846 &um
1046 2812 1087 2856 est
1105 2838 1115 2854 ‚
1145 2816 1183 2846 ad
1197 2814 1290 2855 stirti‘s
1305 2813 1481 2854 stitutionem
1505 2818 1621 2843 tantum
1637 2814 1812 2853 pertinere,

941 2859 1106 2888 nonetz'am
1131 2857 1169 2887 ad
1192 2855 1362 2897 uficrarum,
1411 2865 1452 2885 uae
1464 2855 1655 2894 prioreparte
1667 2851 1812 2894 simplici-

941 2903 986 2929 ter
1010 2899 1043 2929 in
1057 2897 1280 2939 stipulationem
1303 2863 1457 2935 veniſjgm.
1482 2894 1705 2938 jSae,s'cz'licet
1720 2894 1810 2936 usicrae

942 2947 1034 2971 notat
1051 2938 1217 2971 Accurfius
1236 2960 1247 2976 ,
1278 2936 1352 2978 qui,
1377 2935 1502 2968 scilieet
1520 2934 1706 2975 Accursius,
1731 2936 1812 2969 e'us-

942 2981 1028 3012 modi
1046 2980 1215 3021 elegantias
1239 2978 1309 3020 plus
1335 2976 1428 3008 semel
1446 2976 1541 3008 habet
1561 2977 1697 3008 venales.
1743 2988 1757 3009 i
1778 2987 1811 3010 e-

942 3032 1003 3064 que
1019 3022 1110 3063 plane
1127 3019 1230 3052 otiosa
1247 3018 1348 3050 videri
1367 3016 1472 3059 potest
1489 3017 1557 3049 haec
1571 3017 1687 3058 glossa,
1713 3028 1812 3060 quum

941 3064 1168 3096 Hotomannus
1192 3060 1271 3092 illud
1297 3069 1356 3101 quae
1382 3059 1446 3091 alio
1467 3057 1605 3097 referat,
1627 3059 1748 3100 dicam,
1774 3070 1814 3093 an

940 3102 1151 3145 detorqueat?
1171 3100 1332 3135 Nimirum
1345 3124 1354 3140 ‚
1388 3100 1461 3141 quia
1487 3098 1637 3141 scriptum
1654 3100 1718 3140 est,
1743 3100 1814 3133 usu-

943 3156 991 3179 ras
1007 3147 1105 3186 priore
1125 3149 1211 3185 parte
1243 3143 1274 3174 in
1297 3141 1533 3184 stipulationem
1559 3141 1695 3182 venisse,
1722 3143 1752 3175 &
1770 3150 1830 3186 ta·-

944 3196 1018 3220 men
1035 3185 1180 3222 constat,
1203 3184 1235 3216 in
1254 3182 1419 3215 secundam
1433 3183 1560 3215 demum
1576 3181 1814 3259 stgpulationein

946 3238 998 3261 eas
1015 3226 1109 3260 fuiffe
1126 3225 1295 3298 dedussas'
1328 3225 1402 3257 hinc
1426 3224 1482 3257 ille
1502 3224 1573 3257 Lib.
1637 3225 1660 3258 I.
1688 3225 1814 3298 (ἕψω-«υ.

1266 3277 1284 3308 3
1719 3272 1765 3308 ap.
1788 3275 1816 3299 Ι,
