<?xml version="1.0" encoding="UTF-8"?>
<!DOCTYPE html PUBLIC "-//W3C//DTD XHTML 1.0 Transitional//EN"
    "http://www.w3.org/TR/xhtml1/DTD/xhtml1-transitional.dtd">
<html xmlns="http://www.w3.org/1999/xhtml" xml:lang="en" lang="en">
 <head>
  <title>
</title>
<meta http-equiv="Content-Type" content="text/html;charset=utf-8" />
  <meta name='ocr-system' content='tesseract 3.04.00' />
  <meta name='ocr-capabilities' content='ocr_page ocr_carea ocr_par ocr_line ocrx_word'/>
</head>
<body>
  <div class='ocr_page' id='page_1' title='image "./corneliivanbynke00bijn_0153.png"; bbox 0 0 2008 3436; ppageno 0'>
   <div class='ocr_carea' id='block_1_1' title="bbox 389 95 1787 152">
    <p class='ocr_par' dir='ltr' id='par_1_1' title="bbox 389 95 1787 152">
     <span class='ocr_line' id='line_1_1' title="bbox 389 95 1787 152; baseline -0.009 0"><span class='ocrx_word' id='word_1_1' title='bbox 389 108 524 152; x_wconf 83' lang='lat' dir='ltr'>AD</span> <span class='ocrx_word' id='word_1_2' title='bbox 646 95 1363 147; x_wconf 75' lang='lat' dir='ltr'>LECTOREM.</span> <span class='ocrx_word' id='word_1_3' title='bbox 1711 102 1787 151; x_wconf 54' lang='grc' dir='ltr'>ω)</span> 
     </span>
    </p>
   </div>
   <div class='ocr_carea' id='block_1_2' title="bbox 0 188 1790 888">
    <p class='ocr_par' dir='ltr' id='par_1_2' title="bbox 0 188 1790 888">
     <span class='ocr_line' id='line_1_2' title="bbox 0 188 1787 245; baseline -0.012 -4"><span class='ocrx_word' id='word_1_4' title='bbox 0 188 2 217; x_wconf 42' lang='lat' dir='ltr'>l</span> <span class='ocrx_word' id='word_1_5' title='bbox 20 202 101 241; x_wconf 83' lang='lat' dir='ltr'>Viri</span> <span class='ocrx_word' id='word_1_6' title='bbox 118 200 359 239; x_wconf 72' lang='lat' dir='ltr'>‚Consultissimi</span> <span class='ocrx_word' id='word_1_7' title='bbox 377 226 386 241; x_wconf 90' lang='lat'>,</span> <span class='ocrx_word' id='word_1_8' title='bbox 401 197 541 245; x_wconf 72' lang='lat' dir='ltr'>joannis</span> <span class='ocrx_word' id='word_1_9' title='bbox 555 194 694 242; x_wconf 83' lang='lat' dir='ltr'>Wybo.</span> <span class='ocrx_word' id='word_1_10' title='bbox 712 190 876 227; x_wconf 79' lang='lat' dir='ltr'>Amici&amp;</span> <span class='ocrx_word' id='word_1_11' title='bbox 890 189 1068 235; x_wconf 79' lang='lat' dir='ltr'>Popularis</span> <span class='ocrx_word' id='word_1_12' title='bbox 1081 189 1149 224; x_wconf 88' lang='lat' dir='ltr'>mei</span> <span class='ocrx_word' id='word_1_13' title='bbox 1170 188 1245 235; x_wconf 80' lang='lat' dir='ltr'>,qni</span> <span class='ocrx_word' id='word_1_14' title='bbox 1261 214 1272 231; x_wconf 93' lang='lat'>,</span> <span class='ocrx_word' id='word_1_15' title='bbox 1289 201 1394 235; x_wconf 86' lang='lat' dir='ltr'>quum</span> <span class='ocrx_word' id='word_1_16' title='bbox 1410 199 1502 224; x_wconf 86' lang='lat' dir='ltr'>anno</span> <span class='ocrx_word' id='word_1_17' title='bbox 1514 199 1570 224; x_wconf 69' lang='lat' dir='ltr'>cro</span> <span class='ocrx_word' id='word_1_18' title='bbox 1588 198 1621 224; x_wconf 73' lang='lat'>13</span> <span class='ocrx_word' id='word_1_19' title='bbox 1641 191 1787 223; x_wconf 74' lang='lat' dir='ltr'>ccxxix.-</span> 
     </span>
     <span class='ocr_line' id='line_1_3' title="bbox 24 237 1786 299; baseline -0.013 -9"><span class='ocrx_word' id='word_1_20' title='bbox 24 254 185 299; x_wconf 62' lang='lat' dir='ltr'>lCtorum</span> <span class='ocrx_word' id='word_1_21' title='bbox 207 251 317 287; x_wconf 87' lang='lat' dir='ltr'>ordini</span> <span class='ocrx_word' id='word_1_22' title='bbox 337 248 602 287; x_wconf 71' lang='lat' dir='ltr'>adscriberetur,</span> <span class='ocrx_word' id='word_1_23' title='bbox 629 241 860 289; x_wconf 55' lang='lat' dir='ltr'>Diffirtatione</span> <span class='ocrx_word' id='word_1_24' title='bbox 877 240 1080 286; x_wconf 79' lang='lat' dir='ltr'>inaugurali,</span> <span class='ocrx_word' id='word_1_25' title='bbox 1109 238 1293 283; x_wconf 73' lang='lat' dir='ltr'>Ultrajecti</span> <span class='ocrx_word' id='word_1_26' title='bbox 1323 239 1440 273; x_wconf 79' lang='lat' dir='ltr'>habita</span> <span class='ocrx_word' id='word_1_27' title='bbox 1458 264 1468 280; x_wconf 94' lang='lat'>‚</span> <span class='ocrx_word' id='word_1_28' title='bbox 1501 239 1635 272; x_wconf 82' lang='lat' dir='ltr'>cansam</span> <span class='ocrx_word' id='word_1_29' title='bbox 1655 237 1786 272; x_wconf 81' lang='lat' dir='ltr'>&#39;l&#39;ribo-</span> 
     </span>
     <span class='ocr_line' id='line_1_4' title="bbox 22 283 1787 346; baseline -0.011 -8"><span class='ocrx_word' id='word_1_30' title='bbox 22 295 112 338; x_wconf 70' lang='lat' dir='ltr'>inani</span> <span class='ocrx_word' id='word_1_31' title='bbox 132 303 203 346; x_wconf 57' lang='lat' dir='ltr'>egit</span> <span class='ocrx_word' id='word_1_32' title='bbox 223 299 382 336; x_wconf 77' lang='lat' dir='ltr'>adversus</span> <span class='ocrx_word' id='word_1_33' title='bbox 404 308 482 331; x_wconf 79' lang='lat' dir='ltr'>eum</span> <span class='ocrx_word' id='word_1_34' title='bbox 501 294 671 334; x_wconf 86' lang='lat' dir='ltr'>libellum,</span> <span class='ocrx_word' id='word_1_35' title='bbox 698 303 802 338; x_wconf 87' lang='lat' dir='ltr'>quem</span> <span class='ocrx_word' id='word_1_36' title='bbox 828 291 977 337; x_wconf 85' lang='lat' dir='ltr'>primum</span> <span class='ocrx_word' id='word_1_37' title='bbox 995 288 1105 322; x_wconf 79' lang='lat' dir='ltr'>edidit</span> <span class='ocrx_word' id='word_1_38' title='bbox 1128 288 1281 334; x_wconf 80' lang='lat' dir='ltr'>Joannes</span> <span class='ocrx_word' id='word_1_39' title='bbox 1308 288 1459 332; x_wconf 77' lang='lat' dir='ltr'>Jacobus</span> <span class='ocrx_word' id='word_1_40' title='bbox 1475 287 1720 328; x_wconf 60' lang='lat' dir='ltr'>Vllill‘enbacli,</span> <span class='ocrx_word' id='word_1_41' title='bbox 1748 283 1787 319; x_wconf 63' lang='lat' dir='ltr'>dc</span> 
     </span>
     <span class='ocr_line' id='line_1_5' title="bbox 24 334 1787 388; baseline -0.011 -1"><span class='ocrx_word' id='word_1_42' title='bbox 24 344 238 388; x_wconf 52' lang='lat' dir='ltr'>mintium</span> <span class='ocrx_word' id='word_1_43' title='bbox 257 350 480 384; x_wconf 62' lang='lat' dir='ltr'>&#39;samonum</span> <span class='ocrx_word' id='word_1_44' title='bbox 508 340 686 387; x_wconf 79' lang='lat' dir='ltr'>inscripsit.</span> <span class='ocrx_word' id='word_1_45' title='bbox 736 341 822 374; x_wconf 91' lang='lat' dir='ltr'>Cum</span> <span class='ocrx_word' id='word_1_46' title='bbox 842 338 963 385; x_wconf 79' lang='lat' dir='ltr'>&amp;ipse</span> <span class='ocrx_word' id='word_1_47' title='bbox 985 337 1067 372; x_wconf 88' lang='lat' dir='ltr'>olim</span> <span class='ocrx_word' id='word_1_48' title='bbox 1088 338 1122 371; x_wconf 90' lang='lat' dir='ltr'>in</span> <span class='ocrx_word' id='word_1_49' title='bbox 1143 337 1235 371; x_wconf 83' lang='lat' dir='ltr'>hunc</span> <span class='ocrx_word' id='word_1_50' title='bbox 1256 336 1408 370; x_wconf 86' lang='lat' dir='ltr'>libellum</span> <span class='ocrx_word' id='word_1_51' title='bbox 1429 334 1641 375; x_wconf 79' lang='lat' dir='ltr'>incidill&#39;em,</span> <span class='ocrx_word' id='word_1_52' title='bbox 1668 334 1704 370; x_wconf 64' lang='lat' dir='ltr'>&lt;Sc</span> <span class='ocrx_word' id='word_1_53' title='bbox 1723 334 1787 369; x_wconf 85' lang='lat' dir='ltr'>mi-</span> 
     </span>
     <span class='ocr_line' id='line_1_6' title="bbox 23 383 1784 442; baseline -0.011 -6"><span class='ocrx_word' id='word_1_54' title='bbox 23 412 112 435; x_wconf 60' lang='lat' dir='ltr'>ratus</span> <span class='ocrx_word' id='word_1_55' title='bbox 131 400 166 435; x_wconf 59' lang='grc' dir='ltr'>ἃ</span> <span class='ocrx_word' id='word_1_56' title='bbox 196 399 391 442; x_wconf 60' lang='lat' dir='ltr'>indignatus</span> <span class='ocrx_word' id='word_1_57' title='bbox 415 394 485 429; x_wconf 88' lang='lat' dir='ltr'>sum</span> <span class='ocrx_word' id='word_1_58' title='bbox 504 420 513 435; x_wconf 96' lang='lat'>,</span> <span class='ocrx_word' id='word_1_59' title='bbox 550 391 640 438; x_wconf 89' lang='lat' dir='ltr'>quod</span> <span class='ocrx_word' id='word_1_60' title='bbox 667 401 708 425; x_wconf 82' lang='lat' dir='ltr'>eo</span> <span class='ocrx_word' id='word_1_61' title='bbox 731 388 896 436; x_wconf 87' lang='lat' dir='ltr'>opusculo</span> <span class='ocrx_word' id='word_1_62' title='bbox 921 388 1054 423; x_wconf 87' lang='lat' dir='ltr'>dicatur</span> <span class='ocrx_word' id='word_1_63' title='bbox 1072 384 1204 421; x_wconf 67' lang='lat' dir='ltr'>Auuor</span> <span class='ocrx_word' id='word_1_64' title='bbox 1229 384 1290 419; x_wconf 80' lang='lat' dir='ltr'>fibi</span> <span class='ocrx_word' id='word_1_65' title='bbox 1309 384 1401 419; x_wconf 88' lang='lat' dir='ltr'>viam</span> <span class='ocrx_word' id='word_1_66' title='bbox 1419 383 1549 429; x_wconf 85' lang='lat' dir='ltr'>parasse</span> <span class='ocrx_word' id='word_1_67' title='bbox 1566 384 1606 418; x_wconf 90' lang='lat' dir='ltr'>ad</span> <span class='ocrx_word' id='word_1_68' title='bbox 1627 383 1753 418; x_wconf 82' lang='lat' dir='ltr'>samam</span> <span class='ocrx_word' id='word_1_69' title='bbox 1776 393 1784 417; x_wconf 92' lang='lat'>:</span> 
     </span>
     <span class='ocr_line' id='line_1_7' title="bbox 23 432 1788 493; baseline -0.011 -8"><span class='ocrx_word' id='word_1_70' title='bbox 23 462 103 485; x_wconf 70' lang='lat' dir='ltr'>nam</span> <span class='ocrx_word' id='word_1_71' title='bbox 123 449 206 484; x_wconf 78' lang='lat' dir='ltr'>ninil</span> <span class='ocrx_word' id='word_1_72' title='bbox 230 440 409 493; x_wconf 72' lang='lat' dir='ltr'>quicquam</span> <span class='ocrx_word' id='word_1_73' title='bbox 437 442 521 478; x_wconf 81' lang='lat' dir='ltr'>mini</span> <span class='ocrx_word' id='word_1_74' title='bbox 539 442 678 476; x_wconf 83' lang='lat' dir='ltr'>videtur</span> <span class='ocrx_word' id='word_1_75' title='bbox 696 439 741 474; x_wconf 90' lang='lat' dir='ltr'>ibi</span> <span class='ocrx_word' id='word_1_76' title='bbox 774 437 985 484; x_wconf 83' lang='lat' dir='ltr'>praestitiffe,</span> <span class='ocrx_word' id='word_1_77' title='bbox 1018 447 1121 482; x_wconf 86' lang='lat' dir='ltr'>quam</span> <span class='ocrx_word' id='word_1_78' title='bbox 1147 435 1238 481; x_wconf 88' lang='lat' dir='ltr'>quod</span> <span class='ocrx_word' id='word_1_79' title='bbox 1254 461 1264 476; x_wconf 94' lang='lat'>‚</span> <span class='ocrx_word' id='word_1_80' title='bbox 1292 443 1328 467; x_wconf 91' lang='lat' dir='ltr'>ut</span> <span class='ocrx_word' id='word_1_81' title='bbox 1345 433 1395 469; x_wconf 86' lang='lat' dir='ltr'>est</span> <span class='ocrx_word' id='word_1_82' title='bbox 1417 434 1449 468; x_wconf 91' lang='lat' dir='ltr'>in</span> <span class='ocrx_word' id='word_1_83' title='bbox 1475 432 1690 478; x_wconf 77' lang='lat' dir='ltr'>proverbio,</span> <span class='ocrx_word' id='word_1_84' title='bbox 1719 432 1788 467; x_wconf 83' lang='lat' dir='ltr'>bir-</span> 
     </span>
     <span class='ocr_line' id='line_1_8' title="bbox 24 480 1789 542; baseline -0.01 -8"><span class='ocrx_word' id='word_1_85' title='bbox 24 511 102 534; x_wconf 86' lang='lat' dir='ltr'>cum</span> <span class='ocrx_word' id='word_1_86' title='bbox 119 499 347 542; x_wconf 58' lang='lat' dir='ltr'>mulgentibus</span> <span class='ocrx_word' id='word_1_87' title='bbox 375 494 523 528; x_wconf 84' lang='lat' dir='ltr'>cribrum</span> <span class='ocrx_word' id='word_1_88' title='bbox 548 489 770 535; x_wconf 77' lang='lat' dir='ltr'>supposuerit.</span> <span class='ocrx_word' id='word_1_89' title='bbox 823 487 992 522; x_wconf 79' lang='lat' dir='ltr'>Exhibuit</span> <span class='ocrx_word' id='word_1_90' title='bbox 1021 484 1278 530; x_wconf 87' lang='lat' dir='ltr'>sesquicentum</span> <span class='ocrx_word' id='word_1_91' title='bbox 1302 482 1380 518; x_wconf 83' lang='lat' dir='ltr'>fere</span> <span class='ocrx_word' id='word_1_92' title='bbox 1403 483 1636 524; x_wconf 82' lang='lat' dir='ltr'>emblemata,</span> <span class='ocrx_word' id='word_1_93' title='bbox 1661 480 1716 517; x_wconf 90' lang='lat' dir='ltr'>sed</span> <span class='ocrx_word' id='word_1_94' title='bbox 1745 492 1789 516; x_wconf 82' lang='lat' dir='ltr'>ex</span> 
     </span>
     <span class='ocr_line' id='line_1_9' title="bbox 24 531 1790 589; baseline -0.012 -5"><span class='ocrx_word' id='word_1_95' title='bbox 24 548 98 584; x_wconf 84' lang='lat' dir='ltr'>aliis</span> <span class='ocrx_word' id='word_1_96' title='bbox 125 537 307 581; x_wconf 45' lang='lat' dir='ltr'>marim-im</span> <span class='ocrx_word' id='word_1_97' title='bbox 338 554 469 589; x_wconf 80' lang='lat' dir='ltr'>partem</span> <span class='ocrx_word' id='word_1_98' title='bbox 495 540 665 584; x_wconf 82' lang='lat' dir='ltr'>descripta</span> <span class='ocrx_word' id='word_1_99' title='bbox 685 566 693 579; x_wconf 89' lang='lat'>,</span> <span class='ocrx_word' id='word_1_100' title='bbox 720 548 795 584; x_wconf 81' lang='lat' dir='ltr'>quae</span> <span class='ocrx_word' id='word_1_101' title='bbox 812 537 904 572; x_wconf 90' lang='lat' dir='ltr'>enim</span> <span class='ocrx_word' id='word_1_102' title='bbox 925 547 967 570; x_wconf 84' lang='lat' dir='ltr'>ex</span> <span class='ocrx_word' id='word_1_103' title='bbox 985 534 1044 569; x_wconf 84' lang='lat' dir='ltr'>suo</span> <span class='ocrx_word' id='word_1_104' title='bbox 1065 534 1166 577; x_wconf 78' lang='lat' dir='ltr'>ipfius</span> <span class='ocrx_word' id='word_1_105' title='bbox 1184 532 1326 574; x_wconf 61' lang='lat' dir='ltr'>ingenio</span> <span class='ocrx_word' id='word_1_106' title='bbox 1347 531 1506 578; x_wconf 61' lang='lat' dir='ltr'>proserta</span> <span class='ocrx_word' id='word_1_107' title='bbox 1522 531 1599 567; x_wconf 84' lang='lat' dir='ltr'>sunt</span> <span class='ocrx_word' id='word_1_108' title='bbox 1613 556 1623 573; x_wconf 95' lang='lat'>,</span> <span class='ocrx_word' id='word_1_109' title='bbox 1649 531 1707 565; x_wconf 80' lang='lat' dir='ltr'>vix</span> <span class='ocrx_word' id='word_1_110' title='bbox 1727 541 1790 564; x_wconf 88' lang='lat' dir='ltr'>nu-</span> 
     </span>
     <span class='ocr_line' id='line_1_10' title="bbox 22 579 1789 636; baseline -0.01 -5"><span class='ocrx_word' id='word_1_111' title='bbox 22 607 156 633; x_wconf 74' lang='lat' dir='ltr'>merum</span> <span class='ocrx_word' id='word_1_112' title='bbox 180 595 321 629; x_wconf 78' lang='lat' dir='ltr'>faciunt.</span> <span class='ocrx_word' id='word_1_113' title='bbox 363 594 462 636; x_wconf 76' lang='lat' dir='ltr'>b&#39;aepe</span> <span class='ocrx_word' id='word_1_114' title='bbox 480 590 585 624; x_wconf 81' lang='lat' dir='ltr'>etiam</span> <span class='ocrx_word' id='word_1_115' title='bbox 603 590 635 624; x_wconf 85' lang='lat' dir='ltr'>ei</span> <span class='ocrx_word' id='word_1_116' title='bbox 657 588 771 622; x_wconf 90' lang='lat' dir='ltr'>libello</span> <span class='ocrx_word' id='word_1_117' title='bbox 795 586 936 621; x_wconf 90' lang='lat' dir='ltr'>inseruit</span> <span class='ocrx_word' id='word_1_118' title='bbox 954 583 1076 633; x_wconf 58' lang='grc' dir='ltr'>πιέρεςῃα</span> <span class='ocrx_word' id='word_1_119' title='bbox 1096 585 1167 632; x_wconf 59' lang='lat' dir='ltr'>{gwy</span> <span class='ocrx_word' id='word_1_120' title='bbox 1182 583 1298 630; x_wconf 71' lang='grc' dir='ltr'><em>μείζονοο</em></span> <span class='ocrx_word' id='word_1_121' title='bbox 1312 609 1321 624; x_wconf 95' lang='grc'><strong><em>,</em></strong></span> <span class='ocrx_word' id='word_1_122' title='bbox 1348 592 1385 616; x_wconf 88' lang='lat' dir='ltr'>ut</span> <span class='ocrx_word' id='word_1_123' title='bbox 1404 581 1532 622; x_wconf 84' lang='lat' dir='ltr'>solent,</span> <span class='ocrx_word' id='word_1_124' title='bbox 1561 581 1620 626; x_wconf 89' lang='lat' dir='ltr'>qui</span> <span class='ocrx_word' id='word_1_125' title='bbox 1637 579 1789 626; x_wconf 88' lang='lat' dir='ltr'>primurn</span> 
     </span>
     <span class='ocr_line' id='line_1_11' title="bbox 24 627 1788 693; baseline -0.01 -12"><span class='ocrx_word' id='word_1_126' title='bbox 24 646 105 693; x_wconf 68' lang='lat' dir='ltr'>quid</span> <span class='ocrx_word' id='word_1_127' title='bbox 125 645 346 687; x_wconf 65' lang='lat' dir='ltr'>scriptitant,</span> <span class='ocrx_word' id='word_1_128' title='bbox 373 639 573 675; x_wconf 82' lang='lat' dir='ltr'>cruditionis</span> <span class='ocrx_word' id='word_1_129' title='bbox 596 635 808 672; x_wconf 78' lang='lat' dir='ltr'>ostentanda:</span> <span class='ocrx_word' id='word_1_130' title='bbox 825 635 956 681; x_wconf 82' lang='lat' dir='ltr'>gratia,</span> <span class='ocrx_word' id='word_1_131' title='bbox 987 636 1043 670; x_wconf 73' lang='lat' dir='ltr'>sed</span> <span class='ocrx_word' id='word_1_132' title='bbox 1073 633 1110 669; x_wconf 84' lang='lat'>&amp;</span> <span class='ocrx_word' id='word_1_133' title='bbox 1138 645 1178 669; x_wconf 90' lang='lat' dir='ltr'>ea</span> <span class='ocrx_word' id='word_1_134' title='bbox 1200 632 1321 679; x_wconf 64' lang='lat' dir='ltr'>mx&#39;pegyx</span> <span class='ocrx_word' id='word_1_135' title='bbox 1342 641 1410 666; x_wconf 89' lang='lat' dir='ltr'>non</span> <span class='ocrx_word' id='word_1_136' title='bbox 1431 630 1542 664; x_wconf 91' lang='lat' dir='ltr'>minus</span> <span class='ocrx_word' id='word_1_137' title='bbox 1560 630 1634 665; x_wconf 86' lang='lat' dir='ltr'>aliis</span> <span class='ocrx_word' id='word_1_138' title='bbox 1657 627 1788 664; x_wconf 64' lang='lat' dir='ltr'>Aucto-</span> 
     </span>
     <span class='ocr_line' id='line_1_12' title="bbox 24 679 1789 738; baseline -0.011 -7"><span class='ocrx_word' id='word_1_139' title='bbox 24 697 116 731; x_wconf 83' lang='lat' dir='ltr'>ribus</span> <span class='ocrx_word' id='word_1_140' title='bbox 135 695 326 732; x_wconf 71' lang='lat' dir='ltr'>debentur,</span> <span class='ocrx_word' id='word_1_141' title='bbox 362 702 462 738; x_wconf 85' lang='lat' dir='ltr'>quam</span> <span class='ocrx_word' id='word_1_142' title='bbox 491 687 559 734; x_wconf 84' lang='lat' dir='ltr'>ipsa</span> <span class='ocrx_word' id='word_1_143' title='bbox 588 687 817 727; x_wconf 79' lang='lat' dir='ltr'>emblemata,</span> <span class='ocrx_word' id='word_1_144' title='bbox 857 694 894 719; x_wconf 91' lang='lat' dir='ltr'>ut</span> <span class='ocrx_word' id='word_1_145' title='bbox 922 683 1143 725; x_wconf 80' lang='lat' dir='ltr'>observabis,</span> <span class='ocrx_word' id='word_1_146' title='bbox 1177 681 1200 716; x_wconf 87' lang='lat' dir='ltr'>fi</span> <span class='ocrx_word' id='word_1_147' title='bbox 1225 687 1280 717; x_wconf 87' lang='lat' dir='ltr'>vel</span> <span class='ocrx_word' id='word_1_148' title='bbox 1301 691 1362 716; x_wconf 91' lang='lat' dir='ltr'>eos</span> <span class='ocrx_word' id='word_1_149' title='bbox 1385 679 1476 725; x_wconf 89' lang='lat' dir='ltr'>ipsos</span> <span class='ocrx_word' id='word_1_150' title='bbox 1493 680 1586 713; x_wconf 88' lang='lat' dir='ltr'>locos</span> <span class='ocrx_word' id='word_1_151' title='bbox 1603 679 1758 713; x_wconf 82' lang='lat' dir='ltr'>excutias</span> <span class='ocrx_word' id='word_1_152' title='bbox 1776 702 1789 720; x_wconf 90' lang='lat'>,</span> 
     </span>
     <span class='ocr_line' id='line_1_13' title="bbox 26 727 1789 791; baseline -0.011 -11"><span class='ocrx_word' id='word_1_153' title='bbox 26 756 110 791; x_wconf 87' lang='lat' dir='ltr'>quos</span> <span class='ocrx_word' id='word_1_154' title='bbox 133 744 205 788; x_wconf 85' lang='lat' dir='ltr'>ipse</span> <span class='ocrx_word' id='word_1_155' title='bbox 229 740 380 776; x_wconf 85' lang='lat' dir='ltr'>adducit.</span> <span class='ocrx_word' id='word_1_156' title='bbox 442 739 554 773; x_wconf 77' lang='lat' dir='ltr'>Probo</span> <span class='ocrx_word' id='word_1_157' title='bbox 581 745 696 771; x_wconf 83' lang='lat' dir='ltr'>autem</span> <span class='ocrx_word' id='word_1_158' title='bbox 715 762 724 776; x_wconf 92' lang='lat'>‚</span> <span class='ocrx_word' id='word_1_159' title='bbox 759 733 854 780; x_wconf 89' lang='lat' dir='ltr'>quod</span> <span class='ocrx_word' id='word_1_160' title='bbox 878 733 1081 779; x_wconf 88' lang='lat' dir='ltr'>plerumque</span> <span class='ocrx_word' id='word_1_161' title='bbox 1104 731 1262 766; x_wconf 67' lang='lat' dir='ltr'>anuores</span> <span class='ocrx_word' id='word_1_162' title='bbox 1289 731 1364 767; x_wconf 88' lang='lat' dir='ltr'>suos</span> <span class='ocrx_word' id='word_1_163' title='bbox 1386 729 1601 771; x_wconf 82' lang='lat' dir='ltr'>laudaverit,</span> <span class='ocrx_word' id='word_1_164' title='bbox 1629 727 1789 773; x_wconf 81' lang='lat' dir='ltr'>quamvis</span> 
     </span>
     <span class='ocr_line' id='line_1_14' title="bbox 27 778 1789 836; baseline -0.011 -6"><span class='ocrx_word' id='word_1_165' title='bbox 27 806 95 830; x_wconf 87' lang='lat' dir='ltr'>non</span> <span class='ocrx_word' id='word_1_166' title='bbox 117 795 249 836; x_wconf 83' lang='lat' dir='ltr'>semper</span> <span class='ocrx_word' id='word_1_167' title='bbox 270 800 415 835; x_wconf 69' lang='lat' dir='ltr'>primum</span> <span class='ocrx_word' id='word_1_168' title='bbox 432 786 649 822; x_wconf 77' lang='lat' dir='ltr'>emblematis</span> <span class='ocrx_word' id='word_1_169' title='bbox 674 783 871 828; x_wconf 60' lang='lat' dir='ltr'>minorem,</span> <span class='ocrx_word' id='word_1_170' title='bbox 898 782 955 817; x_wconf 91' lang='lat' dir='ltr'>sed</span> <span class='ocrx_word' id='word_1_171' title='bbox 974 782 1027 817; x_wconf 74' lang='lat' dir='ltr'>vel</span> <span class='ocrx_word' id='word_1_172' title='bbox 1047 780 1255 823; x_wconf 77' lang='lat' dir='ltr'>secundum,</span> <span class='ocrx_word' id='word_1_173' title='bbox 1290 779 1345 815; x_wconf 91' lang='lat' dir='ltr'>vel</span> <span class='ocrx_word' id='word_1_174' title='bbox 1376 778 1515 814; x_wconf 88' lang='lat' dir='ltr'>tertium</span> <span class='ocrx_word' id='word_1_175' title='bbox 1531 803 1544 821; x_wconf 93' lang='lat'>,</span> <span class='ocrx_word' id='word_1_176' title='bbox 1569 789 1690 812; x_wconf 87' lang='lat' dir='ltr'>verum</span> <span class='ocrx_word' id='word_1_177' title='bbox 1717 787 1789 810; x_wconf 80' lang='lat' dir='ltr'>nun</span> 
     </span>
     <span class='ocr_line' id='line_1_15' title="bbox 27 825 1790 888; baseline -0.01 -11"><span class='ocrx_word' id='word_1_178' title='bbox 27 845 157 888; x_wconf 81' lang='lat' dir='ltr'>probo,</span> <span class='ocrx_word' id='word_1_179' title='bbox 183 841 273 886; x_wconf 82' lang='lat' dir='ltr'>quod</span> <span class='ocrx_word' id='word_1_180' title='bbox 292 838 474 883; x_wconf 78' lang='lat' dir='ltr'>aliquando</span> <span class='ocrx_word' id='word_1_181' title='bbox 498 835 637 870; x_wconf 85' lang='lat' dir='ltr'>nomina</span> <span class='ocrx_word' id='word_1_182' title='bbox 657 832 834 867; x_wconf 58' lang='lat' dir='ltr'>crudorum</span> <span class='ocrx_word' id='word_1_183' title='bbox 854 830 1098 876; x_wconf 78' lang='lat' dir='ltr'>suppresserit,</span> <span class='ocrx_word' id='word_1_184' title='bbox 1126 829 1253 865; x_wconf 86' lang='lat' dir='ltr'>iisdem</span> <span class='ocrx_word' id='word_1_185' title='bbox 1275 838 1390 865; x_wconf 86' lang='lat' dir='ltr'>tamen</span> <span class='ocrx_word' id='word_1_186' title='bbox 1417 827 1561 864; x_wconf 84' lang='lat' dir='ltr'>servatis</span> <span class='ocrx_word' id='word_1_187' title='bbox 1577 825 1790 869; x_wconf 71' lang='lat' dir='ltr'>rationibus,</span> 
     </span>
    </p>
   </div>
   <div class='ocr_carea' id='block_1_3' title="bbox 29 877 1248 940">
    <p class='ocr_par' dir='ltr' id='par_1_3' title="bbox 29 877 1248 940">
     <span class='ocr_line' id='line_1_16' title="bbox 29 877 1248 940; baseline -0.011 -12"><span class='ocrx_word' id='word_1_188' title='bbox 29 893 109 940; x_wconf 87' lang='lat' dir='ltr'>quin</span> <span class='ocrx_word' id='word_1_189' title='bbox 128 891 251 927; x_wconf 78' lang='lat' dir='ltr'>iisdem</span> <span class='ocrx_word' id='word_1_190' title='bbox 276 899 410 935; x_wconf 71' lang='lat' dir='ltr'>quoque</span> <span class='ocrx_word' id='word_1_191' title='bbox 433 886 566 927; x_wconf 81' lang='lat' dir='ltr'>verbis,</span> <span class='ocrx_word' id='word_1_192' title='bbox 594 882 717 930; x_wconf 88' lang='lat' dir='ltr'>quibus</span> <span class='ocrx_word' id='word_1_193' title='bbox 739 880 788 917; x_wconf 89' lang='lat' dir='ltr'>illi</span> <span class='ocrx_word' id='word_1_194' title='bbox 805 880 1016 916; x_wconf 85' lang='lat' dir='ltr'>emblemata</span> <span class='ocrx_word' id='word_1_195' title='bbox 1041 877 1248 914; x_wconf 84' lang='lat' dir='ltr'>defendunt.</span> 
     </span>
    </p>
   </div>
   <div class='ocr_carea' id='block_1_4' title="bbox 28 973 1807 2018">
    <p class='ocr_par' dir='ltr' id='par_1_4' title="bbox 28 973 1807 2018">
     <span class='ocr_line' id='line_1_17' title="bbox 77 973 1788 1030; baseline -0.009 -6"><span class='ocrx_word' id='word_1_196' title='bbox 77 990 172 1024; x_wconf 75' lang='lat' dir='ltr'>Ante</span> <span class='ocrx_word' id='word_1_197' title='bbox 195 987 323 1030; x_wconf 83' lang='lat' dir='ltr'>aliquot</span> <span class='ocrx_word' id='word_1_198' title='bbox 359 994 465 1018; x_wconf 87' lang='lat' dir='ltr'>annos</span> <span class='ocrx_word' id='word_1_199' title='bbox 482 981 518 1016; x_wconf 65' lang='grc' dir='ltr'>ὃς</span> <span class='ocrx_word' id='word_1_200' title='bbox 546 979 617 1026; x_wconf 82' lang='lat' dir='ltr'>ipse</span> <span class='ocrx_word' id='word_1_201' title='bbox 645 977 890 1015; x_wconf 83' lang='lat' dir='ltr'>constitueram</span> <span class='ocrx_word' id='word_1_202' title='bbox 914 977 982 1013; x_wconf 90' lang='lat' dir='ltr'>hoc</span> <span class='ocrx_word' id='word_1_203' title='bbox 1004 974 1262 1012; x_wconf 81' lang='lat' dir='ltr'>Wiffenbachii</span> <span class='ocrx_word' id='word_1_204' title='bbox 1278 976 1478 1022; x_wconf 83' lang='lat' dir='ltr'>opusculum</span> <span class='ocrx_word' id='word_1_205' title='bbox 1500 975 1659 1024; x_wconf 78' lang='lat' dir='ltr'>singulari</span> <span class='ocrx_word' id='word_1_206' title='bbox 1680 973 1788 1008; x_wconf 83' lang='lat' dir='ltr'>Libro</span> 
     </span>
     <span class='ocr_line' id='line_1_18' title="bbox 31 1023 1789 1079; baseline -0.01 -5"><span class='ocrx_word' id='word_1_207' title='bbox 31 1039 181 1075; x_wconf 71' lang='lat' dir='ltr'>refutare</span> <span class='ocrx_word' id='word_1_208' title='bbox 197 1062 207 1079; x_wconf 91' lang='lat'>,</span> <span class='ocrx_word' id='word_1_209' title='bbox 233 1034 268 1069; x_wconf 67' lang='grc' dir='ltr'>ἃ</span> <span class='ocrx_word' id='word_1_210' title='bbox 288 1034 450 1078; x_wconf 84' lang='lat' dir='ltr'>probare,</span> <span class='ocrx_word' id='word_1_211' title='bbox 476 1030 497 1064; x_wconf 83' lang='lat' dir='ltr'>fi</span> <span class='ocrx_word' id='word_1_212' title='bbox 521 1040 589 1064; x_wconf 86' lang='lat' dir='ltr'>non</span> <span class='ocrx_word' id='word_1_213' title='bbox 615 1028 752 1069; x_wconf 87' lang='lat' dir='ltr'>omnia,</span> <span class='ocrx_word' id='word_1_214' title='bbox 788 1027 950 1073; x_wconf 82' lang='lat' dir='ltr'>pleraque</span> <span class='ocrx_word' id='word_1_215' title='bbox 974 1027 1053 1062; x_wconf 88' lang='lat' dir='ltr'>sane</span> <span class='ocrx_word' id='word_1_216' title='bbox 1077 1026 1374 1068; x_wconf 86' lang='lat' dir='ltr'>emblemata,ibi</span> <span class='ocrx_word' id='word_1_217' title='bbox 1391 1026 1578 1070; x_wconf 88' lang='lat' dir='ltr'>descripta,</span> <span class='ocrx_word' id='word_1_218' title='bbox 1601 1023 1669 1060; x_wconf 79' lang='lat' dir='ltr'>effe</span> <span class='ocrx_word' id='word_1_219' title='bbox 1687 1023 1789 1068; x_wconf 75' lang='lat' dir='ltr'>Oppi-</span> 
     </span>
     <span class='ocr_line' id='line_1_19' title="bbox 32 1074 1790 1127; baseline -0.01 -4"><span class='ocrx_word' id='word_1_220' title='bbox 32 1090 77 1123; x_wconf 89' lang='lat' dir='ltr'>do</span> <span class='ocrx_word' id='word_1_221' title='bbox 92 1085 186 1127; x_wconf 62' lang='lat' dir='ltr'>sista,</span> <span class='ocrx_word' id='word_1_222' title='bbox 214 1083 249 1118; x_wconf 73' lang='lat'>6.-</span> <span class='ocrx_word' id='word_1_223' title='bbox 266 1082 379 1118; x_wconf 75' lang='lat' dir='ltr'>suavia</span> <span class='ocrx_word' id='word_1_224' title='bbox 396 1080 436 1114; x_wconf 89' lang='lat' dir='ltr'>ad</span> <span class='ocrx_word' id='word_1_225' title='bbox 454 1078 590 1113; x_wconf 88' lang='lat' dir='ltr'>ridendi</span> <span class='ocrx_word' id='word_1_226' title='bbox 609 1076 802 1112; x_wconf 83' lang='lat' dir='ltr'>materiam.</span> <span class='ocrx_word' id='word_1_227' title='bbox 853 1074 1107 1111; x_wconf 90' lang='lat' dir='ltr'>Constitueram</span> <span class='ocrx_word' id='word_1_228' title='bbox 1131 1074 1200 1110; x_wconf 88' lang='lat' dir='ltr'>alio</span> <span class='ocrx_word' id='word_1_229' title='bbox 1224 1074 1354 1118; x_wconf 84' lang='lat' dir='ltr'>Libro,</span> <span class='ocrx_word' id='word_1_230' title='bbox 1376 1074 1476 1120; x_wconf 79' lang='lat' dir='ltr'>justae</span> <span class='ocrx_word' id='word_1_231' title='bbox 1494 1085 1632 1120; x_wconf 87' lang='lat' dir='ltr'>quoque</span> <span class='ocrx_word' id='word_1_232' title='bbox 1656 1074 1757 1107; x_wconf 90' lang='lat' dir='ltr'>molis</span> <span class='ocrx_word' id='word_1_233' title='bbox 1779 1099 1790 1114; x_wconf 93' lang='lat'>,</span> 
     </span>
     <span class='ocr_line' id='line_1_20' title="bbox 32 1122 1792 1173; baseline -0.009 -2"><span class='ocrx_word' id='word_1_234' title='bbox 32 1135 169 1173; x_wconf 69' lang='lat' dir='ltr'>obviam</span> <span class='ocrx_word' id='word_1_235' title='bbox 203 1133 252 1167; x_wconf 81' lang='lat' dir='ltr'>ire</span> <span class='ocrx_word' id='word_1_236' title='bbox 279 1132 352 1166; x_wconf 88' lang='lat' dir='ltr'>aliis</span> <span class='ocrx_word' id='word_1_237' title='bbox 382 1130 527 1163; x_wconf 81' lang='lat' dir='ltr'>aliorum</span> <span class='ocrx_word' id='word_1_238' title='bbox 554 1126 819 1162; x_wconf 82' lang='lat' dir='ltr'>emblematibus</span> <span class='ocrx_word' id='word_1_239' title='bbox 837 1151 847 1167; x_wconf 96' lang='lat'>,</span> <span class='ocrx_word' id='word_1_240' title='bbox 883 1135 960 1170; x_wconf 82' lang='lat' dir='ltr'>quae</span> <span class='ocrx_word' id='word_1_241' title='bbox 985 1123 1057 1169; x_wconf 87' lang='lat' dir='ltr'>ipse</span> <span class='ocrx_word' id='word_1_242' title='bbox 1080 1122 1319 1169; x_wconf 74' lang='lat' dir='ltr'>praetermifit,</span> <span class='ocrx_word' id='word_1_243' title='bbox 1348 1134 1472 1169; x_wconf 88' lang='lat' dir='ltr'>quaeve</span> <span class='ocrx_word' id='word_1_244' title='bbox 1490 1123 1549 1157; x_wconf 91' lang='lat' dir='ltr'>alii</span> <span class='ocrx_word' id='word_1_245' title='bbox 1574 1126 1792 1168; x_wconf 71' lang='lat' dir='ltr'>Interpretes</span> 
     </span>
     <span class='ocr_line' id='line_1_21' title="bbox 30 1171 1788 1232; baseline -0.009 -13"><span class='ocrx_word' id='word_1_246' title='bbox 30 1184 145 1232; x_wconf 83' lang='lat' dir='ltr'>postea</span> <span class='ocrx_word' id='word_1_247' title='bbox 165 1180 222 1216; x_wconf 81' lang='lat' dir='ltr'>sibi</span> <span class='ocrx_word' id='word_1_248' title='bbox 243 1178 404 1216; x_wconf 85' lang='lat' dir='ltr'>indicasse</span> <span class='ocrx_word' id='word_1_249' title='bbox 421 1176 481 1212; x_wconf 75' lang='lat' dir='ltr'>visi</span> <span class='ocrx_word' id='word_1_250' title='bbox 500 1177 587 1211; x_wconf 89' lang='lat' dir='ltr'>suut.</span> <span class='ocrx_word' id='word_1_251' title='bbox 639 1175 783 1210; x_wconf 86' lang='lat' dir='ltr'>Scilicet</span> <span class='ocrx_word' id='word_1_252' title='bbox 806 1184 875 1208; x_wconf 91' lang='lat' dir='ltr'>non</span> <span class='ocrx_word' id='word_1_253' title='bbox 893 1183 965 1208; x_wconf 87' lang='lat' dir='ltr'>tam</span> <span class='ocrx_word' id='word_1_254' title='bbox 983 1174 1051 1207; x_wconf 89' lang='lat' dir='ltr'>late</span> <span class='ocrx_word' id='word_1_255' title='bbox 1068 1174 1212 1217; x_wconf 86' lang='lat' dir='ltr'>patebat</span> <span class='ocrx_word' id='word_1_256' title='bbox 1231 1172 1385 1207; x_wconf 88' lang='lat' dir='ltr'>eruditio</span> <span class='ocrx_word' id='word_1_257' title='bbox 1402 1171 1660 1208; x_wconf 83' lang='lat' dir='ltr'>Wissenbachii</span> <span class='ocrx_word' id='word_1_258' title='bbox 1673 1199 1682 1214; x_wconf 95' lang='lat'><strong><em>‚</em></strong></span> <span class='ocrx_word' id='word_1_259' title='bbox 1708 1182 1788 1205; x_wconf 87' lang='lat' dir='ltr'>cum</span> 
     </span>
     <span class='ocr_line' id='line_1_22' title="bbox 31 1219 1791 1271; baseline -0.01 -1"><span class='ocrx_word' id='word_1_260' title='bbox 31 1236 122 1270; x_wconf 75' lang='lat' dir='ltr'>hunc</span> <span class='ocrx_word' id='word_1_261' title='bbox 138 1230 289 1267; x_wconf 90' lang='lat' dir='ltr'>libellum</span> <span class='ocrx_word' id='word_1_262' title='bbox 309 1229 449 1270; x_wconf 79' lang='lat' dir='ltr'>ederet,</span> <span class='ocrx_word' id='word_1_263' title='bbox 477 1236 513 1260; x_wconf 90' lang='lat' dir='ltr'>ut</span> <span class='ocrx_word' id='word_1_264' title='bbox 530 1235 652 1260; x_wconf 89' lang='lat' dir='ltr'>omnes</span> <span class='ocrx_word' id='word_1_265' title='bbox 674 1225 906 1271; x_wconf 75' lang='lat' dir='ltr'>interpretum</span> <span class='ocrx_word' id='word_1_266' title='bbox 925 1221 1058 1257; x_wconf 90' lang='lat' dir='ltr'>loculos</span> <span class='ocrx_word' id='word_1_267' title='bbox 1075 1221 1238 1267; x_wconf 78' lang='lat' dir='ltr'>potuiss&#39;et</span> <span class='ocrx_word' id='word_1_268' title='bbox 1258 1229 1445 1264; x_wconf 86' lang='lat' dir='ltr'>excutere,</span> <span class='ocrx_word' id='word_1_269' title='bbox 1482 1219 1519 1256; x_wconf 86' lang='lat'>&amp;</span> <span class='ocrx_word' id='word_1_270' title='bbox 1544 1221 1579 1255; x_wconf 90' lang='lat' dir='ltr'>in</span> <span class='ocrx_word' id='word_1_271' title='bbox 1603 1231 1673 1255; x_wconf 91' lang='lat' dir='ltr'>rem</span> <span class='ocrx_word' id='word_1_272' title='bbox 1696 1219 1791 1254; x_wconf 88' lang='lat' dir='ltr'>suam</span> 
     </span>
     <span class='ocr_line' id='line_1_23' title="bbox 29 1268 1791 1324; baseline -0.009 -7"><span class='ocrx_word' id='word_1_273' title='bbox 29 1292 177 1318; x_wconf 81' lang='lat' dir='ltr'>verrere.</span> <span class='ocrx_word' id='word_1_274' title='bbox 230 1280 347 1324; x_wconf 80' lang='lat' dir='ltr'>Atque</span> <span class='ocrx_word' id='word_1_275' title='bbox 367 1277 418 1312; x_wconf 90' lang='lat' dir='ltr'>bis</span> <span class='ocrx_word' id='word_1_276' title='bbox 435 1274 632 1321; x_wconf 87' lang='lat' dir='ltr'>supervenit</span> <span class='ocrx_word' id='word_1_277' title='bbox 659 1272 786 1309; x_wconf 89' lang='lat' dir='ltr'>deinde</span> <span class='ocrx_word' id='word_1_278' title='bbox 809 1272 954 1308; x_wconf 85' lang='lat' dir='ltr'>aliorum</span> <span class='ocrx_word' id='word_1_279' title='bbox 975 1278 1114 1318; x_wconf 82' lang='lat' dir='ltr'>quoque</span> <span class='ocrx_word' id='word_1_280' title='bbox 1136 1271 1228 1307; x_wconf 89' lang='lat' dir='ltr'>male</span> <span class='ocrx_word' id='word_1_281' title='bbox 1250 1271 1424 1306; x_wconf 84' lang='lat' dir='ltr'>collocata</span> <span class='ocrx_word' id='word_1_282' title='bbox 1445 1268 1611 1306; x_wconf 87' lang='lat' dir='ltr'>industria</span> <span class='ocrx_word' id='word_1_283' title='bbox 1626 1297 1636 1309; x_wconf 86' lang='lat'>‚</span> <span class='ocrx_word' id='word_1_284' title='bbox 1662 1269 1697 1304; x_wconf 91' lang='lat' dir='ltr'>in</span> <span class='ocrx_word' id='word_1_285' title='bbox 1720 1268 1791 1303; x_wconf 82' lang='lat' dir='ltr'>hoc</span> 
     </span>
     <span class='ocr_line' id='line_1_24' title="bbox 28 1319 1807 1378; baseline -0.009 -10"><span class='ocrx_word' id='word_1_286' title='bbox 28 1332 103 1378; x_wconf 83' lang='lat' dir='ltr'>ipso</span> <span class='ocrx_word' id='word_1_287' title='bbox 127 1338 344 1375; x_wconf 82' lang='lat' dir='ltr'>argumento.</span> <span class='ocrx_word' id='word_1_288' title='bbox 395 1326 470 1369; x_wconf 83' lang='lat' dir='ltr'>Sic,</span> <span class='ocrx_word' id='word_1_289' title='bbox 495 1325 653 1371; x_wconf 82' lang='lat' dir='ltr'>inquam,</span> <span class='ocrx_word' id='word_1_290' title='bbox 684 1322 947 1364; x_wconf 84' lang='lat' dir='ltr'>constitueram,</span> <span class='ocrx_word' id='word_1_291' title='bbox 973 1320 1030 1356; x_wconf 86' lang='lat' dir='ltr'>sed</span> <span class='ocrx_word' id='word_1_292' title='bbox 1046 1320 1179 1356; x_wconf 81' lang='lat' dir='ltr'>mutavi</span> <span class='ocrx_word' id='word_1_293' title='bbox 1203 1319 1401 1364; x_wconf 86' lang='lat' dir='ltr'>confilium,</span> <span class='ocrx_word' id='word_1_294' title='bbox 1425 1328 1464 1356; x_wconf 87' lang='lat' dir='ltr'>ut</span> <span class='ocrx_word' id='word_1_295' title='bbox 1482 1328 1520 1354; x_wconf 90' lang='lat' dir='ltr'>ut</span> <span class='ocrx_word' id='word_1_296' title='bbox 1535 1329 1699 1366; x_wconf 84' lang='lat' dir='ltr'>magnam</span> <span class='ocrx_word' id='word_1_297' title='bbox 1715 1327 1807 1363; x_wconf 62' lang='lat' dir='ltr'>par-¹</span> 
     </span>
     <span class='ocr_line' id='line_1_25' title="bbox 30 1367 1792 1425; baseline -0.009 -8"><span class='ocrx_word' id='word_1_298' title='bbox 30 1392 102 1417; x_wconf 89' lang='lat' dir='ltr'>tem</span> <span class='ocrx_word' id='word_1_299' title='bbox 125 1379 247 1425; x_wconf 86' lang='lat' dir='ltr'>Operis</span> <span class='ocrx_word' id='word_1_300' title='bbox 267 1377 333 1421; x_wconf 75' lang='lat' dir='ltr'>iam</span> <span class='ocrx_word' id='word_1_301' title='bbox 352 1375 562 1410; x_wconf 82' lang='lat' dir='ltr'>edolaverim</span> <span class='ocrx_word' id='word_1_302' title='bbox 576 1400 584 1414; x_wconf 92' lang='lat'><strong>‚</strong></span> <span class='ocrx_word' id='word_1_303' title='bbox 612 1372 647 1408; x_wconf 74' lang='grc' dir='ltr'>δε</span> <span class='ocrx_word' id='word_1_304' title='bbox 664 1383 756 1408; x_wconf 89' lang='lat' dir='ltr'>nunc</span> <span class='ocrx_word' id='word_1_305' title='bbox 771 1371 891 1418; x_wconf 79' lang='lat' dir='ltr'>accipe</span> <span class='ocrx_word' id='word_1_306' title='bbox 907 1371 1023 1406; x_wconf 82' lang='lat' dir='ltr'>causas</span> <span class='ocrx_word' id='word_1_307' title='bbox 1040 1395 1053 1414; x_wconf 94' lang='lat'>‚</span> <span class='ocrx_word' id='word_1_308' title='bbox 1092 1381 1154 1405; x_wconf 90' lang='lat' dir='ltr'>cur</span> <span class='ocrx_word' id='word_1_309' title='bbox 1177 1370 1402 1406; x_wconf 83' lang='lat' dir='ltr'>mutaverim.</span> <span class='ocrx_word' id='word_1_310' title='bbox 1455 1369 1491 1405; x_wconf 90' lang='lat' dir='ltr'>Si</span> <span class='ocrx_word' id='word_1_311' title='bbox 1508 1368 1640 1415; x_wconf 80' lang='lat' dir='ltr'>singula</span> <span class='ocrx_word' id='word_1_312' title='bbox 1661 1367 1792 1403; x_wconf 87' lang='lat' dir='ltr'>emble-</span> 
     </span>
     <span class='ocr_line' id='line_1_26' title="bbox 30 1416 1792 1472; baseline -0.007 -7"><span class='ocrx_word' id='word_1_313' title='bbox 30 1439 144 1468; x_wconf 79' lang='lat' dir='ltr'>mata,</span> <span class='ocrx_word' id='word_1_314' title='bbox 171 1438 246 1472; x_wconf 83' lang='lat' dir='ltr'>quae</span> <span class='ocrx_word' id='word_1_315' title='bbox 266 1427 319 1461; x_wconf 85' lang='lat' dir='ltr'>vel</span> <span class='ocrx_word' id='word_1_316' title='bbox 340 1425 427 1460; x_wconf 87' lang='lat' dir='ltr'>solus</span> <span class='ocrx_word' id='word_1_317' title='bbox 444 1421 726 1459; x_wconf 54' lang='lat' dir='ltr'>XViss&#39;enbachius</span> <span class='ocrx_word' id='word_1_318' title='bbox 752 1420 929 1464; x_wconf 86' lang='lat' dir='ltr'>recenset,</span> <span class='ocrx_word' id='word_1_319' title='bbox 961 1419 1047 1454; x_wconf 88' lang='lat' dir='ltr'>mihi</span> <span class='ocrx_word' id='word_1_320' title='bbox 1070 1417 1178 1455; x_wconf 88' lang='lat' dir='ltr'>essent</span> <span class='ocrx_word' id='word_1_321' title='bbox 1202 1418 1406 1464; x_wconf 88' lang='lat' dir='ltr'>refutanda,</span> <span class='ocrx_word' id='word_1_322' title='bbox 1435 1429 1480 1454; x_wconf 92' lang='lat' dir='ltr'>ne</span> <span class='ocrx_word' id='word_1_323' title='bbox 1496 1419 1540 1454; x_wconf 90' lang='lat' dir='ltr'>ab</span> <span class='ocrx_word' id='word_1_324' title='bbox 1556 1419 1624 1454; x_wconf 91' lang='lat' dir='ltr'>illis</span> <span class='ocrx_word' id='word_1_325' title='bbox 1648 1416 1792 1464; x_wconf 90' lang='lat' dir='ltr'>quidem</span> 
     </span>
     <span class='ocr_line' id='line_1_27' title="bbox 30 1466 1793 1522; baseline -0.006 -10"><span class='ocrx_word' id='word_1_326' title='bbox 30 1477 202 1517; x_wconf 82' lang='lat' dir='ltr'>abstinere</span> <span class='ocrx_word' id='word_1_327' title='bbox 220 1473 424 1522; x_wconf 67' lang='lat' dir='ltr'>potuissem,</span> <span class='ocrx_word' id='word_1_328' title='bbox 456 1483 531 1518; x_wconf 74' lang='lat' dir='ltr'>quae</span> <span class='ocrx_word' id='word_1_329' title='bbox 568 1470 629 1506; x_wconf 80' lang='lat' dir='ltr'>soli</span> <span class='ocrx_word' id='word_1_330' title='bbox 652 1468 916 1506; x_wconf 77' lang='lat' dir='ltr'>Wiffenbachio</span> <span class='ocrx_word' id='word_1_331' title='bbox 949 1468 1132 1504; x_wconf 89' lang='lat' dir='ltr'>debentur.</span> <span class='ocrx_word' id='word_1_332' title='bbox 1184 1468 1233 1504; x_wconf 88' lang='lat' dir='ltr'>At</span> <span class='ocrx_word' id='word_1_333' title='bbox 1255 1480 1297 1504; x_wconf 84' lang='lat' dir='ltr'>ea</span> <span class='ocrx_word' id='word_1_334' title='bbox 1324 1470 1403 1504; x_wconf 90' lang='lat' dir='ltr'>sunt</span> <span class='ocrx_word' id='word_1_335' title='bbox 1422 1467 1613 1514; x_wconf 85' lang='lat' dir='ltr'>ejusmodi,</span> <span class='ocrx_word' id='word_1_336' title='bbox 1638 1476 1676 1502; x_wconf 85' lang='lat' dir='ltr'>ut</span> <span class='ocrx_word' id='word_1_337' title='bbox 1692 1466 1793 1501; x_wconf 71' lang='lat' dir='ltr'>sileri·-</span> 
     </span>
     <span class='ocr_line' id='line_1_28' title="bbox 31 1516 1792 1572; baseline -0.007 -9"><span class='ocrx_word' id='word_1_338' title='bbox 31 1526 83 1563; x_wconf 86' lang='lat' dir='ltr'>tio</span> <span class='ocrx_word' id='word_1_339' title='bbox 106 1519 218 1572; x_wconf 61' lang='lat' dir='ltr'>potiris</span> <span class='ocrx_word' id='word_1_340' title='bbox 236 1524 270 1559; x_wconf 65' lang='grc' dir='ltr'>ἃ</span> <span class='ocrx_word' id='word_1_341' title='bbox 289 1532 514 1566; x_wconf 67' lang='grc' dir='ltr'>ςυητεῐῃρω,</span> <span class='ocrx_word' id='word_1_342' title='bbox 539 1532 640 1567; x_wconf 85' lang='lat' dir='ltr'>quam</span> <span class='ocrx_word' id='word_1_343' title='bbox 664 1521 747 1556; x_wconf 84' lang='lat' dir='ltr'>seria</span> <span class='ocrx_word' id='word_1_344' title='bbox 766 1517 1000 1564; x_wconf 85' lang='lat' dir='ltr'>disputatione</span> <span class='ocrx_word' id='word_1_345' title='bbox 1027 1517 1215 1554; x_wconf 79' lang='lat' dir='ltr'>videantur</span> <span class='ocrx_word' id='word_1_346' title='bbox 1240 1516 1472 1564; x_wconf 83' lang='lat' dir='ltr'>transigenda.</span> <span class='ocrx_word' id='word_1_347' title='bbox 1524 1517 1560 1552; x_wconf 89' lang='lat' dir='ltr'>Si</span> <span class='ocrx_word' id='word_1_348' title='bbox 1591 1516 1792 1561; x_wconf 79' lang='lat' dir='ltr'>exemplum</span> 
     </span>
     <span class='ocr_line' id='line_1_29' title="bbox 32 1564 1793 1623; baseline -0.007 -12"><span class='ocrx_word' id='word_1_349' title='bbox 32 1575 179 1623; x_wconf 69' lang='lat' dir='ltr'>quoeras,</span> <span class='ocrx_word' id='word_1_350' title='bbox 220 1576 251 1608; x_wconf 79' lang='lat' dir='ltr'>in</span> <span class='ocrx_word' id='word_1_351' title='bbox 282 1572 446 1608; x_wconf 77' lang='lat' dir='ltr'>vestibulo</span> <span class='ocrx_word' id='word_1_352' title='bbox 470 1569 519 1605; x_wconf 85' lang='lat' dir='ltr'>est</span> <span class='ocrx_word' id='word_1_353' title='bbox 551 1571 571 1604; x_wconf 92' lang='lat' dir='ltr'>l.</span> <span class='ocrx_word' id='word_1_354' title='bbox 590 1580 621 1604; x_wconf 86' lang='lat'>2.</span> <span class='ocrx_word' id='word_1_355' title='bbox 657 1568 706 1615; x_wconf 86' lang='lat' dir='ltr'>ff.</span> <span class='ocrx_word' id='word_1_356' title='bbox 742 1569 778 1603; x_wconf 81' lang='lat' dir='ltr'>de</span> <span class='ocrx_word' id='word_1_357' title='bbox 811 1565 900 1614; x_wconf 72' lang='lat' dir='ltr'>Just.</span> <span class='ocrx_word' id='word_1_358' title='bbox 934 1565 1063 1613; x_wconf 62' lang='lat' dir='ltr'>&amp;jum</span> <span class='ocrx_word' id='word_1_359' title='bbox 1091 1566 1151 1602; x_wconf 92' lang='lat' dir='ltr'>ubi</span> <span class='ocrx_word' id='word_1_360' title='bbox 1169 1568 1214 1602; x_wconf 93' lang='lat' dir='ltr'>de</span> <span class='ocrx_word' id='word_1_361' title='bbox 1234 1567 1448 1603; x_wconf 84' lang='lat' dir='ltr'>emblemate</span> <span class='ocrx_word' id='word_1_362' title='bbox 1469 1574 1618 1612; x_wconf 84' lang='lat' dir='ltr'>nugatur</span> <span class='ocrx_word' id='word_1_363' title='bbox 1637 1564 1793 1601; x_wconf 83' lang='lat' dir='ltr'>Wiffen-</span> 
     </span>
     <span class='ocr_line' id='line_1_30' title="bbox 30 1615 1793 1670; baseline -0.006 -10"><span class='ocrx_word' id='word_1_364' title='bbox 30 1625 141 1666; x_wconf 73' lang='lat' dir='ltr'>bach,</span> <span class='ocrx_word' id='word_1_365' title='bbox 169 1625 295 1670; x_wconf 73' lang='lat' dir='ltr'>primus</span> <span class='ocrx_word' id='word_1_366' title='bbox 313 1624 404 1657; x_wconf 73' lang='lat' dir='ltr'>forte</span> <span class='ocrx_word' id='word_1_367' title='bbox 424 1620 459 1655; x_wconf 69' lang='grc' dir='ltr'>δι</span> <span class='ocrx_word' id='word_1_368' title='bbox 483 1619 594 1661; x_wconf 74' lang='lat' dir='ltr'>solus,</span> <span class='ocrx_word' id='word_1_369' title='bbox 618 1618 640 1653; x_wconf 77' lang='lat' dir='ltr'>si</span> <span class='ocrx_word' id='word_1_370' title='bbox 656 1618 806 1661; x_wconf 80' lang='lat' dir='ltr'>nescias,</span> <span class='ocrx_word' id='word_1_371' title='bbox 832 1628 891 1652; x_wconf 89' lang='lat' dir='ltr'>cur</span> <span class='ocrx_word' id='word_1_372' title='bbox 908 1626 1076 1663; x_wconf 79' lang='lat' dir='ltr'>nugetur,</span> <span class='ocrx_word' id='word_1_373' title='bbox 1104 1615 1195 1651; x_wconf 86' lang='lat' dir='ltr'>aliud</span> <span class='ocrx_word' id='word_1_374' title='bbox 1211 1627 1317 1663; x_wconf 86' lang='lat' dir='ltr'>agens</span> <span class='ocrx_word' id='word_1_375' title='bbox 1338 1616 1492 1651; x_wconf 87' lang='lat' dir='ltr'>indicavi</span> <span class='ocrx_word' id='word_1_376' title='bbox 1518 1615 1559 1650; x_wconf 92' lang='lat' dir='ltr'>L.</span> <span class='ocrx_word' id='word_1_377' title='bbox 1582 1615 1649 1651; x_wconf 85' lang='lat' dir='ltr'>Vl.</span> <span class='ocrx_word' id='word_1_378' title='bbox 1678 1615 1793 1650; x_wconf 80' lang='lat' dir='ltr'>harum-</span> 
     </span>
     <span class='ocr_line' id='line_1_31' title="bbox 33 1664 1792 1722; baseline -0.006 -13"><span class='ocrx_word' id='word_1_379' title='bbox 33 1677 164 1722; x_wconf 57' lang='lat' dir='ltr'>(Ach&#39;v.</span> <span class='ocrx_word' id='word_1_380' title='bbox 196 1673 228 1706; x_wconf 91' lang='lat' dir='ltr'>C.</span> <span class='ocrx_word' id='word_1_381' title='bbox 249 1683 280 1707; x_wconf 91' lang='lat'>2.</span> <span class='ocrx_word' id='word_1_382' title='bbox 331 1672 428 1705; x_wconf 71' lang='lat' dir='ltr'>Idem</span> <span class='ocrx_word' id='word_1_383' title='bbox 451 1668 531 1704; x_wconf 91' lang='lat' dir='ltr'>dico</span> <span class='ocrx_word' id='word_1_384' title='bbox 559 1666 596 1703; x_wconf 71' lang='grc' dir='ltr'>ἃ·</span> <span class='ocrx_word' id='word_1_385' title='bbox 623 1669 665 1703; x_wconf 83' lang='lat' dir='ltr'>de</span> <span class='ocrx_word' id='word_1_386' title='bbox 690 1667 763 1702; x_wconf 89' lang='lat' dir='ltr'>aliis</span> <span class='ocrx_word' id='word_1_387' title='bbox 792 1665 964 1702; x_wconf 87' lang='lat' dir='ltr'>nonnullis</span> <span class='ocrx_word' id='word_1_388' title='bbox 988 1665 1283 1709; x_wconf 88' lang='lat' dir='ltr'>emblematibus,</span> <span class='ocrx_word' id='word_1_389' title='bbox 1315 1676 1392 1711; x_wconf 84' lang='lat' dir='ltr'>quae</span> <span class='ocrx_word' id='word_1_390' title='bbox 1425 1667 1501 1701; x_wconf 86' lang='lat' dir='ltr'>sunt</span> <span class='ocrx_word' id='word_1_391' title='bbox 1526 1674 1626 1700; x_wconf 77' lang='lat' dir='ltr'>extra</span> <span class='ocrx_word' id='word_1_392' title='bbox 1643 1664 1792 1710; x_wconf 86' lang='lat' dir='ltr'>satyram</span> 
     </span>
     <span class='ocr_line' id='line_1_32' title="bbox 30 1713 1792 1763; baseline -0.007 -4"><span class='ocrx_word' id='word_1_393' title='bbox 30 1721 294 1759; x_wconf 59' lang='lat' dir='ltr'>Wle‘enbacliii.</span> <span class='ocrx_word' id='word_1_394' title='bbox 343 1719 398 1754; x_wconf 81' lang='lat' dir='ltr'>Ad</span> <span class='ocrx_word' id='word_1_395' title='bbox 418 1719 491 1753; x_wconf 84' lang='lat' dir='ltr'>baec</span> <span class='ocrx_word' id='word_1_396' title='bbox 511 1729 569 1763; x_wconf 89' lang='lat' dir='ltr'>per</span> <span class='ocrx_word' id='word_1_397' title='bbox 588 1729 749 1759; x_wconf 88' lang='lat' dir='ltr'>omnem,</span> <span class='ocrx_word' id='word_1_398' title='bbox 774 1728 839 1761; x_wconf 89' lang='lat' dir='ltr'>qua</span> <span class='ocrx_word' id='word_1_399' title='bbox 856 1715 953 1758; x_wconf 82' lang='lat' dir='ltr'>vixi,</span> <span class='ocrx_word' id='word_1_400' title='bbox 988 1722 1128 1749; x_wconf 86' lang='lat' dir='ltr'>aetatem</span> <span class='ocrx_word' id='word_1_401' title='bbox 1155 1725 1228 1749; x_wconf 82' lang='lat' dir='ltr'>non</span> <span class='ocrx_word' id='word_1_402' title='bbox 1253 1721 1390 1749; x_wconf 86' lang='lat' dir='ltr'>tantum</span> <span class='ocrx_word' id='word_1_403' title='bbox 1407 1725 1451 1750; x_wconf 84' lang='lat' dir='ltr'>ex</span> <span class='ocrx_word' id='word_1_404' title='bbox 1469 1713 1721 1760; x_wconf 87' lang='lat' dir='ltr'>Interpretibus</span> <span class='ocrx_word' id='word_1_405' title='bbox 1735 1713 1792 1759; x_wconf 91' lang='lat' dir='ltr'>ju-</span> 
     </span>
     <span class='ocr_line' id='line_1_33' title="bbox 29 1763 1793 1817; baseline -0.007 -8"><span class='ocrx_word' id='word_1_406' title='bbox 29 1772 104 1817; x_wconf 87' lang='lat' dir='ltr'>ris,</span> <span class='ocrx_word' id='word_1_407' title='bbox 130 1771 186 1808; x_wconf 89' lang='lat' dir='ltr'>sed</span> <span class='ocrx_word' id='word_1_408' title='bbox 205 1769 241 1806; x_wconf 72' lang='grc' dir='ltr'><strong>ἃ</strong></span> <span class='ocrx_word' id='word_1_409' title='bbox 257 1781 299 1805; x_wconf 79' lang='lat' dir='ltr'>ex</span> <span class='ocrx_word' id='word_1_410' title='bbox 320 1767 396 1816; x_wconf 73' lang='lat' dir='ltr'>ipsis</span> <span class='ocrx_word' id='word_1_411' title='bbox 414 1767 681 1808; x_wconf 80' lang='lat' dir='ltr'>Grammaticis,</span> <span class='ocrx_word' id='word_1_412' title='bbox 708 1765 792 1800; x_wconf 84' lang='lat' dir='ltr'>locis</span> <span class='ocrx_word' id='word_1_413' title='bbox 809 1764 993 1812; x_wconf 85' lang='lat' dir='ltr'>fugitivis,</span> <span class='ocrx_word' id='word_1_414' title='bbox 1021 1771 1078 1799; x_wconf 90' lang='lat' dir='ltr'>tot</span> <span class='ocrx_word' id='word_1_415' title='bbox 1101 1764 1337 1806; x_wconf 85' lang='lat' dir='ltr'>emblemata,</span> <span class='ocrx_word' id='word_1_416' title='bbox 1369 1763 1636 1799; x_wconf 83' lang='lat' dir='ltr'>Wiffenbachio</span> <span class='ocrx_word' id='word_1_417' title='bbox 1650 1773 1793 1808; x_wconf 84' lang='lat' dir='ltr'>praeter-</span> 
     </span>
     <span class='ocr_line' id='line_1_34' title="bbox 28 1811 1792 1863; baseline -0.005 -7"><span class='ocrx_word' id='word_1_418' title='bbox 28 1820 142 1863; x_wconf 72' lang='lat' dir='ltr'>nissa,</span> <span class='ocrx_word' id='word_1_419' title='bbox 170 1819 318 1863; x_wconf 65' lang='lat' dir='ltr'>collegi,</span> <span class='ocrx_word' id='word_1_420' title='bbox 346 1826 382 1852; x_wconf 88' lang='lat' dir='ltr'>ut</span> <span class='ocrx_word' id='word_1_421' title='bbox 408 1817 449 1852; x_wconf 80' lang='lat' dir='ltr'>lls</span> <span class='ocrx_word' id='word_1_422' title='bbox 469 1816 661 1851; x_wconf 73' lang='lat' dir='ltr'>refutandis</span> <span class='ocrx_word' id='word_1_423' title='bbox 680 1816 734 1851; x_wconf 90' lang='lat' dir='ltr'>vel</span> <span class='ocrx_word' id='word_1_424' title='bbox 757 1814 871 1860; x_wconf 72' lang='lat' dir='ltr'>spissus</span> <span class='ocrx_word' id='word_1_425' title='bbox 894 1813 983 1848; x_wconf 90' lang='lat' dir='ltr'>liber</span> <span class='ocrx_word' id='word_1_426' title='bbox 1002 1824 1073 1848; x_wconf 91' lang='lat' dir='ltr'>non</span> <span class='ocrx_word' id='word_1_427' title='bbox 1089 1811 1272 1849; x_wconf 88' lang='lat' dir='ltr'>sufficeret.</span> <span class='ocrx_word' id='word_1_428' title='bbox 1306 1813 1352 1847; x_wconf 87' lang='lat' dir='ltr'>Et</span> <span class='ocrx_word' id='word_1_429' title='bbox 1369 1811 1463 1848; x_wconf 65' lang='lat' dir='ltr'>recte</span> <span class='ocrx_word' id='word_1_430' title='bbox 1480 1812 1530 1847; x_wconf 88' lang='lat' dir='ltr'>ait</span> <span class='ocrx_word' id='word_1_431' title='bbox 1552 1812 1627 1847; x_wconf 89' lang='lat' dir='ltr'>ille:</span> <span class='ocrx_word' id='word_1_432' title='bbox 1655 1824 1792 1858; x_wconf 70' lang='lat' dir='ltr'>magnus</span> 
     </span>
     <span class='ocr_line' id='line_1_35' title="bbox 31 1861 1792 1915; baseline -0.006 -9"><span class='ocrx_word' id='word_1_433' title='bbox 31 1870 131 1912; x_wconf 83' lang='lat' dir='ltr'>liber,</span> <span class='ocrx_word' id='word_1_434' title='bbox 155 1880 305 1915; x_wconf 82' lang='lat' dir='ltr'>magnum</span> <span class='ocrx_word' id='word_1_435' title='bbox 322 1867 449 1902; x_wconf 75' lang='lat' dir='ltr'>malum.</span> <span class='ocrx_word' id='word_1_436' title='bbox 502 1866 589 1900; x_wconf 86' lang='lat' dir='ltr'>Fere</span> <span class='ocrx_word' id='word_1_437' title='bbox 614 1864 707 1900; x_wconf 85' lang='lat' dir='ltr'>mille</span> <span class='ocrx_word' id='word_1_438' title='bbox 725 1864 936 1899; x_wconf 86' lang='lat' dir='ltr'>emblemata</span> <span class='ocrx_word' id='word_1_439' title='bbox 953 1873 1116 1905; x_wconf 84' lang='lat' dir='ltr'>numerO,</span> <span class='ocrx_word' id='word_1_440' title='bbox 1142 1862 1187 1897; x_wconf 90' lang='lat' dir='ltr'>de</span> <span class='ocrx_word' id='word_1_441' title='bbox 1205 1861 1328 1909; x_wconf 86' lang='lat' dir='ltr'>quibus</span> <span class='ocrx_word' id='word_1_442' title='bbox 1343 1862 1402 1897; x_wconf 87' lang='lat' dir='ltr'>ille</span> <span class='ocrx_word' id='word_1_443' title='bbox 1419 1871 1528 1904; x_wconf 86' lang='lat' dir='ltr'>tacet,</span> <span class='ocrx_word' id='word_1_444' title='bbox 1560 1861 1594 1894; x_wconf 65' lang='lat' dir='ltr'>S:</span> <span class='ocrx_word' id='word_1_445' title='bbox 1620 1862 1685 1897; x_wconf 86' lang='lat' dir='ltr'>alia</span> <span class='ocrx_word' id='word_1_446' title='bbox 1713 1861 1792 1896; x_wconf 88' lang='lat' dir='ltr'>mil-</span> 
     </span>
     <span class='ocr_line' id='line_1_36' title="bbox 31 1909 1791 1960; baseline -0.005 -5"><span class='ocrx_word' id='word_1_447' title='bbox 31 1920 63 1955; x_wconf 88' lang='lat' dir='ltr'>le</span> <span class='ocrx_word' id='word_1_448' title='bbox 83 1912 168 1955; x_wconf 86' lang='lat' dir='ltr'>solus</span> <span class='ocrx_word' id='word_1_449' title='bbox 187 1918 359 1952; x_wconf 65' lang='lat' dir='ltr'>Antonius</span> <span class='ocrx_word' id='word_1_450' title='bbox 381 1916 487 1949; x_wconf 76' lang='lat' dir='ltr'>Faber</span> <span class='ocrx_word' id='word_1_451' title='bbox 509 1914 610 1949; x_wconf 75' lang='lat' dir='ltr'>facile</span> <span class='ocrx_word' id='word_1_452' title='bbox 627 1912 837 1960; x_wconf 73' lang='lat' dir='ltr'>suggesserit.</span> <span class='ocrx_word' id='word_1_453' title='bbox 889 1912 947 1948; x_wconf 89' lang='lat' dir='ltr'>Sic</span> <span class='ocrx_word' id='word_1_454' title='bbox 971 1912 1038 1948; x_wconf 86' lang='lat' dir='ltr'>alia</span> <span class='ocrx_word' id='word_1_455' title='bbox 1058 1922 1102 1948; x_wconf 83' lang='lat' dir='ltr'>ex</span> <span class='ocrx_word' id='word_1_456' title='bbox 1131 1911 1206 1949; x_wconf 82' lang='lat' dir='ltr'>aliis</span> <span class='ocrx_word' id='word_1_457' title='bbox 1230 1911 1406 1956; x_wconf 86' lang='lat' dir='ltr'>crescunt,</span> <span class='ocrx_word' id='word_1_458' title='bbox 1431 1911 1468 1946; x_wconf 70' lang='grc' dir='ltr'>ἃ</span> <span class='ocrx_word' id='word_1_459' title='bbox 1489 1911 1651 1947; x_wconf 87' lang='lat' dir='ltr'>omnibus</span> <span class='ocrx_word' id='word_1_460' title='bbox 1668 1909 1791 1957; x_wconf 54' lang='lat' dir='ltr'>profi-i*</span> 
     </span>
     <span class='ocr_line' id='line_1_37' title="bbox 29 1961 902 2018; baseline -0.009 -13"><span class='ocrx_word' id='word_1_461' title='bbox 29 1967 152 2018; x_wconf 80' lang='lat' dir='ltr'>gaudis</span> <span class='ocrx_word' id='word_1_462' title='bbox 169 1967 226 2004; x_wconf 81' lang='lat' dir='ltr'>vix</span> <span class='ocrx_word' id='word_1_463' title='bbox 245 1977 310 2002; x_wconf 89' lang='lat' dir='ltr'>una</span> <span class='ocrx_word' id='word_1_464' title='bbox 327 1964 425 2002; x_wconf 88' lang='lat' dir='ltr'>unius</span> <span class='ocrx_word' id='word_1_465' title='bbox 445 1964 592 2000; x_wconf 82' lang='lat' dir='ltr'>hominis</span> <span class='ocrx_word' id='word_1_466' title='bbox 610 1973 690 1999; x_wconf 81' lang='lat' dir='ltr'>aetas</span> <span class='ocrx_word' id='word_1_467' title='bbox 707 1963 784 1999; x_wconf 82' lang='lat' dir='ltr'>satis</span> <span class='ocrx_word' id='word_1_468' title='bbox 804 1961 902 1998; x_wconf 86' lang='lat' dir='ltr'>esset.</span> 
     </span>
    </p>
   </div>
   <div class='ocr_carea' id='block_1_5' title="bbox 32 2058 1799 2899">
    <p class='ocr_par' dir='ltr' id='par_1_5' title="bbox 32 2058 1799 2899">
     <span class='ocr_line' id='line_1_38' title="bbox 81 2058 1791 2117; baseline -0.005 -14"><span class='ocrx_word' id='word_1_469' title='bbox 81 2067 196 2117; x_wconf 87' lang='lat' dir='ltr'>Quare</span> <span class='ocrx_word' id='word_1_470' title='bbox 211 2067 404 2107; x_wconf 74' lang='lat' dir='ltr'>consilium,</span> <span class='ocrx_word' id='word_1_471' title='bbox 431 2062 522 2112; x_wconf 76' lang='lat' dir='ltr'>quod</span> <span class='ocrx_word' id='word_1_472' title='bbox 540 2077 721 2113; x_wconf 80' lang='lat' dir='ltr'>ceperam,</span> <span class='ocrx_word' id='word_1_473' title='bbox 754 2075 821 2100; x_wconf 88' lang='lat' dir='ltr'>non</span> <span class='ocrx_word' id='word_1_474' title='bbox 846 2063 985 2110; x_wconf 75' lang='lat' dir='ltr'>quidem</span> <span class='ocrx_word' id='word_1_475' title='bbox 1014 2064 1116 2110; x_wconf 87' lang='lat' dir='ltr'>plane</span> <span class='ocrx_word' id='word_1_476' title='bbox 1136 2058 1273 2110; x_wconf 80' lang='lat' dir='ltr'>abjeci,</span> <span class='ocrx_word' id='word_1_477' title='bbox 1301 2061 1358 2098; x_wconf 92' lang='lat' dir='ltr'>sed</span> <span class='ocrx_word' id='word_1_478' title='bbox 1377 2062 1536 2106; x_wconf 86' lang='lat' dir='ltr'>mutavi,</span> <span class='ocrx_word' id='word_1_479' title='bbox 1563 2071 1632 2097; x_wconf 91' lang='lat' dir='ltr'>non</span> <span class='ocrx_word' id='word_1_480' title='bbox 1651 2059 1791 2104; x_wconf 64' lang='lat' dir='ltr'>omnia,</span> 
     </span>
     <span class='ocr_line' id='line_1_39' title="bbox 32 2110 1789 2163; baseline -0.005 -11"><span class='ocrx_word' id='word_1_481' title='bbox 32 2127 107 2163; x_wconf 84' lang='lat' dir='ltr'>quae</span> <span class='ocrx_word' id='word_1_482' title='bbox 124 2117 227 2163; x_wconf 65' lang='lat' dir='ltr'>vulgo</span> <span class='ocrx_word' id='word_1_483' title='bbox 247 2117 554 2158; x_wconf 84' lang='lat' dir='ltr'>circumferuntur,</span> <span class='ocrx_word' id='word_1_484' title='bbox 579 2116 810 2156; x_wconf 79' lang='lat' dir='ltr'>emblemata,</span> <span class='ocrx_word' id='word_1_485' title='bbox 846 2125 910 2149; x_wconf 90' lang='lat' dir='ltr'>nec</span> <span class='ocrx_word' id='word_1_486' title='bbox 936 2113 1082 2161; x_wconf 83' lang='lat' dir='ltr'>integris</span> <span class='ocrx_word' id='word_1_487' title='bbox 1113 2113 1229 2149; x_wconf 87' lang='lat' dir='ltr'>Libris</span> <span class='ocrx_word' id='word_1_488' title='bbox 1257 2111 1492 2155; x_wconf 86' lang='lat' dir='ltr'>refutaturus,</span> <span class='ocrx_word' id='word_1_489' title='bbox 1517 2121 1552 2146; x_wconf 88' lang='lat' dir='ltr'>at</span> <span class='ocrx_word' id='word_1_490' title='bbox 1570 2121 1655 2146; x_wconf 89' lang='lat' dir='ltr'>vero</span> <span class='ocrx_word' id='word_1_491' title='bbox 1675 2110 1789 2145; x_wconf 88' lang='lat' dir='ltr'>editu-</span> 
     </span>
     <span class='ocr_line' id='line_1_40' title="bbox 33 2160 1791 2213; baseline -0.003 -13"><span class='ocrx_word' id='word_1_492' title='bbox 33 2177 90 2201; x_wconf 87' lang='lat' dir='ltr'>rus</span> <span class='ocrx_word' id='word_1_493' title='bbox 110 2167 238 2213; x_wconf 84' lang='lat' dir='ltr'>aliquot</span> <span class='ocrx_word' id='word_1_494' title='bbox 255 2167 457 2211; x_wconf 79' lang='lat' dir='ltr'>specimina,</span> <span class='ocrx_word' id='word_1_495' title='bbox 485 2177 527 2199; x_wconf 86' lang='lat' dir='ltr'>ex</span> <span class='ocrx_word' id='word_1_496' title='bbox 544 2167 663 2211; x_wconf 88' lang='lat' dir='ltr'>quibus</span> <span class='ocrx_word' id='word_1_497' title='bbox 677 2191 686 2207; x_wconf 84' lang='lat'>,</span> <span class='ocrx_word' id='word_1_498' title='bbox 715 2175 777 2199; x_wconf 89' lang='lat' dir='ltr'>ceu</span> <span class='ocrx_word' id='word_1_499' title='bbox 795 2163 942 2199; x_wconf 87' lang='lat' dir='ltr'>totidem</span> <span class='ocrx_word' id='word_1_500' title='bbox 961 2162 1150 2209; x_wconf 84' lang='lat' dir='ltr'>exemplis,</span> <span class='ocrx_word' id='word_1_501' title='bbox 1178 2160 1331 2204; x_wconf 86' lang='lat' dir='ltr'>constet,</span> <span class='ocrx_word' id='word_1_502' title='bbox 1358 2162 1465 2196; x_wconf 87' lang='lat' dir='ltr'>etiam</span> <span class='ocrx_word' id='word_1_503' title='bbox 1487 2171 1616 2207; x_wconf 81' lang='lat' dir='ltr'>magna</span> <span class='ocrx_word' id='word_1_504' title='bbox 1634 2160 1791 2195; x_wconf 83' lang='lat' dir='ltr'>Nomina</span> 
     </span>
     <span class='ocr_line' id='line_1_41' title="bbox 33 2208 1793 2260; baseline -0.003 -11"><span class='ocrx_word' id='word_1_505' title='bbox 33 2214 69 2250; x_wconf 88' lang='lat' dir='ltr'>in</span> <span class='ocrx_word' id='word_1_506' title='bbox 88 2215 141 2250; x_wconf 83' lang='lat' dir='ltr'>his</span> <span class='ocrx_word' id='word_1_507' title='bbox 160 2215 258 2249; x_wconf 85' lang='lat' dir='ltr'>rebus</span> <span class='ocrx_word' id='word_1_508' title='bbox 279 2226 418 2260; x_wconf 81' lang='lat' dir='ltr'>operam</span> <span class='ocrx_word' id='word_1_509' title='bbox 437 2213 554 2249; x_wconf 74' lang='lat' dir='ltr'>lufiffe.</span> <span class='ocrx_word' id='word_1_510' title='bbox 603 2214 688 2249; x_wconf 91' lang='lat' dir='ltr'>Non</span> <span class='ocrx_word' id='word_1_511' title='bbox 704 2222 847 2258; x_wconf 88' lang='lat' dir='ltr'>repeto,</span> <span class='ocrx_word' id='word_1_512' title='bbox 874 2224 950 2259; x_wconf 81' lang='lat' dir='ltr'>quae</span> <span class='ocrx_word' id='word_1_513' title='bbox 974 2212 1096 2258; x_wconf 87' lang='lat' dir='ltr'>Wybo</span> <span class='ocrx_word' id='word_1_514' title='bbox 1113 2209 1227 2246; x_wconf 90' lang='lat' dir='ltr'>noster</span> <span class='ocrx_word' id='word_1_515' title='bbox 1254 2210 1297 2246; x_wconf 88' lang='lat' dir='ltr'>ad</span> <span class='ocrx_word' id='word_1_516' title='bbox 1325 2211 1435 2247; x_wconf 89' lang='lat' dir='ltr'>varias</span> <span class='ocrx_word' id='word_1_517' title='bbox 1453 2212 1567 2258; x_wconf 82' lang='lat' dir='ltr'>Leges</span> <span class='ocrx_word' id='word_1_518' title='bbox 1588 2211 1679 2244; x_wconf 91' lang='lat' dir='ltr'>bene</span> <span class='ocrx_word' id='word_1_519' title='bbox 1694 2208 1793 2243; x_wconf 87' lang='lat' dir='ltr'>dixe-</span> 
     </span>
     <span class='ocr_line' id='line_1_42' title="bbox 33 2258 1794 2311; baseline -0.004 -13"><span class='ocrx_word' id='word_1_520' title='bbox 33 2273 111 2305; x_wconf 85' lang='lat' dir='ltr'>rat,</span> <span class='ocrx_word' id='word_1_521' title='bbox 137 2263 193 2311; x_wconf 79' lang='lat' dir='ltr'>sed</span> <span class='ocrx_word' id='word_1_522' title='bbox 210 2275 345 2309; x_wconf 84' lang='lat' dir='ltr'>occupo</span> <span class='ocrx_word' id='word_1_523' title='bbox 362 2263 563 2309; x_wconf 83' lang='lat' dir='ltr'>praemium,</span> <span class='ocrx_word' id='word_1_524' title='bbox 591 2262 682 2310; x_wconf 86' lang='lat' dir='ltr'>quod</span> <span class='ocrx_word' id='word_1_525' title='bbox 707 2273 794 2298; x_wconf 86' lang='lat' dir='ltr'>meae</span> <span class='ocrx_word' id='word_1_526' title='bbox 812 2261 848 2296; x_wconf 70' lang='grc' dir='ltr'>ἃ</span> <span class='ocrx_word' id='word_1_527' title='bbox 867 2262 1011 2297; x_wconf 80' lang='lat' dir='ltr'>aliorum</span> <span class='ocrx_word' id='word_1_528' title='bbox 1034 2260 1208 2296; x_wconf 78' lang='lat' dir='ltr'>industriae</span> <span class='ocrx_word' id='word_1_529' title='bbox 1224 2259 1297 2305; x_wconf 88' lang='lat' dir='ltr'>ipse</span> <span class='ocrx_word' id='word_1_530' title='bbox 1320 2260 1518 2306; x_wconf 89' lang='lat' dir='ltr'>reliquerat.</span> <span class='ocrx_word' id='word_1_531' title='bbox 1570 2258 1794 2304; x_wconf 74' lang='lat' dir='ltr'>Catalogum,</span> 
     </span>
     <span class='ocr_line' id='line_1_43' title="bbox 34 2307 1793 2358; baseline -0.003 -10"><span class='ocrx_word' id='word_1_532' title='bbox 34 2323 55 2347; x_wconf 87' lang='lat' dir='ltr'>a</span> <span class='ocrx_word' id='word_1_533' title='bbox 73 2311 335 2348; x_wconf 66' lang='lat' dir='ltr'>Wiss‘enbachio</span> <span class='ocrx_word' id='word_1_534' title='bbox 361 2311 612 2358; x_wconf 73' lang='lat' dir='ltr'>compositum,</span> <span class='ocrx_word' id='word_1_535' title='bbox 646 2312 741 2347; x_wconf 88' lang='lat' dir='ltr'>nolui</span> <span class='ocrx_word' id='word_1_536' title='bbox 767 2311 907 2358; x_wconf 85' lang='lat' dir='ltr'>egredi,</span> <span class='ocrx_word' id='word_1_537' title='bbox 941 2310 977 2346; x_wconf 71' lang='grc' dir='ltr'>ἃ</span> <span class='ocrx_word' id='word_1_538' title='bbox 993 2309 1131 2345; x_wconf 85' lang='lat' dir='ltr'>aliunde</span> <span class='ocrx_word' id='word_1_539' title='bbox 1160 2320 1251 2344; x_wconf 86' lang='lat' dir='ltr'>nunc</span> <span class='ocrx_word' id='word_1_540' title='bbox 1268 2310 1480 2345; x_wconf 85' lang='lat' dir='ltr'>emblemata</span> <span class='ocrx_word' id='word_1_541' title='bbox 1496 2307 1684 2350; x_wconf 80' lang='lat' dir='ltr'>arcessere,</span> <span class='ocrx_word' id='word_1_542' title='bbox 1711 2318 1793 2342; x_wconf 86' lang='lat' dir='ltr'>nam</span> 
     </span>
     <span class='ocr_line' id='line_1_44' title="bbox 34 2356 1795 2409; baseline -0.004 -12"><span class='ocrx_word' id='word_1_543' title='bbox 34 2362 113 2397; x_wconf 87' lang='lat' dir='ltr'>satis</span> <span class='ocrx_word' id='word_1_544' title='bbox 138 2363 250 2407; x_wconf 84' lang='lat' dir='ltr'>ampla</span> <span class='ocrx_word' id='word_1_545' title='bbox 279 2362 327 2397; x_wconf 90' lang='lat' dir='ltr'>ibi</span> <span class='ocrx_word' id='word_1_546' title='bbox 350 2362 444 2409; x_wconf 85' lang='lat' dir='ltr'>seges</span> <span class='ocrx_word' id='word_1_547' title='bbox 476 2360 542 2396; x_wconf 87' lang='lat' dir='ltr'>est:</span> <span class='ocrx_word' id='word_1_548' title='bbox 570 2360 664 2396; x_wconf 84' lang='lat' dir='ltr'>omifi</span> <span class='ocrx_word' id='word_1_549' title='bbox 683 2371 816 2401; x_wconf 88' lang='lat' dir='ltr'>autem,</span> <span class='ocrx_word' id='word_1_550' title='bbox 852 2371 926 2406; x_wconf 78' lang='lat' dir='ltr'>quae</span> <span class='ocrx_word' id='word_1_551' title='bbox 950 2359 1060 2406; x_wconf 75' lang='lat' dir='ltr'>ipsum</span> <span class='ocrx_word' id='word_1_552' title='bbox 1079 2358 1380 2403; x_wconf 57' lang='lat' dir='ltr'>WViffenbachium</span> <span class='ocrx_word' id='word_1_553' title='bbox 1397 2358 1573 2394; x_wconf 86' lang='lat' dir='ltr'>habebant</span> <span class='ocrx_word' id='word_1_554' title='bbox 1593 2356 1795 2398; x_wconf 68' lang='lat' dir='ltr'>auctorem,</span> 
     </span>
     <span class='ocr_line' id='line_1_45' title="bbox 35 2404 1793 2458; baseline -0.003 -12"><span class='ocrx_word' id='word_1_555' title='bbox 35 2410 115 2458; x_wconf 81' lang='lat' dir='ltr'>quia</span> <span class='ocrx_word' id='word_1_556' title='bbox 143 2409 215 2446; x_wconf 87' lang='lat' dir='ltr'>fere</span> <span class='ocrx_word' id='word_1_557' title='bbox 231 2410 375 2457; x_wconf 82' lang='lat' dir='ltr'>indigna</span> <span class='ocrx_word' id='word_1_558' title='bbox 394 2419 511 2452; x_wconf 86' lang='lat' dir='ltr'>erant,</span> <span class='ocrx_word' id='word_1_559' title='bbox 538 2421 615 2456; x_wconf 86' lang='lat' dir='ltr'>quae</span> <span class='ocrx_word' id='word_1_560' title='bbox 630 2411 714 2445; x_wconf 88' lang='lat' dir='ltr'>alios</span> <span class='ocrx_word' id='word_1_561' title='bbox 739 2409 916 2444; x_wconf 86' lang='lat' dir='ltr'>habebant</span> <span class='ocrx_word' id='word_1_562' title='bbox 939 2407 1094 2443; x_wconf 67' lang='lat' dir='ltr'>auctores</span> <span class='ocrx_word' id='word_1_563' title='bbox 1112 2435 1123 2451; x_wconf 92' lang='lat'>,</span> <span class='ocrx_word' id='word_1_564' title='bbox 1153 2419 1210 2442; x_wconf 90' lang='lat' dir='ltr'>me</span> <span class='ocrx_word' id='word_1_565' title='bbox 1231 2416 1346 2442; x_wconf 90' lang='lat' dir='ltr'>totum</span> <span class='ocrx_word' id='word_1_566' title='bbox 1363 2415 1601 2453; x_wconf 75' lang='lat' dir='ltr'>occuparunt,</span> <span class='ocrx_word' id='word_1_567' title='bbox 1624 2404 1661 2441; x_wconf 73' lang='grc' dir='ltr'>δε</span> <span class='ocrx_word' id='word_1_568' title='bbox 1680 2416 1722 2440; x_wconf 85' lang='lat' dir='ltr'>ex</span> <span class='ocrx_word' id='word_1_569' title='bbox 1739 2405 1793 2440; x_wconf 86' lang='lat' dir='ltr'>his</span> 
     </span>
     <span class='ocr_line' id='line_1_46' title="bbox 34 2454 1794 2506; baseline -0.003 -12"><span class='ocrx_word' id='word_1_570' title='bbox 34 2458 246 2494; x_wconf 81' lang='lat' dir='ltr'>adversarios</span> <span class='ocrx_word' id='word_1_571' title='bbox 263 2460 347 2495; x_wconf 83' lang='lat' dir='ltr'>mihi</span> <span class='ocrx_word' id='word_1_572' title='bbox 369 2459 471 2504; x_wconf 70' lang='lat' dir='ltr'>selegi</span> <span class='ocrx_word' id='word_1_573' title='bbox 486 2486 494 2500; x_wconf 97' lang='lat'>‚</span> <span class='ocrx_word' id='word_1_574' title='bbox 519 2461 576 2506; x_wconf 82' lang='lat' dir='ltr'>qui</span> <span class='ocrx_word' id='word_1_575' title='bbox 599 2459 770 2495; x_wconf 86' lang='lat' dir='ltr'>hilarioris</span> <span class='ocrx_word' id='word_1_576' title='bbox 791 2457 892 2493; x_wconf 80' lang='lat' dir='ltr'>famae</span> <span class='ocrx_word' id='word_1_577' title='bbox 909 2466 1008 2492; x_wconf 86' lang='lat' dir='ltr'>erant</span> <span class='ocrx_word' id='word_1_578' title='bbox 1028 2482 1037 2500; x_wconf 90' lang='lat'>,</span> <span class='ocrx_word' id='word_1_579' title='bbox 1075 2455 1111 2491; x_wconf 72' lang='grc' dir='ltr'>ἃ</span> <span class='ocrx_word' id='word_1_580' title='bbox 1134 2456 1350 2491; x_wconf 65' lang='grc' dir='ltr'>ευξὶοῐίῑαῐίε</span> <span class='ocrx_word' id='word_1_581' title='bbox 1371 2457 1481 2503; x_wconf 82' lang='lat' dir='ltr'>magis</span> <span class='ocrx_word' id='word_1_582' title='bbox 1501 2454 1709 2491; x_wconf 87' lang='lat' dir='ltr'>constitutae.</span> <span class='ocrx_word' id='word_1_583' title='bbox 1759 2456 1794 2489; x_wconf 89' lang='lat' dir='ltr'>A</span> 
     </span>
     <span class='ocr_line' id='line_1_47' title="bbox 34 2505 1792 2556; baseline -0.003 -12"><span class='ocrx_word' id='word_1_584' title='bbox 34 2507 236 2552; x_wconf 71' lang='lat' dir='ltr'>Pandeffis,</span> <span class='ocrx_word' id='word_1_585' title='bbox 268 2518 389 2556; x_wconf 86' lang='lat' dir='ltr'>utpote</span> <span class='ocrx_word' id='word_1_586' title='bbox 417 2508 633 2555; x_wconf 78' lang='lat' dir='ltr'>dignioribus</span> <span class='ocrx_word' id='word_1_587' title='bbox 650 2535 659 2550; x_wconf 95' lang='lat'><strong>‚</strong></span> <span class='ocrx_word' id='word_1_588' title='bbox 695 2509 750 2543; x_wconf 85' lang='lat' dir='ltr'>hic</span> <span class='ocrx_word' id='word_1_589' title='bbox 773 2518 844 2542; x_wconf 92' lang='lat' dir='ltr'>non</span> <span class='ocrx_word' id='word_1_590' title='bbox 868 2507 974 2542; x_wconf 88' lang='lat' dir='ltr'>abivi.</span> <span class='ocrx_word' id='word_1_591' title='bbox 1027 2506 1230 2551; x_wconf 88' lang='lat' dir='ltr'>Specimina</span> <span class='ocrx_word' id='word_1_592' title='bbox 1258 2514 1376 2540; x_wconf 88' lang='lat' dir='ltr'>autem</span> <span class='ocrx_word' id='word_1_593' title='bbox 1396 2532 1406 2547; x_wconf 88' lang='lat'>,</span> <span class='ocrx_word' id='word_1_594' title='bbox 1432 2516 1508 2552; x_wconf 83' lang='lat' dir='ltr'>q-uae</span> <span class='ocrx_word' id='word_1_595' title='bbox 1527 2505 1699 2547; x_wconf 88' lang='lat' dir='ltr'>habebis,</span> <span class='ocrx_word' id='word_1_596' title='bbox 1720 2514 1792 2538; x_wconf 88' lang='lat' dir='ltr'>non</span> 
     </span>
     <span class='ocr_line' id='line_1_48' title="bbox 36 2553 1799 2606; baseline -0.003 -14"><span class='ocrx_word' id='word_1_597' title='bbox 36 2555 144 2606; x_wconf 87' lang='lat' dir='ltr'>dedi,</span> <span class='ocrx_word' id='word_1_598' title='bbox 177 2570 241 2605; x_wconf 88' lang='lat' dir='ltr'>qua</span> <span class='ocrx_word' id='word_1_599' title='bbox 273 2559 404 2594; x_wconf 82' lang='lat' dir='ltr'>leviora</span> <span class='ocrx_word' id='word_1_600' title='bbox 421 2583 432 2601; x_wconf 89' lang='lat'>,</span> <span class='ocrx_word' id='word_1_601' title='bbox 466 2557 502 2593; x_wconf 72' lang='lat' dir='ltr'>&lt;St</span> <span class='ocrx_word' id='word_1_602' title='bbox 528 2557 572 2592; x_wconf 87' lang='lat' dir='ltr'>ad</span> <span class='ocrx_word' id='word_1_603' title='bbox 596 2569 673 2604; x_wconf 83' lang='lat' dir='ltr'>quae</span> <span class='ocrx_word' id='word_1_604' title='bbox 694 2565 855 2603; x_wconf 87' lang='lat' dir='ltr'>prompta</span> <span class='ocrx_word' id='word_1_605' title='bbox 875 2566 947 2590; x_wconf 88' lang='lat' dir='ltr'>erat</span> <span class='ocrx_word' id='word_1_606' title='bbox 967 2554 1141 2601; x_wconf 86' lang='lat' dir='ltr'>responfio</span> <span class='ocrx_word' id='word_1_607' title='bbox 1160 2555 1203 2590; x_wconf 91' lang='lat' dir='ltr'>ad</span> <span class='ocrx_word' id='word_1_608' title='bbox 1222 2553 1460 2590; x_wconf 87' lang='lat' dir='ltr'>amoliendum</span> <span class='ocrx_word' id='word_1_609' title='bbox 1481 2554 1665 2589; x_wconf 82' lang='lat' dir='ltr'>emblema.</span> <span class='ocrx_word' id='word_1_610' title='bbox 1717 2555 1799 2586; x_wconf 66' lang='lat' dir='ltr'>Imo-</span> 
     </span>
     <span class='ocr_line' id='line_1_49' title="bbox 39 2601 1793 2653; baseline -0.002 -14"><span class='ocrx_word' id='word_1_611' title='bbox 39 2607 198 2652; x_wconf 86' lang='lat' dir='ltr'>graviora</span> <span class='ocrx_word' id='word_1_612' title='bbox 229 2606 270 2642; x_wconf 86' lang='lat' dir='ltr'>ad</span> <span class='ocrx_word' id='word_1_613' title='bbox 298 2618 412 2642; x_wconf 90' lang='lat' dir='ltr'>curam</span> <span class='ocrx_word' id='word_1_614' title='bbox 436 2619 547 2642; x_wconf 89' lang='lat' dir='ltr'>meam</span> <span class='ocrx_word' id='word_1_615' title='bbox 565 2608 739 2653; x_wconf 89' lang='lat' dir='ltr'>pertinere</span> <span class='ocrx_word' id='word_1_616' title='bbox 757 2605 874 2647; x_wconf 90' lang='lat' dir='ltr'>volui,</span> <span class='ocrx_word' id='word_1_617' title='bbox 904 2616 978 2651; x_wconf 82' lang='lat' dir='ltr'>quae</span> <span class='ocrx_word' id='word_1_618' title='bbox 996 2604 1051 2639; x_wconf 89' lang='lat' dir='ltr'>vel</span> <span class='ocrx_word' id='word_1_619' title='bbox 1068 2604 1220 2640; x_wconf 83' lang='lat' dir='ltr'>maxime</span> <span class='ocrx_word' id='word_1_620' title='bbox 1241 2605 1276 2639; x_wconf 89' lang='lat' dir='ltr'>in</span> <span class='ocrx_word' id='word_1_621' title='bbox 1293 2605 1451 2639; x_wconf 89' lang='lat' dir='ltr'>omniurn</span> <span class='ocrx_word' id='word_1_622' title='bbox 1467 2605 1587 2638; x_wconf 88' lang='lat' dir='ltr'>oculos</span> <span class='ocrx_word' id='word_1_623' title='bbox 1603 2601 1641 2638; x_wconf 71' lang='grc' dir='ltr'>δε</span> <span class='ocrx_word' id='word_1_624' title='bbox 1657 2602 1793 2638; x_wconf 84' lang='lat' dir='ltr'>animos</span> 
     </span>
     <span class='ocr_line' id='line_1_50' title="bbox 39 2651 1793 2702; baseline -0.002 -13"><span class='ocrx_word' id='word_1_625' title='bbox 39 2653 243 2691; x_wconf 83' lang='lat' dir='ltr'>videbantur</span> <span class='ocrx_word' id='word_1_626' title='bbox 263 2657 456 2699; x_wconf 87' lang='lat' dir='ltr'>incurrere,</span> <span class='ocrx_word' id='word_1_627' title='bbox 483 2654 520 2691; x_wconf 69' lang='grc' dir='ltr'><strong>ἃ</strong></span> <span class='ocrx_word' id='word_1_628' title='bbox 537 2657 581 2692; x_wconf 88' lang='lat' dir='ltr'>de</span> <span class='ocrx_word' id='word_1_629' title='bbox 597 2657 720 2702; x_wconf 88' lang='lat' dir='ltr'>quibus</span> <span class='ocrx_word' id='word_1_630' title='bbox 746 2655 820 2690; x_wconf 86' lang='lat' dir='ltr'>fere</span> <span class='ocrx_word' id='word_1_631' title='bbox 849 2653 1029 2689; x_wconf 86' lang='lat' dir='ltr'>constabat</span> <span class='ocrx_word' id='word_1_632' title='bbox 1054 2653 1147 2688; x_wconf 91' lang='lat' dir='ltr'>inter</span> <span class='ocrx_word' id='word_1_633' title='bbox 1168 2654 1352 2701; x_wconf 88' lang='lat' dir='ltr'>plerosque</span> <span class='ocrx_word' id='word_1_634' title='bbox 1366 2653 1487 2699; x_wconf 86' lang='lat' dir='ltr'>primae</span> <span class='ocrx_word' id='word_1_635' title='bbox 1509 2652 1720 2698; x_wconf 80' lang='lat' dir='ltr'>dignationis</span> <span class='ocrx_word' id='word_1_636' title='bbox 1736 2651 1793 2686; x_wconf 93' lang='lat' dir='ltr'>In·</span> 
     </span>
     <span class='ocr_line' id='line_1_51' title="bbox 38 2699 1793 2752; baseline -0.002 -15"><span class='ocrx_word' id='word_1_637' title='bbox 38 2706 219 2747; x_wconf 83' lang='lat' dir='ltr'>terpretes.</span> <span class='ocrx_word' id='word_1_638' title='bbox 268 2705 383 2751; x_wconf 84' lang='lat' dir='ltr'>Selegi</span> <span class='ocrx_word' id='word_1_639' title='bbox 402 2709 508 2740; x_wconf 88' lang='lat' dir='ltr'>etiam</span> <span class='ocrx_word' id='word_1_640' title='bbox 530 2717 589 2749; x_wconf 85' lang='lat' dir='ltr'>ea,</span> <span class='ocrx_word' id='word_1_641' title='bbox 616 2716 691 2752; x_wconf 82' lang='lat' dir='ltr'>quae</span> <span class='ocrx_word' id='word_1_642' title='bbox 709 2704 813 2740; x_wconf 88' lang='lat' dir='ltr'>semel</span> <span class='ocrx_word' id='word_1_643' title='bbox 829 2702 982 2739; x_wconf 79' lang='lat' dir='ltr'>refuta-ta</span> <span class='ocrx_word' id='word_1_644' title='bbox 1002 2703 1075 2738; x_wconf 82' lang='lat' dir='ltr'>aliis</span> <span class='ocrx_word' id='word_1_645' title='bbox 1098 2714 1201 2750; x_wconf 87' lang='lat' dir='ltr'>quam</span> <span class='ocrx_word' id='word_1_646' title='bbox 1225 2702 1384 2749; x_wconf 85' lang='lat' dir='ltr'>plurimis</span> <span class='ocrx_word' id='word_1_647' title='bbox 1399 2701 1602 2749; x_wconf 79' lang='lat' dir='ltr'>praejudicio</span> <span class='ocrx_word' id='word_1_648' title='bbox 1622 2699 1690 2735; x_wconf 83' lang='lat' dir='ltr'>effe</span> <span class='ocrx_word' id='word_1_649' title='bbox 1713 2711 1793 2746; x_wconf 88' lang='lat' dir='ltr'>pos-</span> 
     </span>
     <span class='ocr_line' id='line_1_52' title="bbox 41 2748 1794 2801; baseline -0.001 -15"><span class='ocrx_word' id='word_1_650' title='bbox 41 2751 130 2786; x_wconf 88' lang='lat' dir='ltr'>sent:</span> <span class='ocrx_word' id='word_1_651' title='bbox 155 2749 286 2788; x_wconf 83' lang='lat' dir='ltr'>constat</span> <span class='ocrx_word' id='word_1_652' title='bbox 304 2755 416 2801; x_wconf 84' lang='lat' dir='ltr'>enim,</span> <span class='ocrx_word' id='word_1_653' title='bbox 441 2755 588 2799; x_wconf 85' lang='lat' dir='ltr'>plurima</span> <span class='ocrx_word' id='word_1_654' title='bbox 613 2755 840 2795; x_wconf 84' lang='lat' dir='ltr'>emblemata,</span> <span class='ocrx_word' id='word_1_655' title='bbox 874 2762 911 2787; x_wconf 89' lang='lat' dir='ltr'>ut</span> <span class='ocrx_word' id='word_1_656' title='bbox 936 2763 1003 2787; x_wconf 84' lang='lat' dir='ltr'>una</span> <span class='ocrx_word' id='word_1_657' title='bbox 1028 2752 1220 2799; x_wconf 70' lang='lat' dir='ltr'>eademque</span> <span class='ocrx_word' id='word_1_658' title='bbox 1243 2752 1379 2787; x_wconf 88' lang='lat' dir='ltr'>ratione</span> <span class='ocrx_word' id='word_1_659' title='bbox 1397 2751 1637 2790; x_wconf 81' lang='lat' dir='ltr'>adstruuntur,</span> <span class='ocrx_word' id='word_1_660' title='bbox 1664 2748 1709 2782; x_wconf 85' lang='lat' dir='ltr'>sic</span> <span class='ocrx_word' id='word_1_661' title='bbox 1728 2759 1794 2784; x_wconf 86' lang='lat' dir='ltr'>una</span> 
     </span>
     <span class='ocr_line' id='line_1_53' title="bbox 41 2796 1792 2848; baseline -0.002 -14"><span class='ocrx_word' id='word_1_662' title='bbox 41 2800 228 2847; x_wconf 89' lang='lat' dir='ltr'>eademque</span> <span class='ocrx_word' id='word_1_663' title='bbox 252 2802 403 2845; x_wconf 87' lang='lat' dir='ltr'>destrui,</span> <span class='ocrx_word' id='word_1_664' title='bbox 438 2803 474 2840; x_wconf 74' lang='grc' dir='ltr'>δι</span> <span class='ocrx_word' id='word_1_665' title='bbox 496 2803 585 2848; x_wconf 83' lang='lat' dir='ltr'>saepe</span> <span class='ocrx_word' id='word_1_666' title='bbox 613 2804 664 2839; x_wconf 87' lang='lat' dir='ltr'>bis</span> <span class='ocrx_word' id='word_1_667' title='bbox 684 2804 777 2838; x_wconf 88' lang='lat' dir='ltr'>idem</span> <span class='ocrx_word' id='word_1_668' title='bbox 801 2801 988 2838; x_wconf 87' lang='lat' dir='ltr'>dic-endum</span> <span class='ocrx_word' id='word_1_669' title='bbox 1014 2800 1083 2836; x_wconf 82' lang='lat' dir='ltr'>effe</span> <span class='ocrx_word' id='word_1_670' title='bbox 1105 2826 1115 2844; x_wconf 87' lang='lat'>,</span> <span class='ocrx_word' id='word_1_671' title='bbox 1148 2801 1171 2836; x_wconf 85' lang='lat' dir='ltr'>fi</span> <span class='ocrx_word' id='word_1_672' title='bbox 1191 2802 1234 2836; x_wconf 90' lang='lat' dir='ltr'>de</span> <span class='ocrx_word' id='word_1_673' title='bbox 1257 2800 1398 2839; x_wconf 63' lang='lat' dir='ltr'>fingulis</span> <span class='ocrx_word' id='word_1_674' title='bbox 1424 2810 1541 2835; x_wconf 80' lang='lat' dir='ltr'>eamus</span> <span class='ocrx_word' id='word_1_675' title='bbox 1565 2799 1600 2832; x_wconf 90' lang='lat' dir='ltr'>in</span> <span class='ocrx_word' id='word_1_676' title='bbox 1618 2796 1792 2844; x_wconf 80' lang='lat' dir='ltr'>suffragia.</span> 
     </span>
     <span class='ocr_line' id='line_1_54' title="bbox 40 2844 1793 2899; baseline -0.001 -17"><span class='ocrx_word' id='word_1_677' title='bbox 40 2848 254 2894; x_wconf 83' lang='lat' dir='ltr'>specimina,</span> <span class='ocrx_word' id='word_1_678' title='bbox 279 2862 352 2898; x_wconf 86' lang='lat' dir='ltr'>quae</span> <span class='ocrx_word' id='word_1_679' title='bbox 377 2853 432 2888; x_wconf 87' lang='lat' dir='ltr'>hic</span> <span class='ocrx_word' id='word_1_680' title='bbox 455 2854 624 2895; x_wconf 78' lang='lat' dir='ltr'>exhibeo,</span> <span class='ocrx_word' id='word_1_681' title='bbox 651 2854 845 2899; x_wconf 86' lang='lat' dir='ltr'>implebunt</span> <span class='ocrx_word' id='word_1_682' title='bbox 862 2851 991 2897; x_wconf 89' lang='lat' dir='ltr'>aliquot</span> <span class='ocrx_word' id='word_1_683' title='bbox 1009 2850 1133 2895; x_wconf 84' lang='lat' dir='ltr'>Capita</span> <span class='ocrx_word' id='word_1_684' title='bbox 1168 2851 1264 2885; x_wconf 81' lang='lat' dir='ltr'>Libri</span> <span class='ocrx_word' id='word_1_685' title='bbox 1290 2850 1373 2884; x_wconf 85' lang='lat' dir='ltr'>V11.</span> <span class='ocrx_word' id='word_1_686' title='bbox 1402 2845 1442 2888; x_wconf 70' lang='lat'>&amp;⁹</span> <span class='ocrx_word' id='word_1_687' title='bbox 1469 2847 1570 2881; x_wconf 76' lang='lat' dir='ltr'>Vnt.</span> <span class='ocrx_word' id='word_1_688' title='bbox 1596 2844 1633 2880; x_wconf 70' lang='grc' dir='ltr'><strong>ἃ</strong></span> <span class='ocrx_word' id='word_1_689' title='bbox 1658 2844 1704 2881; x_wconf 85' lang='lat' dir='ltr'>fic</span> <span class='ocrx_word' id='word_1_690' title='bbox 1724 2872 1734 2888; x_wconf 93' lang='lat'>‚</span> <span class='ocrx_word' id='word_1_691' title='bbox 1767 2845 1793 2881; x_wconf 84' lang='lat' dir='ltr'><strong>fi</strong></span> 
     </span>
    </p>
   </div>
   <div class='ocr_carea' id='block_1_6' title="bbox 38 2895 1794 2991">
    <p class='ocr_par' dir='ltr' id='par_1_6' title="bbox 38 2895 1794 2991">
     <span class='ocr_line' id='line_1_55' title="bbox 41 2895 1794 2981; baseline -0.002 -47"><span class='ocrx_word' id='word_1_692' title='bbox 41 2897 170 2980; x_wconf 56' lang='lat' dir='ltr'>nogrin</span> <span class='ocrx_word' id='word_1_693' title='bbox 192 2906 323 2981; x_wconf 44' lang='lat' dir='ltr'>teritum,</span> <span class='ocrx_word' id='word_1_694' title='bbox 357 2911 400 2937; x_wconf 80' lang='lat' dir='ltr'>ex</span> <span class='ocrx_word' id='word_1_695' title='bbox 421 2913 518 2949; x_wconf 89' lang='lat' dir='ltr'>parte</span> <span class='ocrx_word' id='word_1_696' title='bbox 542 2903 661 2938; x_wconf 78' lang='lat' dir='ltr'>saltem</span> <span class='ocrx_word' id='word_1_697' title='bbox 685 2900 829 2938; x_wconf 81' lang='lat' dir='ltr'>exsolvo</span> <span class='ocrx_word' id='word_1_698' title='bbox 844 2899 971 2944; x_wconf 89' lang='lat' dir='ltr'>fidem,</span> <span class='ocrx_word' id='word_1_699' title='bbox 999 2911 1101 2946; x_wconf 84' lang='lat' dir='ltr'>quam</span> <span class='ocrx_word' id='word_1_700' title='bbox 1127 2908 1208 2935; x_wconf 89' lang='lat' dir='ltr'>ante</span> <span class='ocrx_word' id='word_1_701' title='bbox 1233 2898 1399 2945; x_wconf 86' lang='lat' dir='ltr'>plurimos</span> <span class='ocrx_word' id='word_1_702' title='bbox 1425 2907 1534 2931; x_wconf 89' lang='lat' dir='ltr'>annos</span> <span class='ocrx_word' id='word_1_703' title='bbox 1561 2895 1708 2931; x_wconf 87' lang='lat' dir='ltr'>memini</span> <span class='ocrx_word' id='word_1_704' title='bbox 1736 2907 1794 2931; x_wconf 83' lang='lat' dir='ltr'>me</span> 
     </span>
     <span class='ocr_line' id='line_1_56' title="bbox 38 2957 295 2991; baseline 0.012 -11"><span class='ocrx_word' id='word_1_705' title='bbox 38 2957 86 2991; x_wconf 89' lang='lat' dir='ltr'>pu</span> <span class='ocrx_word' id='word_1_706' title='bbox 124 2957 179 2981; x_wconf 76' lang='lat' dir='ltr'>ico</span> <span class='ocrx_word' id='word_1_707' title='bbox 227 2957 295 2983; x_wconf 90' lang='lat' dir='ltr'>are.</span> 
     </span>
    </p>
   </div>
   <div class='ocr_carea' id='block_1_7' title="bbox 37 3037 1799 3275">
    <p class='ocr_par' dir='ltr' id='par_1_7' title="bbox 37 3037 1796 3243">
     <span class='ocr_line' id='line_1_57' title="bbox 90 3037 1794 3097; baseline -0.004 -11"><span class='ocrx_word' id='word_1_708' title='bbox 90 3042 210 3097; x_wconf 73' lang='lat' dir='ltr'>Nolim</span> <span class='ocrx_word' id='word_1_709' title='bbox 235 3052 349 3081; x_wconf 84' lang='lat' dir='ltr'>tamen</span> <span class='ocrx_word' id='word_1_710' title='bbox 374 3044 551 3096; x_wconf 76' lang='lat' dir='ltr'>quisquam</span> <span class='ocrx_word' id='word_1_711' title='bbox 572 3042 748 3085; x_wconf 82' lang='lat' dir='ltr'>existimet</span> <span class='ocrx_word' id='word_1_712' title='bbox 765 3077 775 3092; x_wconf 94' lang='lat'>‚</span> <span class='ocrx_word' id='word_1_713' title='bbox 807 3058 913 3096; x_wconf 80' lang='lat' dir='ltr'>atque</span> <span class='ocrx_word' id='word_1_714' title='bbox 942 3041 966 3082; x_wconf 75' lang='lat' dir='ltr'>si</span> <span class='ocrx_word' id='word_1_715' title='bbox 987 3043 1179 3080; x_wconf 87' lang='lat' dir='ltr'>defendere</span> <span class='ocrx_word' id='word_1_716' title='bbox 1202 3037 1459 3085; x_wconf 78' lang='lat' dir='ltr'>constituerim,</span> <span class='ocrx_word' id='word_1_717' title='bbox 1485 3043 1518 3078; x_wconf 91' lang='lat' dir='ltr'>in</span> <span class='ocrx_word' id='word_1_718' title='bbox 1535 3042 1717 3090; x_wconf 68' lang='lat' dir='ltr'>Pandeffls</span> <span class='ocrx_word' id='word_1_719' title='bbox 1735 3043 1794 3079; x_wconf 87' lang='lat' dir='ltr'>vel·</span> 
     </span>
     <span class='ocr_line' id='line_1_58' title="bbox 39 3092 1793 3147; baseline 0.001 -21"><span class='ocrx_word' id='word_1_720' title='bbox 39 3092 169 3127; x_wconf 80' lang='lat' dir='ltr'>Codice</span> <span class='ocrx_word' id='word_1_721' title='bbox 185 3093 312 3147; x_wconf 78' lang='lat' dir='ltr'>pullam</span> <span class='ocrx_word' id='word_1_722' title='bbox 327 3097 467 3132; x_wconf 85' lang='lat' dir='ltr'>omnino</span> <span class='ocrx_word' id='word_1_723' title='bbox 482 3096 548 3133; x_wconf 82' lang='lat' dir='ltr'>effe</span> <span class='ocrx_word' id='word_1_724' title='bbox 565 3100 718 3146; x_wconf 78' lang='lat' dir='ltr'>Legem,</span> <span class='ocrx_word' id='word_1_725' title='bbox 745 3110 821 3145; x_wconf 85' lang='lat' dir='ltr'>quae</span> <span class='ocrx_word' id='word_1_726' title='bbox 840 3094 1053 3133; x_wconf 78' lang='lat' dir='ltr'>&#39;l&#39;riboniani</span> <span class='ocrx_word' id='word_1_727' title='bbox 1070 3105 1209 3129; x_wconf 89' lang='lat' dir='ltr'>manum</span> <span class='ocrx_word' id='word_1_728' title='bbox 1227 3093 1398 3128; x_wconf 87' lang='lat' dir='ltr'>redoleat.</span> <span class='ocrx_word' id='word_1_729' title='bbox 1450 3093 1533 3128; x_wconf 90' lang='lat' dir='ltr'>Non</span> <span class='ocrx_word' id='word_1_730' title='bbox 1551 3092 1601 3126; x_wconf 88' lang='lat' dir='ltr'>ita</span> <span class='ocrx_word' id='word_1_731' title='bbox 1629 3092 1793 3128; x_wconf 86' lang='lat' dir='ltr'>Suffenus</span> 
     </span>
     <span class='ocr_line' id='line_1_59' title="bbox 38 3139 1794 3195; baseline 0.001 -20"><span class='ocrx_word' id='word_1_732' title='bbox 38 3139 133 3195; x_wconf 81' lang='lat' dir='ltr'>sum,</span> <span class='ocrx_word' id='word_1_733' title='bbox 159 3141 219 3177; x_wconf 84' lang='lat' dir='ltr'>mfi</span> <span class='ocrx_word' id='word_1_734' title='bbox 237 3144 341 3178; x_wconf 86' lang='lat' dir='ltr'>velim</span> <span class='ocrx_word' id='word_1_735' title='bbox 361 3144 397 3180; x_wconf 89' lang='lat' dir='ltr'>in</span> <span class='ocrx_word' id='word_1_736' title='bbox 419 3157 455 3180; x_wconf 93' lang='lat' dir='ltr'>os</span> <span class='ocrx_word' id='word_1_737' title='bbox 475 3147 712 3182; x_wconf 87' lang='lat' dir='ltr'>contradicere</span> <span class='ocrx_word' id='word_1_738' title='bbox 739 3148 800 3194; x_wconf 82' lang='lat' dir='ltr'>ipsi</span> <span class='ocrx_word' id='word_1_739' title='bbox 819 3147 1033 3195; x_wconf 82' lang='lat' dir='ltr'>JustinianO,</span> <span class='ocrx_word' id='word_1_740' title='bbox 1072 3145 1184 3188; x_wconf 85' lang='lat' dir='ltr'>palam</span> <span class='ocrx_word' id='word_1_741' title='bbox 1207 3141 1403 3177; x_wconf 85' lang='lat' dir='ltr'>adfirmanti</span> <span class='ocrx_word' id='word_1_742' title='bbox 1428 3141 1469 3177; x_wconf 88' lang='lat' dir='ltr'>iis</span> <span class='ocrx_word' id='word_1_743' title='bbox 1488 3140 1794 3188; x_wconf 76' lang='lat' dir='ltr'>constitutionibus,</span> 
     </span>
     <span class='ocr_line' id='line_1_60' title="bbox 37 3188 1796 3243; baseline 0 -17"><span class='ocrx_word' id='word_1_744' title='bbox 37 3191 160 3236; x_wconf 78' lang='lat' dir='ltr'>quibus</span> <span class='ocrx_word' id='word_1_745' title='bbox 182 3191 358 3230; x_wconf 68' lang='lat' dir='ltr'>Pandeaas</span> <span class='ocrx_word' id='word_1_746' title='bbox 379 3192 417 3229; x_wconf 76' lang='grc' dir='ltr'>δι</span> <span class='ocrx_word' id='word_1_747' title='bbox 441 3203 618 3243; x_wconf 81' lang='lat' dir='ltr'>utrumque</span> <span class='ocrx_word' id='word_1_748' title='bbox 646 3196 788 3234; x_wconf 79' lang='lat' dir='ltr'>Codicem</span> <span class='ocrx_word' id='word_1_749' title='bbox 819 3192 1071 3233; x_wconf 82' lang='lat' dir='ltr'>confirmavit,</span> <span class='ocrx_word' id='word_1_750' title='bbox 1103 3191 1172 3227; x_wconf 79' lang='lat' dir='ltr'>effe</span> <span class='ocrx_word' id='word_1_751' title='bbox 1200 3191 1358 3239; x_wconf 76' lang='lat' dir='ltr'>quaedam</span> <span class='ocrx_word' id='word_1_752' title='bbox 1382 3190 1523 3235; x_wconf 85' lang='lat' dir='ltr'>addita,</span> <span class='ocrx_word' id='word_1_753' title='bbox 1549 3190 1705 3227; x_wconf 65' lang='lat' dir='ltr'>detracta</span> <span class='ocrx_word' id='word_1_754' title='bbox 1723 3217 1732 3232; x_wconf 90' lang='lat'><em>‚</em></span> <span class='ocrx_word' id='word_1_755' title='bbox 1758 3188 1796 3225; x_wconf 72' lang='grc' dir='ltr'>δε</span> 
     </span>
    </p>

    <p class='ocr_par' dir='ltr' id='par_1_8' title="bbox 1053 3241 1799 3275">
     <span class='ocr_line' id='line_1_61' title="bbox 1053 3241 1799 3275; baseline -0.001 0"><span class='ocrx_word' id='word_1_756' title='bbox 1053 3241 1076 3275; x_wconf 80' lang='grc' dir='ltr'>ὃ</span> <span class='ocrx_word' id='word_1_757' title='bbox 1104 3250 1125 3274; x_wconf 80' lang='lat'>2</span> <span class='ocrx_word' id='word_1_758' title='bbox 1725 3248 1799 3274; x_wconf 79' lang='lat' dir='ltr'>mu-</span> 
     </span>
    </p>
   </div>
  </div>
 </body>
</html>
