2008 3436
427 98 824 138 CORNELII
898 108 1006 138 vAN

180 179 353 222 quaestione
369 179 497 220 inutili,
509 191 581 215 cum
597 191 690 214 nemo
706 181 790 213 1·e6te
807 181 965 223 praedetur
979 180 1041 213 fine

178 222 338 254 codicillis
364 222 559 263 praedatoriis
586 223 740 256 Ordinum
763 222 965 255 Generalium
989 222 1041 253 vel

177 262 325 295 Praefeffi
348 264 458 302 maris,
492 265 521 297 ἀ
545 273 666 297 tantum
689 264 785 303 absit,
807 273 861 303 ut,
883 265 933 306 qui
954 263 1040 295 secus

178 304 316 343 fecerit,
337 305 473 346 praedam
488 304 586 337 faciat
605 304 707 343 suam,
733 313 768 336 ut
789 307 895 346 potius
918 315 977 346 pro
997 305 1040 346 pi-

180 352 247 377 rata
267 345 304 378 fit
330 345 487 378 habendus
503 371 511 385 ,
537 346 706 379 secundum
723 355 778 385 ea,
812 356 880 388 quae
904 346 1039 387 disputa-

181 388 253 418 bam
274 387 304 418 C.
324 387 446 419 XVIII.
478 389 510 420 Si
527 387 569 419 sic
585 395 693 428 putes,
723 396 815 419 erras.
862 387 921 420 Per
938 387 1040 428 priva—

182 435 234 460 tos
258 427 342 460 aetus
369 430 465 460 etiam
494 428 625 470 privatis
655 428 792 469 praedam
816 429 935 470 quaeri,
958 428 1042 458 recte

182 469 266 501 dixit
296 468 430 501 Grotius
453 470 494 501 L.
518 469 575 501 III.
597 470 631 499 de
659 468 736 509 Jure
765 469 800 501 B.
827 469 863 505 ὅ)
888 469 925 501 P.
954 470 986 500 C.
1009 471 1041 499 6.

185 509 213 552 §.
242 520 288 542 10.
320 520 412 552 atque
438 511 481 542 ita
503 510 581 542 nulli
601 510 794 549 dubitamus,
826 510 898 551 quin
922 509 1041 551 praeda,

183 550 255 584 casu
272 551 366 583 obvia
378 574 388 590 ,
412 552 441 582 ὃ(
462 561 478 582 a
495 551 623 591 privatis
640 559 749 590 capta,
772 551 826 582 fiat
841 551 1041 591 capientium.

184 592 412 625 Contradicere
428 593 565 623 creditur
582 591 762 623 Pufendorf
782 594 814 623 de
835 592 912 633 Jure
938 592 982 624 Ν.
1009 590 1045 626 δ”

188 634 228 665 G.
254 634 294 665 L.
321 633 406 665 VIII.
435 633 467 664 C.
488 636 518 664 6.
543 631 569 673 §.
596 642 645 664 21.
671 632 721 664 sed
745 643 809 664 non
830 632 1043 671 contradicit,

183 675 248 747 ῗῑῗξ
266 673 637 747 Εῗέἓέἰὲίῗῗέέἕὲυξῗθ
655 673 840 746 ἰὲῗῖἰὲ“ἶὲῗ
854 673 1045 747 1)Ἓέκέιῖῗῆ

187 757 225 788 ab
250 725 339 787 hlgste
361 764 562 796 premuntur,
588 739 639 797 ipsi
667 755 785 787 hostem
805 726 969 798 p‘rssniiini,
995 755 1046 787 vel

187 798 227 828 de
246 797 314 835 his,
339 798 392 838 qui
409 796 481 828 casu
498 798 528 828 in
551 797 686 838 praedam
710 797 872 835 incidunt3
898 808 968 839 quae
984 797 1048 838 spe-

189 838 254 871 cies
271 837 357 877 sunt,
382 847 456 878 quas
480 838 532 869 hic
558 838 667 869 crafto.
713 837 748 869 In
764 839 913 871 alterutra
945 838 1049 880 specie

187 878 210 911 fi
231 888 343 921 neges,
365 889 413 911 res
438 878 565 911 hostiles
589 888 741 920 occupare
764 879 862 912 licere
877 903 889 920 ,
923 880 1050 921 negabis

174 112 246 148 230

776 986 1045 1024 CAPU

1079 84 1683 140 BYNKERSHOEK

1083 188 1209 220 quoque
1222 188 1294 212 eum
1314 178 1446 220 spoliare
1464 182 1580 222 licere,
1604 183 1656 224 qui
1676 190 1707 214 te
1723 184 1860 226 alioquin
1871 185 1936 229 spo-

1083 222 1212 267 liaturus
1236 220 1282 267 est
1300 244 1309 259 ,
1343 221 1418 261 quin
1442 223 1472 255 &
1493 224 1620 266 negabis
1656 224 1864 258 defensionem
1893 228 1936 261 sui

1083 261 1192 304 ipsius,
1217 272 1285 303 quia
1317 261 1384 294 haec
1417 265 1570 303 permittit
1586 289 1594 304 ,
1632 274 1667 297 ut
1694 265 1723 297 ὅ(
1745 276 1937 309 quaecunque

1083 303 1160 334 belli
1190 303 1374 335 indiffiones
1400 305 1610 346 permittunt,
1649 305 1729 338 hosti
1752 317 1937 350 quocunque

1083 344 1179 376 modo
1193 354 1325 382 nocere,
1348 344 1409 375 hoc
1426 344 1470 376 est
1482 369 1491 384 ‚
1516 355 1580 378 non
1599 355 1720 379 tantum
1733 356 1873 381 avertere
1886 360 1937 393 pe-

1068 385 1238 424 riculum,
1268 385 1350 427 quod
1376 385 1433 417 tibi
1457 387 1494 418 ab
1525 386 1614 420 hoste
1640 389 1800 424 imminet.
1832 389 1881 422 sed
1907 392 1938 424 δί

1084 436 1154 472 eum
1183 426 1371 472 depraedari,
1397 428 1426 459 ἃ
1449 427 1539 460 bonis
1562 430 1706 462 omnibus
1729 439 1850 463 exuere.
1896 432 1938 464 A·

1085 467 1150 499 hud
1167 467 1330 513 dicendum
1346 466 1391 499 est
1409 469 1448 500 de
1465 469 1503 501 iis
1514 492 1522 507 ,
1546 472 1599 511 qui
1618 470 1680 503 sine
1695 472 1849 505 codicillis
1860 497 1868 512 ‚
1880 483 1939 506 nec

1086 507 1253 554 praestitis,
1278 518 1348 549 quae
1371 518 1442 540 ante
1464 511 1634 551 praestanda
1658 512 1748 552 sunt,
1771 514 1940 554 praedatum

1086 558 1250 590 enawgant
1260 572 1271 588 ,
1293 550 1376 590 quod
1392 550 1487 592 ipsum
1504 554 1671 594 prohibent
1686 555 1771 585 varia
1787 554 1941 588 Ordinum

1087 589 1286 637 Gener-alium
1306 591 1426 637 Euitta.
1470 592 1511 625 At
1527 595 1595 636 quis
1608 594 1825 627 auetoritatem
1847 595 1943 638 publi-

1087 641 1154 663 cam
1173 631 1372 670 desiderabit,
1383 632 1434 664 ubi
1452 633 1545 666 solius
1562 645 1744 667 mercaturae
1760 646 1837 678 ergo
1855 637 1941 669 navi-

1087 682 1179 718 gans,
1212 672 1333 705 hostem
1356 673 1486 706 obvium
1510 677 1647 716 repello,
1680 678 1730 716 &‚
1761 677 1781 710 fi
1802 677 1945 719 possum,

1088 713 1211 745 vinco?
1234 713 1413 747 Sei-undum
1431 715 1498 746 haec
1515 716 1536 748 fi
1552 716 1702 748 Grotium
1719 719 1749 750 ἃ
1775 718 1946 752 Pufcnaor-

1089 754 1165 787 fium
1190 755 1395 796 explicassent
1415 780 1424 795 ‚
1464 757 1501 788 ab
1524 759 1683 800 utriusque
1714 760 1947 800 reprehensione

1091 795 1263 870 potgissent
1287 796 1462 837 abstinere,
1483 799 1539 839 qui
1566 808 1649 832 nunc
1667 807 1830 842 utrumque
1844 810 1946 842 repre-

1099 847 1152 870 ien
1175 846 1214 870 un
1233 862 1240 870 .

1094 988 1131 1024 T
1228 989 1375 1026 XXI.

738 1074 792 1111 An
824 1086 874 1111 res
909 1073 1041 1123 hostium
1075 1077 1170 1112 liceat
1204 1076 1407 1124 affirmare?

219 1182 257 1208 ,n
280 1172 397 1215 Regnis
414 1172 444 1205 &
460 1171 565 1205 Rebus
580 1171 737 1214 publicis,
762 1182 831 1215 quae
856 1173 1054 1205 commerciis

251 1214 432 1246 exercendis
457 1213 600 1250 student,
633 1215 797 1247 contractu
823 1212 1056 1246 assecurationis

191 1257 298 1290 nullus
323 1255 418 1286 hodie
441 1254 485 1286 est
501 1255 716 1297 frequentior,
740 1263 872 1298 excepta
895 1256 1056 1297 emptione

192 1297 379 1329 venditione
396 1318 407 1334 ,
442 1297 601 1328 locatione
633 1297 853 1328 condue'tione.
898 1296 987 1328 Adeo
1011 1304 1055 1327 ta-

192 1348 264 1372 men
286 1338 337 1370 ille
353 1337 530 1368 contractus
545 1338 622 1368 olim
640 1336 704 1368 fuit
724 1337 921 1377 incognitus,
946 1345 980 1368 ut
996 1346 1056 1368 nec

194 1389 311 1414 nomen
329 1378 414 1417 ejus,
436 1386 494 1408 nec
511 1386 575 1408 rem
591 1376 685 1418 ipsam
703 1378 734 1409 in
751 1378 824 1417 Jure
842 1378 986 1410 Romano
1003 1378 1056 1409 de-

193 1418 382 1463 prehendas;
414 1427 478 1449 non
511 1418 572 1449 alia
602 1418 690 1450 forte
716 1418 831 1457 causa,
858 1428 952 1460 quam
973 1418 1058 1460 quod

193 1459 384 1494 commercia
409 1466 472 1490 tam
502 1459 563 1491 late
599 1469 662 1492 non
688 1459 941 1501 frequetarentur
959 1484 968 1499 ,
1007 1460 1060 1492 vel

193 1501 277 1543 quod
294 1500 429 1542 publica:
445 1499 560 1532 Classes
575 1502 708 1533 marium
727 1500 925 1533 securitatem
942 1511 958 1532 a
981 1511 1057 1543 prze-

193 1542 329 1575 donibus
343 1540 524 1582 praestarent
534 1564 544 1580 ,
562 1542 614 1573 vel
630 1542 715 1584 quod
729 1542 913 1584 magnitudo
934 1541 1060 1583 Imperii

195 1583 331 1616 Romani
350 1582 496 1614 universo
519 1583 615 1621 mari,
640 1586 671 1615 in
688 1593 751 1625 quo
769 1583 960 1625 potissimum
979 1592 1058 1614 mer-

193 1634 301 1657 catura
323 1624 551 1663 exercebatur,
573 1624 772 1664 circumfusi,
785 1624 921 1656 hostium
940 1632 1060 1657 metum

195 1666 380 1709 expelleret.
426 1664 454 1697 A
477 1664 585 1697 furore
610 1666 706 1698 etiam
731 1666 826 1698 maris
847 1675 911 1697 non
938 1673 1061 1697 tantum

195 1709 295 1746 olim,
319 1714 412 1748 atque
429 1707 522 1738 hodie
546 1707 723 1748 periculum
749 1715 833 1738 erat:
864 1716 963 1748 neque
979 1707 1063 1738 enim

195 1758 281 1782 nunc
305 1749 394 1780 littus
421 1748 572 1790 legimus,
606 1756 660 1780 aut
683 1758 738 1790 per
761 1748 906 1790 hyemem
931 1748 1063 1779 navibus

195 1790 329 1824 facimus
343 1791 464 1828 otium,
489 1789 540 1821 sed
553 1790 654 1822 media
671 1790 767 1821 maria
778 1789 1000 1830 ,quantumvis
1018 1789 1062 1820 in-

196 1832 276 1871 fida,
302 1840 415 1872 quovis
431 1838 573 1871 tempore
597 1830 712 1863 nostrae
736 1840 855 1872 puppes
873 1830 1062 1868 decurrunt,

197 1874 374 1911 incertum,
409 1882 472 1914 quo
500 1872 567 1904 sata
593 1871 707 1904 ferant.
761 1871 854 1912 Apud
877 1872 1063 1904 Suetonium

197 1923 302 1948 tamen
328 1914 399 1954 lego
422 1914 453 1945 in
475 1913 518 1946 D.
540 1914 659 1945 Claudio
688 1914 719 1946 C.
752 1918 799 1948 18.
825 1922 896 1944 eum
922 1920 1064 1954 tempore

197 1955 338 1988 arctioris
352 1964 484 1987 annonae
495 1977 507 1993 ,
528 1955 680 1987 convitiis
701 1955 731 1987 δε
747 1954 835 1996 panis
855 1953 1064 1996 fragminibus

198 1998 355 2039 petitum,
378 2005 442 2028 non
468 2003 589 2028 tantum
609 2006 722 2035 naves,
746 2003 931 2027 mercaturae
953 1994 1063 2033 causa,

198 2038 428 2071 fabricantibus
458 2046 568 2078 magna
597 2038 765 2069 commoda
786 2036 902 2068 dedisse
918 2059 928 2075 ,
961 2035 1011 2068 sed
1035 2036 1065 2067 &

199 2079 451 2120 negotiatoribus
475 2078 616 2119 quaedam
636 2079 721 2111 lucra
742 2077 954 2120 proposuisse,
969 2077 1008 2118 su
1021 2087 1064 2107 ce-

196 2127 249 2163 pw
267 2119 310 2150 z'n‘
310 2118 344 2160 se
367 2120 489 2157 damno,
514 2118 542 2157 fi
566 2121 613 2150 cm·
650 2121 699 2150 uid
714 2126 768 2160 per
789 2116 967 2159 tempestates
987 2119 1064 2149 acci-

200 2161 293 2203 diffet.
317 2159 362 2191 Ea
380 2168 448 2190 erat
462 2159 580 2201 species
596 2169 612 2191 a
639 2160 849 2198 ecurationis,
866 2169 961 2201 quum
979 2159 1065 2198 haec,

198 2211 234 2236 ut
251 2201 343 2233 hodie
359 2200 577 2241 frequentatur
588 2222 599 2239 ,
622 2201 703 2233 nihil
720 2200 803 2233 aliud
818 2200 874 2239 sit,
899 2210 989 2241 quam
1008 2210 1066 2242 pro

200 2253 304 2279 rerum
324 2242 494 2274 alienarum
520 2241 685 2274 securitate
712 2243 784 2275 fidei
812 2240 875 2273 suae
904 2241 1065 2283 interposi-

200 2286 264 2324 tio,
316 2293 352 2315 ua
365 2305 376 2321 ,
398 2282 515 2315 sublata
528 2283 648 2315 domini
663 2283 794 2324 persona
801 2292 925 2322 ,earum
941 2283 1063 2324 pericu·

200 2328 269 2360 lum
293 2293 450 2365 fldeJuffor
473 2323 601 2365 suscipit
623 2334 681 2365 pro
705 2334 794 2358 certo
813 2324 925 2365 pretio.
972 2323 1064 2356 Clau-

200 2368 270 2399 dius
287 2376 352 2398 non
369 2375 459 2397 certo
475 2368 580 2405 pretio
592 2389 601 2405 ,
626 2365 679 2398 sed
699 2367 793 2408 gratis
811 2366 844 2397 in
861 2364 892 2397 se
918 2364 1063 2405 suscipie-

200 2409 255 2441 bat
272 2407 447 2449 periculum
461 2407 571 2446 maris,
582 2416 684 2449 neque
699 2408 793 2440 etiam
808 2406 972 2445 damnum,
982 2405 1066 2448 quod

201 2459 257 2492 per
272 2449 386 2490 piratas
405 2447 586 2487 accidisset,
614 2447 819 2489 suscipiebat,
843 2448 874 2479 &
898 2448 972 2480 hinc
1001 2446 1067 2486 est,

201 2491 286 2532 quod
302 2491 386 2528 dixi,
401 2488 529 2530 speciem
547 2489 782 2522 assecurationis
797 2488 900 2522 fuisse.

246 2531 407 2568 Praemifi,
430 2531 691 2570 quemadmodum
717 2531 904 2563 assecuratio
927 2531 966 2564 sit
990 2530 1064 2563 defi-

202 2572 316 2605 nienda
326 2594 336 2609 ,
351 2579 385 2602 ut
399 2572 451 2602 vel
468 2581 509 2602 ex
525 2572 708 2604 definitione
725 2571 901 2611 constaret,
914 2573 1067 2604 rationem

205 2614 284 2646 belli
302 2612 387 2644 omni
404 2612 500 2642 modo
517 2613 660 2652 exigere,
685 2622 725 2644 ne
741 2623 857 2651 naves,
879 2623 918 2645 ne
935 2623 1066 2654 merces,

204 2664 244 2688 ne
258 2654 318 2686 alia
335 2651 468 2684 hostium
482 2652 564 2684 bona
583 2653 676 2683 liceat
692 2653 872 2686 assecurare.
918 2654 1068 2687 Hostium

203 2695 381 2739 periculum
407 2693 437 2724 in
463 2691 494 2724 se
517 2692 673 2733 suscipere
689 2694 763 2733 quid
788 2693 834 2725 est
847 2695 951 2734 aliud,
976 2705 1068 2736 quam

204 2746 315 2769 eorum
332 2734 522 2766 commercia
535 2734 691 2766 maritima
704 2735 918 2775 promovere?
940 2737 1069 2767 inventa

205 2779 290 2811 enim
308 2776 377 2809 sunt
395 2775 448 2806 illa
465 2775 652 2807 domata-ua&
664 2797 674 2813 ‚
698 2782 732 2807 ut
748 2775 862 2806 minori
881 2776 994 2808 damno
1008 2787 1067 2808 ma—

206 2820 254 2862 gis
271 2817 473 2849 commodum
495 2817 571 2848 esset
589 2825 717 2858 operam
736 2816 809 2847 dare
828 2816 873 2847 rei
889 2817 1065 2850 maritimae.

206 2861 300 2893 Unde
317 2861 345 2891 ἅ
363 2858 498 2890 Ordines
513 2856 704 2896 GeneraIes,
726 2866 821 2898 quum
840 2865 911 2888 cum
921 2856 1067 2890 Hisianis

206 2902 325 2933 bellum
349 2899 449 2938 esset,
486 2907 513 2931 1.
546 2899 620 2941 Apr.
660 2902 748 2930 1622.
781 2897 947 2929 edixerunt
1005 2900 1066 2940 1),

205 2943 302 2974 nullae
316 2940 413 2972 essent
431 2939 688 2980 assecurationes,
702 2949 777 2981 quas
792 2938 946 2970 Foederati
966 2939 1066 2981 Belgii

206 2984 320 3015 ineolae
338 2983 388 3013 vel
405 2989 495 3014 antea
512 2980 679 3021 fecissent,
702 2981 754 3014 vel
769 2979 875 3023 postea
891 2979 1002 3014 facturi
1021 2990 1066 3013 es-

247 3104 303 3140 (1)
323 3107 399 3136 Ptac.
423 3108 445 3136 1.
468 3115 494 3136 2.
518 3114 542 3142 7.
565 3115 592 3135 2.
614 3115 627 3137 1
667 3107 692 3138 ἀ
712 3108 815 3146 Repert.
838 3107 924 3139 Curia
946 3106 1020 3140 Han.
1039 3114 1068 3146 p-

210 3150 273 3178 173.
289 3143 321 3171 B.
344 3146 370 3172 ἃ
390 3145 493 3182 Reperc.
513 3145 598 3174 Orata.
611 3146 707 3178 Gener.
726 3156 756 3186 p.
772 3149 817 3179 28.
837 3148 870 3185 B,
998 3151 1000 3155 ’

245 3180 305 3218 (2)
325 3181 402 3213 Flac.
421 3185 456 3213 u.
477 3192 505 3221 4.
526 3192 552 3215 2.
577 3192 603 3216 ι.
624 3193 650 3216 ι.

1098 1173 1165 1207 sent
1187 1184 1244 1215 pro
1273 1174 1384 1213 bonis,
1408 1173 1446 1205 ad
1467 1172 1678 1215 Hispanorum
1704 1173 1845 1206 subditos
1881 1176 1955 1208 erti-

1097 1216 1244 1247 nentibus
1254 1239 1262 1254 ‚
1274 1215 1372 1255 posita
1387 1223 1497 1246 contra
1511 1215 1701 1247 facientibus
1718 1223 1843 1248 centum
1883 1217 1960 1248 ibra-

1097 1266 1167 1288 rum
1182 1256 1206 1287 F
1210 1256 1414 1287 landricarum
1437 1264 1537 1295 poena.
1583 1255 1780 1295 Justiffimum
1805 1257 1836 1288 id
1857 1257 1957 1289 videri

1098 1304 1241 1338 poterat,
1264 1296 1336 1337 quia
1352 1296 1383 1327 in
1400 1295 1525 1336 singulis
1540 1297 1614 1327 belli
1635 1297 1856 1329 indictionibus
1873 1299 1958 1339 quis-

1099 1348 1160 1380 que
1177 1344 1298 1369 tantum
1316 1336 1458 1368 hostibus
1474 1336 1576 1368 damni
1587 1335 1702 1368 inferre
1715 1338 1961 1379 jubetur‚quan-

1101 1387 1168 1411 tum
1187 1378 1299 1419 potest.
1346 1377 1444 1422 Quod
1461 1377 1482 1409 fi
1501 1377 1558 1416 sit,
1581 1378 1675 1409 etiam
1692 1386 1815 1410 vetatur
1833 1388 1961 1420 quoquo

1102 1420 1196 1452 modo
1215 1418 1352 1451 hostium
1380 1419 1511 1450 utilitati
1527 1418 1702 1451 consulere.
1876 1420 1882 1426 ’

1102 1461 1178 1493 belli
1189 1460 1350 1501 generale,
1363 1460 1392 1491 ὅς
1408 1460 1556 1500 exigebat
1565 1469 1691 1501 quoque
1707 1461 1756 1500 jus
1765 1461 1840 1493 belli
1870 1461 1873 1463 “
1888 1460 1962 1502 ispa·

1105 1503 1167 1534 nici
1193 1511 1231 1534 ex
1257 1501 1371 1533 Edicto
1400 1501 1554 1533 Ordinum
1581 1500 1784 1533 Generalium
1812 1512 1839 1534 2.
1884 1503 1962 1544 Apr.

1107 1553 1187 1584 1599
1206 1542 1283 1584 (2).
1330 1542 1383 1574 Sin
1403 1542 1483 1582 ajas,
1508 1551 1548 1574 ex
1565 1542 1717 1582 ejusmodi
1736 1542 1964 1576 assecurationi-

1102 1585 1161 1617 bus
1176 1585 1246 1626 plus
1265 1583 1364 1622 lucri,
1389 1592 1478 1624 quam
1497 1583 1597 1614 damni
1622 1582 1706 1615 ferre
1721 1584 1964 1624 assecuratores,

1103 1626 1243 1666 adeoque
1269 1624 1401 1662 nostris,
1425 1634 1516 1665 quam
1543 1624 1683 1657 hostibus
1708 1625 1778 1666 plus
1804 1624 1965 1666 prodesse,

1105 1667 1136 1699 id
1154 1667 1219 1704 ais,
1242 1666 1326 1707 quod
1350 1664 1395 1697 est
1422 1665 1675 1705 incertissimum,
1703 1667 1732 1698 δι
1758 1667 1797 1698 de
1821 1675 1885 1707 quo
1905 1667 1963 1700 vix

1106 1708 1170 1749 ipsa
1185 1707 1378 1748 experientia
1390 1706 1526 1747 judicare
1541 1708 1661 1748 p0terit
1672 1729 1683 1746 ,
1706 1717 1777 1740 cum
1795 1707 1920 1739 interim
1929 1707 1967 1742 sit

1106 1748 1325 1786 certissimum,
1349 1747 1391 1780 fic
1417 1747 1556 1779 hostibus
1581 1747 1702 1780 causam
1721 1748 1852 1789 praeberi
1873 1758 1960 1782 corn-

1107 1791 1224 1822 mercia
1242 1789 1294 1821 sua
1309 1789 1401 1821 latius
1418 1789 1634 1830 promovendi.
1681 1788 1796 1833 Quod,
1819 1790 1891 1830 quia
1912 1790 1967 1822 ho-

1107 1831 1203 1864 stibus
1221 1831 1265 1862 est
1283 1830 1381 1869 utile,
1407 1831 1436 1863 &
1452 1829 1519 1861 fere
1545 1830 1694 1862 redundat
1711 1832 1743 1862 in
1759 1830 1895 1863 nostram
1914 1840 1968 1863 ne·

1106 1882 1176 1904 cem
1186 1896 1196 1912 ,
1219 1872 1304 1903 omni
1321 1872 1442 1904 ratione
1459 1871 1686 1912 prohibendum
1705 1870 1761 1904 est.
1785 1872 1888 1913 Atque
1900 1872 1968 1904 haec

1107 1913 1174 1946 sola
1193 1913 1275 1945 ratio
1294 1911 1474 1951 suffecerit,
1498 1912 1548 1944 sed
1574 1913 1739 1944 eveniebat
1756 1921 1908 1954 praeterea
1926 1922 1968 1946 ex

1107 1955 1145 1987 iis
1162 1954 1457 1993 assecurationibus,
1473 1953 1732 1994 quemadmodum
1754 1956 1783 1986 ἃ
1799 1954 1831 1987 d.
1855 1953 1971 1986 Edicto

1111 2005 1138 2028 1.
1164 1996 1239 2037 Apr.
1268 1998 1359 2027 1622.
1382 1995 1564 2027 continetur
1576 2018 1585 2032 ,
1602 2003 1637 2026 ut
1653 2005 1701 2027 res
1716 1995 1852 2027 hostium
1863 2017 1874 2034 ,
1885 2005 1902 2026 a
1914 2005 1969 2027 no-

1107 2037 1177 2070 stris
1195 2043 1314 2077 captae,
1339 2036 1377 2067 ab
1394 2035 1459 2067 istis
1475 2035 1703 2075 fidejufforibus
1722 2036 1970 2076 vindicarentur,

1107 2080 1138 2111 ὃς
1149 2078 1193 2117 ,fi
1209 2077 1292 2108 re6te
1310 2076 1484 2117 fidejuss‘um
1505 2076 1568 2114 est,
1582 2077 1689 2117 quidni
1708 2077 1857 2110 vindicari
1880 2084 1970 2118 pote-

1109 2119 1205 2152 rant?
1228 2127 1335 2150 eorum
1363 2118 1447 2149 enim
1465 2117 1696 2159 quodammodo
1716 2117 1806 2157 sunt,
1828 2119 1881 2159 qui
1899 2118 1968 2150 illo·

1108 2170 1176 2193 rum
1195 2159 1394 2191 securitatem
1412 2158 1664 2199 spoponderunt,
1678 2159 1707 2191 &
1727 2160 1811 2200 quod
1826 2159 1863 2191 ad
1875 2168 1968 2192 naves

1109 2210 1289 2242 mercesque
1307 2199 1491 2232 assecuratas
1502 2223 1512 2238 ‚
1523 2200 1670 2233 dominos
1687 2209 1805 2242 eosque
1816 2199 1968 2241 fidejusso-

1109 2253 1158 2275 res
1184 2251 1242 2283 pro
1260 2241 1369 2274 iisdem
1399 2240 1460 2273 esse
1494 2241 1651 2273 habendos
1666 2264 1676 2279 ‚
1700 2242 1905 2284 intelligimus
1928 2249 1970 2275 ex

1106 2283 1253 2317 formulis
1269 2283 1291 2311 ἃς
1308 2284 1535 2320 ammaim,
1559 2282 1684 2324 publice
1701 2283 1795 2315 editis
1811 2284 1840 2316 &
1854 2283 1968 2324 ubique

1107 2325 1220 2357 obviis.
1246 2325 1277 2357 Si
1294 2324 1485 2365 fidejussores
1502 2324 1587 2356 reue
1604 2324 1798 2356 vindicarent
1812 2333 1860 2357 res
1875 2323 1968 2356 hosti-

1107 2368 1174 2406 les,
1206 2365 1400 2398 subditorum
1427 2365 1606 2398 nostrorum
1630 2366 1774 2398 damnum
1797 2372 1886 2402 erat,
1914 2365 1969 2405 qui

1108 2418 1159 2440 eas
1176 2415 1248 2440 ante
1264 2408 1390 2448 optimo
1403 2407 1471 2448 jure
1486 2414 1650 2448 ceperant,
1665 2407 1695 2438 &
1711 2407 1762 2447 qui
1778 2405 1819 2438 fic
1833 2405 1967 2437 deterre-

1108 2450 1239 2489 bantur,
1261 2456 1297 2480 ut
1320 2449 1364 2480 ait
1381 2449 1413 2480 d.
1436 2448 1601 2486 Edistum,
1624 2449 1661 2479 ab
1686 2445 1868 2479 exercendis
1882 2447 1969 2478 navi-

1108 2491 1184 2530 bus,
1207 2489 1320 2531 quibus
1346 2489 1448 2522 hostes
1471 2495 1695 2530 oppugnarent.
1739 2487 1772 2519 ld
1795 2492 1898 2518 autem
1916 2487 1967 2519 ad-

1109 2531 1225 2564 versari
1244 2531 1320 2563 belli
1338 2531 1366 2563 le
1390 2531 1476 2569 ibus,
1501 2531 1660 2571 plusquam
1676 2527 1872 2573 manisJestum
1889 2527 1943 2560 est.

1152 2573 1312 2606 Hactenus
1338 2573 1367 2603 ni
1395 2572 1415 2603 il
1441 2571 1508 2609 est,
1531 2569 1614 2610 quod
1642 2578 1699 2601 nos
1729 2568 1894 2608 ostendat,
1916 2568 1967 2602 scd

1112 2614 1274 2655 comperi,
1307 2613 1432 2644 eosdem
1455 2611 1588 2643 Ordines
1612 2608 1781 2642 Generales
1808 2619 1855 2652 13.
1887 2610 1966 2651 Maj.

1112 2656 1250 2696 eiusdem
1267 2653 1338 2686 anni
1363 2657 1450 2685 1622.
1474 2651 1549 2692 (3)
1570 2650 1647 2682 illud
1672 2651 1816 2683 EdiCtum
1840 2660 1864 2683 1.
1890 2651 1915 2684 A
1941 2661 1978 2685 r..

1112 2695 1300 2729 restrinxisse
1318 2693 1354 2725 ad
1370 2702 1419 2724 eas
1436 2691 1696 2731 assecurationes,
1718 2702 1787 2733 quae
1802 2692 1914 2725 fierent
1937 2702 1967 2725 a—

1112 2738 1229 2778 Ctaeque
1254 2734 1350 2767 essent
1378 2732 1447 2774 post
1474 2733 1722 2773 publicationem
1751 2733 1780 2765 d.
1806 2733 1908 2765 Ediffi
1938 2743 1967 2768 1.

1111 2778 1187 2819 Apr.
1209 2784 1303 2817 atque
1326 2774 1346 2806 si
1365 2775 1417 2806 hic
1439 2774 1527 2807 lorus
1545 2774 1620 2806 esset
1644 2775 1758 2815 regula:
1777 2774 1798 2806 l.
1823 2784 1851 2816 7.
1879 2775 1910 2806 C.
1933 2775 1967 2808 de

1110 2819 1184 2851 LL.
1227 2817 1277 2850 Ex
1304 2825 1339 2846 ea
1366 2816 1627 2856 interpretatione
1660 2824 1807 2857 apparet,
1833 2815 1968 2850 Ordines

1111 2868 1187 2892 tunc
1202 2856 1344 2900 probasse
1362 2856 1603 2889 asserui-stiones
1623 2866 1726 2888 rerum
1744 2855 1924 2898 hostilium,
1945 2856 1970 2892 si*

1111 2910 1173 2932 non
1200 2897 1326 2941 speciali
1351 2897 1419 2939 lege
1446 2898 1503 2929 fint
1529 2898 1659 2937 vetitae,
1683 2907 1754 2930 nam
1776 2898 1916 2940 alioquin
1937 2899 1971 2934 &¹

1110 2951 1179 2982 quae
1201 2948 1273 2972 ante
1300 2938 1463 2979 specialem
1492 2939 1740 2980 prohibitionem
1765 2937 1856 2971 factae
1877 2940 1965 2981 sunt,

1109 2981 1206 3014 essent
1221 2980 1333 3020 nullae,
1359 2987 1393 3012 ut
1412 2981 1441 3012 ὅ(
1460 2989 1510 3012 cas
1533 2980 1635 3014 nullas
1649 2979 1710 3013 ess'e
1728 2979 1890 3013 edixerant
1909 2981 1969 3018 illo*

1846 3031 1873 3055 1.
1889 3023 1963 3064 Apr.

1109 3151 1128 3182 P
1148 3103 1210 3173 (30)
1232 3104 1333 3173 ssbt'dem
1352 3106 1374 3136 1.
1398 3113 1424 3136 2.
1447 3112 1474 3142 7.
1495 3113 1522 3136 2.
1544 3112 1570 3137 1.
1605 3103 1631 3134 &
1649 3103 1755 3142 Repu-t.
1782 3102 1867 3133 Curioe
1891 3100 1966 3134 flou.

1131 3152 1217 3180 .x4.
1260 3164 1267 3173 .

1747 1419 1780 1451 ld
1799 1421 1848 1451 exi
1874 1428 1898 1452 it
1913 1419 1961 1460 jus
2006 1422 2008 1431 ¹

1982 142 1987 167 l
