2008 3436
180 93 470 147 QUAEST.
523 69 749 142 JUR⁴18
797 91 1157 141 PRlvATI,
1208 94 1680 145 LIB.111.c.XV.XV1.
1756 115 1826 155 423

39 185 134 222 credit
149 186 175 216 is
191 193 326 228 gegeven
341 207 352 223 ,
388 183 440 216 sed
456 182 526 224 ajo,
556 181 640 229 quod
656 179 751 226 etiam
770 180 912 223 plerique

38 229 205 267 Senatores
228 227 373 267 aJ’ebant,
396 235 461 258 non
477 226 568 258 aliter
584 223 614 255 id
631 222 797 261 obtinere,
820 232 913 263 quam

38 269 61 304 fi
81 277 200 301 merces
214 268 283 308 jure
298 267 430 309 proprio
447 267 486 299 ad
503 264 700 298 mandantem
715 265 911 311 pertineant,

39 310 123 352 quod
143 309 194 342 hic
209 310 390 351 negabatur.
437 308 576 342 Poss'edit
594 305 671 346 Caja
687 315 816 338 nomine
829 307 911 340 Mae-

38 353 108 390 vii,
145 359 241 392 atque
262 352 342 384 adeo
358 351 488 393 perinde
509 348 573 388 est,
605 357 641 379 ac
657 348 678 380 li
697 357 818 381 merces
833 349 914 390 apud

37 392 138 434 ipsum
159 393 319 426 Maeviiun
342 392 458 426 arresto
473 390 602 423 fuissent
623 389 769 422 detentae.
817 391 913 438 Quod

36 435 121 467 enim
152 434 174 467 fi
202 435 343 468 Maevius
359 459 368 471 .
394 442 513 466 merces
539 431 687 478 quasdam
700 431 842 478 furatus,
863 442 914 465 cas

37 477 74 509 ad
101 477 326 510 mandatarium
355 475 442 508 suum
467 475 593 513 mittat,
618 472 749 507 cessabit
768 474 911 507 eivindi-

36 518 150 550 catio?
172 528 267 551 nemo
283 519 377 550 dicet.

80 559 186 606 Quam
211 560 347 592 maxime
384 566 491 591 autern
527 558 726 599 quaerebatur
744 582 756 598 ,
787 568 826 591 an
860 559 908 591 hae

35 610 157 635 merces
179 601 325 642 praesenti
344 601 447 642 pretio
457 600 556 633 eisent
572 600 733 632 venditat?
757 610 829 632 nam
845 601 908 640 ita,

35 652 72 676 ut
88 643 175 681 dixi,
196 641 274 675 solet
298 641 435 683 servari,
461 652 515 682 ut,
538 649 572 683 op
597 644 656 684 dog
678 643 803 685 vet-kogt
826 642 910 674 idem

35 685 73 718 fit
87 708 98 723 ,
122 684 207 725 quod
225 684 340 716 habere
358 684 452 717 fidem
475 684 514 716 de
529 684 654 725 pretio,
678 693 746 715 voor
770 689 909 722 εονιίιεηῑ,

36 735 101 760 non
122 725 246 759 habere.
292 725 391 758 Iidem
407 727 470 759 duo
502 726 668 759 Senatotes
693 735 758 758 non
784 725 856 757 satis
871 726 911 757 de

0 801 3 806 ,
39 777 79 799 eo
91 766 234 799 constare
246 767 406 810 putabant.
426 767 485 800 Sed
495 776 699 809 praeterquam
708 766 834 809 quodT
837 767 911 800 itius

34 809 187 841 venditor
206 809 238 842 id
261 810 363 851 palam
387 809 492 842 Libris
518 808 579 841 suis
603 808 824 849 adl'cripiiss'ct,
849 809 909 840 uti-

34 859 96 892 que
119 851 196 890 juris
220 851 267 883 est
287 873 298 890 ‚
329 861 391 883 non
415 851 550 892 probato
573 851 624 882 die
643 873 653 887 .
676 850 728 890 qui
755 849 909 883 solutioni

35 893 170 932 adjectus
186 892 286 930 esset,
311 892 457 934 praesenti
479 892 582 933 pretio
606 892 770 924 venditum
795 892 906 924 videri.

36 934 97 968 Sed
112 943 151 965 ne
167 934 208 967 iic
224 934 350 976 quidem
369 935 432 966 duo
455 935 502 966 illi
524 934 690 966 Senatores
715 941 817 974 partes
841 932 909 966 suas

35 974 221 1008 deferebant
237 1000 246 1015 ‚
279 975 330 1008 sed
357 976 501 1016 ajebunt,
525 975 577 1007 cui
608 974 771 1006 sententiae
797 975 908 1020 tertius

34 1026 162 1058 quoque
180 1018 312 1050 Senator
339 1018 530 1055 accedebat,
556 1015 675 1056 passum
699 1015 761 1046 effe
780 1015 908 1048 Titium

33 1060 233 1091 venditorem
245 1083 255 1097 ‚
275 1068 393 1091 merces
411 1059 555 1090 venditas
571 1056 823 1089 Amsterdamum
840 1058 911 1097 mit-

33 1099 79 1137 ti,
105 1100 209 1141 ibique
227 1109 322 1140 penes
340 1099 448 1140 Cajam
461 1107 622 1131 remanere
642 1098 680 1130 ad
695 1107 792 1138 usque
806 1100 912 1135 ἀπορίαν

34 1141 170 1180 Maevii,
195 1149 272 1174 tunc
295 1141 424 1174 demum
445 1140 560 1173 arresto
581 1140 794 1181 superveniss‘e
817 1148 910 1182 atque

35 1192 76 1215 ex
91 1192 131 1214 eo
150 1182 419 1223 praesumendum,
445 1184 553 1224 utique
572 1191 610 1214 ex
636 1180 707 1221 post
727 1180 834 1220 facto,
857 1183 909 1214 ha-

33 1224 133 1256 bitam
155 1223 249 1256 fuiffe
271 1225 310 1256 de
325 1224 428 1265 pretio
450 1224 564 1261 fidem,
588 1224 679 1264 idque
704 1221 848 1255 constare
862 1224 908 1255 vi-

33 1265 101 1298 deri
122 1274 163 1298 ex
180 1266 253 1307 iptis
265 1265 404 1309 Legibus
419 1265 599 1298 Zelandicis
610 1287 622 1304 ,
634 1263 817 1296 -secundiun
836 1275 910 1307 quas

633 1364 909 1401 CAPU

955 182 1008 216 hic
1031 182 1233 224 judicandum
1266 189 1332 215 erat
1349 205 1362 222 ,
1389 185 1434 217 ait
1458 189 1540 222 enim
1575 192 1603 231 ς,
1633 204 1684 236 34,
1723 193 1755 228 C,
1788 195 1828 229 Π,

956 233 1056 271 quem.
1074 225 1163 268 supra
1188 225 1283 258 attuli
1303 248 1312 263 ‚
1339 225 1360 257 fi
1384 235 1532 269 emptor,
1558 226 1665 272 parata
1695 238 1828 278 pecunia

954 265 1127 309 promissa,
1157 276 1221 300 non
1252 275 1355 300 tamen
1376 267 1508 308 solvat;
1541 277 1736 310 venditorem
1762 288 1829 311 rem

958 308 1120 341 venditam
1162 310 1304 341 detinere
1341 309 1429 351 poss‘e
1462 312 1570 344 himzen
1611 318 1660 348 der
1696 320 1830 360 vorscher

956 351 1034 382 dacio!
1046 374 1057 389 ,
1081 350 1145 382 hoc
1162 350 1227 391 est,
1251 353 1472 391 incontinenti,
1489 352 1542 385 hic
1561 363 1664 388 autem
1681 361 1749 400 post
1768 370 1826 394 tra-

955 393 1112 425 ditionem
1132 391 1200 425 fere
1220 392 1413 435 exspeetatas
1441 394 1503 426 effe
1527 394 1581 428 sex
1606 397 1827 435 hebdomadas..

956 434 1017 468 Sed
1034 435 1172 481 quinque
1188 435 1240 467 alii
1256 436 1424 468 Senatores
1447 435 1466 477 (
1477 446 1546 469 nam
1563 438 1638 470 osto
1656 441 1828 475 intererant

954 475 1103 518 judieio)
1119 476 1199 508 illud
1220 478 1331 509 binnan
1357 478 1408 509 der
1431 479 1564 520 vorsther
1577 481 1655 512 danti
1674 483 1827 524 interpre-

955 518 1102 552 tabantur
1129 527 1187 559 pro
1210 518 1349 560 subjecto
1370 529 1559 562 argumento
1576 544 1587 561 ,
1617 532 1682 556 non
1707 523 1829 557 scilicet

954 568 990 592 ut
1007 559 1078 601 post
1096 560 1301 594 traditionem
1319 562 1470 594 venditor
1498 573 1564 597 rem
1589 565 1746 598 venditam
1771 565 1828 598 sta-

955 603 1013 634 tim
1040 601 1255 644 persequatur,
1280 602 1331 635 sed
1356 612 1420 636 non
1447 602 1553 637 soluto
1579 607 1708 647 pretio,
1732 617 1831 649 quum

953 643 1035 678 solvi
1054 643 1151 675 moris
1168 642 1213 676 est
1226 666 1237 683 ‚
1258 645 1289 677 id
1305 654 1430 684 autem,
1451 655 1493 678 ex
1509 646 1566 682 usu
1584 648 1804 683 Mercatorum
1818 673 1829 689 ,

952 685 1022 718 fere
1043 695 1106 717 non
1123 684 1203 717 solvi
1214 708 1225 724 ,
1248 686 1303 719 nifi
1322 686 1403 718 intra
1420 686 1473 719 sex
1491 688 1723 730 hebdomadas,
1747 692 1830 723 intra

953 737 1048 769 quas,
1068 726 1124 759 nisi
1153 728 1288 767 pretium
1311 727 1470 769 solvatur,
1495 730 1611 763 cess'are
1639 733 1830 765 vindicatio-

953 779 1024 801 nem
1040 769 1135 800 etiam
1156 768 1472 802 Amsterdammenl'es
1492 771 1668 806 statuerunt
1690 784 1741 816 31.
1762 775 1827 816 Jan.

957 815 1048 851 1658.
1073 817 1107 841 ut
1128 809 1216 851 supra
1240 812 1364 853 prolixe
1389 812 1579 855 exsequutus
1601 809 1697 848 sums
1724 817 1831 858 Atque

952 853 998 884 ita
1014 852 1080 886 Lex
1097 852 1266 885 Zelandica
1286 853 1395 893 jubet,
1419 864 1459 886 ne
1474 857 1504 887 in
1532 856 1692 891 infinitum
1707 867 1830 900 protra-

952 894 1044 925 hatur
1065 894 1156 935 pretii
1173 894 1319 934 exactio,
1344 894 1395 927 sed
1411 906 1475 929 non
1492 898 1606 939 etiam,
1633 908 1667 931 ut
1689 900 1828 940 pretium

951 935 1094 977 exigatur
1113 935 1175 968 sine
1203 936 1270 968 ullo
1293 936 1496 976 laxamento,
1518 939 1548 971 δι
1572 949 1697 983 emptor
1722 941 1828 974 statim

951 986 1024 1008 cum
1041 977 1134 1009 sacco
1159 977 1294 1010 adeatur.
1342 977 1415 1011 Nec
1445 980 1563 1021 refert,
1586 983 1671 1024 quod
1694 983 1739 1016 illi
1767 991 1829 1016 tres

951 1018 1119 1050 Senatores
1131 1018 1228 1051 etiam
1244 1018 1361 1052 referre
1382 1022 1555 1062 putabant,
1581 1033 1702 1056 merces
1717 1024 1828 1056 vendi—

955 1067 1029 1106 tas,⁸
1044 1059 1140 1092 etiam
1165 1059 1283 1092 sciente
1307 1061 1422 1100 Titio,
1446 1064 1479 1096 in
1504 1064 1709 1098 Hollandiam
1735 1065 1828 1098 fuisse

953 1100 1075 1139 nufias,
1096 1110 1167 1132 nam
1184 1100 1257 1141 fac,
1280 1102 1313 1134 in
1329 1102 1448 1136 Indiam
1465 1104 1559 1137 fuisse
1583 1107 1706 1145 miffas,
1729 1117 1769 1139 ex
1785 1116 1826 1139 eo

954 1141 1025 1174 sane
1040 1152 1105 1188 non
1125 1141 1287 1183 effeceris,
1313 1144 1407 1177 fidem
1432 1145 1472 1177 de
1498 1147 1602 1188 pretio
1623 1147 1716 1179 fuisse
1739 1149 1826 1180 habi·

953 1191 1028 1216 tam.
1072 1184 1268 1223 Simpliciter
1286 1185 1383 1227 igitur
1399 1195 1532 1230 utraque
1548 1188 1700 1223 sententia
1714 1190 1826 1232 proba·

954 1234 986 1257 ta
999 1225 1055 1259 est.
1080 1229 1131 1260 28.
1155 1224 1237 1259 Dec.
1262 1236 1355 1268 1725.
1379 1228 1476 1270 (15)

961 1365 998 1401 T
1094 1366 1243 1404 XVI.

575 1452 629 1489 De
659 1452 829 1489 Contrailu
854 1455 908 1500 qui
931 1453 1051 1489 dicitur
1073 1454 1286 1503 Bodemery.

157 1602 270 1635 Introd.
283 1604 321 1632 ad
341 1601 514 1642 Jurisprzed.
535 1600 618 1632 Holl.
635 1602 665 1633 C.
687 1601 726 1634 Il.
752 1611 815 1634 non
830 1599 910 1633 suffi-

151 1645 243 1675 ciunt
260 1644 298 1674 ad
317 1643 523 1675 erudiendum
547 1643 704 1684 l-'opulum
722 1642 911 1675 Nauticum.

33 1685 104 1728 Ipse
127 1684 310 1718 contractus
327 1709 336 1724 ‚
369 1684 440 1724 post
466 1691 591 1715 aetatem
620 1683 728 1716 Grotii
748 1684 910 1724 adolevit,

36 1730 69 1762 &
96 1727 247 1769 paulatim
281 1727 318 1757 ad
343 1727 404 1758 aira
435 1734 530 1768 atque
563 1726 623 1757 alia
656 1727 819 1766 porrectus
846 1725 910 1766 est,

33 1779 131 1811 quum
150 1769 189 1800 de
203 1778 242 1799 eo
260 1768 344 1808 leges
360 1778 424 1800 tam
442 1777 549 1809 paucae
570 1768 599 1799 ἀ
620 1767 749 1800 incertae
768 1768 846 1807 lint,
871 1777 911 1800 ex

33 1810 101 1852 ipsa
120 1810 325 1842 contrahendi
339 1809 442 1842 forma
460 1812 490 1841 ot
511 1810 730 1842 Mei-catorum
749 1809 803 1841 usu
815 1819 910 1851 quam

31 1853 167 1894 plurima
189 1852 323 1894 petenda
337 1851 416 1883 suut.
452 1850 536 1882 Haec
551 1851 646 1883 etiam
664 1851 808 1883 adhibuit
828 1851 907 1892 (Ι),

34 1896 90 1935 qui
113 1901 186 1926 ante
213 1893 335 1935 aliquot
355 1901 452 1924 annos
472 1892 557 1925 hunc
581 1891 788 1924 Conci-aetum
811 1892 906 1924 Com-

33 1934 228 1969 mentariolo
242 1933 395 1966 illustrare
418 1942 551 1965 conatus
572 1932 636 1972 est,
662 1933 737 1973 sed,
762 1933 806 1965 sat
820 1934 907 1972 scio,

33 1987 141 2010 manes
158 1977 224 2017 ejus
243 1985 306 2008 non
327 1975 485 2007 offendam
497 2001 504 2012 ‚
517 1975 538 2007 fi
558 1975 587 2007 dc
602 1974 666 2016 ipse
682 1986 723 2008 ex
739 1985 821 2016 penu
836 1985 910 2008 meo

33 2018 151 2060 aliquid
176 2017 335 2059 proferam
353 2040 365 2056 ,
395 2017 450 2049 ille
477 2018 694 2049 Mercatorem
726 2018 791 2058 egit
807 2040 819 2055 ‚
849 2027 909 2058 ego

36 2069 110 2092 cum
127 2060 262 2092 maxime
279 2059 394 2100 JCtum
411 2068 520 2100 agam,
546 2059 576 2091 <St
588 2057 651 2089 fine
662 2059 910 2100 ,luri-§prudentia

33 2102 129 2133 etiam
151 2102 220 2133 haec
237 2101 320 2133 saera
338 2110 403 2133 non
425 2100 580 2133 constant.

77 2142 178 2184 Origo
206 2142 386 2174 contractus
411 2152 452 2173 ex
472 2142 546 2183 Jure
572 2143 716 2175 Romano
748 2142 794 2176 est
813 2167 823 2183 ,
855 2143 908 2176 sed

34 2194 103 2225 quae
123 2184 166 2215 ibi
188 2184 320 2224 legimus
338 2185 372 2214 de
391 2185 523 2216 Nautico
532 2184 645 2225 saenore
655 2207 667 2223 ‚
689 2185 744 2218 vix
763 2185 911 2219 trientem

35 2225 205 2257 absolvunt
224 2225 324 2256 totius
341 2226 528 2266 argumenti.
551 2226 642 2258 Adeo
663 2227 788 2267 tenuia,
814 2229 910 2259 etiam

32 2267 115 2307 apud
134 2276 192 2299 nos
203 2288 214 2304 ,
236 2266 368 2298 fuerunt
382 2267 450 2306 ejus
469 2270 645 2299 contractus
661 2267 750 2300 initia
761 2293 771 2308 ,
795 2278 830 2301 ut
845 2279 910 2302 non

33 2309 91 2341 nili
111 2317 258 2340 mutuum
276 2307 496 2348 significaverit
509 2331 520 2348 ,
542 2318 606 2350 quo
620 2309 798 2350 Magistro,
820 2320 908 2352 pere-

57 2359 90 2380 re
108 2349 232 2390 agenti,
257 2348 436 2390 permissum
454 2349 499 2382 est
515 2351 620 2382 navim
636 2360 676 2381 ex
695 2351 788 2383 causa
804 2362 909 2385 neces-

48 2393 132 2423 itatis
151 2391 311 2432 obligare,
336 2390 380 2422 ita
398 2399 501 2423 tamen
514 2415 523 2431 ,
548 2400 584 2422 ut
601 2392 753 2424 duntaxat
765 2393 814 2426 ,de
835 2394 907 2426 navi

34 2433 180 2465 dominus
199 2434 360 2471 teneatur,
384 2441 448 2464 non
468 2434 558 2465 ultra.
583 2431 681 2464 Hunc
699 2433 908 2466 Comi-atrum

33 2474 96 2515 jam
119 2474 197 2505 olim
226 2473 384 2515 Bodemery
410 2475 625 2515 appellarunt,
651 2475 732 2514 quali
752 2475 854 2508 fundo
872 2476 907 2509 s1-

33 2525 76 2546 ve
101 2516 204 2548 carina
227 2516 317 2547 navis
342 2516 466 2557 pignori
490 2516 560 2548 data
575 2538 584 2552 ,
617 2524 651 2547 ut
679 2517 763 2548 reete
787 2517 848 2557 Jam
869 2518 907 2549 ab

36 2557 107 2589 aliis
136 2556 211 2598 (ρ)
231 2556 431 2589 observatum
460 2558 514 2590 est.
568 2557 611 2589 Et
638 2566 679 2588 ex
701 2567 741 2589 eo
770 2559 908 2600 vulgaris

34 2598 228 2630 exercitoria
244 2598 275 2629 in
294 2597 427 2630 solidum
442 2607 563 2632 tantum
579 2608 644 2630 non
661 2599 832 2632 obsolevit.
855 2600 905 2632 Ad

32 2639 122 2672 solos
145 2638 317 2680 Magistros
331 2662 339 2676 ‚
365 2640 395 2672 ὅτ,
417 2639 515 2679 solas,
539 2649 574 2672 ut
597 2641 684 2680 dixi,
709 2651 804 2674 naves
823 2641 903 2673 obli-

33 2691 122 2723 gatas
140 2681 219 2712 olim
235 2681 412 2722 pertinebat
425 2683 495 2714 haec
511 2682 600 2715 causa
612 2683 714 2714 mutui
727 2706 737 2720 ‚
755 2682 807 2715 sed
818 2683 903 2715 dein-

33 2723 74 2754 de
93 2722 252 2764 protraeta
271 2721 316 2754 est
330 2723 368 2754 ad
383 2725 578 2756 exercitores
602 2724 667 2756 five
685 2725 833 2756 dominos
850 2735 904 2757 na-

32 2765 122 2796 vium
137 2787 146 2801 ‚
179 2764 209 2796 ὀῑ
233 2773 307 2796 mox
330 2763 424 2797 etiam
447 2766 484 2797 ad
508 2766 655 2797 dominos
673 2767 848 2806 mercium,
874 2767 905 2799 ὃς

33 2806 72 2838 de
87 2814 222 2847 utroque
239 2814 353 2846 genere
369 2807 548 2840 contractus
562 2807 677 2848 ubique
697 2807 818 2842 exstant
837 2807 903 2841 for-

33 2848 130 2880 mulae
149 2846 296 2888 vulgares
318 2846 385 2888 (3).

79 2889 125 2920 Ut
143 2896 246 2920 autem
265 2897 350 2920 nunc
369 2888 495 2922 obtinet
507 2890 682 2934 Bodemery,
707 2891 824 2924 definio
835 2901 902 2923 con-

35 2930 181 2966 trabium,
204 2939 256 2971 quo
270 2931 400 2970 pecunia
414 2933 544 2963 creditur
563 2933 713 2975 magistris
731 2935 854 2966 naviam
869 2935 903 2965 in

36 2973 145 3004 exteris
168 2970 372 3013 Regionibus,
389 2971 455 3010 five
480 2974 605 3005 dominis
627 2977 752 3007 navium
775 2975 811 3011 ὅ)
828 2984 902 3006 mer-

37 1557 180 1662 Qlae
201 1559 240 1590 de
263 1568 304 1591 eo
323 1558 499 1592 ContraCtu
521 1557 656 1590 Grotius
680 1559 765 1592 dixit
792 1558 833 1591 L.
853 1558 909 1592 ΙΙΙ.

76 3093 160 3132 (rs)
176 3093 314 3132 observat.
337 3093 455 3123 Tumulc.
478 3095 510 3125 T.
530 3097 582 3126 IX.
603 3106 629 3125 η.
651 3104 737 3126 2221.

75 3133 136 3168 (1)
159 3133 301 3161 Adrianus
322 3134 348 3160 V
351 3142 440 3161 erwer
459 3135 488 3163 in
508 3135 676 3163 Nederiands
695 3135 852 3174 Zeeregten.

76 3170 140 3208 (2)
161 3171 285 3200 Time-‘us
309 3172 399 3199 faber
420 3172 454 3201 acl
470 3172 590 3209 Institut.
609 3173 716 3211 Disput.
731 3175 810 3204 Xlli.
830 3176 867 3206 th.
882 3185 907 3205 1.

75 3209 135 3247 (3)
154 3209 240 3247 Apud
257 3210 419 3242 Waffenaer
439 3210 553 3249 Praayk
573 3211 670 3243 Novar.
691 3212 754 3249 Cap.
765 3214 816 3243 IX.
831 3214 856 3251 §-
879 3223 906 3245 2.

953 1559 1030 1591 cium
1053 1561 1087 1592 in
1109 1560 1154 1592 his
1178 1560 1363 1604 Regionibus
1377 1586 1387 1602 ,
1411 1563 1453 1597 'ea
1480 1563 1544 1608 lege
1564 1587 1576 1605 ‚
1604 1572 1640 1599 ut
1658 1589 1669 1606 ,
1694 1564 1829 1606 flenavrs
1866 1584 1870 1589 ·

948 1607 1075 1642 pereat,
1100 1603 1225 1635 creditor
1237 1604 1290 1646 jus
1307 1605 1413 1636 crediti
1428 1608 1572 1646 amittat,
1586 1606 1615 1647 fi
1624 1608 1718 1650 stzlva
1738 1612 1829 1644 adve—

954 1645 1033 1689 nerit
1064 1645 1097 1676 in
1123 1644 1216 1676 locum
1240 1643 1419 1686 destinatum
1440 1670 1451 1687 ,
1470 1648 1537 1690 stirs
1562 1648 1735 1691 restituatur
1761 1662 1827 1685 cum

953 1686 1050 1726 tgluris
1075 1688 1206 1718 nauticis
1221 1710 1231 1726 ‚
1256 1687 1304 1718 vei
1328 1689 1487 1731 majoribus
1511 1691 1559 1722 vel
1581 1694 1764 1734 minorihus,
1793 1701 1827 1727 ιιτ

950 1732 1002 1767 pro
1027 1729 1141 1761 ratione
1159 1729 1287 1769 periculi
1314 1730 1395 1762 inter
1421 1733 1590 1764 creditorem
1615 1733 1652 1769 ἃ
1669 1735 1828 1768 debitorem

953 1771 1100 1802 convenit.
1148 1770 1257 1802 Grotii
1272 1770 1416 1804 definitio
1435 1773 1476 1806 L.
1493 1773 1549 1807 nl.
1575 1774 1689 1808 Introd.
1710 1778 1748 1808 ad
1766 1777 1828 1819 Ju-

951 1811 1038 1856 rispr.
1065 1811 1152 1845 Holl.
1179 1813 1212 1844 C.
1237 1811 1277 1845 ΙΙ.
1300 1822 1360 1846 nec
1376 1814 1500 1857 legibus
1528 1815 1753 1851 nec²formulis
1779 1818 1827 1851 sa-

953 1859 994 1884 tis
1030 1863 1188 1896 congrua,
1227 1854 1258 1886 &
1291 1855 1401 1888 multis
1429 1858 1609 1891 nominibus
1643 1858 1830 1901 imperfecta

952 1893 1007 1926 est.
1039 1894 1106 1937 Ipse
1122 1905 1188 1928 non
1213 1895 1336 1936 addidi,
1360 1907 1478 1938 naves,
1500 1898 1709 1932 instrumenta
1735 1902 1826 1934 navi-

953 1945 1027 1982 uin,
1049 1946 1195 1976 merces,
1219 1937 1250 1969 &
1276 1938 1430 1980 quicquid
1452 1950 1491 1972 ex
1515 1941 1564 1973 his
1586 1940 1707 1976 salvum
1732 1943 1827 1976 adve-

952 1986 1054 2024 nerit,
1075 1979 1201 2020 pignori
1225 1978 1312 2025 dari,
1335 1981 1407 2021 quia
1424 2005 1434 2020 ,
1458 1989 1494 2014 ut
1517 1982 1666 2016 formulis
1688 1983 1721 2016 id
1744 1983 1827 2026 saepe

951 2019 1118 2066 inseritur,
1142 2020 1223 2061 saepe
1242 2028 1338 2067 etiam
1356 2022 1389 2054 in
1407 2023 1454 2056 his
1472 2024 1654 2064 omittitur,
1677 2026 1708 2058 &
1722 2035 1828 2067 quarn-

951 2070 1005 2106 vis
1019 2069 1206 2102 omittatur,
1229 2071 1289 2103 pro
1306 2063 1425 2097 mserto
1450 2065 1627 2100 habendum
1654 2075 1697 2100 ex
1713 2074 1825 2101 natura

951 2100 1045 2142 hujus
1061 2104 1175 2135 mutui.

979 2144 1055 2190 ‘Sed
1082 2145 1266 2186 explicanda
1289 2146 1334 2178 est
1360 2147 1518 2182 definitio.
1568 2149 1727 2192 Magister
1747 2172 1758 2190 ,
1791 2158 1828 2184 ui:

954 2184 1042 2224 d1x1,
1066 2186 1150 2218 recte
1167 2196 1281 2220 navem
1299 2188 1421 2231 obligat
1437 2191 1468 2224 in
1488 2190 1674 2232 Regionibus
1694 2193 1825 2232 exteris,

953 2236 1017 2259 non
1042 2237 1121 2259 vero
1148 2228 1180 2261 in
1203 2229 1252 2261 his
1278 2230 1473 2271 Regionibus
1501 2230 1604 2269 Confil.
1640 2232 1677 2264 B.
1713 2233 1749 2266 T.
1782 2234 1825 2267 11.

955 2268 1060 2308 Consti.
1096 2278 1165 2310 115.
1199 2271 1243 2303 fin
1271 2280 1395 2311 autem,
1418 2280 1545 2303 tenetur
1572 2279 1676 2306 tamen
1694 2296 1705 2313 ,
1737 2276 1823 2316 quod

951 2310 1017 2351 ipse
1035 2311 1189 2352 Magister
1216 2312 1248 2344 in
1273 2313 1346 2344 navi
1370 2314 1503 2345 habebat
1527 2313 1629 2354 Consti.
1656 2316 1693 2348 B.
1721 2316 1756 2349 Τ.
1781 2316 1822 2348 II.

951 2354 984 2383 C.
1013 2362 1061 2394 13.
1086 2363 1116 2384 π.
1146 2363 1172 2385 1.
1196 2364 1225 2386 2.
1252 2354 1288 2388 {5⁹
1303 2365 1334 2396 3.
1359 2355 1540 2388 Secundum
1564 2357 1633 2389 haec
1652 2357 1822 2398 Magistra-

951 2402 1002 2425 tus
1016 2393 1322 2427 Amstcrdammenfis
1342 2405 1392 2438 13.
1408 2396 1488 2437 Aug.
1514 2406 1603 2437 1527.
1628 2398 1729 2429 edixit
1747 2399 1822 2440 (4),

949 2436 1002 2466 dat
1015 2445 1089 2476 gem
1108 2436 1265 2476 Schipheer
1283 2446 1342 2468 acm
1359 2438 1421 2479 dese
1444 2439 1515 2478 zyde
1535 2439 1584 2469 des
1600 2437 1674 2470 Zees
1690 2440 1818 2472 bodeme-

950 2486 986 2518 ν)
1011 2477 1059 2508 zai
1081 2486 1185 2518 mogon
1200 2478 1328 2519 plegem,
1354 2479 1414 2509 dan
1436 2480 1472 2519 by
1496 2486 1598 2519 expres
1622 2480 1739 2529 consent
1756 2491 1819 2514 van

949 2520 984 2550 cle
1003 2516 1104 2558 meeste
1123 2519 1263 2551 Reeclers.
1308 2519 1402 2552 Ratio
1418 2520 1484 2559 est,
1503 2531 1543 2552 ne
1562 2521 1719 2563 Magister
1733 2532 1820 2557 exer-

950 2559 1065 2591 citores
1078 2559 1244 2600 praesentes
1258 2561 1288 2592 &
1302 2560 1392 2593 forte
1408 2561 1528 2594 invitos
1545 2562 1686 2604 obliget,
1708 2574 1817 2598 eorum

948 2601 1034 2632 enim
1049 2611 1098 2632 res
1116 2601 1240 2642 agitur,
1264 2602 1295 2634 ἃ
1318 2603 1425 2644 quidni
1449 2603 1666 2644 consentiant,
1688 2605 1711 2638 fi
1737 2616 1817 2647 prae-

947 2642 1050 2675 sentes
1069 2642 1140 2674 fint.
1169 2643 1256 2676 Olim
1273 2652 1378 2677 tamen
1394 2654 1434 2677 cx
1455 2644 1483 2686 ᾗ.
1507 2654 1559 2686 41.
1586 2645 1660 2678 LL.
1684 2646 1816 2680 Nautio.

949 2684 1095 2726 Wisbuysl
1119 2684 1299 2726 promiscue
1313 2685 1471 2728 Magistro
1488 2687 1612 2718 videtur
1626 2687 1819 2727 permissum,

946 2726 1042 2758 etiam
1065 2735 1132 2758 non
1152 2727 1185 2759 in
1213 2726 1406 2768 Regionibus
1436 2728 1576 2765 exteris,
1597 2737 1698 2769 neque
1728 2729 1815 2761 adhi-

947 2767 1017 2799 bito
1038 2768 1254 2800 exercitorum
1285 2768 1455 2808 consensu,
1480 2768 1646 2807 pecuniam
1673 2778 1817 2804 mutuam

947 2808 1090 2850 sumere,
1114 2808 1166 2841 sed
1185 2819 1226 2841 ex
1245 2809 1274 2851 §.
1296 2818 1351 2849 55.
1375 2809 1448 2841 LL.
1473 2809 1571 2841 Naue.
1595 2809 1695 2852 Hans.
1721 2820 1816 2851 1591.

946 2851 1001 2883 ubi
1032 2851 1124 2892 copia
1159 2851 1235 2883 effet
1267 2851 1479 2884 exercitorum
1503 2874 1513 2890 ‚
1544 2851 1709 2892 vetitum,
1742 2854 1817 2886 duas

946 2893 1162 2925 exercitorum
1183 2900 1286 2933 partes
1311 2893 1419 2925 tertias
1443 2891 1567 2924 caeteris
1593 2894 1816 2934 praejudicare3

946 2933 1046 2967 sedin
1066 2934 1260 2974 Regionibus
1276 2934 1415 2972 exteris,
1438 2933 1491 2965 ubi
1517 2942 1625 2965 eorum
1647 2935 1735 2966 nulla
1759 2945 1815 2967 co·

945 2976 1018 3018 pia,
1042 2975 1099 3017 ipfi
1129 2973 1286 3016 Magistro
1303 2998 1316 3015 ,
1349 2984 1500 3017 quantum
1525 2973 1650 3008 neceffe
1674 2975 1721 3009 est
1738 2998 1770 3052 ,fi
1784 2976 1816 3009 id

1773 3028 1816 3050 m-

951 3107 977 3134 3.
1004 3098 1041 3134 {5⁹
1068 3107 1097 3134 4.
1125 3097 1216 3136 Confil.
1245 3098 1287 3127 H.
1319 3097 1392 3129 Tom.
1409 3099 1461 3128 IV.
1481 3097 1574 3137 Confil.
1594 3107 1659 3129 110.
1697 3099 1818 3130 Verwer

949 3147 1002 3167 van
1024 3138 1054 3165 de
1074 3136 1248 3175 Hailandsche
1266 3137 1409 3174 Bodemery
1429 3146 1458 3175 p.
1480 3145 1546 3172 223.
1568 3145 1635 3174 2²4·
1656 3136 1682 3166 dt
1703 3146 1771 3173 225.
1858 3155 1863 3158 -

990 3176 1050 3214 (4)
1069 3174 1242 3215 Handvesten
1259 3185 1314 3209 van
1333 3175 1501 3216 Amsterdam
1522 3179 1607 3209 1662.
1627 3185 1658 3216 p.
1679 3178 1745 3209 281.
