2008 3436
309 105 391 143 AD
432 105 472 140 L.
500 101 569 137 IX.
609 100 655 136 D‘.
702 99 781 135 DE
823 95 994 134 LEGE
1035 96 1329 142 RHODIA,
1372 100 1410 134 C.
1440 101 1524 137 VII.

33 205 73 229 eo
89 191 158 238 ipso
178 195 243 234 ais,
266 190 446 228 Publicanis
467 189 595 221 illorum
621 194 799 232 temporum
817 195 898 232 *nau-

35 237 135 280 fragia
160 234 340 270 conceffiffe
361 233 462 275 Leges
488 230 667 266 Romanas,
691 235 792 274 myrta
814 227 900 260 illius

34 281 94 312 aevi
111 277 372 321 jurisprudentia,
394 274 443 307 uti
468 280 562 305 nemo
586 280 651 317 non
672 269 754 300 dixit
777 269 807 301 ὃς
827 278 900 316 pro-

32 321 123 353 bavit
141 321 179 353 ad
195 320 224 353 b.
236 320 256 352 l.
276 317 394 352 Multis
409 316 441 348 in
457 321 651 346 contrarium
670 310 900 351 labor-atjuris,

33 362 86 395 sed
105 360 280 405 praesertim
304 358 443 401 Judaici,
466 353 628 400 consultus
647 352 826 399 ‘seldenus-‚-
848 362 901 384 ve-

31 414 101 438 rum
125 402 279 440 beneest,
302 400 388 443 quod
412 397 496 440 ipse,
516 397 570 428 ubl
589 394 668 440 nihil
694 396 824 435 proiicit
848 395 901 426 vel

33 445 91 480 suo
110 444 202 486 ipsius
219 441 420 480 testimonio,
443 449 461 471 a
474 439 543 479 J‘ure
560 438 694 468 transeat
710 436 747 467 ad
766 445 900 482 moi-em,

31 486 183 529 injustum
201 485 330 528 quidem
341 504 353 522 ,
375 480 426 514 sed
444 488 548 512 tamen
564 487 698 510 morem.
742 476 901 519 Equidem

31 529 129 562 video
149 526 329 561 hominibus
346 531 449 565 graece
463 521 596 553 eruditis
611 519 736 561 placere
749 542 758 558 ,
769 527 815 566 vuc
832 520 902 554 ,ὅμως

32 571 128 603 etiam
144 579 202 601 mos
216 568 272 605 iit,
295 564 391 597 video
407 563 503 595 etiam
519 585 528 601 ,
549 561 740 608 qtiaeyulgo
767 570 798 592 in
822 561 901 608 lianc

29 621 97 644 rem
128 609 307 642 adferantur
326 628 337 645 ‚
368 614 471 646 neque
508 604 787 649 impraelentiarum
823 602 900 649 libet

30 651 270 687 contradicere,
294 647 345 681 sed
374 646 453 679 scire
474 645 600 682 velim,
630 644 705 686 quid
733 644 794 675 hoc
822 644 899 676 essct

29 692 160 727 dicere?
182 691 253 734 Ego
269 689 397 732 quidem
413 688 529 720 Mundi
555 686 717 718 Dominus
739 684 822 725 sum,
844 695 897 717 ve-

29 737 193 768 runtamen
211 743 249 765 ex
264 741 339 764 more
356 731 448 762 maris
467 729 520 762 vel
537 738 573 759 ex
596 737 671 759 more
695 729 841 758 maritimo
862 736 898 759 tu

28 776 170 817 direptus
183 784 236 813 es;
260 777 299 806 an
321 782 362 805 ex
387 781 494 811 more,
519 779 589 812 quae
617 769 695 810 legis
722 768 814 801 instar
840 768 895 800 ob-

29 817 137 851 tinet?
159 825 255 849 nemo
273 815 377 854 dicet,
401 823 441 845 ex
466 822 553 844 more
577 811 674 854 igitur
691 810 896 852 nequiffimo,

29 858 141 892 sedita
157 859 213 890 vix
232 855 278 889 est
301 864 335 888 ut
358 854 572 897 responderit,
594 852 683 892 cujus
699 853 744 884 cst
765 861 893 892 cavere,

29 911 70 933 ne
99 909 189 932 vanae
217 898 276 932 smt
305 897 368 930 fine
394 895 534 928 moribus
561 895 654 936 leges
700 893 763 926 Fac
789 902 894 925 autem

29 943 74 974 ita
98 941 182 980 esse,
205 939 318 983 ecquid
341 948 418 971 tunc
447 936 550 969 rursus
575 936 635 967 erit
652 959 661 975 ‚
685 936 834 982 judicetur
858 945 895 966 ex

30 984 109 1026 Jure
128 983 241 1016 Rhodio
267 981 397 1014 navali?
417 980 510 1019 idque
533 978 619 1010 nulla
640 978 823 1022 transitione
841 977 893 1008 vel

28 1026 142 1058 idonea
158 1023 325 1063 &anza-zia?
342 1020 531 1062 judicabitur
547 1028 615 1050 mos
631 1018 686 1049 ille
705 1018 893 1056 maritimus,

28 1065 230 1108 nequiffimus
251 1064 308 1097 ille
324 1072 392 1094 mos
404 1062 421 1094 ἱ)
443 1070 504 1092 non
526 1060 620 1091 audet
636 1059 816 1097 adfirmare,
841 1058 892 1090 sed

27 1108 120 1150 fingit
135 1107 260 1148 potius,
277 1104 356 1137 illud
371 1102 524 1144 J‘udicium
537 1123 548 1140 ,
570 1100 625 1132 etsi
640 1110 703 1132 non
722 1100 893 1133 constitua-

27 1157 80 1182 tur
99 1148 140 1181 de
156 1144 194 1184 ,ᾆ
216 1148 282 1184 vim„
298 1147 319 1176 σέ
335 1145 484 1182 hadom,
509 1141 766 1175 constituendum
788 1151 892 1174 tamen

26 1190 90 1223 ess'e
105 1189 145 1222 de
163 1188 272 1222 nescio
299 1187 412 1230 quibus
441 1183 702 1223 circumstantiis,
727 1184 759 1230 in
782 1184 891 1230 depre-

26 1231 156 1265 catione
173 1230 300 1264 omissis.
345 1229 463 1270 Longa:
488 1226 652 1267 ambages,
675 1225 756 1258 nihil
782 1224 891 1258 sohdae

25 1272 162 1306 rationis
179 1272 232 1304 vel
253 1269 520 1313 jurisprudentiae.
676 1308 682 1314 .
711 1309 717 1314 .

28 1321 31 1323 ’
69 1313 125 1347 Est
148 1315 180 1347 &
204 1314 285 1353 alia,
309 1321 345 1344 ut
369 1311 508 1343 diximus
524 1332 535 1347 ,
559 1309 684 1341 Seldeni
709 1315 892 1350 interpreta—

26 1356 98 1395 tio,
123 1365 202 1397 qua,
222 1353 340 1387 sublata
356 1351 563 1384 distinstionis
586 1359 681 1390 nota,
706 1360 775 1392 quae
793 1349 891 1392 vulgo

27 1397 178 1430 scribitur
195 1395 267 1440 post
292 1395 439 1428 voculam
463 1394 611 1431 ἳκλάωης,
634 1392 678 1424 ita
703 1392 781 1434 legit
814 1401 889 1424 con-

29 1439 178 1481 junstim:
203 1442 232 1471 'o
252 1439 266 1477 3
283 1438 368 1472 vlu&-
390 1438 410 1466 ’ἒ
433 1435 561 1469 >anim-m
584 1439 621 1470 τῷ
644 1436 711 1471 νόμῳ
734 1434 893 1464 πὲιῬωδῖωι

27 1483 213 1518 {roniarda-5
230 1482 335 1515 ιαυπκᾳῗ
347 1502 357 1518 ,
370 1477 424 1519 fid
452 1486 519 1508 vero
544 1476 593 1508 lex
607 1475 663 1517 seu
685 1486 743 1508 mos
758 1476 809 1508 ille
828 1486 888 1508 ma-

29 1524 74 1556 ris
97 1533 134 1555 ex
152 1523 236 1567 Lege
259 1520 437 1554 Rhodiorum
466 1519 588 1550 nautica
606 1518 758 1564 judicetur
770 1517 826 1560 seu
844 1519 891 1549 de-

28 1571 178 1597 cernatur.
223 1563 290 1597 Nili
315 1562 524 1599 mentiamur,
548 1559 620 1605 haec
643 1557 708 1600 ipsa
729 1559 822 1601 plane
847 1558 892 1591 est

27 1616 102 1639 cum
119 1605 350 1648 interpunctio,
375 1610 441 1635 tum
470 1601 664 1642 explicatio,
688 1611 750 1648 qua
768 1600 891 1633 Gotho-

27 1647 110 1680 fredi
126 1649 218 1681 Pater
233 1648 263 1680 &
285 1645 405 1684 Filius,
429 1644 484 1676 ille
508 1644 538 1674 in
565 1642 640 1674 Not.
685 1642 739 1674 hic
756 1643 788 1675 in
810 1644 888 1675 Com-

27 1695 118 1722 ment.
142 1699 181 1722 an
203 1690 232 1721 h.
253 1689 274 1721 l.
302 1688 372 1730 Cap.
399 1685 456 1718 VI.
481 1683 517 1720 ἐπ’
538 1683 610 1717 VII.
634 1683 699 1719 sese
712 1684 888 1717 extollunt.

27 1730 163 1772 Iacobus
191 1730 334 1772 equidem
364 1735 477 1760 contra
501 1732 668 1768 ¹argutatur
697 1726 766 1768 Cap.
798 1725 888 1759 XIII.

27 1771 96 1813 sed,
120 1773 153 1805 ni
178 1772 296 1810 fallor,
316 1779 425 1811 parum
452 1770 604 1810 ingenue:
627 1772 699 1800 nam
716 1768 800 1810 quod
822 1769 891 1804 νόμοι

26 1815 49 1845 τ’
70 1812 202 1848 habant
227 1813 400 1855 significare
420 1811 502 1842 velit
523 1811 574 1852 jus
588 1809 761 1852 praetensmn
781 1812 888 1850 maris,

25 1865 90 1889 non
112 1855 220 1888 differt
238 1865 255 1887 a
283 1853 408 1888 Seldeni
427 1854 495 1896 jure
519 1851 571 1883 vel
598 1861 691 1891 more,
714 1861 788 1883 cum
809 1851 889 1884 illud

25 1897 76 1938 jus
86 1896 282 1939 'praetensum
299 1897 329 1928 d.
355 1896 421 1935 Cop.
447 1892 518 1925 VII.
541 1891 625 1934 ipsus
645 1893 791 1931 definiat,
817 1895 889 1935 qnod

26 1939 76 1970 vel
91 1949 129 1971 ex
142 1949 216 1971 more
234 1939 283 1970 vel
299 1947 335 1970 ex
353 1937 415 1978 lege
434 1935 592 1976 descendit,
604 1935 752 1976 quodque
770 1935 823 1967 fibi
839 1935 888 1966 ad-

25 1979 172 2013 serebant
203 1980 312 2012 insulae
339 1977 507 2019 Cyclades.
551 1975 628 2024 Quo
654 1984 759 2009 autern
790 1977 888 2018 magis

66 2021 208 2054 rsuadeat
233 2018 454 2056 Gothofredus
471 2042 481 2058 ,
512 2018 707 2059 conjunctim
747 2019 816 2050 haee
844 2021 890 2050 ita

25 2031 157 2104 Regenda
182 2062 262 2101 effe,
286 2062 339 2094 vel
365 2061 503 2093 maxime
527 2059 558 2091 id
580 2060 644 2100 agit
671 2061 740 2101 Cap.
773 2059 828 2091 VI.
853 2068 889 2092 ut

26 2105 163 2145 probet,
178 2104 319 2146 alioquin
339 2102 525 2135 sententiam
546 2101 639 2141 hujus
656 2102 719 2133 loci
741 2111 804 2134 non
822 2100 889 2133 sub-

25 2144 139 2179 sistere.
181 2145 234 2185 si,
258 2144 380 2186 inquit,
405 2142 571 2185 separatim
589 2143 657 2175 haec
675 2144 835 2185 accipias,
858 2143 888 2175 δε

26 2190 125 2216 πλεῖαι
148 2188 236 2221 myas?-
252 2195 392 2228 apponas
406 2184 507 2216 verbo
529 2185 660 2217 Jazac‘aem
671 2207 683 2224 ,
703 2185 783 2217 nihil
801 2194 888 2226 repe-

24 2229 105 2268 ries,
129 2229 214 2270 quod
232 2228 387 2260 referatur
405 2227 442 2258 ad
464 2226 493 2256 ⁷3
507 2227 651 2266 xv-feou;
674 2227 776 2258 decrit
793 2226 891 2268 igitur

27 2281 68 2303 ex
81 2271 149 2312 eius
163 2269 337 2308 sententia,
383 2268 446 2299 uod
463 2267 620 2300 Rhetores
636 2269 668 2301 In
684 2269 811 2301 Scholis
830 2277 887 2299 vo-

27 2319 101 2344 cant
118 2313 145 2340 π“
169 2311 322 2349 amisti-01.
364 2313 410 2340 ‘⁴t
435 2307 604 2350 observat,
630 2319 670 2343 ne
694 2309 756 2342 hoc
774 2319 887 2342 verum

25 2353 83 2393 fit,
108 2353 300 2395 Interpretes
310 2376 322 2392 ,
345 2350 400 2393 qui
417 2350 472 2382 illa
489 2349 654 2392 separatim
674 2352 806 2393 legunt,
821 2350 885 2383 sen-

24 2393 70 2428 sui
95 2394 297 2427 sustentando
320 2392 470 2426 *infarcire
490 2392 583 2432 illud,
609 2394 640 2424 id
655 2416 667 2432 ,
689 2403 723 2425 ea
739 2403 784 2425 res
811 2393 842 2426 δε
863 2393 885 2426 fi

14 2436 99 2478 'quid
130 2436 178 2469 liis
205 2435 250 2468 est
268 2436 386 2473 fimi1e3
409 2442 519 2465 contra
539 2443 632 2475 quarn
660 2442 764 2466 tamen
787 2433 832 2470 est
852 2434 884 2466 in

21 2487 141 2520 graeco.
164 2477 280 2517 Nunc,
293 2485 328 2508 ut
345 2474 411 2518 ipse
427 2476 490 2515 ait,
506 2476 533 2504 π’
549 2475 692 2514 mapali„
703 2475 749 2509 est
765 2476 846 2511 ,liae
864 2477 886 2505 ’ὃ

11 2520 173 2558 θαλάσσης,
200 2520 231 2552 &
257 2519 339 2551 hanc
364 2517 519 2549 rationem
546 2516 767 2550 Cothofredus
791 2517 885 2550 habet

21 2561 219 2602 praecipuam.

67 2601 173 2644 Negat
189 2603 258 2635 haec
275 2603 319 2635 ita
342 2601 427 2633 reste
451 2601 605 2643 explicari
626 2600 675 2632 Cl.
722 2600 886 2634 Salmasius

23 2643 58 2675 cle
75 2645 152 2675 modo
174 2643 334 2685 Usurarum
359 2644 429 2684 Cap.
450 2643 489 2675 V.
510 2649 542 2684 p.
568 2653 640 2675 201.
665 2652 736 2673 202.
761 2642 797 2677 &2³
813 2653 884 2686 203.

24 2683 90 2717 five
106 2685 299 2720 robor-vertas
319 2685 432 2727 legem,
461 2684 524 2717 five
549 2684 755 2725 consuezzui'em.
801 2687 886 2721 Νέμω

24 2726 90 2762 νόμῳ
104 2727 206 2762 mimz
218 2749 228 2764 ‚
248 2725 402 2758 balbuties
419 2726 474 2768 ipfi
491 2724 538 2758 est
558 2727 589 2758 ἀ
610 2725 783 2766 stribiligo,
808 2735 885 2767 prae-

11 2767 131 2799 'sertim
149 2767 171 2800 sl
188 2767 260 2798 «ἕως
278 2767 529 2807 κρυᾶμῖροςᾶνίμῳ,
542 2765 564 2805 ᾦ
581 2769 623 2797 δεῖ
638 2768 749 2804 κοτ’νεαῖζ
759 2791 769 2807 ,
782 2767 883 2800 diver-

22 2806 90 2840 sum
105 2808 180 2850 quid
197 2809 350 2848 denotet,
372 2809 464 2850 idque
491 2810 522 2842 in
541 2809 649 2841 eadem
667 2809 740 2846 p'ried.
784 2810 885 2842 multa

23 2849 137 2882 deinde
151 2850 256 2890 addit,
281 2849 383 2890 aliqua
400 2851 495 2883 etiam
512 2861 567 2893 per
582 2851 769 2883 calumniam
782 2874 793 2889 ‚
815 2861 885 2892 quae

11 2891 131 2923 'omnia
147 2892 243 2924 taedet
258 2890 385 2925 referre.
433 2891 493 2923 Ubi
507 2901 612 2924 autem
630 2893 778 2933 pervenit
794 2894 885 2924 adra-

0 2971 7 2975 ·
23 2933 144 2964 tionem
159 2956 171 2972 ‚
201 2942 294 2980 quam
318 2931 384 2964 dixi
402 2955 413 2970 ‚
446 2931 641 2966 Gothofredi
671 2935 862 2976 praecipuam
874 2958 885 2974 ,

24 2975 103 3006 tanti
126 2974 195 3006 haec
219 2973 272 3016 ipsi
299 2972 344 3005 est
368 2971 456 3011 visa,
479 2984 514 3006 ut
537 2984 657 3007 mutata
671 2975 823 3018 scriptura
840 2977 885 3007 ita

25 3015 130 3056 legat:
156 3020 190 3052 ιᾷ
214 3017 281 3052 ιᾶμῳ
305 3020 351 3044 τῶν
380 3016 477 3044 'radim
498 3022 609 3054 κρινέσθω
635 3020 668 3047 τὰ
694 3026 817 3053 'amum'
843 3028 888 3049 rej-

25 3059 150 3088 nauticae
175 3058 347 3089 decidantur
363 3067 398 3088 ex
417 3056 595 3090 Rhodiorum
613 3059 733 3106 legibus.
783 3059 887 3091 Video

24 3098 55 3130 id
73 3098 152 3130 alios
167 3099 196 3130 δε
213 3107 286 3131 ante
303 3097 480 3130 Salmafium
497 3098 688 3140 observasse3
713 3100 764 3133 sed
783 3108 886 3132 tamen

11 3150 90 3174 non
116 3140 222 3181 placet
240 3163 250 3179 ,
272 3140 439 3180 quoniam,
471 3149 510 3171 ne
533 3140 612 3172 nihil
645 3142 748 3174 dicam
773 3142 858 3174 aliud
874 3166 884 3181 ,

23 3190 135 3213 contra
152 3181 293 3213 omnium
311 3180 355 3212 est
371 3181 523 3212 librorum
539 3181 641 3214 fidem.
664 3183 708 3214 At
724 3182 798 3224 quid
809 3191 886 3215 tunc

25 3223 117 3256 nobis
139 3221 319 3256 faciendum
345 3221 411 3262 est,
444 3222 496 3263 qui
521 3222 658 3256 diximus
680 3224 714 3257 in
733 3225 832 3265 princ.
856 3226 885 3258 h.

1744 112 1812 138 kri:

946 184 1017 225 Cap.
1042 183 1096 215 Illa
1112 183 1182 217 Ἐ’ὶῶ
1199 183 1243 219 μὲν
1261 187 1296 213 τὲ
1317 185 1406 215 κὸσαυ
1422 187 1525 227 κύριος,
1551 192 1563 219 ὁ
1580 188 1606 218 d)
1623 188 1693 219 pluo<
1709 191 1752 220 εἷς
1766 191 1817 218 Soe-

943 227 1038 256 adcon<
1059 248 1068 263 ‚
1107 234 1143 257 ut
1166 224 1343 257 distinet-ani
1380 226 1566 261 sententiam
1592 229 1786 263 constituant
1805 253 1825 270 ,.

943 267 1028 299 recte
1044 268 1146 308 accipi
1164 266 1276 308 poss'e‘?
1288 269 1400 308 ecquid
1412 269 1566 301 referetur
1585 272 1621 302 ad
1639 274 1666 299 π’
1682 273 1817 308 κρινέσθῶἒ

943 309 1092 341 nimirum
1112 318 1177 340 non
1199 308 1287 348 sum,
1310 310 1363 349 qui
1381 311 1667 350 anidmadvertaim
1690 322 1747 344 cur
1762 314 1818 345 illa

944 359 1012 382 vox
1038 348 1117 382 stare
1145 358 1279 391 nequeat
1303 351 1366 383 fine
1389 351 1583 384 fulcimento
1609 353 1738 386 alterius
1756 364 1815 385 vo-

944 392 1008 431 cis,
1034 394 1150 429 κρινᾰιθω
1170 395 1197 420 αἰι
1216 392 1253 423 οἷς
1278 406 1346 426 umis
1369 394 1399 424 &
1419 394 1557 434 reliqua,
1584 394 1614 426 in
1640 393 1725 425 hunc
1752 395 1817 428 sen-

945 432 1028 465 sum:
1053 433 1213 474 Judicetur
1239 435 1272 465 in
1299 436 1353 474 iis,
1384 445 1444 477 qtae
1467 435 1542 476 Juri
1570 434 1664 476 nostro
1689 436 1813 478 adversa

944 485 1001 506 non
1007 475 1081 516 firm
1091 498 1102 514 ,
1115 477 1275 518 secundum
1286 476 1383 519 Leges
1400 476 1543 508 Rhodias.
1570 476 1644 509 satis
1660 484 1735 518 apte
1744 477 1810 508 hoc

944 517 987 549 ita
1006 517 1133 549 dicitur.
1172 516 1269 564 Quod
1288 517 1309 550 fi
1327 527 1430 550 tamen
1447 518 1478 550 id
1497 518 1563 550 fieri
1587 528 1652 550 non
1667 518 1813 559 patiaris,

943 567 1020 590 ecce
1042 561 1248 590 commodum
1278 559 1418 601 legetur,
1443 562 1556 596 τὶνέμῳ
1571 564 1615 589 πῖ.
1633 560 1729 589 ‘rodim
1751 561 1811 592 ἃς.

946 600 1027 632 Illud
1054 601 1137 643 Lege
1167 600 1347 632 Rhodiorum
1376 602 1562 640 dirimatur,
1593 603 1620 631 τὶ
1645 601 1730 633 enirn
1754 611 1813 642 pro

942 643 1003 670 τετυ
1031 640 1164 674 Graecos
1190 643 1377 684 quandoque
1410 642 1556 685 usurpare
1582 642 1815 675 demonstrandi

940 684 1040 724 gratia
1066 682 1136 715 satis
1162 682 1207 715 est
1226 692 1357 715 certum.
1413 684 1529 727 Neque
1554 686 1650 717 etiam
1677 687 1706 713 τὸ
1729 694 1746 715 a
1773 688 1812 721 τῷ

940 727 973 757 in
998 726 1184 757 elocutione
1215 724 1324 758 differt
1356 726 1525 768 quicquam
1545 751 1555 767 ,
1598 727 1630 759 in
1656 726 1810 767 scriptura

940 776 1058 807 parum.
1105 767 1154 799 Ad
1179 766 1264 798 hunc
1290 767 1419 799 modum
1444 768 1584 810 expressa
1605 769 1666 800 erit
1685 777 1754 809 quae
1778 769 1810 800 in

940 807 1134 840 versionibus
1158 809 1258 850 vulgo
1282 809 1429 849 additur,
1451 810 1568 842 vocula
1586 810 1678 850 illud,
1703 811 1753 849 ici,
1776 820 1811 841 ea

938 859 1004 888 res,
1027 851 1057 881 <Sc
1077 849 1119 882 iic
1136 859 1244 892 porro.

981 891 1027 922 Ut
1043 901 1121 922 vero
1136 891 1297 923 arbitraria
1313 890 1358 923 est
1374 892 1637 936 interpunctionis
1651 895 1752 934 ratio,
1768 894 1810 927 fic

938 942 1002 964 non
1019 933 1197 974 negaverim
1209 955 1220 972 ,
1244 933 1339 965 verba
1357 933 1398 980 Q.
1413 933 1455 967 D.
1467 936 1505 968 A.
1520 936 1714 977 conjunctim
1731 946 1809 978 quo-

937 983 999 1015 quc
1025 974 1085 1015 legi
1112 974 1210 1015 POssC.
1254 974 1396 1007 LOCUth
1419 976 1475 1008 Illa
1491 980 1562 1012 νόμος
1579 979 1646 1013 νόμῳ
1667 980 1808 1017 κριὺέεθω,

937 1016 958 1046 fi
977 1015 1109 1056 abrupte
1127 1025 1196 1047 eam
1217 1016 1352 1057 accipias
1366 1039 1376 1056 ,
1397 1019 1543 1050 nonnihil
1563 1020 1690 1060 quidem
1706 1019 1807 1053 offen-

935 1057 1003 1096 dit,
1028 1056 1079 1087 led
1098 1066 1162 1089 non
1181 1066 1271 1098 aeque
1293 1056 1452 1098 offendet,
1476 1060 1498 1092 fi
1518 1061 1587 1094 νόμος
1605 1064 1646 1093 ωῗς
1669 1064 1809 1095 θαλάσσης

935 1097 1098 1138 dijudicari
1113 1098 1259 1139 jubeatur
1276 1102 1340 1135 νόμῳ
1357 1102 1404 1128 πῒν
1420 1101 1516 1131 ‘rodim
1533 1105 1570 1138 τῷ
1585 1109 1709 1142 υααπκςε;
1727 1114 1806 1145 prae-

935 1139 1047 1185 cipue,
1071 1139 1092 1172 fi
1111 1140 1252 1172 dicamus
1266 1140 1285 1170 ’ἳ-
1301 1141 1387 1180 νόμον,
1407 1143 1460 1184 qui
1476 1143 1580 1184 primo
1600 1144 1676 1176 loco
1694 1154 1807 1178 occur-

934 1190 996 1219 rit,
1015 1191 1079 1213 non
1094 1181 1221 1213 differre
1239 1192 1256 1213 a
1274 1187 1309 1218 τῷ
1328 1184 1412 1223 νόμῳ,
1436 1185 1490 1226 qui
1506 1186 1648 1217 occurrit
1670 1186 1747 1218 loco
1766 1186 1810 1218 se-

934 1222 1050 1254 cundo.
1072 1222 1214 1264 Nescio,
1240 1233 1297 1255 cui·
1315 1225 1466 1258 Seldenus
1478 1251 1488 1267 ‚
1513 1236 1570 1259 cur
1586 1227 1663 1260 item
1680 1226 1809 1260 Gotho-

933 1262 1042 1296 fredus
1070 1265 1129 1297 alia
1155 1273 1249 1306 atque
1269 1266 1330 1298 alia
1353 1266 1584 1309 fignificatione
1610 1270 1678 1302 haec
1695 1269 1808 1302 obtru-

934 1306 1028 1345 dant,
1055 1307 1084 1339 &
1109 1307 1162 1338 hic
1182 1307 1331 1349 quidem,
1357 1316 1393 1340 ut
1417 1311 1515 1352 magis
1541 1310 1707 1351 obtineat,
1732 1312 1807 1353 Cap.

935 1346 1007 1379 Vll.
1032 1348 1096 1380 alio
1113 1348 1218 1381 rursus
1234 1348 1324 1381 sensu
1339 1352 1403 1386 νόμυ
1417 1352 1610 1385 vocabulum
1626 1351 1734 1386 efferri
1749 1363 1807 1396 pu-

935 1396 981 1420 tet
1014 1389 1045 1421 in
1078 1389 1189 1429 hlsCC,
1222 1394 1250 1419 όν
1279 1389 1314 1424 οἷς
1339 1395 1407 1427 lviv}
1431 1394 1454 1422 3
1479 1396 1602 1433 η’μετίρω
1631 1395 1708 1432 νέμων
1730 1398 1810 1432 αότᾷῖ

934 1432 1071 1472 imus-3.
1097 1430 1275 1472 Difficiles,
1297 1432 1319 1466 fi
1334 1434 1441 1466 dicere
1459 1434 1574 1476 liceat,
1598 1446 1711 1480 nugae,
1736 1437 1806 1479 qui-

932 1472 991 1505 bus
1020 1473 1148 1506 insultat
1176 1474 1339 1507 Salmasius
1356 1499 1367 1516 ,
1397 1477 1558 1510 taciturus
1588 1477 1747 1519 fortasse,
1781 1477 1807 1512 fi

931 1516 999 1549 νέμοι
1015 1515 1132 1557 ubique
1151 1515 1375 1551 transferamus
1385 1519 1458 1561 jas,
1480 1519 1540 1552 hac
1554 1520 1729 1560 sententia,
1752 1520 1808 1560 &‚

933 1557 965 1588 ni
984 1556 1103 1597 fallor,
1127 1558 1238 1600 plana:
1259 1559 1311 1602 jus
1329 1562 1510 1594 maritimum
1533 1572 1570 1594 ex
1600 1562 1656 1595 'ure
1674 1562 1805 1595 Rhodio-

932 1609 997 1630 rum
1014 1600 1120 1631 navali
1134 1605 1275 1641 petatur,
1298 1602 1331 1632 in
1348 1604 1448 1644 quibus
1457 1604 1523 1647 juri
1537 1572 1632 1646 nostro
1647 1604 1802 1646 adversum

932 1650 989 1672 non
1009 1638 1059 1681 est.
1104 1641 1153 1673 ,Ita
1171 1651 1236 1674 non
1256 1640 1302 1674 est
1327 1653 1428 1685 opus,
1451 1654 1488 1677 ut
1511 1647 1612 1679 multa
1635 1645 1804 1679 commini-

931 1681 1053 1714 scamur
1078 1683 1117 1714 de
1136 1683 1205 1725 jure
1230 1683 1493 1727 publicanorum,
1515 1695 1569 1719 aut
1592 1688 1632 1720 de
1642 1689 1711 1732 jure
1728 1694 1804 1729 prae-

934 1724 1030 1765 tensi),
1055 1726 1140 1766 quod
1158 1725 1209 1757 vel
1227 1725 1278 1765 hi,
1305 1727 1358 1759 vel
1375 1727 1484 1760 insulae
1508 1728 1684 1772 Cyclades,
1710 1730 1803 1763 mini-

933 1764 1028 1812 sterio
1051 1766 1234 1806 servorum,
1257 1767 1311 1802 fibi
1339 1768 1543 1803 adseruiffent
1563 1772 1597 1804 in
1616 1771 1803 1813 persequen-

932 1808 981 1839 dis
1002 1807 1184 1850 naufragiis.
1228 1809 1372 1850 Scimus,
1399 1811 1578 1853 Praetores,
1607 1813 1703 1846 etiam
1727 1821 1803 1844 cum

932 1849 1040 1891 inique
1064 1850 1257 1891 decernant,
1284 1859 1387 1885 tamen
1412 1854 1463 1896 jus
1489 1854 1614 1895 dicere,
1640 1854 1691 1887 sed
1721 1854 1802 1895 rapi-

930 1900 984 1923 nas
1002 1891 1243 1934 Cycladcnfium
1262 1893 1331 1935 quis
1348 1895 1466 1927 dixerit
1487 1897 1558 1938 jus,
1582 1896 1652 1939 quis
1668 1897 1738 1933 νέμον
1759 1899 1803 1928 τῆς

930 1932 1087 1966 flacio-cm?
1111 1943 1188 1966 eane
1205 1933 1250 1966 est
1266 1944 1432 1976 paupertas
1447 1937 1598 1970 sermonis
1616 1936 1740 1977 Graeci,
1766 1945 1804 1969 ut:

930 1975 1080 2016 perversis
1098 1976 1264 2008 vocabulis
1290 1978 1442 2010 utendum
1471 1979 1508 2011 fit
1534 1979 1551 2011 ,9
1580 1987 1617 2011 ut
1642 1979 1800 2011 hariolan-

931 2017 1005 2048 dum
1024 2017 1062 2048 de
1081 2017 1180 2057 trina,
1199 2026 1234 2049 ut
1253 2018 1317 2059 ipse
1335 2028 1445 2061 purat,
1459 2020 1688 2062 significatione
1705 2021 1799 2052 unius

931 2058 1020 2090 verbi
1040 2058 1073 2090 in
1091 2059 1199 2090 eadem
1217 2060 1388 2094 oratione?
1411 2061 1506 2094 satius
1529 2061 1574 2094 est
1600 2063 1800 2104 interpunge-

930 2109 964 2131 re
993 2099 1108 2138 verba,
1131 2111 1223 2141 quam
1253 2102 1296 2133 ita
1321 2112 1546 2150 compungere.
1591 2103 1710 2145 Aperta
1734 2103 1800 2142 est,

926 2150 1023 2183 >quam
1040 2151 1098 2173 nos
1121 2143 1282 2183 dedimus,
1309 2145 1493 2185 conjunctio
1512 2146 1541 2177 δι
1559 2145 1799 2187 interpretatio,

931 2193 990 2214 nec
1013 2183 1182 2225 quicquam
1209 2185 1255 2216 ibi
1279 2187 1416 2218 occulta:
1449 2187 1593 2220 notionis
1627 2196 1682 2219 auc
1720 2186 1799 2228 figu-

930 2235 983 2257 rae.

973 2267 1080 2300 Poss'es
1104 2276 1256 2309 praeterea
1281 2269 1373 2302 aliter
1397 2271 1557 2312 explicare
1576 2271 1631 2303 illa
1657 2273 1670 2301 ὅ
1694 2271 1800 2308 fficium

931 2310 990 2342 &c.
1012 2319 1086 2341 cum
1106 2309 1247 2352 sequenti
1270 2321 1395 2352 quoque
1416 2313 1548 2353 periodo
1573 2312 1798 2354 intelligenda3

930 2360 965 2383 ut
983 2361 1056 2385 cum
1073 2351 1156 2385 dixit
1174 2355 1187 2380 0'
1204 2354 1218 2390 5
1233 2353 1304 2387 ιίμος
1329 2358 1368 2385 ’τῆς
1387 2356 1516 2387 θαλάσσης
1538 2359 1575 2392 τῷ
1597 2355 1663 2390 ’ίμῳ
1680 2359 1727 2385 ἰὅν
1743 2355 1797 2382 'Po-

929 2394 983 2424 δΥων
998 2394 1113 2430 κρινέσθω
1135 2397 1174 2430 τῷ
1197 2397 1323 2431 νοω-ηκῇ,
1347 2396 1473 2436 pCI'lndC
1497 2396 1534 2428 fit
1549 2420 1558 2435 ‚
1587 2403 1683 2437 atque
1699 2395 1722 2428 sl
1748 2396 1794 2427 dl·

927 2435 1086 2474 Xiffet‚·rfi
1106 2435 1172 2472 νέμῳ
1192 2439 1239 2468 vulf.
1259 2436 1355 2467 'Poo'a'asv
1371 2460 1380 2474 ,
1403 2442 1438 2477 τῇ
1453 2438 1635 2470 τῗςθαλοίο-σης
1655 2437 1738 2476 nimy,
1763 2437 1796 2469 ἃ

928 2477 973 2508 ita
1002 2477 1161 2518 deinceps.
1217 2477 1271 2509 Est
1298 2478 1352 2510 ille
1381 2479 1528 2519 loquendi
1555 2478 1668 2511 modus
1686 2477 1796 2520 paffim

927 2517 1066 2560 vulgaris
1082 2520 1162 2558 apud
1180 2518 1333 2558 Graecos,
1356 2519 1488 2553 Latinos
1505 2521 1535 2552 ἅ
1553 2521 1586 2553 in
1608 2520 1797 2559 vernacula;

928 2569 968 2591 eo
985 2560 1055 2592 ul'us
1066 2559 1110 2592 est
1121 2561 1294 2599 Horatius,
1313 2561 1384 2594 Lib.
1402 2561 1426 2594 I.
1444 2563 1545 2604 Smyr.
1562 2572 1590 2594 2.
1598 2569 1648 2603 pr.

1014 2602 1249 2635 Ambubaiarmn
1265 2604 1388 2643 colleg-[a
1397 2628 1406 2643 ‚
1433 2604 1667 2645 Pharmacopolae
1675 2626 1686 2642 ,

1013 2644 1154 2676 Mendici
1165 2669 1174 2684 ,
1192 2645 1286 2678 Ilffz'mi
1297 2669 1306 2685 ,
1323 2646 1514 2686 Balari-ones,
1529 2646 1579 2677 hoc
1596 2655 1689 2688 genus
1702 2655 1794 2676 omne.

928 2694 986 2724 pro
1002 2695 1081 2717 omne
1096 2696 1189 2729 genus
1203 2687 1435 2719 Ambubaiarum
1445 2687 1508 2722 &a
1552 2696 1656 2728 neque
1672 2686 1795 2718 abludit

926 2726 1080 2769 Virgilius
1099 2729 1222 2761 AEnelcl.
1249 2729 1318 2760 Lib.
1346 2728 1370 2760 I.
1389 2736 1438 2770 pr.

925 2810 957 2843 ἃ
1012 2768 1110 2801 Arma
1129 2771 1291 2812 Virumque
1311 2781 1395 2802 cane.

974 2820 1066 2843 mox:

1155 2855 1278 2885 multum
1299 2854 1350 2895 ille
1368 2853 1403 2889 ὅ)
1425 2856 1510 2886 terris
1523 2854 1655 2896 jaffatus
1671 2852 1708 2888 ἐξ)
1723 2852 1793 2884 alto.

927 2894 1022 2927 etiarn
1046 2895 1077 2927 in
1096 2895 1170 2935 Jure
1186 2895 1296 2928 nostro
1315 2897 1495 2937 exemplum
1513 2899 1555 2926 etl
1578 2897 1644 2935 ejus
1659 2895 1799 2928 locutio-

927 2937 975 2968 nis
999 2936 1030 2968 in
1057 2938 1273 2977 conceptione
1297 2937 1388 2977 primi
1418 2936 1559 2977 Capituli
1580 2936 1675 2977 Legis
1694 2935 1795 2968 Falci-

927 2978 1006 3016 diae,
1030 2979 1115 3019 quod
1141 2978 1172 3010 in
1196 2979 1215 3010 l.
1247 2988 1272 3010 1.
1293 2984 1340 3018 pr.
1359 2977 1401 3019 ff.
1422 2988 1455 3008 eo
1471 2979 1518 3010 tir.
1544 2979 1588 3009 ita
1606 2977 1795 3010 exhibetur:

965 3021 994 3050 zei
1008 3021 1088 3051 cives
1104 3019 1235 3051 Romani
1241 3020 1315 3061 simi:
1324 3043 1334 3058 ,
1358 3021 1409 3060 qui
1422 3029 1517 3050 eorum
1530 3017 1593 3060 post
1609 3020 1685 3051 hanc
1701 3019 1795 3062 legem

928 3067 1063 3103 rogatam
1076 3059 1278 3102 testamentum
1287 3060 1392 3100 facere
1410 3060 1489 3091 volet
1505 3061 1565 3096 &a
1599 3070 1658 3102 pro
1673 3059 1736 3105 Qui
1754 3063 1796 3093 ci-

929 3105 1011 3134 vium
1030 3102 1229 3134 Romanorum
1242 3100 1305 3143 post
1322 3102 1398 3132 hanc
1414 3102 1507 3144 legem
1526 3103 1586 3135 &a
1631 3101 1746 3135 Fabius
1761 3112 1798 3134 ea

928 3144 968 3175 de
985 3154 1018 3175 re
1034 3143 1180 3175 nonnihil
1203 3143 1368 3174 adnotavit
1394 3142 1464 3175 Lib.
1490 3144 1550 3176 IX.
1575 3141 1675 3185 Insilit.
1705 3144 1796 3176 Orat.

931 3185 962 3216 C.
988 3196 1018 3227 3.
1063 3184 1097 3216 In
1117 3185 1220 3223 hunc,
1244 3191 1278 3215 ut
1290 3184 1449 3223 diximus,
1470 3186 1616 3226 modum,
1635 3185 1799 3226 disjunctis
1832 3222 1838 3225 ⁷

929 3227 1006 3258 licet
1019 3225 1146 3266 verbis,
1167 3235 1228 3259 una
1243 3233 1346 3260 temen
1361 3225 1517 3260 efficietur
1535 3226 1707 3266 sententia,
1727 3235 1798 3299 <guae

1752 3275 1801 3298 eic
