2008 3436
298 123 490 163 OPUSC.
540 120 616 158 DE
667 113 1064 155 CAPTATORIIS
1113 113 1424 154 INSTITUT.
1477 117 1515 155 C.
1541 117 1585 155 X.

70 211 128 243 hac
148 208 346 250 stipulatione
362 218 372 247 ;
396 201 658 249 quemadmodum
675 198 751 231 huic
766 196 850 238 Juris
869 196 932 228 Ro-

69 254 151 284 mani
170 252 310 284 Decreto
332 249 414 282 reete
436 244 608 287 superdixit
623 241 770 274 Bartolus
788 238 861 271 adl.
880 247 930 279 71.

64 293 104 335 ff.
129 296 162 325 de
188 293 304 326 Haered.
328 290 423 333 instit.
596 325 626 331 ..

148 335 266 366 uamvis
289 341 416 374 magnus
440 329 537 362 fuerit
562 325 698 359 militum
715 323 933 355 Romanorum

66 376 181 415 favor,
203 378 253 414 δε,
278 374 363 416 quod
381 373 417 404 ad
436 372 635 406 testamenta,
657 374 769 396 eorum
785 365 934 395 voluntas

67 427 126 460 pro
143 419 211 458 jure
229 417 387 454 servetur,
413 423 448 445 ut
464 414 507 444 eli
535 413 566 443 in
591 410 611 440 l.
632 416 668 454 ἰ..
694 407 726 438 C.
751 406 784 437 de
806 404 932 452 Tesiaiti.

66 460 158 491 milit.
181 459 253 501 quia
270 466 370 490 tamen
387 454 535 495 exemplo
551 450 763 494 perniciosum
779 446 874 486 effet,
895 456 934 479 iis

66 501 181 539 licere,
213 509 283 541 quae
309 506 420 530 contra
443 495 544 527 bonos
570 492 806 537 inoresnunt,
837 497 934 520 nenio

67 541 293 583 improbaverit
310 564 320 580 ,
351 538 433 579 quod
464 536 563 576 impp.
593 531 768 579 relcribunt
785 530 860 577 ms·
883 539 930 576 ii.

70 584 102 617 C.
130 582 202 615 Eud.
238 581 296 613 Tit.
333 579 518 620 Captatur-ius
545 573 763 616 institutiones,
786 578 876 603 etiam
900 581 933 603 m

66 625 173 657 uilius
195 621 382 660 taliamento,
417 620 528 652 nullius
542 618 592 659 este
610 616 754 648 momenti.
793 612 932 661 'Interest

67 665 188 699 scilieet
206 658 422 704 Reipublicae,
445 671 509 693 non
534 667 674 704 tantum,
701 666 740 688 ne
757 656 876 703 milites
894 654 932 686 ab

65 706 134 741 aliis
150 705 330 746 capiantur,
354 703 406 736 sed
423 705 452 736 ὃς
473 712 512 734 ne
531 700 689 746 ipsi-allos
711 706 858 744 capiant,
880 695 933 737 spe

66 746 254 780 haereditatis
271 746 403 787 objetia.
451 745 543 776 Valet
562 741 699 784 igitur&
720 740 771 771 hic
789 739 868 786 illud
877 738 933 770 Pa-

66 788 182 831 piniani
201 788 232 819 in
256 788 275 819 l.
293 798 344 828 40.
375 787 415 829 ff.
441 789 474 818 a'e
499 780 679 824 Adminiftr.
704 781 739 816 ἅτ
758 787 849 821 peric.
875 785 931 826 tiit.

67 830 267 871 Pri’vi'legizim
293 830 419 860 utilitum
444 830 482 859 ad
509 828 638 858 alienarii
656 825 799 865 injurtam
815 829 931 863 porrigi

69 881 125 902 non
142 871 360 912 11,o‹·i·zec.Jaibn
371 871 407 902 ad
424 871 453 902 d.
470 870 489 900 l.
506 878 552 900 11.
572 867 664 898 aliam
681 864 834 911 rationein
847 863 934 909 dedit

66 912 174 952 hujus,
195 913 289 943 etiam
304 913 333 944 in
348 912 468 950 milite,
489 907 734 951 prohibitionis,
754 904 804 951 sed
822 904 932 945 Jalone

65 954 244 995 indignam;
264 962 298 986 ut
317 952 428 994 &ipso
455 952 580 991 indigna
595 948 640 980 esi
665 947 815 988 quaestiO,
840 956 933 992 quain

65 996 262 1034 tractaban,
278 995 362 1036 quod
372 997 423 1026 liic
444 992 622 1025 rescribitur
641 990 679 1021 de
700 995 930 1033 captatorium-

68 1038 232 1069 stitutione
248 1035 483 1074 militis‚etiani
501 1033 606 1064 valere
624 1038 814 1077 oporteatin
827 1029 930 1070 legato

65 1079 176 1111 militis
189 1077 394 1118 captatorio?
414 1076 522 1107 dubita
531 1074 652 1118 adhue,
670 1073 691 1103 11
711 1071 822 1117 legeris
846 1072 929 1110 l.64.

61 1120 143 1161 ff.de
154 1120 262 1162 Legat.
275 1118 300 1150 I.
325 1118 442 1151 Eadem
458 1123 562 1148 autem
579 1121 720 1160 ratione,
737 1121 798 1152 qua
815 1121 931 1152 impro-

65 1163 179 1193 bantur
196 1160 332 1192 militum
350 1159 534 1200 captatoriae
553 1155 857 1193 institutiones,non
877 1162 928 1184 va-

64 1201 170 1236 lebant
187 1210 333 1244 quoque,
351 1211 392 1233 ex
409 1209 520 1232 eorum
537 1197 743 1234 testamentO,
755 1196 855 1242 legata
863 1203 929 1236 poe-

65 1253 115 1279 nae
133 1243 262 1276 nomine
293 1243 321 1284 §.
340 1244 394 1275 ult.
427 1240 502 1283 Inft.
524 1242 558 1272 de
585 1239 696 1281 Legat.
713 1247 869 1279 quamvis,
895 1243 930 1284 ut

64 1285 151 1324 dixi,
185 1285 216 1317 &
243 1284 288 1316 ibi
311 1285 434 1316 additur
447 1306 458 1322 ‚
489 1283 554 1314 ali'ae
570 1281 697 1313 militum
714 1279 880 1310 voluntates
896 1288 929 1309 in

62 1327 235 1360 ordinandis
259 1325 438 1368 testamentis
453 1325 540 1356 valde
556 1323 790 1365 observabantur.

107 1368 239 1401 Veteres
262 1368 344 1409 Juris
368 1367 558 1408 Interpretes
573 1389 583 1405 ,
607 1365 639 1396 in
659 1363 721 1394 hoc
744 1370 931 1409 argumento

63 1410 234 1452 occupati,
266 1419 380 1452 magno
404 1408 568 1441 molimine
594 1404 772 1446 disputant,
794 1413 832 1436 an
851 1404 881 1436 &
899 1413 931 1436 in

62 1452 161 1484 causis
176 1452 236 1493 piis
256 1452 358 1483 valeat
376 1449 550 1492 captatoria
565 1446 748 1493 institutio?
766 1445 932 1493 ‚Potest-ea

60 1503 112 1526 res
136 1492 226 1525 usum
251 1492 364 1525 habere
379 1516 389 1532 ‚
421 1491 442 1525 fi
462 1500 517 1532 per
542 1497 747 1530 captatoriam
763 1487 931 1519 institutio-

61 1545 135 1568 nem
163 1535 375 1576 intelligamus
391 1558 402 1574 ‚
437 1540 473 1565 ut
493 1532 636 1574 plerique
668 1539 779 1575 eorum
809 1528 938 1576 intelle-A

61 1584 200 1617 xerunt,
225 1577 476 1614 institutionem,
502 1574 631 1606 alterius
655 1571 929 1618 arbitrio-permis-

61 1618 126 1652 sam
138 1642 149 1658 ,
182 1625 216 1650 ut
233 1617 262 1658 fi
275 1625 416 1659 pauperes
439 1617 562 1648 haeredes
570 1615 735 1656 scribamus
750 1622 788 1644 ex
807 1615 845 1643 iis
859 1617 928 1653 pam-

62 1662 162 1700 tibur,
192 1670 263 1703 quas
295 1659 391 1691 Titius
415 1658 481 1699 efflet
504 1657 700 1697 definiturus,
723 1655 776 1686 vel
796 1652 930 1693 Ecclefioe

60 1707 104 1735 τοι
120 1703 265 1745 legemus,
310 1707 356 1733 aot
377 1699 473 1732 Titius
489 1699 634 1736 voluerit,
660 1704 737 1728 tunc
755 1719 766 1736 ,
782 1697 928 1738 inquam,

61 1753 100 1776 ea
117 1753 166 1776 res
183 1742 271 1776 usum
297 1744 402 1776 iabere
428 1740 542 1783 potest.
587 1739 646 1772 Sed
663 1747 759 1779 quum
781 1738 849 1770 haec
866 1746 931 1784 nqn

61 1784 100 1820 fit
124 1785 299 1827 captatoria
323 1783 503 1821 institutio,
539 1783 568 1814 ἃ
588 1781 714 1823 prolixe
732 1780 765 1812 in
783 1779 839 1811 hac
856 1779 930 1811 deli-

61 1826 186 1859 nitione
199 1825 351 1858 fallantur
367 1824 461 1867 prisci
483 1825 543 1856 aevi
573 1823 780 1864 interpretes,
811 1830 852 1853 ex
871 1830 932 1852 ma-

61 1868 94 1901 le
110 1868 268 1900 intellecta
299 1868 320 1900 l.
337 1877 386 1909 70.
406 1867 448 1908 ff.
478 1868 512 1898 de
543 1865 661 1897 Hcered.
682 1862 778 1905 instit.
796 1871 832 1895 ut
851 1872 928 1894 mox

62 1909 165 1941 dicam
185 1910 255 1950 Cap.
274 1909 330 1941 ult.
355 1918 418 1941 non
438 1907 509 1940 satis
518 1906 760 1952 animadverto,
780 1904 926 1946 quemad-

62 1950 192 1984 modum
218 1952 285 1982 haec
305 1973 315 1989 ‚
345 1960 416 1992 quae
435 1959 509 1981 vere
533 1949 577 1981 est
607 1954 798 1988 captatoria,
823 1956 928 1988 quam-

84 2001 122 2024 ue
143 1990 231 2034 supra
246 1991 408 2034 descripsi,
433 1990 579 2022 obtinere
593 1988 686 2031 poliit
704 1989 734 2020 in
757 1988 847 2020 causa
865 1988 925 2030 pia.

60 2001 144 2080 {uis
159 2036 328 2076 pauperes,
351 2034 440 2064 verbi
457 2033 575 2074 gratia,
603 2030 655 2062 vel
672 2029 842 2076 Curatores
854 2039 926 2077 pau3

105 2084 173 2107 rum
196 2074 346 2108 scriberet
375 2074 514 2107 baeredes
530 2096 541 2112 ‚
572 2073 594 2106 fi
610 2074 640 2106 δι
657 2071 712 2113 ipfi
726 2070 758 2103 se
781 2071 928 2112 scripturi

76 2116 149 2148 int‘?
172 2118 274 2149 omnis
291 2115 381 2148 causa
397 2117 447 2157 pia
464 2117 495 2147 in
512 2125 552 2147 eo
568 2114 630 2154 est,
654 2121 690 2145 ut
706 2114 850 2153 accipere
858 2122 928 2154 pos-

63 2157 101 2189 fit
122 2156 334 2189 haereditatem
352 2158 403 2190 vel
422 2157 579 2198 legatum,
601 2166 666 2189 non
691 2155 824 2187 vicissim
838 2155 928 2187 dare:

64 2207 160 2240 quare
177 2207 235 2230 nec
251 2199 298 2230 illi
315 2199 394 2230 alios
410 2199 538 2239 poss'unt
551 2197 687 2230 scribere
711 2196 870 2236 haeredes,
894 2206 930 2228 ea

63 2240 152 2281 lege,
185 2247 221 2271 ut
244 2240 274 2272 ὅ(
301 2239 357 2281 ipfi
373 2239 556 2271 scribantur.
609 2239 651 2271 Et
669 2238 741 2279 quia
753 2239 845 2270 aliam
863 2237 930 2279 spe-

62 2281 165 2320 ciem,
197 2290 266 2323 quae
291 2281 354 2312 huc
377 2281 550 2321 pertineat,
582 2291 646 2313 non
673 2279 769 2319 novi,
796 2280 930 2311 rotunde

62 2322 217 2361 dixerim,
248 2322 323 2354 huic
348 2322 533 2363 quaestioni,
565 2322 597 2356 in
621 2320 713 2354 causa
729 2323 799 2363 pia,
823 2321 930 2353 locum

65 2363 127 2396 ess‘e
144 2363 292 2396 idoneum
311 2373 374 2395 non
392 2362 489 2404 posse.

106 2405 205 2449 Quod
214 2405 303 2446 supi-a
312 2405 452 2437 dicebam
465 2405 496 2436 C.
518 2404 572 2437 ΙΙΙ.
592 2414 732 2438 mutuam
749 2404 932 2445 Conjugum

63 2446 239 2479 aliorumve
256 2446 487 2478 institutionem
495 2470 506 2485 ,
525 2447 598 2489 quia
607 2456 683 2489 pura
691 2446 720 2478 &
730 2446 862 2488 simplex
871 2448 931 2484 est,

63 2488 270 2530 captatoriam
286 2488 349 2520 dici
368 2498 431 2520 non
443 2488 548 2529 poffe,
558 2489 652 2530 idque
659 2498 768 2520 verum
776 2488 854 2526 effe,
866 2487 930 2519 iive

64 2529 194 2568 iisdem,
205 2529 269 2562 five
284 2529 413 2561 diversis
429 2529 565 2562 Tabulis
574 2540 609 2562 ea
624 2529 678 2562 fiat
688 2553 697 2569 ,
716 2530 862 2562 omnibus
879 2528 927 2560 In-

63 2571 384 2644 terpretibusplacere
392 2581 456 2602 non
475 2572 592 2612 potuit.
613 2571 844 2604 Damnatcerte
860 2579 928 2602 eam

64 2609 250 2644 sententiam
283 2611 440 2645 ranciscus
449 2613 642 2646 Sarmientus
652 2613 745 2646 L.11.
759 2613 862 2645 Selebi.
875 2611 928 2644 In-

64 2657 182 2692 terpret.
203 2653 236 2685 C.
246 2662 276 2694 4.
295 2653 561 2693 damnat-loannes
571 2654 737 2688 Dekhems
754 2656 794 2687 L.
814 2655 838 2687 Ι.
857 2653 928 2685 Dis-

55 2693 130 2735 sert.
141 2701 212 2739 7:⁷²·
223 2698 252 2728 8.
264 2694 336 2732 8³⁹9.
347 2693 396 2726 sed
405 2695 551 2728 damnant
561 2696 624 2729 fine
631 2697 764 2736 ratione,
775 2698 840 2729 imo
851 2706 927 2728 con-

64 2741 112 2766 tra
121 2743 274 2780 rat-ionem
282 2758 292 2774 ‚
301 2745 392 2777 quam
401 2736 439 2767 de
448 2737 535 2769 licita
544 2745 660 2770 mutuae
669 2737 845 2771 affectionis
854 2748 926 2780 pro-

64 2781 236 2807 vocatione
247 2777 355 2808 attulit
371 2777 555 2819 Papinianus
565 2780 597 2812 in
614 2780 634 2811 l.
648 2789 697 2827 20.
708 2779 750 2822 ff.
760 2782 794 2811 de
807 2779 924 2812 Haered.

64 2814 161 2857 ‘'nstit-
183 2816 319 2863 Mutuus
333 2827 420 2850 amor
436 2820 540 2860 potest
558 2821 804 2854 dedislecausam
813 2822 926 2854 utrius-

65 2867 126 2898 que
134 2857 302 2904 iioluntatn
313 2860 414 2899 potest
425 2861 455 2892 δι
464 2869 572 2894 mutua
581 2863 738 2895 inllitutio
746 2886 758 2902 ‚
772 2863 823 2895 sed
832 2863 884 2895 vel
894 2864 927 2896 iii
939 2876 941 2878 ¹

65 2908 106 2930 eo
124 2898 203 2930 nihil
226 2907 392 2940 quicquam
417 2902 460 2934 est
482 2904 704 2945 turpitudinis,
728 2905 825 2937 modo
842 2913 925 2936 uter-

66 2949 128 2980 que
148 2939 344 2985 voluntatem
358 2940 445 2988 suam
461 2943 563 2976 statim
586 2946 616 2977 ἃ
638 2946 852 2979 incontinenti
871 2947 924 2978 de-

63 2982 274 3026 elafavel'fflts
296 2989 329 3012 at
345 2983 366 3014 11
385 2982 478 3023 Caius
492 2984 596 3026 CaJ'am
615 2997 746 3019 uxorem
769 2988 924 3020 haeredem

64 3021 180 3054 scribat
193 3045 203 3061 ³
226 3021 248 3054 fi
267 3023 296 3055 &
314 3022 377 3069 ipsa
403 3023 432 3055 se
456 3025 653 3066 postmodum
670 3028 829 3071 scripserit
842 3052 852 3067 ‚
874 3039 923 3061 ca-

63 3071 134 3136 ptat
152 3062 406 3096 benevolentiam
423 3065 506 3106 Cajae
515 3089 527 3105 ,
549 3078 641 3110 quam
657 3078 734 3102 tunc
751 3081 814 3103 non
834 3071 923 3102 habe.

81 3112 137 3150 at,
160 3104 299 3150 adeoque
327 3105 449 3152 hamum
467 3108 591 3153 adjicit,
616 3120 681 3152 quo
699 3111 800 3144 trahat
818 3112 847 3143 ὅ(
859 3112 923 3154 pel-

64 3146 158 3178 hCfflt
176 3144 282 3185 Galam
299 3170 309 3185 ‚
333 3156 368 3178 ut
385 3157 416 3179 ln
436 3147 482 3180 sui
496 3151 626 3190 gratiam
642 3152 753 3184 deinde
778 3153 924 3185 volunta-

64 3194 129 3217 tem
156 3185 238 3217 suam
264 3187 445 3220 declararet.
498 3191 552 3223 Sin
577 3192 658 3232 ajas,
691 3202 725 3224 ut
742 3194 829 3234 aiunt
846 3195 894 3226 illi
914 3217 924 3233 ‚

62 3237 127 3261 nou
143 3236 284 3261 mutuam
301 3229 575 3271 benevOientiam‚
606 3233 659 3268 sed
679 3243 821 3268 mutuam
839 3235 925 3269 insti-

1773 129 1846 166 439

977 195 1134 228 tutionem
1145 219 1155 235 ,
1179 205 1311 237 eamque
1328 195 1424 228 solam
1435 221 1444 238 ‚
1457 199 1580 232 causam
1598 199 1714 233 dedisse
1729 198 1849 233 utrius⁴

975 246 1038 278 que
1055 236 1264 284 testamento,
1287 238 1320 269 id
1336 238 1416 278 ajes,
1440 241 1525 286 quod
1543 240 1589 273 est
1615 243 1792 282 incertum,
1818 242 1850 274 &

999 278 1080 317 uod,
1092 281 1113 310 11
1123 288 1247 311 certum
1265 279 1361 319 esset,
1381 282 1504 313 caulam
1521 282 1599 322 juris
1616 293 1681 315 non
1699 291 1849 316 mutaret.

975 288 1063 365 Quid
1081 320 1165 352 enim
1183 320 1204 353 fi
1220 320 1304 353 hunc
1315 320 1444 353 scribam
1456 322 1635 363 haeredem,
1653 325 1706 365 qui
1716 335 1766 357 me
1785 326 1849 366 jam

976 361 1096 403 pridem
1114 360 1259 403 scripsit?
1272 363 1301 394 &
1312 362 1332 394 fi
1342 362 1413 394 ideo
1424 362 1554 396 sci-ibam
1565 387 1576 403 ‚
1592 365 1665 407 quia
1681 375 1730 397 me
1749 367 1847 398 haere-

975 403 1046 435 deni
1064 410 1137 435 ante
1148 402 1332 444 scripserat,
1351 405 1381 436 ὁ(
1398 414 1434 436 ea
1449 415 1485 438 re
1495 407 1752 439 benevolentiam
1762 406 1847 440 suam

974 445 1079 477 fuerat
1090 443 1220 490 testatus
1229 445 1246 477 ‘3
1256 446 1342 477 valet
1350 446 1461 488 utique
1469 457 1505 479 ea
1513 447 1673 481 institutio
1682 471 1694 488 ,
1703 450 1849 490 quamvis

976 486 1056 518 hanc
1074 488 1197 519 caulam
1216 486 1378 527 habuerit,
1404 489 1434 521 bt
1454 498 1491 520 ea
1507 490 1630 522 ratione
1639 491 1745 530 valet,
1762 489 1850 532 quod

976 529 1008 560 in
1026 529 1222 574 praeteritum
1240 528 1275 561 tit
1292 529 1419 562 collata.
1462 531 1580 563 Mutua
1598 531 1758 564 institutio
1770 541 1851 573 ‚qua

975 576 1068 603 ambo
1089 569 1178 602 simul
1196 570 1396 604 voluntatem
1413 572 1595 614 declarant,
1618 573 1788 606 confertur
1812 575 1847 606 in

976 619 1099 652 tempus
1123 610 1261 652 praesens
1278 634 1289 650 ‚
1318 622 1383 645 non
1409 614 1441 646 in
1466 614 1612 647 futurum
1628 639 1638 655 ‚
1673 615 1703 648 ὅς
1720 625 1791 656 quae
1814 615 1849 647 in

973 652 1120 698 futurum
1136 651 1322 693 confertur,
1348 654 1412 687 sola
1437 655 1501 696 est,
1535 666 1626 698 quam
1653 657 1755 699 Leges
1771 665 1848 699 pro-

976 694 1106 732 hibent,
1136 694 1156 725 l.
1180 703 1230 735 71.
1259 701 1308 735 pr.
1338 695 1378 737 ff.
1407 698 1441 729 de
1474 697 1592 731 Haered.
1616 699 1711 740 instit.
1737 698 1847 740 prohi-

975 736 1051 782 bent
1075 743 1202 782 autem,
1234 737 1307 777 quia
1336 738 1378 770 lic
1404 740 1506 780 palam
1532 740 1724 782 significatui·
1740 747 1849 782 capta-

977 786 1024 809 tio
1036 799 1048 814 ,
1071 787 1141 818 quae
1162 787 1194 809 in
1212 787 1321 810 mutua
1339 778 1539 814 institutione
1555 804 1566 821 ,
1591 790 1625 814 ut
1643 789 1679 814 ut
1695 782 1757 814 esse
1774 791 1848 823 pos-

976 819 1032 858 fit,
1057 819 1146 865 *tetta
1171 827 1273 851 tamen
1300 820 1346 851 est
1361 844 1373 860 ‚
1405 823 1434 854 ἃ
1463 824 1536 864 quia
1564 823 1645 855 tetta
1663 823 1727 864 est,
1752 833 1850 855 nemo

976 860 1142 906 hominum
1171 867 1242 891 tuto
1267 860 1466 903 distinxerit,
1498 865 1653 904 ejusmodi
1687 865 1849 897 institutio

976 901 1194 942 proficilcatui·
1212 912 1229 932 a
1246 912 1330 934 mera
1347 904 1589 946 benevolentia,
1621 917 1658 939 an
1676 917 1693 939 a
1711 906 1848 939 subdolo

975 943 1135 988 conlilio?
1160 943 1275 983 pendet
1291 945 1321 975 id
1347 954 1363 977 a
1389 945 1510 979 secreto
1538 949 1656 987 animi,
1681 947 1785 990 quod,
1811 955 1848 980 ut

974 983 1065 1024 supra
1081 984 1245 1031 dicebam,
1270 986 1435 1028 negligunt
1464 989 1700 1030 Legislatores‚
1726 991 1798 1030 vel,
1823 989 1847 1022 fi

973 1025 1156 1064 attendant,
1181 1033 1290 1067 utique
1310 1037 1373 1060 non
1392 1029 1639 1071 interpretantur
1666 1033 1696 1064 in
1724 1031 1846 1073 sequio-

972 1076 1037 1098 rem
1065 1074 1195 1112 partem.
1242 1072 1349 1113 Quare
1373 1070 1411 1101 de
1438 1071 1497 1103 hac
1519 1081 1629 1104 mutua
1647 1073 1850 1105 institutione

972 1109 1056 1140 reete
1075 1109 1158 1140 diiiit
1188 1107 1364 1143 Guibertus
1396 1111 1436 1144 L.
1456 1112 1480 1145 Ι.
1518 1112 1628 1159 Quaejt.
1655 1115 1729 1155 Jur.
1756 1115 1788 1146 C.
1813 1123 1845 1155 7.

972 1160 1004 1181 n.
1034 1159 1081 1186 19.
1127 1150 1248 1182 Amoris
1279 1150 1315 1186 59⁹
1334 1154 1475 1186 amicitiae
1507 1158 1707 1189 velamentum
1734 1165 1848 1189 onmem

966 1192 1089 1232 fraudis
1095 1191 1291 1233 suspicionem
1308 1194 1470 1228 excludere.

1000 1232 1063 1280 'Ea
1079 1234 1207 1280 omnia,
1238 1243 1308 1276 quae
1332 1235 1372 1283 de
1383 1240 1564 1283 captatoria
1581 1239 1784 1273 institutione
1800 1238 1848 1271 di-

974 1284 1028 1314 xi,
1052 1284 1196 1321 quamvis
1213 1275 1253 1322 de
1269 1285 1309 1308 eo
1324 1277 1422 1318 nihil,
1446 1282 1531 1322 quod
1548 1281 1663 1322 sciam,
1685 1283 1756 1323 jure
1773 1290 1848 1313 cau-

975 1317 1126 1363 tum-iit,
1149 1316 1278 1357 nescio,
1301 1328 1359 1351 cui·
1383 1330 1449 1353 non
1473 1324 1568 1357 etiam
1590 1324 1737 1356 obtinere
1753 1323 1849 1355 debe-

975 1364 1029 1390 ant
1048 1359 1275 1405 incaptatoria
1297 1359 1520 1397 substitutione
1535 1388 1548 1406 ‚
1578 1374 1779 1408 quaecunque
1792 1365 1849 1396 de·-

975 1409 1061 1432 mum
1079 1400 1134 1446 illa
1151 1399 1197 1447 fit.
1223 1400 1267 1447 ‘In
1282 1400 1426 1436 secundis
1444 1405 1642 1446 haeredibus,
1658 1418 1724 1440 non
1741 1407 1850 1439 minus

975 1450 1070 1483 atque
1084 1451 1118 1474 in
1136 1451 1267 1489 primm,
1295 1444 1420 1491 poss'um
1444 1450 1552 1481 venari
1568 1449 1770 1482 haereditates
1790 1447 1846 1481 vel

974 1484 1096 1530 legata,
1107 1483 1232 1526 possum
1249 1486 1392 1519 1ecundls
1406 1486 1583 1524 haeredibus
1599 1501 1638 1532 ap
1662 1499 1758 1523 onere
1766 1499 1850 1523 con-

974 1526 1130 1572 ditionem
1155 1525 1311 1559 hamatam
1326 1550 1338 1568 ,
1368 1536 1404 1561 ut
1430 1529 1553 1565 scilicet
1572 1500 1757 1565 subKitutio
1779 1541 1849 1566 non.

972 1567 1066 1614 aliter
1091 1567 1196 1599 valeat
1211 1591 1235 1615 ‚¹
1247 1578 1340 1610 quam
1357 1570 1380 1603 fi
1393 1580 1462 1613 me,
1485 1584 1673 1607 meorumve
1689 1575 1851 1617 aliquem,

971 1608 1158 1656 substitutus
1177 1608 1292 1642 scribat
1317 1612 1473 1646 liaeredem
1488 1640 1498 1656 ,
1522 1617 1577 1649 vel
1594 1627 1666 1656 me,
1688 1624 1850 1648 meorum-

972 1659 1013 1697 γε
1030 1650 1185 1692 aliquem,
1209 1651 1325 1685 haeredi
1342 1653 1399 1686 suo
1415 1656 1526 1691 itidem
1543 1658 1730 1697 substituat,
1752 1665 1850 1699 atque

971 1698 1016 1723 ita
1032 1692 1187 1739 haeredem
1205 1692 1375 1727 secundum
1397 1695 1522 1732 scribat.
1605 1700 1668 1732 uod
1687 1700 1708 1732 fi
1725 1699 1850 1738 fuerit,

973 1743 1062 1779 aeque
1070 1757 1080 1773 ,
1091 1743 1208 1781 opinor
1217 1745 1299 1782 ‚pro
1308 1745 1373 1783 non
1382 1736 1498 1780 scripta
1513 1741 1575 1773 erit
1593 1741 1726 1774 iabenda
1735 1740 1850 1773 condi*

973 1782 1021 1806 tio
1032 1797 1045 1819 ,
1066 1785 1102 1807 ac
1117 1779 1138 1808 11
1155 1775 1211 1823 ipsi
1228 1776 1423 1812 institutioni
1441 1781 1551 1815 fuisset
1569 1793 1586 1815 a
1610 1783 1718 1825 posita.

1016 1817 1126 1864 Quum
1139 1817 1293 1866 dicimus,
1315 1823 1526 1862 captatori-am
1542 1793 1776 1858 institutionem
1786 1832 1848 1866 pro

972 1868 1037 1905 non
1056 1860 1171 1900 lcripta
1188 1859 1313 1900 haberi,
1345 1864 1428 1903 five,
1460 1872 1496 1896 ut
1519 1874 1589 1898 utar
1604 1866 1720 1908 Juliani
1738 1866 1849 1898 verbis

971 1909 1005 1948 in
1026 1900 1046 1931 l.
1071 1909 1098 1932 1.
1117 1900 1163 1949 ff.
1184 1902 1218 1932 de
1242 1902 1304 1933 His
1326 1913 1386 1945 quae
1405 1911 1457 1946 prro
1480 1917 1537 1938 non
1551 1908 1661 1949 script.
1685 1909 1751 1940 hab.
1773 1913 1846 1948 per-

971 1942 1038 1973 inde
1063 1942 1182 1989 haberit,
1213 1953 1247 1989 cic
1269 1942 1298 1983 fi
1315 1943 1493 1991 'testamento
1516 1950 1626 1992 inserta
1639 1959 1698 1981 non
1711 1949 1820 1991 fm'ffet
1831 1971 1846 1989 ,

971 1983 1134 2027 quomodo
1154 1985 1192 2031 *id
1218 1985 1354 2032 intelligi
1378 1997 1527 2030 oporteat
1544 2015 1554 2031 ‚
1580 1991 1766 2034 quaestionis
1786 1990 1846 2024 est.

970 2026 1051 2057 Sunt
1066 2048 1078 2064 ,
1107 2028 1368 2074 ς-ιιιιεκιίὶιηῑᾳηῑ
1385 2052 1395 2068 ,
1419 2029 1448 2070 fi
1473 2031 1585 2065 Titium
1607 2034 1746 2065 heeredem
1761 2031 1845 2074 scri-

971 2069 1055 2105 bam,
1071 2065 1100 2106 fi
1117 2067 1153 2102 '0⁹
1169 2074 1226 2115 ipse
1246 2079 1289 2115 ine
1298 2070 1473 2112 scripserit,
1499 2073 1735 2106 institutionem
1745 2073 1845 2115 ipsam

971 2108 1095 2155 valere,
1110 2111 1150 2155 ,ὅς
1167 2119 1257 2151 1‘eJ1C1
1272 2110 1427 2145 duntaxat
1437 2115 1657 2148 conditionem
1672 2116 1843 2155 hamatam,

971 2158 1008 2181 ut
1028 2159 1217 2196 rejiciuntur
1234 2162 1344 2185 omnes
1371 2155 1578 2190 conditiones
1603 2166 1711 2199 turpes
1730 2158 1760 2189 δι
1784 2157 1844 2189 im-

972 2191 1142 2238 possibiles.
1186 2193 1245 2240 Sed
1270 2203 1306 2225 ea
1340 2193 1496 2229 sententia
1522 2209 1581 2231 nos
1608 2209 1672 2232 non
1701 2200 1843 2239 utimur3

973 2242 1076 2274 neque
1092 2243 1177 2280 enim
1198 2233 1263 2280 ipsa
1285 2235 1445 2270 institutio
1461 2261 1472 2277 ‚
1509 2240 1564 2273 sub
1581 2241 1770 2273 conditione
1794 2240 1846 2272 fa·

973 2275 1040 2314 cta,
1073 2274 1261 2322 simpliciter
1285 2279 1391 2310 valere
1409 2281 1514 2321 potest
1526 2305 1537 2321 ,
1571 2283 1670 2316 etiam
1691 2292 1756 2315 non
1773 2283 1845 2314 exi-

973 2315 1075 2363 stente
1098 2317 1291 2365 conditione
1305 2343 1316 2360 ‚
1347 2330 1450 2362 neque
1475 2323 1531 2356 illa
1549 2323 1680 2362 existit,
1705 2323 1759 2355 nisi
1778 2323 1841 2356 Ti-

975 2366 1055 2405 tius,
1089 2367 1183 2406 quein
1212 2359 1277 2401 ipse
1304 2362 1460 2395 haeredem
1487 2364 1612 2407 scripsi,
1636 2374 1687 2397 me
1710 2374 1841 2407 quoque

971 2400 1244 2448 deindeqicribat..
1271 2401 1370 2448 Quod
1386 2405 1408 2437 fi
1425 2405 1603 2448 scripserit,
1623 2407 1754 2448 impleta
1770 2407 1842 2448 qui-

972 2442 1044 2473 dem
1052 2450 1113 2473 erit
1122 2443 1269 2474 conditio
1278 2466 1288 2482 ‚
1299 2443 1351 2477 sed
1365 2453 1465 2478 totam
1475 2448 1711 2481 institutionem
1724 2473 1733 2488 ‚
1743 2458 1842 2490 quan-

973 2492 1004 2515 ta
1022 2491 1138 2524 quanta
1149 2482 1214 2523 est,
1236 2485 1369 2532 Senatus
1384 2488 1578 2529 improbavit
1596 2492 1617 2523 l.
1630 2501 1681 2534 70.
1694 2490 1731 2525 ξς)9
1745 2491 1766 2522 l.
1786 2499 1840 2531 71-

966 2524 1008 2570 ff.
1030 2530 1064 2555 ae
1095 2524 1215 2572 Hiereia..
1246 2525 1342 2567 instit.
1374 2539 1443 2571 quae
1471 2532 1554 2564 ratio
1583 2532 1648 2573 est,
1674 2532 1758 2573 quod
1776 2532 1839 2564 Ti-

973 2575 1052 2605 tius,
1085 2576 1229 2608 quamvis
1255 2568 1355 2602 haeres
1381 2570 1563 2612 institutus,
1595 2585 1654 2607 nec
1670 2582 1841 2615 captator,

971 2607 1024 2639 sed
1040 2615 1204 2655 captatus,
1228 2610 1308 2643 nihil
1336 2620 1440 2645 tamen
1458 2615 1552 2655 poffit
1570 2615 1741 2657 consequi,
1764 2625 1839 2647 nam

970 2658 1049 2681 ecce
1068 2658 1169 2682 totam
1186 2649 1436 2695 institutionem,
1468 2664 1582 2698 utpote
1597 2668 1663 2691 non
1678 2658 1760 2688 bona
1775 2656 1839 2688 fide

969 2690 1084 2738 fatiam
1097 2716 1108 2732 ,
1142 2691 1223 2740 Leit‘
1257 2697 1461 2728 ronunciavit
1495 2700 1626 2732 irritam.
1672 2698 1732 2731 Sed
1758 2697 1838 2739 quid

969 2733 1111 2779 dicemus
1126 2734 1165 2765 de
1190 2736 1235 2768 ini
1253 2736 1391 2771 itutione
1414 2738 1521 2778 Titii,
1567 2751 1600 2773 er
1618 2740 1836 2781 captationem

969 2775 1079 2808 elielta
1098 2776 1120 2822 9-
1147 2775 1228 2809 hanc
1252 2778 1359 2811 valere
1382 2780 1528 2822 plurimis
1543 2751 1772 2823 interpretibus
1790 2779 1839 2812 se-

968 2818 1042 2857 det,
1067 2825 1158 2859 quia,
1183 2819 1349 2861 inquiunt,
1373 2821 1498 2862 possum
1514 2823 1668 2855 haeredem
1687 2821 1838 2860 scribere,

968 2869 1021 2901 qui
1037 2868 1087 2906 me
1103 2869 1177 2906 ante
1194 2860 1335 2902 scripsit,
1361 2863 1391 2894 <Sc
1409 2863 1483 2904 quia
1501 2864 1532 2897 in
1551 2866 1607 2896 liac
1625 2864 1710 2896 Titii
1730 2862 1835 2905 poste-

968 2910 1053 2933 riore
1075 2900 1277 2935 institutione
1302 2904 1381 2936 nihil
1408 2905 1578 2945 quicquam
1612 2905 1657 2938 est
1689 2914 1835 2947 captato-

968 2944 1060 2975 rium.
1106 2943 1167 2975 Sed
1187 2945 1264 2976 mini
1290 2944 1467 2984 persuaderi
1491 2956 1555 2979 non
1579 2947 1703 2988 patior,
1726 2956 1833 2989 capta-

968 2993 1070 3016 torem
1095 2984 1183 3025 poss'e
1207 2994 1319 3027 capere
1345 2996 1386 3017 ex
1405 2986 1594 3020 testamento
1619 2988 1757 3030 captati,
1781 2998 1833 3020 ca-

966 3034 1089 3067 ptatum
1107 3035 1172 3071 non
1189 3026 1251 3058 ess'e
1267 3036 1307 3058 ex
1328 3026 1515 3061 testamento
1526 3031 1718 3076 captatoris,
1739 3039 1836 3072 atque

966 3071 1044 3099 adeo
1069 3067 1289 3112 decipientis,
1325 3079 1418 3110 quam
1443 3070 1590 3112 decepti,
1613 3071 1835 3104 conditionem

966 3108 1028 3140 effe
1042 3116 1212 3154 potiorem.
1258 3109 1385 3142 Possum
1414 3111 1569 3144 haeredem
1599 3111 1753 3152 scribere,
1777 3114 1833 3155 qui

966 3159 1017 3181 me
1033 3151 1095 3190 jain
1112 3150 1253 3196 icripfit‚
1273 3150 1323 3183 sed
1343 3152 1397 3193 qui
1416 3151 1536 3196 scripsit
1553 3154 1756 3197 simpliciter,
1769 3164 1835 3188 non

967 3190 1023 3223 sub
1041 3191 1227 3223 conditione
1242 3194 1435 3234 captata-ia,
1469 3205 1530 3238 qua
1547 3205 1599 3228 me·
1618 3195 1748 3228 subdole
1769 3197 1834 3237 pel-

967 3233 1069 3272 lexit,
1094 3242 1128 3266 ut
1148 3233 1178 3266 &
1193 3243 1266 3267 eum
1285 3234 1453 3270 scriberem
1467 3238 1635 3273 haeredem.
1681 3238 1769 3285 Quin
1778 3246 1838 3269 nec

1805 3289 1840 3309 0²
