2008 3436
229 100 511 150 QUAEST.
565 101 796 149 JURIS
846 103 1219 151 PRIVATI,
1271 77 1680 158 L1ss.1v.0.v.⁵vr.
1761 103 1833 171 43}

43 188 168 230 merciis
187 187 388 230 frequentare
417 190 494 222 licet
507 214 516 229 ,
543 196 634 232 capta
650 187 695 221 est
711 199 728 220 a
748 189 821 221 navi
838 189 913 223 Gal-

42 232 120 269 liea,
145 239 215 271 quat
243 230 281 261 ad
301 231 388 272 illam
420 231 603 263 societatem
630 231 831 271 pertinebat,
857 233 886 265 ἃ
902 257 912 272 ,

42 273 126 314 quod
154 272 276 305 illicitis
308 274 510 305 commerciis
537 281 663 314 operam
683 272 791 311 daret,
815 274 914 315 publi-

41 323 111 348 cata
133 319 181 348 18.
207 314 277 356 Jun.
305 323 395 356 1700.
422 315 620 347 Al'securatus
636 314 803 353 damnum,
828 316 913 357 quod

39 355 138 399 passus
156 356 224 396 est,
250 358 385 397 repetit,
412 356 462 389 sed
489 363 581 397 negat
604 354 795 388 assecurator
813 356 843 388 sc
867 367 912 389 tc-

39 399 134 437 neri,
167 407 240 431 00111
265 398 463 436 nescivisset,
487 397 613 435 navim,
638 397 678 429 de
701 407 761 440 qua
790 399 913 440 agitur,

39 441 136 472 etiam
160 440 199 472 ad
222 441 366 472 colonias
399 439 540 471 Franciae
571 438 633 470 csl'e
663 440 880 481 navigaturam
901 464 911 480 ,

39 482 122 513 bona
147 482 231 514 enirn
255 482 316 514 fide
343 481 374 513 se
396 479 603 520 cxii'timassc,
628 483 733 513 navim
757 491 820 513 non
851 483 911 514 alia

38 523 110 556 1003
134 524 310 563 3111101301,
335 532 427 564 quam
449 532 518 564 qua:
547 523 708 562 pertinent
731 523 769 554 ad
796 523 906 555 Socie-

38 573 136 596 tatem
163 565 263 606 Belgii
296 563 454 596 Foederati
488 564 731 604 Americanam,
763 565 847 596 &id
878 565 908 597 se

37 605 174 638 effecisse
192 616 232 638 ex
252 607 373 646 verbis,
390 605 498 647 sandei·
515 605 657 648 ptrmiffie
679 616 741 638 <ron
764 608 798 637 de
813 606 907 648 W'esb—

37 649 164 690 indische
184 649 371 691 Compczgm'e.
412 649 523 687 (min,
549 648 570 680 si
596 647 755 686 scivisset,
782 656 905 680 tantum

35 691 167 732 periculi
190 689 245 722 sibi
275 683 458 729 imminet-S,
483 690 512 722 id
539 689 571 722 se
595 689 811 730 suscepturum
840 699 906 722 11011

33 731 126 764 fuisse
140 741 199 774 pro
223 733 374 774 praemio,
399 733 494 764 etiam
520 732 619 773 duplo
646 732 697 763 vel
721 731 816 772 triplo
841 742 904 763 rna-

34 775 124 816 1010,
146 783 238 814 quam
262 783 346 806 nune
370 774 538 814 accepisset
557 798 565 813 ,
591 780 685 814 atque
707 773 785 805 adeo
809 773 840 805 se
867 783 906 805 co

33 815 107 847 casu
137 817 217 848 ultra
233 816 398 847 dimidium
414 815 507 847 fuisse
533 816 722 856 deceptum,
749 814 907 856 postulans

35 860 159 899 quoque
173 880 183 897 ,
208 857 229 890 si
253 857 354 898 Judici
380 858 546 889 neccssaria
573 859 734 889 videretur
750 878 760 894 ‚
783 856 907 888 restitu-

34 899 154 932 tionem
172 901 202 931 111
219 899 376 941 integrum
395 909 505 930 contra
532 898 816 939 subscriptionem,
839 898 905 930 for-

35 949 67 972 te
88 941 302 982 imprudenter
322 951 339 972 a
358 941 388 973 sc
405 940 530 973 satsaxn.

77 982 208 1015 Senatus
239 992 288 1025 13.
318 984 406 1024 Sept.
442 992 534 1023 1715.
565 981 631 1014 risit
661 981 691 1012 ἃ
711 982 848 1023 explosit
872 982 906 1015 il-

32 1024 94 1056 lam
118 1023 355 1056 restitutionem
383 1026 414 1055 in
446 1026 604 1067 integrum
623 1047 632 1062 ,
666 1033 737 1054 nam
761 1023 782 1055 si
806 1024 906 1062 hane,

33 1075 72 1097 ex
99 1065 187 1097 causa
215 1066 457 1106 imprudentim,
483 1067 513 1097 in
543 1064 827 1096 allecurationibus
853 1065 904 1096 ad-

32 1107 141 1138 mittas
159 1129 170 1146 ,
194 1107 297 1139 astum
322 1107 367 1138 est
392 1107 431 1138 de
454 1107 541 1139 omni
564 1105 626 1138 fide
648 1106 803 1145 ejusmodi
828 1116 904 1139 con-

32 1148 204 1187 trastuum„
228 1157 288 1180 nec
304 1147 388 1187 scio,
410 1149 479 1180 ilias
498 1147 748 1180 machinationes
766 1158 903 1189 unquam

29 1189 67 1221 ab
90 1189 346 1223 assecuratoribus
371 1190 430 1222 esi'e
451 1190 624 1227 adhibitas,
648 1197 684 1220 ut
702 1197 736 1220 ut
754 1189 902 1221 fallendae

31 1230 104 1263 fidei
121 1230 244 1264 studere
272 1231 403 1264 soleant.
450 1232 502 1263 De
525 1242 559 1263 rc
582 1229 646 1271 ipra
671 1231 765 1272 igitur
792 1232 901 1264 viden-

638 1329 1000 1366 CAPUT

958 192 1030 224 dum
1049 192 1105 239 est.
1151 193 1300 241 listune
1322 198 1418 231 etiam
1450 202 1581 239 Senatus
1608 203 1825 243 existimavie

957 234 1115 280 generalia
1136 244 1230 282 nimis
1259 237 1321 270 01Γο
1348 238 1559 281 stipulationis
1588 251 1683 282 verba
1738 234 1833 292 quart}

959 284 994 322 ut
1012 275 1154 317 restringi
1171 277 1286 325 possint
1305 280 1341 312 ad
1367 290 1418 313 eas
1441 282 1608 328 Ditiones,
1633 275 1756 332 quae’ad
1774 294 1833 325 So-

957 325 1106 364 cietatem
1127 319 1346 365 American-am
1361 322 1461 366 Belgii
1482 324 1638 362 Foederati
1658 335 1818 372 pertinent

956 359 1142 406 generaliter
1158 370 1242 394 enim
1262 362 1397 404 dicitur,
1420 375 1498 398 naar
1515 369 1549 399 de
1564 369 1599 400 K
1598 370 1678 410 asten
1694 384 1755 406 van
1786 357 1830 407 A’

950 403 1088 448 jumen
1109 401 1252 435 America
1267 427 1278 442 ‚
1301 416 1337 437 en
1358 408 1458 439 overas
1484 414 1511 440 te
1530 410 1645 450 zeilen,
1667 423 1714 445 zoo
1733 425 1765 456 op
1782 426 1834 459 ge-

951 445 1180 490 permit-tende,
1207 446 1251 476 als
1276 451 1552 490 ongepermitteerde
1570 453 1709 495 plaatsen
1727 479 1738 494 ,
1769 458 1833 490 sine

956 484 1020 530 ulla
1034 483 1256 531 distinctione,
1282 488 1344 521 five
1364 499 1419 531 per
1440 491 1572 533 Gallos,
1597 494 1662 526 five
1680 506 1735 538 per
1751 499 1832 530 alios

955 526 1110 572 ejusmodi
1132 527 1204 558 loca
1223 530 1308 561 adire
1324 541 1389 564 non
1412 533 1525 574 liceat;
1550 534 1633 568 Galli
1653 537 1762 580 utique
1776 549 1832 571 ex-

953 575 1039 607 cepti
1061 577 1127 599 non
1145 567 1235 609 sunt,
1259 573 1344 613 quod
1374 576 1561 617 oportebat,
1587 577 1609 609 fi
1636 588 1748 611 contra
1774 589 1833 612 cos

951 608 1158 655 assecuratuin
1183 621 1254 658 *non
1285 614 1370 646 effet.
1425 616 1522 663 Quod
1558 627 1663 652 autem
1706 622 1831 654 mentio

949 650 1096 697 inciderit
1116 652 1287 686 societatis
1303 656 1518 699 Ainericanae,
1538 670 1602 693 non
1621 671 1661 694 eo
1675 664 1835 704 pertinet,

949 701 984 723 ut
1003 692 1040 723 ad
1056 692 1217 739 alia-loca
1242 697 1400 736 prohibita
1427 702 1583 742 appellere
1610 713 1673 736 non
1700 705 1833 744 liceret,

950 732 1000 765 sed
1030 733 1186 782 1111011·οε
1212 738 1426 780 asl'ecurator,
1448 743 1479 774 id
1508 745 1604 777 etiam
1630 747 1828 787 periculum,

950 784 1099 825 quamius
1126 777 1169 808 1b1
1194 780 1361 826 navigetur
1384 790 1496 816 contra
1528 786 1637 819 Edicta
1670 787 1830 821 Ordinum

951 817 1174 858 Generalium,
1199 821 1406 856 nihilominus
1425 825 1526 866 ipsum
1554 838 1702 869 manere,
1726 839 1830 872 neque

949 858 988 889 dc
1013 868 1054 905 eo
1071 883 1080 896 .
1111 868 1204 903 atque
1231 862 1251 895 fi
1284 873 1395 897 contra
1418 867 1503 908 leges
1530 871 1711 912 navigatum
1731 872 1826 912 estet,

950 910 1054 941 exeipi
1078 903 1174 949 polle.
1220 903 1339 938 Contra
1366 907 1610 944 affecuratorem
1635 914 1826 954 pronuncia-

950 950 1064 974 verunt
1085 943 1211 983 ‚ludices
1244 947 1509 984 asl‘ecurationum
1533 953 1827 997 Middelburgcnses

950 993 1002 1024 30.
1027 983 1101 1030 Apr.
1132 991 1224 1026 1706.
1247 991 1385 1032 itemque
1413 991 1540 1026 Scabini
1565 1005 1617 1028 21.
1647 997 1706 1035 lan.
1736 1006 1828 1038 1707.

952 1024 1120 1066 utrobique
1133 1028 1342 1074 3110001310Γο
1358 1034 1389 1065 in
1409 1035 1557 1075 expensas
1577 1031 1739 1070 damnato,
1759 1038 1824 1070 Eo·
1854 1038 1864 1047 ⁸

948 1075 1019 1097 rum
1046 1065 1215 1100 sententias
1247 1073 1396 1111 probavit
1429 1076 1565 1109 Senatus
1590 1079 1621 1110 d.
1657 1089 1703 1121 13.
1735 1080 1824 1121 Sept.

951 1116 1043 1154 17-15.
1070 1110 1281 1155 compensatis
1303 1123 1407 1147 tamen
1434 1118 1573 1157 expensis
1597 1124 1677 1160 apud
1697 1122 1824 1161 judices

948 1151 1217 1199 3110001311000111
1230 1153 1525 1199 Middclburgenses
1540 1168 1633 1203 atque
1660 1162 1682 1194 11
1707 1163 1828 1204 1111110ἢ

946 1190 1009 1222 lixa
1027 1191 1086 1222 1110
1107 1201 1254 1227 materies
1274 1197 1417 1240 litigandi
1434 1209 1498 1233 non
1515 1201 1673 1235 defui'ffet,

1101 1333 1191 1370 VI.

30 1421 139 1471 ‘Quum
166 1432 206 1456 ex
231 1420 354 1455 dceabns
385 1420 525 1455 ηιῑυὶζνῑις
562 1416 676 1463 collisis
703 1418 809 1454 altera
834 1418 976 1465 periiffet
994 1447 1004 1464 ‚
1030 1420 1299 1468 afficziratoribus
1324 1437 1385 1462 non
1406 1430 1564 1476 prodqffe,
1589 1436 1736 1477 quamvis
1760 1424 1822 1471 nai-r

77 1483 171 1513 vem,
196 1482 262 1516 quae
283 1472 406 1516 periit,
432 1467 706 1516 αν1110[α1ιι]ἰιζ[]σ
730 1469 894 1512 dixerint,
921 1471 976 1503 vel
997 1474 1090 1517 culpa
1122 1475 1279 1509 navarohi
1312 1477 1460 1513 damnum
1479 1480 1584 1527 fuiffe
1609 1483 1737 1521 danum.
1766 1488 1821 1521 vel

69 1520 176 1567 sal-vce
202 1521 298 1555 navis
322 1519 529 1566 magistrum,
557 1520 639 1553 alibi
673 1526 880 1561 conventum,
905 1517 1011 1565 fng'ffc
1039 1520 1228 1568 abfhlutmn.
1276 1524 1449 1574 Quousque
1474 1530 1688 1576 Amsterdami
1716 1547 1819 1570 naves

75 1569 252 1617 qffifflmn·
285 1567 402 1616 poffint
423 1597 432 1612 ‚
468 1568 510 1610 ὃ*
543 1580 585 1603 an
620 1568 752 1602 Statura
770 1592 783 1611 ,
821 1579 859 1602 ea
884 1568 921 1602 de
947 1580 981 1603 re
997 1568 1114 1615 sablo,
1150 1577 1342 1610 renunciare
1367 1577 1490 1614 liceat?
1515 1581 1580 1615 Sub
1603 1584 1818 1629 appellatione

73 1622 165 1654 urbi-'s
199 1617 520 1666 Anfierdanzmenfis
552 1619 653 1652 etiam
696 1616 864 1652 Tea-eliam
898 1621 1059 1655 contineri
1091 1620 1332 1668 Afficurationc
1345 1625 1447 1672 fabia
1472 1640 1519 1676 op
1548 1630 1592 1665 de
1617 1634 1817 1679 spuansche

73 1668 299 1706 Westindien
315 1695 326 1713 ,
350 1681 393 1704 an
418 1667 459 1709 ὃ)
483 1668 603 1715 quando
628 1667 822 1712 Jainarcam
850 1669 946 1702 liceat
972 1670 1167 1716 adpellere?

99 1730 103 1741 Ι

68 1764 71 1766 ’
127 1766 304 1800 msterdami
323 1778 354 1810 3.
380 1767 468 1800 Nov.
495 1771 586 1808 1687.
611 1766 704 1798 navis
719 1774 899 1808 mercesque

143 1809 323 1842 affecuratae
342 1819 431 1842 erant
459 1809 498 1841 ab
524 1818 560 1840 ea
583 1808 659 1841 urbe
678 1808 714 1839 ad
740 1807 897 1849 Norvegi-

26 1864 75 1886 am
88 1877 97 1889 ,
121 1851 151 1883 &
167 1851 240 1883 inde
256 1851 294 1882 ad
309 1850 413 1884 Gades
434 1852 465 1883 in
490 1850 664 1893 Hispania,
688 1850 717 1882 ἃ
736 1849 898 1891 postquam

23 1895 135 1933 navis,
158 1902 270 1925 exorta
296 1892 504 1935 tempestate,
531 1893 560 1925 in
585 1893 677 1924 aliam
705 1891 807 1930 illisa,
831 1899 897 1924 tan-

24 1945 95 1969 tum
116 1945 180 1967 non
210 1935 333 1975 integra
355 1945 428 1967 cum
450 1935 608 1967 mercibus
630 1932 771 1975 periisset
788 1956 796 1971 ‚
821 1932 896 1964 affc-

22 1986 183 2010 curatores
213 1977 294 2017 apud
318 1976 443 2017 Judices
468 1976 730 2008 assecurationum
758 1973 894 2006 Amstcr-

22 2017 214 2052 dammenses
248 2018 484 2050 conveniuntur
511 2019 549 2050 ad
583 2016 811 2049 resarciendum
842 2017 894 2048 da-

21 2070 147 2098 mnum,
178 2068 238 2091 nec
259 2066 381 2092 tantum
399 2061 632 2092 conveniuntur
651 2068 692 2091 ex
725 2058 896 2090 conti-astu

23 2101 187 2133 avertendi
204 2101 360 2142 periculi,
384 2101 436 2133 cui
454 2101 716 2142 subscripserant,
742 2099 794 2131 sed
810 2100 840 2131 δε
857 2109 896 2132 ex

24 2143 257 2183 chirographo,
283 2153 367 2184 quo,
392 2144 536 2176 damnum
563 2144 601 2175 ad
621 2143 652 2175 se
672 2141 831 2185 pertinere
848 2151 894 2172 ra-

23 2185 47 2216 ti
59 2208 69 2225 ,
90 2184 266 2216 exercitori
284 2185 313 2216 &
330 2185 466 2218 dominis
484 2186 636 2217 mercium
651 2184 872 2217 mandaverant
884 2205 896 2222 ,

21 2227 212 2268 colligerent
228 2226 258 2258 &t
270 2226 444 2258 venderent
458 2226 652 2268 naufragium
662 2249 673 2266 ,
686 2226 716 2258 se
733 2225 893 2264 damnum,

21 2269 52 2300 ἃ
75 2266 223 2309 expensas
241 2291 250 2306 ,
276 2267 308 2298 in
336 2267 415 2300 11300
438 2277 504 2300 rem
527 2268 624 2301 fastas
640 2293 651 2308 ,
675 2268 737 2300 css'e
760 2267 892 2298 laturos.

19 2308 270 2348 Affecuratores,
296 2317 330 2340 ut
345 2309 597 2350 absolverentur,
625 2311 723 2342 tribus
739 2308 892 2340 defensio-

21 2351 114 2383 nibus
133 2359 276 2382 utuntur.
322 2350 425 2382 Prima
448 2360 534 2390 erat,
557 2362 670 2384 navem
687 2351 893 2383 assecuratam

20 2392 113 2424 fuisse
127 2391 292 2430 annosam,
313 2401 372 2424 nec
391 2392 462 2424 satis
475 2401 598 2434 aptam,
618 2403 687 2435 quae
706 2390 895 2433 tempestati-

20 2434 79 2465 bus
104 2433 196 2465 maris
223 2432 404 2473 resisteret3
435 2433 567 2466 secunda
585 2457 596 2473 ,
626 2434 816 2466 navarchum
842 2443 893 2465 na-

21 2485 113 2514 vem,
137 2484 206 2516 quae
227 2475 362 2517 perierat
379 2498 389 2513 ,
410 2475 487 2507 dolo
511 2477 614 2515 111310,
640 2475 783 2507 latiffima
806 2483 892 2507 certe

23 2517 115 2557 culpa
132 2540 141 2551 ,
167 2517 197 2547 in
227 2516 318 2548 aliam
343 2527 456 2548 navem
474 2540 483 2555 ,
507 2527 575 2558 quae
600 2517 684 2550 salva
711 2516 891 2556 manserat,

21 2557 199 2594 immisisse,
224 2567 289 2590 non
313 2559 377 2590 alio
395 2558 546 2595 consilio,
571 2568 663 2600 quain
681 2566 715 2590 ut
734 2568 802 2590 0301
824 2568 891 2599 per-

21 2600 130 2637 deret,
155 2599 268 2637 tertia,
290 2599 472 2641 magistrum
491 2601 597 2640 navis,
622 2610 691 2642 quae
708 2599 791 2632 salva
806 2610 890 2632 mana

19 2641 58 2674 fit
73 2663 84 2679 ‚
115 2639 256 2672 Gadibus
281 2640 375 2673 fuiss'e
398 2651 591 2674 conventum
611 2665 620 2681 ‚
655 2651 720 2684 quo
743 2641 890 2674 damnum

20 2683 145 2719 lueret,
166 2682 252 2722 quod
266 2682 349 2724 ipse,
373 2683 558 2716 immissione
575 2685 664 2716 navis
680 2683 764 2721 suae,
788 2683 888 2715 dedis-

21 2723 86 2762 set,
109 2723 161 2754 sed
176 2721 271 2754 fuiffe
297 2724 493 2764 absolutum,
517 2734 613 2767 atque
635 2727 678 2758 ita
694 2726 891 2767 judicatum,

19 2765 122 2797 solum
140 2763 317 2805 magistrum
332 2767 440 2806 navis,
465 2777 532 2809 01110
552 2768 664 2808 periit,
687 2769 803 2800 damno
817 2776 889 2798 cau-

20 2806 83 2849 sam
105 2806 231 2838 dedisse.
276 2806 400 2847 Judices
428 2808 691 2842 affecurationum
716 2819 767 2846 29-
800 2807 887 2840 Nov.

23 2852 117 2886 1689.
153 2848 183 2879 δι
206 2847 334 2880 Scabini
365 2849 682 2882 Amsterdammenses
720 2861 769 2893 13.
801 2850 888 2891 Sept.

26 2893 119 2926 1692.
143 2888 312 2921 secundum
328 2889 548 2924 affecuratores
561 2893 828 2934 pronunciarunt,
851 2901 890 2923 an

21 2930 168 2963 omnibus
191 2931 254 2963 illis
276 2930 513 2964 defensionibus
532 2957 541 2970 ,
572 2943 610 2966 311
635 2944 695 2966 una
710 2958 720 2973 ,
752 2934 783 2965 ὃς
803 2943 862 2975 003
878 2957 888 2974 ,

21 2972 103 3005 moti
111 2994 123 3010 ,
141 2971 267 3011 nescio,
293 2972 355 3004 hoc
373 2971 440 3004 scio
457 2996 468 3011 ,
501 2973 628 3008 Curiam
649 2975 831 3008 Hollandiae
854 2985 889 3006 o-

19 3023 109 3045 mnes
125 3014 194 3045 illas
202 3013 397 3046 defensiones
413 3015 552 3054 rejecisse
562 3040 572 3055 ,
585 3017 615 3048 &
627 3017 751 3049 resciffa
762 3025 894 3057 utraque

22 3054 197 3128 grittentia,
219 3054 388 3088 secundum
402 3055 591 3089 ass'ecutatos
608 3057 828 3099 pronunciasse
843 3067 892 3090 10.

56 3103 94 3128 c.
125 3106 211 3137 17on

63 3137 116 3168 Ex
140 3139 348 3178 appellatione
370 3138 529 3178 quaefiturn
554 3140 599 3173 est
621 3141 704 3182 apud
722 3141 890 3180 Senatum,

22 3178 98 3219 quid
114 3180 255 3211 valerent
281 3181 344 3212 illae
368 3180 590 3214 defensiones?
614 3183 644 3214 ὅ(
667 3182 798 3224 primam
825 3192 889 3215 non

20 3220 126 3252 valere
140 3220 272 3255 Senatus
286 3221 459 3263 judicavit,
478 3232 688 3266 praeterquam
704 3225 789 3260 enim
804 3224 891 3267 quod

943 1768 975 1814 in
989 1767 1076 1801 fatto
1092 1779 1156 1803 non
1183 1773 1341 1807 constaret
1357 1775 1396 1807 de
1415 1787 1496 1809 nave
1513 1779 1644 1819 annosa,
1669 1780 1748 1814 scire
1764 1792 1818 1815 ve-

942 1811 997 1842 lim
1007 1833 1018 1848 ,
1030 1821 1101 1853 quae
1118 1813 1172 1845 lex
1185 1823 1313 1848 aetatem
1331 1818 1456 1852 navium
1469 1820 1666 1861 definiverit,
1680 1831 1716 1854 ut
1731 1833 1817 1856 nem-

942 1861 983 1893 pe
997 1862 1038 1883 ex
1059 1862 1099 1884 eo
1117 1855 1304 1902 assecuratio
1323 1860 1375 1891 vel
1401 1862 1527 1894 caderet
1546 1864 1597 1895 vel
1618 1864 1739 1898 staret?
1761 1866 1815 1898 Sa-

942 1904 982 1926 ne
1008 1904 1047 1927 ex
1072 1894 1211 1942 Legibus
1239 1898 1592 1937 Amsterdammenfibus
1621 1915 1661 1938 ne
1686 1907 1816 1947 quidem

943 1944 1018 1983 aetas
1043 1946 1132 1970 navis
1163 1941 1368 1981 exprimenda
1399 1943 1455 1976 est.
1500 1945 1653 1980 Poterant
1686 1957 1814 1991 quoque

940 1977 1407 2025 ’3Πο01113101οε13111111011131111,
1428 1986 1480 2018 ubi
1509 1989 1595 2021 navis
1620 1989 1765 2030 J'aeebat,
1784 1992 1816 2024 &

941 2019 1223 2066 ipssliabitabant,
1247 2033 1316 2057 eam
1339 2024 1493 2068 inspicere
1517 2030 1569 2061 vel
1597 2032 1746 2073 naupegis
1766 2032 1814 2065 in-

939 2061 1127 2108 spiciendam
1148 2064 1239 2104 dare,
1266 2068 1296 2098 ὥς
1319 2066 1360 2098 110
1384 2069 1599 2111 constituere,
1624 2082 1662 2104 an
1689 2074 1813 2115 pericu-

939 2103 1005 2149 lum
1026 2113 1060 2135 in
1077 2103 1108 2135 se
1134 2104 1289 2148 suscipere
1314 2109 1452 2149 vellent,
1476 2122 1535 2144 nec
1559 2123 1618 2153 ne,
1642 2115 1693 2154 &,
1717 2115 1738 2147 si
1757 2124 1811 2147 ve-

938 2145 1211 2192 1101,,130101·3111,
1235 2150 1277 2180 ob
1303 2150 1454 2191 majorem
1474 2162 1618 2193 aetatem,
1643 2156 1741 2196 majus
1760 2165 1813 2196 pe-

938 2188 1030 2218 riculi
1047 2189 1183 2234 pretium
1199 2190 1323 2232 pacisci.
1371 2192 1457 2238 Quin
1477 2196 1527 2234 &,
1551 2197 1634 2236 quod
1649 2197 1816 2237 0311111101,

937 2237 1002 2259 non
1019 2238 1154 2269 perierat
1170 2232 1258 2264 navis
1275 2232 1329 2265 suo
1344 2234 1446 2274 vitio,
1472 2235 1524 2267 sed
1539 2237 1571 2268 vi
1589 2246 1719 2269 externa
1731 2260 1742 2276 ,
1758 2247 1814 2279 per

939 2269 1155 2316 tempestatem
1180 2273 1211 2304 in
1231 2274 1322 2306 aliam
1341 2284 1453 2308 navem
1474 2277 1574 2316 illisa,
1598 2282 1762 2320 quomodo
1782 2290 1814 2311 e-

940 2319 1015 2357 tiam
1041 2322 1124 2344 nova
1152 2315 1182 2346 &
1210 2316 1263 2346 vel
1286 2317 1424 2348 maxime
1455 2318 1582 2351 robusta
1608 2321 1696 2352 navis
1714 2320 1812 2353 facile

937 2363 1065 2400 periret.
1112 2355 1255 2401 Secunda
1283 2357 1423 2390 defensio
1451 2360 1531 2392 nihil
1562 2363 1662 2403 magis
1689 2362 1815 2403 profuit

938 2395 1200 2429 allecuratoribus
1216 2421 1226 2436 ,
1251 2399 1320 2440 quis
1344 2401 1428 2431 enim
1456 2402 1564 2433 credat
1580 2424 1591 2440 ,
1613 2403 1810 2436 nat-archum

936 2436 1017 2467 dolo
1044 2437 1129 2483 malo
1148 2437 1232 2470 suam
1263 2449 1376 2473 navem
1398 2441 1430 2472 in
1455 2442 1548 2474 aliam
1572 2443 1749 2484 immisisse,
1774 2452 1812 2476 ut

938 2478 988 2510 sua
1014 2486 1132 2524 periret
1153 2479 1170 2510 ἱ)
1210 2479 1234 2511 F
1239 2488 1348 2511 urente
1368 2482 1498 2514 Oceano
1515 2493 1579 2516 non
1604 2492 1726 2518 tantum
1745 2487 1809 2528 agi-

935 2528 987 2550 tur
1007 2520 1046 2550 de
1070 2520 1169 2552 lalutc
1194 2521 1283 2553 navis
1308 2523 1338 2554 ὃς
1368 2524 1539 2564 mercium,
1562 2525 1614 2557 sed
1631 2527 1661 2558 δε
1679 2527 1719 2558 de
1742 2536 1809 2559 vita

934 2560 1126 2608 hominum,
1152 2571 1187 2592 tu
1208 2571 1297 2603 putas
1312 2586 1323 2602 ,
1348 2566 1542 2598 navarchum
1560 2591 1570 2606 ,
1596 2575 1632 2599 ut
1662 2569 1730 2600 vita
1754 2568 1809 2601 sua

934 2611 1031 2642 inagis
1050 2604 1307 2643 periclitaretur,
1328 2606 1484 2638 mandasse
1499 2609 1618 2648 nautis,
1644 2617 1680 2641 ut
1698 2611 1808 2642 navim

935 2643 1019 2675 suain
1038 2644 1070 2675 in
1087 2645 1178 2676 aliam
1194 2646 1428 2679 immitterent?
1447 2649 1517 2691 Ego
1537 2660 1601 2682 non
1617 2659 1704 2692 puto.
1752 2646 1808 2683 Tu

933 2694 1041 2726 putas,
1067 2695 1193 2726 nautas,
1217 2688 1256 2719 de
1276 2698 1409 2729 quorum
1444 2691 1535 2723 corio
1561 2692 1656 2723 etiam
1680 2691 1807 2724 ludeba-

934 2734 1005 2765 tur,
1028 2735 1093 2760 tam
1113 2727 1208 2760 stulto
1240 2731 1386 2762 mandato
1412 2730 1505 2764 fuisse
1527 2732 1711 2772 parituros?
1731 2732 1807 2775 -Ego

933 2778 998 2800 non
1022 2778 1112 2810 puto.
1159 2769 1238 2801 Noli
1270 2771 1367 2812 igitur
1394 2773 1499 2804 mirari
1519 2796 1529 2811 ,
1553 2772 1805 2814 affecuratores,

932 2810 982 2849 id,
1006 2811 1091 2851 quod
1107 2811 1274 2851 dicebant,
1298 2821 1363 2844 non
1379 2813 1543 2855 probasse,
1563 2815 1636 2855 quia
1653 2815 1807 2847 assecura-

934 2859 985 2884 tus
1003 2852 1072 2884 fei-e
1087 2861 1199 2885 contra
1215 2853 1387 2894 probabat,
1410 2854 1489 2886 hanc
1507 2864 1581 2896 puta
1606 2857 1806 2889 collisionem

933 2903 1018 2925 mera
1038 2899 1095 2923 0εὲ
1117 2896 1166 2933 βίᾳ
1193 2894 1339 2926 accidisse
1354 2917 1365 2933 ‚
1386 2897 1493 2928 navim
1518 2896 1603 2928 enim
1626 2897 1709 2931 suam
1726 2922 1736 2937 ‚
1761 2899 1804 2930 ob

933 2936 1092 2977 ingentem
1116 2944 1241 2968 motum
1266 2937 1398 2968 marium
1426 2938 1456 2969 ἃ
1486 2947 1670 2978 ventorum,
1693 2939 1807 2981 guber-

932 2977 1047 3010 naculo
1066 2986 1131 3009 non
1154 2976 1248 3009 fuisse
1273 2977 1464 3010 audientem.
1509 2978 1553 3010 Et
1581 2980 1657 3020 quid
1673 2981 1694 3013 fi
1711 2982 1806 3023 culpa

936 3018 1086 3050 navarchi
1112 3018 1356 3050 intervenisset?
1380 3019 1487 3051 Etiam
1514 3028 1627 3052 contra
1655 3022 1736 3055 hanc
1760 3033 1805 3055 as-

935 3059 1112 3091 securatum
1128 3067 1194 3091 erat
1211 3060 1241 3091 &
1256 3058 1427 3092 assecurare
1444 3062 1541 3101 licet,
1567 3062 1632 3094 imo
1653 3063 1684 3096 &
1697 3072 1811 3097 contra

935 3100 1042 3132 dolum
1067 3100 1218 3132 navarchi
1245 3100 1384 3133 dominis
1407 3104 1561 3135 mercium
1581 3105 1686 3137 caveri
1704 3106 1782 3138 lieet
1796 3129 1808 3144 ‚

935 3150 972 3172 ut
992 3141 1061 3172 haec
1088 3142 1182 3174 latius
1210 3141 1370 3183 explicavi
1397 3143 1486 3185 supra
1513 3145 1544 3176 C.
1570 3144 1625 3177 IV.
1671 3147 1732 3179 Sed
1748 3156 1831 3182 nee¹

935 3183 1030 3214 tertia
1055 3182 1195 3215 defensio
1218 3184 1319 3215 ullum
1344 3184 1478 3217 habebat
1502 3186 1652 3229 pondus;
1675 3189 1714 3220 de
1740 3188 1807 3220 sen-

935 3223 1034 3256 tentia
1049 3224 1121 3265 illa,
1146 3224 1293 3299 831111103-
1305 3225 1387 3272 lata,
1411 3227 1491 3260 nihil
1507 3227 1675 3272 quicquam
1685 3229 1807 3263 consta-

1284 3276 1295 3298 1
1317 3276 1329 3298 1
1345 3277 1364 3308 53
1742 3271 1807 3311 bat,
