2008 3436
393 102 797 138 CORNELII

145 200 219 223 nem
240 189 326 222 illam
349 189 386 221 ad
406 199 491 222 aures
519 190 683 221 hominum
705 188 830 221 suorum
851 198 915 220 non
944 197 1013 228 per-

147 231 284 270 vcniffe,
307 231 380 263 illos
398 240 469 263 eum
489 230 612 263 cursum
639 229 787 268 tenuisse,
813 238 905 270 quem
924 229 1013 269 juffe-

147 280 196 304 rat
211 272 420 312 Admiralius,
432 273 521 304 navis
535 271 650 303 Indica:
668 270 779 308 fuisse,
796 271 927 302 eundem
945 280 1014 301 cur-

148 313 216 346 sum
234 313 380 353 tenuiss'e,
404 323 463 346 nec
489 313 567 345 scire
598 311 666 343 suos
693 312 835 343 homines
860 311 1012 353 potuisse,

147 364 261 387 navem
282 355 418 388 Indicam
440 354 652 396 gubernaculo
675 351 729 384 suo
754 353 930 384 audientem
949 362 1014 384 non

148 396 260 435 fuisse,
281 397 351 429 11103
367 395 491 437 singulis
507 394 674 426 momentis
691 393 895 434 exspect-affe,
916 401 950 425 ut
967 393 1014 425 ln-

148 438 219 469 dica
239 437 363 469 cursum
384 444 538 475 mutaret,
562 436 612 473 ἃ,
637 434 658 466 fi
676 443 796 467 mutare
810 445 874 467 non
893 433 1013 475 posset,

150 486 187 511 ut
203 479 263 511 alia
277 479 419 513 ratione,
443 487 534 518 quam
549 476 775 517 suggerebant,
795 476 850 508 fibi
870 477 899 508 &
917 475 1014 507 Ham-

147 520 288 561 burgenfi
313 520 502 551 consuleret.
544 518 597 549 Sic
620 518 717 555 alter,
742 525 776 549 ut
802 517 861 555 fit,
885 518 915 547 in
939 517 1015 547 altc-

148 571 219 594 rum
235 562 358 601 culpam
372 559 534 591 derivabat
545 581 555 596 ,
578 557 629 589 sed
654 557 727 590 satis
746 558 929 595 constabat,
952 567 1014 589 me-

150 612 187 634 ro
204 601 295 639 casu,
320 601 382 633 fine
410 601 471 633 ulla
499 601 592 631 ullius
617 600 727 640 culpa,
748 600 788 631 de
808 609 866 640 qua
887 608 958 630 tuto
977 599 1012 630 li-

148 650 236 674 ceret
262 643 429 674 decernere
448 663 458 679 ,
480 640 624 672 accidisse
650 641 795 673 damnum
814 664 823 678 ,
846 648 940 681 atque
966 650 1013 670 ea-

148 692 276 725 propter
285 683 344 714 effe
361 692 544 714 commune:
556 691 625 712 nam
644 683 729 722 quod
747 683 860 714 Socius
878 682 1014 720 dicebat,

151 726 218 757 cito
235 724 329 757 nimis
345 731 455 756 nautas
471 722 723 764 Hamburgcnses
740 733 852 755 navem
869 722 952 754 suam
970 732 1015 754 rc-

147 107 218 149 462
868 111 929 136 vn
953 112 976 137 N

740 820 1011 857 CAPU

1050 101 1651 139 BYNKERSHOEK

1057 187 1195 229 liquiffe,
1218 196 1255 220 ut
1283 189 1362 221 vitae
1389 189 1450 221 suae
1469 210 1480 227 ,
1504 198 1574 229 quae
1598 189 1735 223 nondum
1759 191 1918 232 periclita-

1056 229 1147 261 batur
1166 253 1176 268 ,
1193 229 1407 262 -consulcrent
1423 252 1434 268 ,
1469 239 1554 270 aeque
1579 239 1645 262 erat
1672 230 1845 271 frivolum,
1882 245 1919 267 ac

1057 270 1159 309 aliud,
1183 271 1266 310 quod
1283 271 1451 310 addebant,
1473 271 1504 303 se
1518 280 1650 310 nempe,
1671 272 1810 314 respectu
1823 274 1921 309 Ham-

1056 311 1271 352 burgensium,
1293 311 1432 355 judicare
1453 321 1517 344 non
1541 312 1628 353 posse
1646 323 1686 345 ex
1706 314 1842 356 Legibus
1861 317 1919 349 Ca-

1056 352 1117 383 roli
1137 353 1175 384 V.
1197 353 1249 383 vel
1266 351 1401 394 Pnilippi
1418 354 1456 385 11.
1479 364 1567 392 nam,
1592 363 1631 386 ne
1650 355 1767 395 dicam,
1791 356 1844 389 sub
1863 359 1922 390 tui-

1058 393 1147 425 tione
1180 393 1373 426 Hollandica
1402 395 1482 426 hanc
1509 394 1643 427 Classem
1671 397 1864 438 enavigasse,
1890 400 1926 432 id.

1058 434 1159 480 ipsum
1175 458 1184 472 ,
1214 434 1299 480 quod
1324 435 1385 467 illis
1408 435 1543 477 Legibus
1568 436 1719 469 sancitum
1743 437 1806 477 est,
1827 440 1922 473 etiam

1059 475 1194 507 sancitur
1219 475 1357 516 Leglbus
1384 476 1668 520 Wisbuycenfibus
1691 479 1785 511 variis
1810 479 1860 520 §§.
1889 482 1921 513 δε

1059 516 1106 562 liae
1127 524 1192 548 tam
1211 516 1404 558 Hamburgi,
1430 528 1522 559 quam
1544 519 1597 550 hic
1619 519 1746 558 valent,
1769 519 1790 551 fi
1811 520 1921 554 nostrae

1057 567 1096 588 113
1112 567 1176 589 11011
1195 557 1405 590 adversentur.
1451 559 1547 590 Recte
1568 560 1662 600 igitur
1681 560 1851 593 Curatores
1865 563 1921 595 So-

1058 599 1182 630 cietatis
1206 598 1340 637 11111100,
1361 608 1395 630 ut
1412 601 1565 640 petierant
1590 601 1858 643 Hamburgenses,
1872 604 1921 636 da-

1057 649 1203 671 mnarunt
1220 639 1345 680 judices
1354 640 1666 674 Amsterdammenses
1675 652 1724 683 27.
1735 643 1814 683 Aug.
1834 642 1924 685 17'10,

1059 680 1157 712 Curia
1179 680 1359 713 Hollandiae
1380 692 1425 718 19-
1450 683 1536 722 Sept.
1558 692 1648 725 1713.
1673 684 1849 717 &Senatus
1866 694 1920 718 no-

1061 722 1122 754 ster
1147 731 1195 753 12.
1219 722 1310 754 Febr.
1339 732 1427 764 1717.
1451 724 1522 765 (6)

1061 819 1096 854 T
1194 820 1338 855 XIX.

346 909 471 946 Damni
496 912 737 946 communicatio
763 921 804 944 an
831 909 874 944 acl
897 909 1054 954 quaslibet
1081 919 1180 942 naves
1206 905 1247 946 ὃ)
1273 909 1417 954 quaelihet
1443 911 1524 945 bona
1548 912 1736 957 per-tinem?

215 1048 329 1081 damno
355 1049 618 1081 communicando
641 1049 741 1088 Leges
766 1047 912 1079 Nauticae
929 1046 1022 1087 perti-

194 1091 314 1122 neant?
330 1092 360 1122 δε
375 1089 520 1125 consulta
535 1090 676 1128 ratione,
699 1088 928 1127 consultisque,
948 1096 1023 1127 quas

150 1131 236 1169 dixi,
260 1130 417 1172 Legibus,
440 1131 478 1162 ad
496 1140 606 1162 omues
624 1140 717 1161 naves
730 1153 738 1167 ‚
755 1130 803 1167 ὃς,
828 1139 897 1168 quae
915 1129 952 1159 iis
971 1137 1022 1159 ve-

150 1174 285 1210 huntur,
308 1173 391 1204 bona
408 1172 553 1203 videntur
566 1172 739 1212 pertinere,
764 1170 793 1201 <St
813 1170 853 1201 fic
870 1168 933 1214 ipsc
948 1178 1023 1209 quo-

153 1224 214 1255 que
230 1220 388 1253 putarem,
413 1213 433 1244 si
456 1223 473 1243 a
496 1220 620 1252 recepta
644 1212 674 1242 in
695 1211 888 1242 contrarium
906 1211 1023 1241 lenten-

152 1256 196 1287 tia
216 1254 374 1286 dil-sentire
398 1253 471 1284 css'et
495 1253 658 1294 integrum.
703 1252 810 1292 Vulgo
831 1250 1026 1292 distinguunt

154 1297 235 1329 inter
254 1304 347 1326 naves
365 1294 512 1333 marinas,
538 1303 612 1335 quas
628 1294 785 1334 appellare
806 1293 882 1324 licet
894 1295 1025 1325 izv-‘woso-

152 1339 234 1373 νηίρες
251 1335 488 1377 (Zeevaarders)
517 1335 546 1366 &
562 1344 658 1366 naves
674 1334 860 1372 fluviatiles,
885 1343 959 1375 quas
974 1334 1024 1373 'ap-

152 1379 240 1420 pello
256 1377 436 1414 ππιμοπίρες
452 1376 820 1417 (Biimelczndsvaarders)
838 1376 868 1406 &
885 1376 972 1415 ajunt
992 1376 1024 1405 in

151 1421 214 1452 illis
233 1419 345 1451 damna
366 1418 490 1451 navium
507 1418 536 1451 δε
553 1417 709 1449 bonorum
727 1416 971 1454 communicari,
993 1417 1026 1449 in

152 1461 206 1493 his‘
231 1458 366 1495 solarum
397 1458 538 1493 navium.
580 1458 692 1492 Exstat
725 1467 783 1500 pro
811 1467 848 1489 ea
874 1457 1027 1491 sententia

153 1501 294 1536 Libellus
312 1524 321 1540 ‚
347 1500 408 1532 hoc
427 1500 522 1532 titulo
539 1523 550 1540 ‚
572 1500 713 1542 Aclvyssn
733 1523 744 1539 ,
769 1498 971 1539 Certificazz'cn
991 1507 1026 1529 en

158 1543 346 1584 Gewsyscleus
362 1542 486 1578 rakende
495 1542 544 1577 het,
553 1543 714 1584 vergoeslen
722 1541 938 1582 vandeschadoe
949 1563 960 1578 ,
981 1541 1026 1571 die

155 1586 190 1621 cle
206 1583 451 1625 binnenlmzcffche
469 1583 598 1624 Schepen
613 1584 784 1616 malleander
807 1583 907 1614 komen
924 1592 984 1615 arm
1000 1588 1026 1613 te

154 1627 227 1658 doen
241 1649 251 1666 ,
283 1626 337 1666 qui
372 1625 485 1659 iterata
514 1625 655 1659 editione
678 1625 797 1666 prodiit:
820 1622 1028 1656 Amsterdami

155 1677 240 1703 anno
265 1670 357 1707 16-70.
385 1667 415 1698 &2
439 1665 542 1701 rursus
570 1676 658 1708 1730.
689 1664 753 1707 post
777 1667 830 1708 jus
855 1666 1026 1702 nauticum,

155 1708 286 1742 Adriani
308 1708 454 1741 Verwer„
465 1707 606 1743 Libellus
622 1708 676 1740 ille
690 1706 887 1747 conscriptus
911 1705 972 1745 est,
995 1713 1030 1739 ut

155 1759 252 1785 naves
280 1750 459 1787 mmmm-dese
484 1759 504 1780 a,
528 1749 642 1781 damno
670 1749 774 1781 oneris
801 1748 941 1781 absolvat
958 1772 967 1787 ,
999 1747 1029 1781 ὃς

155 1792 226 1824 fato
240 1791 392 1831 imputet,
416 1790 502 1833 quod
524 1790 585 1825 fine
606 1791 699 1832 culpa
716 1790 811 1822 oneri
823 1789 956 1827 accidit,
982 1796 1030 1819 ut—

159 1842 221 1874 que
253 1832 331 1863 adeo
364 1833 469 1863 oneris
488 1831 609 1866 domini
639 1831 698 1864 soli
729 1831 834 1865 ferant
859 1831 1029 1867 damnum,

157 1873 241 1915 quod
265 1873 356 1906 rebus
387 1872 448 1905 suis
464 1873 589 1905 illatum
609 1872 662 1905 est.
708 1872 744 1905 In
765 1872 845 1905 hane
864 1880 928 1902 rem
945 1871 1029 1904 adfe-

157 1923 268 1946 runtur
293 1914 426 1955 plurima
451 1914 686 1947 Advocatorum
711 1913 785 1954 (1)
809 1913 838 1945 81
865 1913 1028 1944 hominum

159 1956 357 1988 nauticorum
376 1954 549 1997 Responsa,
572 1956 602 1988 ἃ,
618 1965 667 1987 res
687 1955 776 1987 vario
796 1962 938 1994 tempore
951 1953 1029 1993 judi-

161 2004 239 2029 catae
269 2019 280 2035 ,
308 2006 419 2037 nempe
453 1996 532 2037 apud
565 1997 690 2037 Judices
718 1994 1031 2028 Amsterdammenses

159 2046 242 2069 anno
266 2037 358 2069 1611.
374 2038 454 2077 apud
470 2037 671 2070 Enchusanos
690 2048 740 2075 29.
760 2035 839 2070 Dec.
861 2040 952 2076 1648.
970 2035 1029 2076 (2)

162 2079 194 2111 ἃ
213 2077 406 2119 Delphenses
429 2082 459 2109 6.
477 2077 564 2109 Nov.
585 2083 675 2119 1657.
694 2078 753 2120 (3)
775 2077 804 2109 &
829 2087 903 2109 cum,
923 2077 1026 2117 appel—

161 2120 263 2151 latum
286 2118 380 2157 esset,
405 2119 499 2151 etiam
524 2119 604 2159 apud
621 2119 748 2152 Curiam
763 2117 946 2150 Hollandiae
967 2118 1024 2149 ult.

160 2160 219 2201 Jul.
241 2163 331 2199 1665.
356 2159 431 2200 (4)

204 2199 362 2242 Responsa
382 2201 434 2233 illa
451 2201 689 2235 Advocatorum
711 2203 742 2234 δε
764 2210 926 2234 nantarum
946 2213 1023 2230 mm-

161 2242 275 2282 μοπτῖςων
299 2242 464 2276 continent
487 2242 634 2283 plurimas
653 2243 806 2282 rationes,
829 2242 879 2275 sed
895 2242 964 2274 sere
985 2242 1030 2273 111-

161 2285 290 2326 dignas,
312 2293 381 2325 quae
402 2282 483 2315 serio
508 2283 695 2316 refutentur.
741 2284 900 2324 Praecipua
923 2292 1031 2314 eorum

161 2326 241 2358 ratio
258 2324 303 2356 est
314 2349 322 2362 ‚
337 2324 420 2364 quod
438 2324 548 2356 damna
560 2325 684 2365 quidem
700 2325 827 2356 navium
843 2325 1031 2362 mmmm-{5⁶05

160 2367 224 2400 sine
249 2366 341 2407 culpa
368 2366 461 2403 data,
486 2366 665 2397 communia
691 2366 750 2398 effe
783 2365 1003 2398 consueverint
1022 2388 1032 2402 ,

161 2409 201 2439 cie
221 2407 336 2439 damno
359 2415 462 2438 autem
485 2406 640 2438 bonorum
657 2430 666 2445 ,
695 2417 763 2447 quae
788 2407 821 2438 in
840 2407 876 2439 iis
902 2408 1032 2438 navibus

161 2448 312 2486 fuerunt,
333 2457 487 2489 nunquam
504 2448 534 2479 id
553 2448 747 2480 audiverunt.
786 2448 884 2492 Quod
900 2449 943 2479 rei
961 2470 972 2486 ,
993 2447 1033 2479 110

162 2499 221 2531 qua
241 2489 368 2529 agitur,
392 2488 560 2528 probandae
588 2499 651 2521 11011
675 2489 800 2521 sufficit.
840 2490 880 2521 Se
901 2489 930 2521 id
956 2499 1033 2520 nun-

163 2539 259 2570 quam
275 2529 423 2561 audivisti:
445 2529 625 2569 adfirmant,
651 2531 680 2562 ἃ
698 2530 786 2562 forte
808 2540 910 2572 neque
924 2530 1033 2561 multis

163 2572 251 2603 annis
274 2569 368 2601 semel
394 2570 511 2602 accidit
526 2594 536 2609 ,
567 2578 603 2602 ut
624 2579 792 2612 peteretur.
825 2572 868 2604 Et
891 2571 1032 2612 quamvis

163 2613 245 2653 saepe
263 2611 431 2649 acciderit,
457 2613 486 2643 ἅ
510 2610 589 2650 saepe
610 2611 774 2650 viderint,
803 2612 930 2644 navium
954 2626 1031 2640 mm-

163 2656 275 2691 μοπᾰρων
290 2653 400 2684 damna
414 2652 659 2690 communicari,
682 2653 838 2684 bonorum
857 2663 920 2684 non
949 2662 1034 2684 00111-

163 2693 318 2728 municari
336 2715 347 2732 ,
370 2701 465 2733 atque
491 2694 536 2724 ita
559 2693 703 2725 dominos
726 2702 773 2724 res
799 2693 865 2725 suas
887 2694 1033 2734 recepisse

161 2742 342 2776 corruptas,
364 2744 532 2775 earumque
549 2734 695 2766 damnum
708 2733 790 2766 solos
805 2734 866 2766 fine
879 2735 943 2766 ulla
960 2744 1034 2766 con-

162 2776 349 2808 tradittione
364 2775 483 2813 tulisse,
505 2776 535 2807 &
550 2775 690 2816 quamvis
709 2773 858 2815 pr'aetcrea
877 2776 1033 2813 viderint,

162 2818 254 2850 aliter
287 2816 355 2848 fieri
381 2815 540 2857 stepiffime
575 2816 613 2848 de
644 2816 734 2848 bonis
751 2838 763 2854 ,
799 2825 869 2857 quae
900 2817 1032 2848 navibus

161 2859 368 2898 Sanaosom'em
385 2858 541 2890 vehuntur
555 2881 565 2896 ,
589 2857 683 2898 quid,
707 2855 858 2896 obsecro,
881 2858 952 2890 inde
961 2858 977 2888 ἱ)
999 2858 1031 2889 Si

161 2900 247 2932 Titii
263 2908 329 2931 rem
344 2898 414 2930 satis
431 2899 591 2932 minimam
608 2898 718 2940 saepius
739 2899 951 2932 interverteris
962 2922 970 2937 ‚
981 2908 1031 2929 ne-

165 2950 227 2981 que
250 2941 305 2973 1110
319 2939 393 2971 ideo
412 2940 505 2972 toties
530 2948 635 2971 tecum
657 2940 851 2982 litigaverit,
884 2949 925 2972 ne
942 2940 1030 2971 dicas

151 1006 249 1114 Iam
265 1007 444 1046 videamus,
466 1008 599 1054 adquas
617 1016 711 1039 naves
727 1007 872 1047 bonaque
891 1005 956 1038 illae
983 1005 1022 1036 de

201 3042 261 3080 (6)
283 3045 420 3083 observat.
443 3044 561 3074 Tumult.
584 3045 616 3074 T.
635 3047 684 3075 VI.
706 3056 733 3074 n.
754 3052 837 3080 1320.

202 3082 217 3117 (
231 3085 267 3116 1)
287 3083 357 3121 Quae
372 3083 398 3111 δε
414 3083 475 3112 sunt
491 3085 518 3113 in
533 3083 625 3122 Confil.
639 3085 674 3114 B.
693 3083 726 3113 T.
742 3085 764 3111 1.
787 3082 878 3121 Corfil.
897 3091 921 3118 7.
943 3081 979 3117 ὅ)
997 3081 1030 3110 Τ.

159 3119 211 3148 111.
233 3119 326 3156 Corzfil.
348 3129 414 3154 52--
429 3126 474 3155 56.

199 3157 260 3195 (2)
279 3158 350 3197 Quae
375 3159 511 3188 sententia
528 3168 591 3188 cum
611 3160 800 3189 instrumentis
818 3159 874 3187 litis
897 3158 1032 3188 0011101111-

165 3200 200 3224 tae
210 3194 235 3224 δι
245 3196 375 3227 Consiliis
384 3195 599 3228 advocatorum
616 3199 644 3229 in
662 3206 811 3235 utramque
825 3203 895 3235 parti
905 3206 932 3228 m
949 3199 1033 3229 ctiam

1065 1014 1232 1046 propterea
1247 1029 1256 1041 ,
1293 1015 1393 1047 neque
1418 1016 1489 1038 eum
1514 1015 1546 1038 te
1568 1008 1651 1039 reete
1669 1009 1700 1040 in
1725 1009 1774 1049 jus
1796 1017 1932 1043 vocatu--

1064 1056 1131 1079 rum
1151 1071 1160 1085 ,
1189 1047 1209 1079 fi
1229 1054 1330 1078 totum
1356 1048 1420 1086 ejus
1436 1049 1657 1088 patrimonium
1681 1050 1817 1091 diripias.
1860 1052 1929 1084 Mi-

1066 1089 1166 1120 nutias
1190 1089 1334 1121 volentes
1359 1090 1565 1130 negligimus,
1597 1090 1627 1122 ὅ(
1651 1091 1773 1123 utiliter
1794 1092 1876 1132 negli
1901 1092 1926 1124 i-

1067 1138 1157 1167 mus,
1186 1138 1286 1168 neque
1311 1137 1413 1160 tamen
1442 1131 1512 1160 ideo
1528 1153 1539 1168 ,
1568 1131 1589 1163 fi
1614 1141 1664 1163 eas
1687 1132 1827 1173 persequi
1849 1142 1887 1164 ve
1903 1133 1926 1164 i-

1067 1179 1157 1208 mus,
1188 1169 1279 1201 nobis
1300 1170 1514 1209 prtejudicium
1533 1170 1604 1210 fiat,
1635 1173 1729 1213 idque
1751 1175 1847 1206 multo
1871 1174 1928 1206 mi-
1968 1182 1977 1188 '⁴

1068 1221 1142 1249 nus,
1166 1220 1239 1256 cum
1261 1211 1301 1242 dc
1325 1220 1359 1241 rc
1383 1211 1508 1250 majoris
1524 1214 1672 1244 momenti
1693 1214 1810 1246 incidat
1829 1214 1926 1247 casus.

1068 1251 1215 1293 Navigiis
1239 1252 1424 1287 πυτιμοπέροις
1462 1262 1509 1283 103
1536 1253 1689 1292 quaslibet
1717 1255 1932 1296 imponimus,

1067 1293 1163 1324 etiam
1190 1293 1404 1324 minutiffimas
1421 1315 1432 1330 ,
1461 1303 1531 1333 qua:
1553 1293 1640 1327 forte
1658 1304 1712 1334 per
1737 1305 1832 1328 unum
1853 1296 1931 1328 alte-

1068 1344 1179 1366 rumve
1205 1334 1339 1366 milliare
1364 1334 1534 1366 vehuntur.
1590 1334 1652 1368 His
1681 1336 1849 1377 deperditis
1867 1360 1878 1375 ‚
1906 1337 1931 1371 fi

1068 1385 1177 1407 omnes
1200 1384 1306 1407 earum
1332 1384 1436 1408 rerum
1461 1375 1577 1407 domini
1596 1376 1633 1407 ad
1650 1377 1801 1417 judicium
1817 1387 1930 1419 provo-

1069 1424 1177 1449 carent
1194 1439 1205 1454 ,
1236 1416 1400 1457 repetituri
1427 1426 1529 1448 rerum
1555 1416 1675 1449 suarum
1701 1427 1819 1459 partem
1840 1419 1931 1452 dimi-

1068 1459 1149 1491 diam
1167 1480 1178 1496 ,
1206 1458 1277 1498 plus
1304 1456 1391 1489 forte
1424 1457 1631 1499 impensarum
1664 1459 1776 1492 facturi
1807 1459 1932 1501 essent,

1069 1509 1161 1541 quam
1179 1499 1351 1530 amiss‘arum
1369 1507 1472 1531 totum
1492 1499 1565 1532 esset
1585 1500 1733 1540 pretium.
1777 1501 1854 1534 Non
1874 1502 1932 1543 igi-

1071 1549 1121 1573 tur
1141 1541 1254 1572 mirum
1271 1539 1335 1578 est,
1359 1540 1458 1572 finon
1472 1540 1656 1582 frequenter
1673 1542 1804 1582 videris,
1829 1552 1931 1576 rerum

1070 1582 1102 1617 in
1129 1582 1201 1614 navi
1222 1581 1393 1618 mmuom‘fcy
1412 1581 1564 1614 submersa
1587 1583 1732 1616 dominos
1754 1585 1791 1616 ad
1810 1584 1934 1621 dimidii.

1070 1624 1173 1655 damni
1201 1622 1431 1657 restitutionem
1458 1631 1570 1656 contra
1594 1624 1764 1666 Magistros
1788 1626 1932 1668 litigaffe.

1071 1665 1172 1698 Ali-ter
1192 1664 1238 1697 est
1265 1664 1297 1696 in
1316 1665 1448 1697 navibus
1471 1666 1677 1704 Jummm'pote
1694 1690 1703 1703 ‚
1733 1666 1843 1707 quibus
1863 1665 1932 1705 fere
1983 1665 1986 1668 ⁴

1070 1716 1134 1739 non
1158 1706 1363 1752 imponuntur
1379 1706 1434 1740 nifi
1454 1716 1574 1740 merces
1591 1717 1711 1749 magnae
1729 1708 1932 1750 quantitatis,

1072 1749 1103 1781 ὃς
1124 1757 1227 1788 magni
1252 1756 1382 1788 quoque¹
1398 1748 1492 1789 pretii
1510 1773 1519 1788 ,
1552 1749 1592 1780 de
1618 1758 1745 1790 quarum
1763 1749 1865 1782 damni
1885 1750 1932 1783 di-

1072 1789 1160 1822 midii
1176 1788 1376 1823 restitutione
1394 1799 1497 1830 operae
1512 1791 1647 1832 pretium
1666 1790 1709 1824 est
1724 1791 1827 1832 egisse.
1868 1790 1932 1838 Jpfi

1073 1838 1175 1863 nautae
1193 1830 1367 1867 mramm‘fiat
1385 1840 1449 1862 non
1475 1830 1593 1878 semper
1615 1832 1654 1863 de
1673 1832 1787 1864 damno
1804 1841 1932 1866 navium

1073 1870 1195 1905 suarum
1210 1880 1305 1912 agunt
1317 1893 1326 1909 ‚
1350 1871 1401 1903 sed
1413 1896 1422 1910 ‚
1445 1871 1465 1904 fi
1482 1874 1647 1906 minimum
1665 1873 1722 1912 fit,
1746 1874 1930 1915 negligunt,

1071 1912 1093 1945 fi
1113 1922 1192 1944 vero
1205 1913 1285 1944 tanti
1301 1913 1358 1952 sit,
1380 1922 1415 1945 ut
1436 1913 1566 1955 litigasse
1589 1915 1752 1955 expediat,
1773 1915 1821 1954 jus
1842 1913 1932 1948 suum

1070 1953 1303 1995 persequuntur.
1349 1954 1434 1986 idem
1459 1955 1498 1986 de
1521 1956 1611 1987 bonis
1627 1977 1637 1994 ,
1659 1965 1727 1996 quse
1746 1957 1777 1988 in
1800 1955 1933 1988 navibus

1073 1996 1257 2031 mmmm'pm
1278 1995 1435 2035 perierunt
1452 2017 1463 2033 ,
1492 1996 1656 2028 dicendum
1683 1996 1727 2029 cst
1742 2020 1751 2036 ‚
1783 1996 1805 2029 fi
1825 2006 1932 2030 earum

1071 2037 1208 2078 pretium
1225 2035 1387 2068 minimum
1402 2035 1457 2074 sit,
1481 2038 1669 2078 negligitur,
1691 2037 1712 2069 fi
1728 2038 1801 2070 tanti
1818 2037 1875 2076 fit,
1896 2046 1933 2071 ut

1071 2078 1141 2117 ejus>
1153 2077 1272 2109 dimidii
1300 2087 1376 2119 ergo
1400 2086 1509 2109 contra
1526 2077 1704 2119 magistros,
1728 2079 1867 2119 itemque
1884 2089 1931 2111 re-

1068 2129 1159 2157 rum,
1178 2128 1248 2159 quae
1268 2118 1298 2149 in
1317 2119 1389 2149 navi
1408 2118 1499 2150 salvae
1518 2118 1610 2158 sunt,
1631 2120 1777 2151 dominos
1795 2120 1930 2162 litigafl'e

1068 2160 1221 2200 expediat.
1234 2159 1311 2191 nihil
1323 2159 1476 2199 prohibet,
1489 2161 1655 2201 quominus
1664 2160 1932 2201 pofiinssfivelint.

1116 2201 1171 2234 illa
1187 2209 1291 2232 autem
1302 2201 1540 2232 Advocatorum
1557 2202 1595 2232 de
1614 2201 1837 2234 consuetudine
1851 2201 1933 2236 testi-

1074 2243 1182 2274 monia
1198 2241 1292 2273 unice
1311 2241 1380 2274 sunt
1399 2240 1538 2274 desumta
1561 2252 1599 2275 ex
1624 2241 1811 2275 testimoniis
1830 2253 1933 2277 nautae

1074 2293 1161 2321 rum,
1185 2283 1237 2323 qui
1254 2282 1298 2313 ita
1323 2281 1378 2313 usu
1400 2282 1513 2314 servari
1533 2283 1729 2324 respondent.
1778 2285 1809 2317 Si
1831 2285 1933 2326 dicas,

1076 2333 1112 2355 ea
1138 2322 1295 2364 Responsa
1320 2324 1429 2364 utique
1451 2324 1523 2356 alias
1546 2325 1650 2356 valere
1673 2325 1710 2356 ad
1735 2325 1931 2359 consuetudi-

1074 2374 1146 2397 nem
1167 2364 1378 2405 probandam,
1406 2366 1639 2405 animadverte,
1669 2376 1762 2408 quam
1779 2367 1930 2409 periculo-

1076 2406 1139 2438 sum
1168 2406 1205 2438 fit
1228 2406 1354 2437 credere
1378 2407 1496 2445 nautis,
1522 2407 1773 2446 adfirmantibus,
1803 2408 1842 2439 de
1861 2409 1932 2442 navi

1075 2447 1128 2479 sua
1156 2447 1186 2479 se
1205 2457 1294 2488 agere
1319 2447 1404 2487 poss'e
1423 2471 1431 2485 ‚
1460 2449 1609 2480 mercium
1624 2471 1635 2488 ,
1667 2457 1735 2488 qua:
1753 2449 1786 2480 in
1804 2458 1839 2480 ea
1858 2451 1931 2483 navi

1075 2489 1256 2530 perierunt,
1277 2489 1418 2520 dominos
1438 2499 1500 2521 non
1525 2489 1618 2530 poss'e.
1663 2488 1704 2521 Iis
1723 2487 1843 2522 scilicet
1866 2499 1930 2523 cre-

1074 2530 1148 2568 des,
1170 2530 1191 2562 si
1216 2530 1321 2562 credas
1344 2529 1472 2562 testibus
1492 2531 1523 2562 in
1541 2539 1574 2561 re
1591 2529 1653 2561 sua.

1077 2571 1148 2602 tiles
1169 2571 1206 2603 ad
1231 2570 1310 2611 ipsos
1335 2578 1443 2602 nautas
1463 2570 1638 2611 pertinent,
1668 2580 1788 2603 merces
1808 2571 1875 2604 fere
1895 2573 1932 2606 ad

1074 2612 1173 2650 alios,
1195 2612 1234 2642 de
1243 2621 1374 2652 quorum
1389 2611 1502 2643 damno
1519 2621 1623 2652 parum
1636 2610 1763 2644 solliciti
1783 2612 1859 2645 sunt.
1884 2613 1933 2647 Ex

1076 2653 1140 2692 his,
1163 2661 1261 2694 puto,
1285 2662 1432 2693 apparet,
1457 2662 1520 2683 non
1540 2653 1676 2685 multum
1694 2654 1754 2686 illis
1771 2653 1932 2696 Responfis

1075 2694 1133 2725 huc
1155 2694 1184 2725 in
1202 2703 1235 2724 re
1250 2693 1311 2724 eil'e
1328 2693 1532 2724 tribuendum.

1118 2734 1213 2776 Quod
1230 2734 1267 2765 ad
1289 2733 1453 2765 sententias
1465 2756 1475 2772 ,
1498 2735 1585 2766 vario
1602 2742 1742 2777 tempore
1754 2760 1763 2772 ,
1787 2745 1822 2769 111
1840 2737 1930 2777 dixi,

1076 2776 1157 2807 latas
1177 2774 1358 2815 quaestionis
1378 2773 1441 2812 est,
1464 2785 1500 2806 an
1522 2785 1584 2807 non
1604 2777 1635 2807 in
1654 2777 1690 2809 iis
1707 2778 1832 2816 litibus,
1857 2788 1931 2818 quas

1075 2816 1262 2848 definierunt
1280 2816 1343 2847 illae
1361 2815 1521 2847 sentent-icc
1533 2841 1542 2855 ‚
1563 2817 1713 2850 mercium
1729 2819 1845 2850 domini
1864 2828 1934 2860 ege-

1074 2858 1137 2890 rint
1160 2865 1267 2888 contra
1286 2865 1414 2901 nautas,
1438 2858 1489 2897 qni
1511 2858 1572 2896 jam
1590 2868 1682 2891 naves
1697 2858 1763 2891 suas
1784 2868 1931 2892 exonera-

1074 2907 1164 2937 rant,
1185 2897 1216 2929 ὃς
1235 2907 1275 2943 an
1285 2920 1293 2935 ,
1317 2898 1421 2929 saltem
1441 2898 1526 2938 quod
1544 2899 1581 2930 ad
1594 2909 1775 2932 exoneratas
1795 2909 1931 2942 merces,

1075 2940 1138 2972 ulla
1162 2939 1306 2970 adv-erius
1331 2947 1385 2970 eos
1407 2938 1443 2971 111
1465 2941 1573 2971 attio?
1601 2941 1635 2972 in
1660 2950 1749 2982 quam
1773 2950 1837 2974 rem
1855 2942 1933 2975 utile

1872 2984 1932 3017 eric

1074 3044 1164 3074 exstat
1181 3045 1210 3072 in
1224 3043 1297 3071 Bello
1317 3043 1414 3082 Jurid.
1431 3043 1496 3080 Casu
1512 3048 1557 3081 48.
1578 3055 1606 3083 p.
1624 3049 1780 3081 369--373.
1924 3075 1927 3081 s

1112 3083 1171 3119 (3)
1193 3082 1301 3110 Ibidem
1324 3091 1386 3111 cum
1410 3083 1597 3114 instrumentis
1614 3084 1640 3113 ἀ
1654 3085 1782 3113 Consiliis
1805 3084 1870 3123 Casu
1883 3092 1928 3121 49.

1074 3128 1295 3196 1)·(347ῗ111111ῗ11
1311 3158 1336 3187 ὅ(
1353 3167 1384 3186 ea
1404 3159 1537 3189 sententia
1554 3169 1616 3189 cum
1634 3160 1764 3190 Consiliis
1785 3162 1814 3192 in
1830 3167 1929 3191 utram·

1076 3205 1130 3234 que
1150 3203 1258 3235 partem
1280 3197 1383 3227 ibidem
1405 3198 1456 3226 eod.
1478 3198 1546 3236 Casia
1563 3208 1591 3236 p.
1614 3202 1769 3235 380--385,

1697 2529 1805 2563 Naves
1824 2530 1932 2564 fluvia-
1984 2563 1987 2566 ⁴
